4048 6350
569 296 710 354 H99

2048 295 2272 351 ADDEN
2284 294 2393 352 DA.

3676 302 3769 360 HM

565 412 848 477 ἀπόδειξιν,
878 417 1031 466 τοῦτο
1052 415 1403 483 πεποιήκαμεν
1423 426 1436 439 ⁵
1468 414 1588 473 τοὺς
1617 408 2058 482 αἱδεσιμωτάτους
2094 433 2158 467 κα

2283 410 2705 467 verendissimos
2730 420 2784 467 et
2807 412 3156 469 charissimos
3177 412 3371 469 fratres
3395 415 3773 475 etcomministros

567 507 912 579 τιμιωτάτους
950 501 1195 575 ἀδελφοὺς
1233 507 1321 558 καί
1356 504 1780 580 συλλειτουργοὺς
1805 505 1946 576 ἡμῶν
1969 503 2177 558 ἑπισκό-

566 618 720 660 πους,
751 597 1015 672 κυριακὸν,
1047 595 1308 657 Εὐσέϐιον,
1339 599 1426 652 καί
1452 595 1746 671 Πρισκιανὸν
1782 596 2059 668 προθύμως
2087 617 2172 649 κα-

565 700 679 763 μεῖν
707 688 873 766 ἄχρις
903 691 1046 763 ὑμῶν
1072 686 1505 749 δυσωπήσαντες·
1533 686 1598 742 δι’
1624 685 1690 742 ὧν
1710 691 1790 742 καί
1810 694 1901 747 τήν
1926 689 2173 764 ἡμετέραν

567 787 867 860 προαίρεσιν
889 785 1142 860 εἰρηνικήν
1161 777 1343 845 οὖσαν,
1369 783 1450 838 καί
1471 781 1663 836 σκοπὸν
1684 780 1911 841 ένώσεως
1937 777 2172 851 ἔχουσαν

565 878 933 953 ἐπιδείκνυμεν,
965 878 1164 933 καὶτὸν
1208 877 1353 942 ζῆλον
1397 878 1538 948 ἡμῶν
1575 876 1662 930 τὸν
1685 877 1819 949 ὑπέρ
1858 884 1951 937 τῆς
1991 876 2171 950 ὑγιοῦς

562 975 809 1036 πίστεως,
833 973 1043 1048 φανερὸν
1065 977 1327 1042 ποιοῦμεν.

637 1063 812 1139 Ἠμεῖς
831 1066 930 1142 γὰρ
958 1063 1057 1121 εἴτε
1088 1062 1366 1138 διωγμοὺς,
1395 1061 1495 1121 εἴτε
1526 1063 1738 1136 θλίψεις,
1773 1061 1870 1119 εἴτε
1897 1063 2168 1136 βασιλικὰς

559 1159 797 1224 ἀπειλὰς,
849 1155 948 1214 εἴτε
997 1159 1090 1219 τὰς
1123 1165 1225 1214 τῶν
1260 1157 1530 1233 ἀρχόντων
1569 1157 1860 1229 ὠμότητας,
1912 1155 2009 1213 εἴτέ
2058 1179 2168 1214 τινα

558 1252 848 1328 πειρασμὸν
893 1251 1066 1327 ἕτερον
1114 1251 1258 1327 παρὰ
1307 1257 1407 1305 τῶν
1459 1250 1724 1324 αἱρετικῶν
1781 1250 2123 1324 ὑπεμείναμεν
2147 1292 2162 1316 ,

559 1345 694 1420 ὑπὲρ
718 1352 812 1404 τῆς
829 1344 1152 1418 εὐαγγελικῆς
1182 1345 1410 1402 πίστεως·
1439 1349 1531 1402 τῆς
1552 1343 1602 1397 ἐν
1619 1345 1800 1414 Νικαία
1821 1350 1914 1403 τῆς
1937 1344 2165 1403 Βιθυνίας

557 1439 702 1514 παρά
737 1443 836 1491 τῶν
882 1438 1186 1512 τριακοσίων
1229 1433 1487 1490 δεκαοκτώ
1537 1436 1773 1511 πατέρων
1823 1437 2161 1511 κυρωθείσης,

557 1528 876 1601 ὑπέστημεν.
907 1525 1111 1586 Ταύτην
1135 1529 1238 1603 γὰρ
1261 1530 1344 1582 καί
1375 1527 1494 1600 ὑμῖν
1523 1530 1608 1582 καί
1637 1529 1752 1599 ἡμῖν
1779 1531 1859 1582 καί
1893 1533 2028 1583 πᾶσι
2051 1535 2164 1588 τοῖς

553 1627 625 1695 μή
664 1620 1026 1697 διαστρέφουσι
1053 1623 1137 1678 τὸν
1170 1620 1317 1685 λόγον
1354 1630 1447 1682 τῆς
1478 1621 1696 1683 ἀληθοῦς
1720 1624 1968 1686 πίστεως,
2001 1644 2159 1677 συνα-

550 1718 752 1791 ρίσκειν
776 1715 882 1772 δεῖ⁶
916 1718 975 1777 ἦν
1003 1715 1148 1787 μόλις
1181 1719 1308 1772 ποτὲ
1344 1716 1715 1792 πρεσϐυτάτην
1756 1737 1811 1772 τε
1845 1711 2043 1782 οὖσαν,
2077 1719 2161 1772 καί

2281 517 2495 564 nostros
2521 508 2831 579 Cyriacum,
2864 507 3158 563 Eusebium
3209 517 3264 564 et
3305 508 3606 564 Priscianum
3638 514 3774 583 deprc-

2276 603 2403 667 cati,
2433 611 2489 657 ut
2509 601 2886 673 proficiscendi
2915 603 2983 658 ad
3006 619 3102 658 vos
3133 603 3367 658 laborem
3401 603 3609 659 libenter
3649 607 3773 661 susci-

2279 706 2489 765 perent.
2524 694 2627 751 Per
2653 711 2791 766 quos
2821 705 2873 752 et
2922 697 3260 750 voluntatem
3306 707 3527 752 nostram
3564 699 3776 769 pacificatn

2275 802 2419 856 esse,
2450 798 2611 860 atque
2628 789 2695 844 ad
2720 789 2982 845 unitatem
2998 802 3254 860 spectare
3278 789 3610 855 ostendimus;
3635 800 3676 846 et
3692 806 3778 848 nos-

2274 889 2415 936 trum
2442 897 2542 953 pro
2559 897 2689 937 sana
2725 882 2830 939 fide
2867 882 3041 938 zelum
3065 883 3407 938 manifestum
3437 882 3651 939 facimus.

2343 1069 2435 1125 ιν.
2474 1069 2584 1127 Nos
2613 1071 2756 1127 enim
2778 1114 2794 1141 ,
2842 1072 2958 1128 sive
2989 1073 3431 1143 persecutiones,
3462 1073 3566 1129 sive
3599 1073 3782 1143 imperia-

2273 1161 2357 1220 les
2386 1165 2582 1231 minas,
2611 1165 2730 1222 sive
2773 1166 3155 1223 crudelitatem
3207 1167 3522 1239 praesidum,
3552 1169 3649 1226 sive
3670 1169 3782 1226 aliam

2269 1271 2669 1328 quamcumque
2699 1260 3055 1315 tentationem
3088 1259 3158 1316 ab
3189 1259 3456 1317 haereticis
3503 1263 3780 1332 pertulimus,

2267 1361 2369 1417 pro
2393 1349 2706 1418 evangelica
2737 1349 2842 1406 fide
2861 1391 2878 1418 ,
2908 1367 3028 1421 quae
3059 1350 3258 1407 Nicmae
3283 1393 3296 1418 ,
3329 1353 3381 1406 in
3418 1353 3641 1425 Bithynia
3661 1370 3684 1408 a
3709 1364 3783 1411 trs-

2267 1443 2442 1498 centis
2479 1452 2536 1499 et
2575 1443 2878 1500 octodecim
2932 1445 3174 1514 patribus
3204 1455 3232 1483 ι
3256 1447 3564 1502 confirmata
3591 1457 3675 1512 est,
3705 1463 3784 1504 sus~

2266 1537 2554 1593 tinuimus.
2593 1539 2741 1594 Hanc
2771 1540 2918 1595 enim
2949 1548 3006 1596 et
3049 1540 3214 1596 vobis
3238 1582 3254 1608 ,
3287 1548 3342 1597 et
3388 1541 3566 1606 nobis,
3595 1550 3640 1595 et
3662 1543 3786 1596 omni-

2265 1629 2365 1685 bus
2393 1630 2485 1700 qui
2517 1646 2658 1686 verae
2690 1630 2814 1686 fidei
2849 1647 3161 1688 sermonem
3213 1649 3322 1688 non
3372 1643 3676 1704 pervertunt,
3701 1650 3787 1704 pto-

2264 1722 2380 1778 hari
2407 1721 2566 1778 decet
2598 1721 2660 1794 (b
2689 1739 2850 1794 quam
2906 1741 3005 1780 nos
3053 1726 3144 1780 vix
3192 1725 3409 1781 tandem
3460 1727 3711 1781 retinemus
3744 1742 3785 1782 ac

547 1810 821 1866 ἀκόλουθον
865 1817 940 1880 τῷ
987 1809 1334 1881 βαπτίσματι,
1372 1811 1460 1863 καί
1495 1806 1836 1865 διδάσκουσαν
1866 1811 2001 1879 ἡμᾶς
2029 1831 2155 1863 πισ-

2260 1813 2572 1883 servamus)
2603 1828 2617 1866 :
2650 1814 2851 1885 quippe
2867 1831 2989 1886 qua:
3025 1816 3404 1886 antiquissima
3429 1809 3563 1872 sitet
3587 1817 3790 1884 baptismo

547 1907 714 1961 τεύειν
762 1905 833 1964 είς
875 1903 933 1959 τὸ
981 1899 1143 1975 ὄνομα
1182 1909 1273 1958 τοῦ
1317 1904 1518 1979 πατρὸς
1560 1906 1646 1957 καί
1675 1908 1766 1958 τοῦ
1814 1903 1928 1957 υἱοῦ
1956 1905 2040 1957 καί
2067 1909 2157 1958 τοῦ

548 1997 701 2071 ἁγίου
745 1999 1056 2070 πνεύματος.
1113 1994 1309 2056 Δηλαδή
1354 1996 1587 2058 θεότητος
1629 2018 1686 2052 τε
1741 2001 1820 2051 καὶ
1871 1995 2154 2070 δυνάμεως,

545 2095 635 2148 καί
665 2093 849 2152 οὐσίας
875 2096 1000 2165 μιᾶς
1027 2097 1117 2147 τοῦ
1144 2091 1341 2166 πατρὸς
1381 2093 1463 2146 καί
1500 2097 1594 2146 τοῦ
1623 2091 1737 2145 υἱοῦ
1764 2095 1852 2146 καί
1878 2097 1972 2148 τοῦ
2008 2090 2156 2165 ἁγίου

542 2187 840 2260 πνεύματος
884 2187 1250 2258 πιστευομένης
1280 2226 1295 2249 ,
1338 2183 1586 2257 ὁμοτίμου
1630 2205 1684 2239 τε
1725 2193 1817 2245 τῆς
1862 2186 2028 2251 ἀξίας,
2071 2187 2158 2240 καί

543 2276 807 2336 συναίδίου
835 2287 928 2339 τῆς
958 2278 1220 2344 βασιλείας
1247 2279 1297 2331 ἐν
1335 2280 1478 2353 τρισὶ
1520 2277 1736 2337 τελείαις
1775 2277 2152 2344 ὑποστάσεσιν,

541 2373 699 2448 ἤγουν
729 2376 870 2448 τρισί
897 2373 1105 2434 τελείοις
1129 2375 1463 2449 προσώποις⁹
1499 2375 1569 2433 ὡς
1593 2375 1720 2445 μήτε
1764 2377 1857 2432 την
1886 2373 2154 2428 Σαϐελλίου

539 2467 684 2525 νόσον
737 2470 917 2545 χώραν
962 2467 1134 2522 λαϐεῖν
1159 2507 1174 2533 ,
1225 2468 1592 2540 συγχεομένων
1639 2473 1740 2521 τῶν
1783 2467 2151 2534 ὑποστάσεων,

541 2560 709 2635 ιῖγουν
750 2569 853 2617 τῶν
893 2559 1158 2622 ίδιοτήτων
1201 2564 1604 2638 ἀναιρουμένων
1648 2565 1774 2633 μήτε
1805 2567 1903 2633 μὴν
1926 2567 2017 2621 τὴν
2056 2569 2156 2618 τῶν

541 2658 884 2730 Εὐνομιανῶν,
933 2659 1018 2711 καὶ
1054 2653 1338 2732 Ἃρειανῶν,
1387 2659 1475 2709 καί
1512 2657 1961 2726 ῐινευματομάχων
1987 2655 2152 2725 βλασ-

540 2752 732 2825 φημίαν
757 2747 992 2822 ἰσχύειν,
1016 2757 1108 2809 τῆς
1139 2750 1324 2808 οὐσίας
1342 2746 1374 2807 ἦ
1403 2755 1495 2808 τῆς·
1524 2747 1724 2821 φύσεως
1753 2746 1783 2806 ἦ
1807 2755 1898 2807 τῆς
1918 2743 2153 2807 θεότητος

537 2844 862 2917 τεμνομένης,
890 2845 974 2895 καί
995 2849 1059 2916 τῇ
1083 2842 1309 2910 ἀκτίστῳ
1355 2841 1444 2894 καί
1485 2838 1745 2910 ὁμοουσίῳ
1783 2841 1872 2893 καί
1908 2836 2151 2912 συναῐδίῳ

539 2934 711 3016 τριάδι
755 2937 1193 3011 μεταγενεστέρας
1219 2935 1355 2995 τινὸς
1378 2974 1393 2998 ν
1423 2932 1453 2993 ἦ
1484 2943 1726 3001 κτιστῆς,
1761 2933 1792 2993 ἦ
1820 2934 2149 3010 ἐτεροουσίου

541 3035 743 3108 φύσεως
785 3033 1124 3105 ἐπειγομένης.
1151 3033 1242 3086 icti
1272 3031 1356 3087 τὸν
1384 3038 1476 3090 τῆς
1517 3030 1948 3106 ίνανθρωπήσεως
1977 3029 2031 3086 δὲ
2057 3039 2151 3088 τοῦ

540 3129 723 3204 κυρίου
765 3125 912 3201 λόγον
952 3123 1294 3204 ἀδιάστροφον
1336 3126 1588 3198 σώζομεν,
1619 3121 1738 3179 οὔτε
1767 3121 2000 3196 ἄψυχον,
2031 3123 2147 3182 οὔτε

2263 1912 2633 1959 consentanea
2655 1947 2669 1968 ,
2701 1904 2905 1960 docens
2953 1921 3050 1961 nos
3098 1905 3328 1963 credere
3361 1908 3412 1962 in
3458 1922 3638 1963 nomen
3663 1907 3786 1962 Patris

2261 2007 2315 2052 et
2345 1995 2465 2052 Filii
2497 2006 2552 2052 et
2578 1998 2811 2068 Spiritus
2838 1999 3014 2053 sancti
3048 2016 3061 2056 :
3095 2015 3258 2056 tinam
3307 2000 3514 2056 scilicet
3554 1999 3786 2064 deitatem,

2263 2092 2562 2161 potentiam
2592 2102 2648 2148 et
2674 2093 3034 2150 substantiam
3085 2093 3268 2148 Patris
3300 2105 3356 2150 et
3386 2093 3504 2149 Filii
3531 2105 3580 2150 et
3616 2093 3787 2164 Spiritus

2260 2183 2433 2239 sancti
2460 2185 2786 2252 credentes;
2819 2185 3085 2254 aequalem
3116 2185 3247 2240 item
3279 2185 3592 2256 dignitatem
3619 2198 3662 2241 et
3695 2201 3790 2240 coa-

2261 2284 2475 2332 ternum
2508 2293 2734 2349 regnum
2767 2280 2818 2332 in
2852 2277 3027 2333 tribus
3060 2277 3323 2347 perfectis
3356 2277 3698 2350 hypostasibus
3725 2290 3786 2330 seu

2259 2374 2312 2428 in
2344 2372 2517 2428 tribus
2551 2372 2807 2443 perfectis
2840 2374 3106 2442 personis.
3134 2371 3210 2426 Ita
3239 2382 3297 2426 ut
3331 2388 3431 2428 nec
3462 2372 3622 2427 locum
3651 2370 3792 2426 habeat

2259 2465 2484 2520 Sabellii
2517 2464 2651 2528 lues,
2683 2480 2792 2534 qua
2819 2464 3146 2535 hypostases
3175 2463 3602 2528 confundantur,
3643 2462 3790 2517 tollan-

2259 2567 2452 2628 turque
2481 2559 2882 2629 praprietates;
2917 2573 3017 2613 nec
3046 2558 3513 2614 Eunomiauorum
3547 2567 3597 2613 et
3619 2557 3791 2612 Ariano-

2257 2668 2379 2708 rum
2411 2663 2464 2708 et
2513 2651 3138 2708 Pneutuatomachorum
3189 2651 3438 2708 obtineat
3488 2648 3790 2720 blasphemia,

2257 2761 2376 2817 qua:
2392 2746 2753 2802 substantiam
2769 2760 2864 2800 seu
2878 2755 3128 2799 naturam
3147 2759 3209 2799 ac
3235 2743 3569 2800 divinitatem
3581 2738 3792 2806 discindit,

2255 2850 2313 2897 et
2345 2842 2601 2896 increatzn
2629 2843 2750 2896 sive
2778 2839 3233 2896 consubstantiali
3266 2849 3323 2895 et
3353 2849 3626 2895 comternm
3667 2833 3793 2890 Trini-

2258 2936 2352 2988 tati
2386 2933 2749 3001 posteriorem
2779 2932 3070 3000 quamdam
3098 2942 3344 2986 creatam
3375 2947 3470 2987 seu
3492 2925 3794 2986 diversarsub-

2255 3029 2478 3082 stantia:
2507 3039 2756 3082 naturam
2789 3026 3191 3094 superinducit.
3225 3026 3612 3082 lucarnatiouis
3635 3034 3792 3095 quoque

2254 3121 2471 3176 Domini
2531 3121 2837 3176 doctrinam
2891 3119 3263 3190 incorruptam
3309 3134 3622 3182 servamus,
3668 3127 3792 3184 neque

539 3217 714 3278 ἄνουν.
752 3217 782 3278 ἦ
818 3218 970 3276 ἀτελῆ
997 3222 1088 3277 τὴν
1112 3226 1205 3278 τῆς
1231 3218 1422 3293 σαρκὸς
1462 3219 1747 3290 οἰκονομίαν
1775 3215 2146 3290 παραδεχόμεο

2260 3217 2486 3278 animae,
2535 3229 2714 3283 neque
2763 3213 2963 3268 mentis
3014 3223 3301 3284 expertem
3359 3223 3452 3268 aut
3492 3207 3789 3281 imperfectam

538 3333 614 3367 νοι
631 3326 643 3340 ⁸
671 3308 783 3366 ὅλον
809 3309 862 3366 δὲ
892 3307 1079 3370 εἰδότες
1105 3350 1120 3373 ,
1151 3309 1338 3365 τέλειον
1361 3312 1452 3382 μὲν
1477 3305 1600 3363 ὅντα
1639 3310 1741 3386 πρό
1788 3313 1980 3365 αἰώνων
2022 3317 2148 3366 Θεοῦ

539 3403 712 3477 λόγον,
742 3402 924 3458 τέλειον
950 3399 1005 3456 δὲ
1034 3397 1300 3472 ἄνθρωπον
1323 3400 1404 3456 ἐπ’
1434 3399 1676 3473 ἐσχάτων
1710 3409 1811 3458 τῶν
1840 3405 2039 3479 ἡμερῶν
2069 3403 2154 3459 διὰ

543 3503 638 3557 τήν
666 3496 917 3571 ἡμετέραν
939 3495 1201 3570 σωτηρίαν
1227 3493 1512 3567 γενόμενον.
1542 3495 1617 3550 Τὰ
1655 3498 1746 3566 μίν
1778 3489 1864 3549 οὖν
1901 3498 2030 3551 κατὰ
2061 3500 2152 3556 τήν

546 3593 747 3654 πίστιν,
769 3593 859 3648 τὴν
882 3587 1002 3666 παρ’
1023 3590 1162 3659 ἡμῶν
1184 3587 1547 3648 ἀνυποστόλως
1573 3590 1948 3664 κηρυττομένην
1963 3629 1975 3651 ,
2005 3591 2074 3649 ὡς
2100 3590 2152 3642 ἂν

547 3685 793 3758 κεφαλαίῳ
829 3689 1070 3740 τοιαῦτα⁶
1114 3685 1234 3758 περί
1266 3679 1332 3736 ὧν
1374 3685 1459 3737 καί
1501 3682 1584 3736 ἐπί
1611 3683 1785 3737 πλεῖον
1829 3681 2156 3756 ψυχαγωγη-

547 3776 697 3836 θῆναι
741 3774 1044 3841 δυνήσεσθε,
1082 3783 1157 3849 τῷ
1187 3797 1243 3830 τε
1281 3775 1328 3829 ἐν
1357 3773 1650 3850 ’Δντιοχείᾳ
1689 3775 1830 3846 τόμῳ
1878 3778 2022 3849 παρά
2062 3785 2153 3838 τῆς

552 3870 660 3925 ίκεῖ
701 3867 1045 3929 συνελθούσης
1106 3865 1328 3924 συνόδου
1388 3869 1698 3942 γεγενημένῳ
1753 3870 2153 3934 καταξιώσαντες

629 4088 659 4117 ιι
684 4075 938 4153 Valesius
961 4074 1049 4153 hic
1068 4072 1229 4153 addit
1250 4072 1304 4128 in
1335 4072 1554 4153 Graeco.
1578 4074 1735 4146 ἁγίων
1752 4075 2027 4153 θεορὸρων,
2047 4074 2154 4153 _se_d

559 4167 669 4210 non
717 4149 848 4204 item
898 4148 949 4202 in
999 4147 1161 4202 latina
1214 4145 1667 4215 interpretatione
1706 4145 1911 4200 sanciis'
1943 4147 2156 4214 deiferis

560 4222 780 4289 adjecit.
811 4218 1007 4275 Verum
1041 4218 1181 4273 istud
1212 4216 1643 4272 additamenttnn
1689 4233 1870 4288 neque
1891 4221 2031 4288 apud
2074 4219 2160 4274 Ni-

562 4294 866 4362 cephorum
892 4301 1109 4346 exstare
1140 4290 1315 4344 fassus
1336 4329 1350 4352 ,
1365 4298 1589 4362 _tantum
1623 4299 1772 4343 notat
1797 4290 2026 4344 solemne
2051 4307 2160 4345 esse

564 4358 874 4439 epithettqtt,
899 4379 998 4439 quo
1023 4362 1330 4439 recentiores
1350 4358 1517 4415 ϐταιοὶ
1553 4360 1824 4439 designare
1844 4363 2008 4415 solent
2043 4363 2158 4431 epi-

566 4431 750 4507 mpm
776 4432 826 4488 Ν
831 4431 980 4507 ὶοαέηί
999 4433 1226 4507 concilii.
1247 4431 1379 4500 Quae
1404 4447 1534 4507 sane
1556 4431 1695 4507 ratio
1717 4433 1912 4507 idonea
1929 4449 2035 4488 non
2055 4443 2159 4507 est,

2254 3309 2438 3362 carnis
2465 3306 2924 3376 dispensationem
2948 3305 3334 3372 admittentes;
3361 3305 3458 3362 sed
3490 3314 3644 3360 tomm
3667 3300 3792 3356 scien-

2257 3409 2360 3466 tes,
2396 3409 2521 3454 ante
2551 3399 2749 3454 saacula
2797 3398 3016 3467 quidem
3051 3396 3354 3470 perfectum
3391 3399 3480 3452 Dei
3515 3389 3792 3457 Verbum,in

2258 3491 2569 3548 novissimis
2601 3501 2782 3546 autem
2832 3491 3027 3546 diebus
3073 3491 3380 3562 perfectum
3431 3491 3679 3546 hominem
3710 3497 3795 3555 pro-

2259 3597 2380 3659 pter
2412 3599 2650 3643 nostram
2679 3586 2910 3642 salutem
2940 3585 3142 3642 factum
3176 3602 3320 3642 esse.
3355 3587 3422 3642 Et
3453 3585 3571 3641 fidei
3597 3580 3790 3654 quidem.

2259 3696 2381 3753 qua:
2423 3690 2742 3736 constanter
2771 3695 2797 3734 a
2845 3681 3002 3736 nobis
3050 3679 3414 3751 praedicatur,
3446 3680 3560 3736 haec
3582 3687 3652 3734 est
3677 3670 3794 3730 veluti

2262 3789 2493 3831 summa.
2545 3773 2662 3843 Qua
2714 3773 2783 3828 de
2823 3789 2884 3828 re
2932 3774 2976 3828 si
3035 3773 3166 3844 quid
3223 3775 3459 3843 amplius
3497 3767 3793 3829 desideratis.

2260 3867 2393 3924 satis
2441 3866 2596 3923 vobis
2649 3866 2744 3923 fiet
2774 3866 2868 3934 ,‘si
2900 3875 3106 3922 tomum
3153 3877 3177 3906 ο
3209 3866 3523 3924 Antiochia:
3571 3881 3600 3922 a
3641 3858 3796 3936 synodo

2257 4076 2503 4146 apprime
2529 4084 2613 4130 est
2637 4083 2940 4131 assecutus.
2968 4073 3239 4132 Observat
3266 4075 3473 4147 quippe
3498 4076 3550 4133 in
3588 4063 3795 4147 canone5

2260 4143 2473 4221 concilii
2503 4147 2919 4221 Constantinop.
2947 4148 3110 4221 τόμον
3137 4143 3682 4221 ηοηιίὶιιεέγιιοᾴἰοειη
3723 4143 3790 4192 llr

2263 4219 2397 4274 masi
2429 4219 2741 4288 epistolam,
2777 4235 2940 4289 quam
2972 4219 3220 4288 superior
3265 4219 3500 4286 epistula
3527 4219 3563 4274 2
3585 4234 3643 4273 ex
3682 4221 3794 4289 parte

2263 4284 2505 4366 exhibet,
2538 4290 2763 4366 indicari
2776 4284 3004 4366 [Νι-ειυς
3028 4284 3160 4366 vero
3174 4284 3424 4366 insolens
3442 4301 3537 4366 est
3555 4284 3792 4366 ,_epi$tolas

2266 4363 2558 4434 synodicas
2608 4364 2730 4417 tomi
2781 4361 2938 4417 titulo
2989 4363 3259 4430 insigniri.
3293 4362 3456 4428 Apud
3505 4361 3790 4434 Athanasium

2267 4424 2650 4506 Ᾰιεχηηάτῑηω
2677 4435 2868 4506 synodi
2899 4449 3029 4488 ann.
3058 4424 3187 4498 362,
3211 4424 3442 4502 epistola
3473 4428 3707 4506 tomus}!
3722 4424 3789 4506 4⁸·

568 4499 670 4588 cur
698 4507 844 4588 idem"
889 4505 1189 4588 epithetum
1237 4499 1428 4588 quarti
1445 4503 2166 4588 saeculi.tnonit_ne_nto_adji-
2188 4526 2244 4588 Ι)
2270 4505 2553 4588 tiochensea
2581 4499 2894 4588 inscribitur
2925 4523 2939 4560 :
2967 4519 3022 4561 et
3051 4499 3278 4588 epistola
3309 4506 3510 4588 Leonis
3547 4505 3609 4558 ad
3636 4499 3791 4588 Fufia:

567 4581 765 4635 ciatur.
788 4577 921 4631 lllud
944 4585 1094 4632 certe
1121 4584 1178 4631 et
1215 4576 1344 4647 olim
1388 4575 1721 4647 Epiphanius
1762 4574 2156 4646 scholasticus,

571 4661 628 4708 et
659 4658 842 4705 nostra
873 4655 1032 4703 aetate
1059 4646 1382 4704 Sirmondus
1415 4646 1752 4718 ignorarunt.
1781 4649 2060 4705 (Jou'ras'r.

643 4721 671 4762 δ
693 4720 866 4776 Vcrha
889 4718 1326 4791 uncinisincl‘ttstt
1358 4719 1957 4791 removitSirmondus,
1985 4734 2161 4791 neque

570 4808 750 4867 graece
779 4790 1067 4867 expressit.
1090 4788 1467 4867 Sed_Valcsius
1489 4790 1758 4867 reclamat
1787 4806 1864 4867 ea_
1893 4788 2157 4867 inomni-

568 4861 672 4921 hus
709 4862 1108 4932 exemplaribus
1135 4861 1282 4922 suis,
1324 4870 1382 4914 ut
1406 4872 1460 4916 et
1488 4861 1541 4916 in
1568 4863 1808 4917 ριιίιίοιιθ
1833 4862 2154 4930 Basileensi,

570 4953 673 4994 nec
714 4953 824 4993 non
855 4934 998 5006 apud
1047 4933 1492 5006 Nicephorumﬂet
1541 4933 1903 5006 Epiphaniam
1942 4934 2155 4990 haberi.

571 5008 864 5080 Nicephori
883 5003 1066 5080 tamen
1096 5005 1367 5080 interpres
1404 5003 1693 5080 Sirmoudo
1745 5007 2026 5080 concinit:
2058 5021 2159 5062 nec

572 5074 908 5136 concordare
955 5077 1288 5149 Epiphanius
1315 5074 1744 5149 deprehenditur
1769 5093 1893 5132 cum
1922 5078 2155 5134 Valesio.

573 5152 730 5222 Apud
767 5153 922 5222 illum,
963 5147 1214 5214 habetur,
1267 5162 1420 5216 quam
1476 5147 1673 5222 scimus
1717 5149 2154 5222 antiquissinwun.

571 5219 652 5279 Eg
673 5237 781 5292 quo
805 5221 1061 5295 colligere
1087 5229 1172 5295 est
1215 5234 1340 5295 eum
1369 5232 1548 5295 graece
1576 5219 1771 5288 legisse
1797 5260 1812 5282 ,
1862 5223 1941 5295 ἢν
1965 5221 2160 5295 εἴδομεν

565 5289 955 5372 πρεάϐυτάτηνζ
1014 5289 1328 5372 Qujusmodi
1371 5289 1542 5372 lectio.
1576 5305 1696 5372 cum
1729 5293 1945 5372 concilii
1993 5289 2158 5372 scopo

568 5360 731 5438 liinge
761 5365 933 5438 magis
980 5360 1220 5438 cohaeret
1243 5404 1257 5426 ,
1312 5376 1473 5438 quam
1502 5360 1805 5416 Valesiana.
1833 5360 2157 5438 ‘Namuist‘ud

565 5439 654 5492 via:
668 5433 888 5492 tandem
917 5435 1054 5488 haud
1075 5434 1310 5489 obscure
1346 5433 1666 5488 adversatur
1695 5433 1938 5501 proxime
1963 5434 2155 5504 dictis,

566 5510 760 5580 quibus
781 5505 1086 5580 Orientales
1116 5505 1348 5580 Nicaeum
1366 5505 1501 5580 _fid_ei
1521 5521 1814 5580 numquam
1850 5522 1954 5580 non
2009 5520 2158 5562 tena-

568 5575 662 5638 ces
677 5582 841 5636 fuisse
863 5595 922 5635 se
943 5577 1172 5649 professi
1203 5585 1348 5632 sunt.
1366 5575 1568 5632 Deinde
1597 5579 1678 5630 his
1706 5575 1904 5632 valesii
1938 5580 2119 5632 verbis
2142 5621 2157 5646 ,

559 5661 791 5778 scaevitas
816 5668 877 5706 ac
899 5665 1192 5719 servantus,
1216 5649 1424 5704 nullum
1448 5650 1500 5704 in
1530 5649 1724 5706 Grazco
1757 5657 1904 5703 textu
1934 5665 2161 5720 respon-

598 5731 668 5778 et.
727 5741 780 5778 ιι.

598 5731 668 5778 et.
703 5725 780 5780 In.

638 5806 660 5835 ο
703 5794 948 5850 Valesius
993 5807 1184 5848 Vocem
1216 5791 1460 5848 Graecam
1510 5794 1662 5851 τόμον
1710 5793 1882 5848 latina
1930 5793 2162 5849 libellum

562 5866 744 5925 minus
769 5874 896 5938 apte
936 5863 1148 5921 videtur
1197 5863 1520 5922 reddidisse.
1552 5863 1693 5934 Quid
1733 5875 1923 5924 tamen
1969 5876 2165 5940 sonet,

2268 4594 2420 4644 num,
2447 4578 2570 4648 quia
2607 4578 2732 4634 fidei
2780 4592 3050 4632 summam
3090 4569 3502 4645 complectitur,
3528 4569 3792 4648 ιοπιιιείιο·

2261 4650 2344 4704 nis
2368 4650 2420 4704 itt
2449 4645 2692 4721 antiquis
2744 4649 3090 4705 monimentis
3121 4651 3281 4717 vulgo
3309 4645 3792 4721 nuncupatur._0"°'

2261 4722 2403 4776 circa
2435 4723 2561 4776 tomi
2589 4715 2801 4778 'nomen
2843 4735 2966 4775 cum
2999 4715 3306 4790 Epiphanio
3337 4733 3390 4777 et
3438 4715 3706 4777 Sirmondo
3737 4723 3796 4790 ῑςο

2263 4793 2536 4859 tinentes,
2586 4802 2788 4848 tomum
2831 4806 2973 4846 anno
3021 4779 3126 4848 5'79
3174 4792 3228 4847 in
3277 4808 3341 4848 ea
3391 4791 3593 4848 celebri
3637 4779 3795 4859 synodo

2261 4865 2624 4931 Antiochena,
2652 4865 2810 4934 cujus
2837 4879 3001 4932 supra
3031 4864 3097 4918 ad
3127 4865 3336 4920 calcem
3369 4860 3655 4934 epistola-.2
3680 4868 3794 4934 meti;

2264 4937 2338 4990 tio
2375 4935 2454 4999 fit,
2485 4925 2760 4991 conditum
2795 4935 2882 4990 hic
2909 4925 3204 4991 memorari
3249 4951 3370 4991 cum
3407 4925 3620 4990 'Valesio
3646 4925 3796 4984 intelli-

2259 5007 2457 5075 gimus.
2485 5010 2670 5062 Eidem
2695 5023 2906 5079 quoque
2921 5009 3281 5079 assentimur,
3310 5007 3359 5062 id
3392 5006 3535 5077 quod
3567 5005 3614 5060 in
3636 5009 3796 5079 causa};

2261 5064 2296 5135 Ξ
2323 5080 2537 5134 concilii
2566 5079 2672 5134 ΟΡ.
2707 5064 2874 5133 tomus
2907 5064 3315 5133 Occidentalium
3344 5064 3659 5146 appellatur,
3698 5064 3797 5123 nihil

2262 5150 2591 5224 aliudhesse
2638 5151 3018 5224 existimanti,
3068 5167 3230 5221 quam
3279 5161 3551 5224 scriptum
3590 5146 3797 5224 Romani:

2259 5221 2474 5293 synodi,
2507 5222 2662 5294 cujus
2708 5210 3013 5294 fragmenta
3059 5210 3222 5291 supra
3274 5210 3436 5287 epist.
3466 5221 3636 5294 {hoc
3679 5210 3797 5294 titulo

2262 5281 2532 5365 donantur
2610 5281 2846 5359 Epistofa
2870 5293 2948 5347 vel
2992 5281 3247 5364 expositio
3275 5281 3460 5365 synodi
3490 5281 3796 5365 Romam!“

2261 5363 2378 5419 bitas
2422 5365 2512 5420 sub
2563 5364 2790 5419 Damaso
2820 5381 2994 5433 papa,
3029 5361 3076 5419 et
3120 5361 3423 5419 ινιιιιεηὶἰεεα
3469 5365 3522 5418 in
3558 5361 3794 5435 Orientem.

2260 5436 2440 5502 Quare
2472 5453 2575 5491 non
2607 5439 2784 5500 pIaCet
2819 5440 3085 5490 Sententia
3136 5437 3360 5492 Zonaras
3390 5447 3444 5488 et
3470 5436 3794 5501 Balsatnonts,

2259 5510 2348 5578 qui
2382 5519 2575 5562 tomum
2607 5508 3291 5563 Occidentaliumcanonem
3319 5506 3438 5564 fidei
3465 5508 3517 5562 in
3543 5502 3797 5579 Sarqic'éf'?‘

2262 5573 2496 5634 concilio
2549 5581 2948 5650 promulgatum
2999 5581 3608 5651 interpretanturanon
3645 5573 3795 5630 Petili.

2261 5651 2352 5725 qui
2385 5667 2499 5725 var.
2531 5653 2652 5708 lcet.
2705 5653 2800 5725 ltb.
2835 5667 2913 5715 ιιι,
2941 5669 2991 5706 c.
3037 5651 3109 5725 f2,
3141 5650 3326 5707 vocem
3373 5650 3794 5725 Αηιζοεὴεηοηιηιὲ

2264 5723 2383 5798 loco
2413 5723 3134 5798 Occidentalium,substitui
3165 5725 3324 5798 vult,
3342 5740 3449 5798 non
3481 5720 3794 5798 Baro_t_ti_i,_¢ll"

2262 5796 2330 5851 ad
2355 5811 2483 5851 ann.
2515 5797 2614 5852 381
2651 5786 2866 5852 Damasi
2893 5796 3175 5865 epistolam
3206 5797 3272 5852 ad
3300 5786 3675 5865 Paulinumjbi
3708 5786 3791 5865 Ιίιιξ·

2263 5849 2707 5936 assesasses
2732 5849 2865 5924 non
2902 5849 3046 5925 rem
3076 5849 3284 5926 uaros
3306 5849 3401 5924 lib.
3429 5882 3446 5922 ι
3469 5865 3536 5922 de
3569 5849 3790 5919 Concord.
