4048 6350
270 284 407 346 1201

903 284 1225 344 CENSURA
1266 284 1743 345 DECRETORUM
1781 284 2067 343 DAMASO
2106 285 2129 342 Ι
2166 284 2374 344 ΡΑΡᾹΞ
2413 283 2930 345 ASCRIPTORUM.

3439 286 3584 345 1203

272 416 395 473 quae
430 400 544 456 illic
587 399 863 456 Celebrata
894 410 977 455 est
1006 400 1283 455 conditum
1308 442 1321 465 ,
1354 414 1569 457 necnon
1602 414 1726 455 eum
1780 397 1872 468 qui

1992 400 2218 471 ἓντυχεῖν
2243 439 2259 461 ,
2287 401 2372 453 καί
2409 406 2483 471 τῷ
2525 401 2743 475 πέρυσιν
2782 400 2831 454 ἐν
2880 396 3399 457 Κωνσταντινουπόλει
3436 402 3585 478 παρά

271 498 557 567 superiore
633 512 779 551 anno
846 495 1315 564 Constantinopoli
1388 494 1458 549 ab
1532 494 1872 550 oecumenica

274 591 482 663 synodo
511 590 688 645 editus
711 599 819 653 est,
848 590 1030 658 lugere
1050 590 1349 660 dignemini
1373 588 1603 660 ,quibus
1632 589 1683 641 in
1711 588 1874 642 tomis

275 682 437 739 fidem
472 696 713 738 noStram
747 682 970 737 uberius
1016 687 1402 753 exposuimus,
1454 691 1511 734 et
1551 682 1604 734 in
1629 679 1872 734 ltrereses

275 791 475 833 recens
506 787 726 831 exui-tas
757 775 1126 831 auatltematis
1148 775 1474 831 sententiam
1523 775 1873 845 protulimus.

350 870 418 925 γ.
460 871 534 925 De
562 872 880 942 particulari
912 882 1093 927 autem
1125 871 1489 927 ecclesiarum
1524 868 1877 924 administra-

279 965 457 1027 tione,
504 966 764 1036 antiqua,
814 975 867 1019 ut
921 965 1090 1033 probe
1120 965 1326 1029 nostis,
1384 963 1619 1017 obtinuit
1660 959 1875 1015 sanctio

278 1066 335 1112 et
373 1071 684 1112 sanctorum
722 1066 934 1127 patrum
967 1057 1165 1111 Nicaea":
1193 1063 1647 1125 caugregatornm
1669 1052 1875 1121 regula,

281 1162 341 1206 ut
379 1152 431 1206 in
458 1152 684 1221 singulis
726 1151 1021 1219 provinciis
1074 1150 1329 1218 Episcopi
1367 1148 1512 1202 illitis
1545 1145 1875 1216 provinciae,

279 1255 332 1301 et
356 1247 401 1300 si
434 1246 541 1301 illis
569 1248 867 1317 placuerit,
898 1262 1003 1300 una
1028 1261 1152 1299 cum
1194 1245 1326 1315 ipsis
1368 1241 1620 1309 ﬁnitimi,
1647 1240 1874 1296 ordina-

280 1340 462 1393 tium-8
492 1349 652 1408 prout
692 1339 824 1396 utile
858 1338 1020 1394 fuerit
1050 1338 1270 1393 faciant.
1308 1338 1388 1393 Ex
1430 1352 1659 1407 quarum
1693 1336 1875 1404 legum

282 1431 603 1502 praescripto
629 1439 742 1487 tum
782 1431 1023 1503 reliquas
1066 1432 1336 1486 ecclesias
1367 1446 1392 1482 ιι
1428 1430 1583 1483 nobis
1610 1427 1877 1483 adminis-

282 1525 414 1579 trari
441 1524 665 1591 scitote,
701 1535 810 1579 tum
852 1526 1310 1580 nobilissimarum
1342 1524 1700 1579 ecclesiarum
1724 1538 1879 1577 crea-

284 1623 371 1673 tos
412 1631 533 1672 esse
561 1619 897 1674 sacerdotes.
958 1617 1114 1675 Unde
1168 1619 1331 1672 etiam
1382 1616 1882 1686 Constantinopoli-

282 1721 423 1768 tauae
454 1712 703 1767 ccclesize
742 1728 970 1780 recens,
1022 1720 1080 1767 ut
1132 1712 1203 1766 ita
1247 1712 1531 1775 dicamus,
1590 1709 1830 1765 fundatae
1864 1750 1879 1773 ,

1976 502 2069 554 τῆς
2104 494 2447 566 οἱκουμενικῆς
2493 493 2734 549 ἐκτεθέντι
2784 490 3033 549 συνόδου’
3077 496 3131 548 ἓν
3157 488 3231 554 οἷς
3268 493 3585 570 πλατύτερον

1977 593 2067 648 τὴν
2112 588 2285 643 πίστιν
2336 586 2756 661 ὡμολογήσαμεν,
2809 590 2894 641 καί
2939 595 3039 643 τῶν
3087 585 3309 661 ἔναγχος
3352 608 3584 643 καινοτοσ

1977 681 2230 754 μηθεισῶν
2270 678 2517 755 αἱρέσεων
2554 680 2962 752 ἀναθεματισμὸν
3013 677 3262 755 ἔγγραφον
3306 684 3587 739 πεποιήκοιεν

1978 795 2091 844 μεν.

2051 871 2169 944 Περί
2193 865 2245 921 δὲ
2273 874 2373 922 τῶν
2401 867 2692 938 οἰκονομιῶν
2727 873 2826 922 τῶν
2853 868 2989 921 κατά
3019 867 3173 943 μέρος
3200 866 3252 920 ἐν
3276 872 3391 926 ταῖς
3413 866 3585 925 ἐκκλη-

1980 963 2117 1021 σίαις
2146 960 2363 1021 παλαιός
2392 980 2446 1015 τε
2470 999 2482 1017 .
2517 961 2584 1020 ὡς
2622 957 2733 1015 ἴστε
2762 1001 2775 1023 ,
2818 959 3005 1031 θεσμός
3030 960 3301 1036 κεκράτηκε
3325 999 3339 1019 ,
3372 961 3459 1014 καί
3486 966 3587 1014 τῶν

1982 1052 2137 1126 ἀγίων
2175 1052 2222 1105 ἐν
2263 1052 2446 1126 Νικαίᾳ
2484 1054 2722 1128 πατέρων
2754 1049 2893 1127 ὄρος,
2925 1048 3038 1106 κατ’
3064 1050 3281 1108 ἐγαστην
3324 1047 3586 1128 ἐπαρχίαν

1981 1149 2104 1206 τούς
2145 1154 2236 1207 τῆς
2280 1145 2567 1224 ἐπαρχίας,
2616 1149 2703 1201 καί
2748 1143 2891 1218 εἴπερ
2945 1147 3119 1200 ἐκεῖνοι
3168 1144 3453 1218 βούλοιντο,
3493 1148 3590 1200 σύν

1984 1240 2155 1299 αὐτοῖς
2184 1241 2301 1300 τούς
2351 1239 2571 1317 ὁμόρους
2601 1240 2730 1314 πρὸς
2778 1239 2836 1293 τὸ
2884 1239 3144 1312 συμφέρον
3185 1239 3446 1292 ποιεῖσθαι
3494 1238 3591 1297 τὰς

1986 1336 2310 1410 χειροτονίας
2328 1351 2340 1363 ·
2372 1331 2442 1395 οἷς
2464 1335 2745 1394 ἀκολούθως
2773 1336 2867 1396 τάς
2893 1354 2947 1390 τε
2969 1333 3150 1395 λοιπὰς
3180 1334 3449 1395 ἐκκλησίας
3465 1335 3594 1411 παρ’

1985 1429 2102 1499 ἡμῖν
2154 1428 2525 1499 οἰκονομεῖσθαι
2573 1429 2876 1499 γινώσκετε,
2926 1429 3147 1482 καὶτῶν
3200 1427 3592 1498 ἐπισημοτάτων

1987 1520 2265 1578 ἐκκλησιῶν
2304 1518 2669 1592 ἀναδεδεῖχθαι
2719 1522 2840 1579 τούς
2889 1520 3063 1595 ἱερεῖς.
3092 1516 3235 1573 ⁰Οθεν
3271 1526 3363 1580 τῆς
3405 1522 3496 1589 μὲν
3540 1516 3593 1574 ἓν

1987 1613 2513 1669 Κωνσταντινουπόλει
2560 1619 2862 1686 νεοπαγοῦς.
2908 1615 2975 1672 ὡς
3008 1606 3065 1665 ἂν
3100 1609 3233 1667 εἴποι
3277 1632 3379 1673 τις,
3422 1612 3594 1671 ἐκκλη-

1988 1708 2127 1768 σίας,
2157 1706 2217 1764 ἣν
2248 1707 2426 1783 ὥσπερ
2464 1707 2519 1760 ἐκ
2561 1705 2823 1777 στόματος
2851 1704 3051 1765 λέοντος
3081 1712 3171 1764 τῆς
3198 1711 3299 1759 τῶν
3329 1704 3596 1779 αίρετικῶν

283 1819 442 1875 quam
471 1821 535 1861 ex
561 1805 942 1861 hrercticorum
975 1805 1316 1876 blasphemia
1351 1816 1625 1876 tamquam
1668 1820 1735 1860 ex
1764 1803 1881 1857 leo-

1992 1802 2312 1875 βλασφημίας
2356 1801 2583 1872 ύπόγυον
2631 1800 2994 1874 ἒξηρπάσαμεν
3047 1796 3132 1853 διὰ
3178 1807 3279 1853 τῶν
3326 1801 3597 1874 οἰκτιρμῶν

284 1899 368 1952 nis
399 1896 678 1960 faucibus,
720 1914 814 1969 per
840 1899 1272 1953 misericordiam
1314 1898 1409 1953 Dei
1461 1914 1634 1968 nuper
1682 1896 1883 1967 eripui-

283 2005 428 2055 mus,
456 1992 968 2046 revL-rendissimum
988 2006 1052 2045 ac
1074 1991 1540 2061 religiosissimum
1570 1989 1884 2044 Nectarium

283 2081 667 2137 ordinavimus
724 2082 1084 2154 episcopum,
1143 2084 1194 2137 in
1254 2084 1551 2137 univerSuIi
1613 2081 1883 2144 concilio,

254 2178 559 2231 .communi
600 2178 843 2231 omnium
879 2193 1189 2245 consensu,
1236 2193 1421 2233 coram
1471 2177 1886 2247 religiosissimo

282 2266 614 2337 imperatore
655 2270 1001 2337 Theodosio,
1048 2271 1418 2341 adStipulante
1461 2271 1609 2324 onmi
1653 2270 1804 2324 clero
1832 2278 1888 2323 et

282 2363 537 2418 universa
566 2364 809 2417 civitate.
854 2364 1265 2433 Antiquissima:
1308 2378 1442 2417 vero
1475 2378 1711 2434 vereque
1756 2376 1887 2434 apo-

285 2456 493 2511 stolica:
522 2456 880 2511 Autioclieuae
907 2457 959 2511 in
988 2457 1146 2529 Syria
1174 2457 1418 2513 ecclesia!
1443 2500 1458 2524 ,
1495 2459 1548 2512 in
1582 2474 1685 2528 qua
1715 2472 1884 2511 vene-

281 2548 512 2602 randum
572 2544 1010 2602 Chl'lSliJﬂlH‘Uﬂl
1080 2564 1277 2602 nomen
1334 2550 1567 2618 primum
1640 2548 1882 2602 auditum

284 2652 367 2695 est
401 2642 541 2711 (Act.
567 2656 656 2706 x1,
684 2640 757 2695 26
782 2640 834 2713 ),
867 2641 1389 2697 rcverendissimum
1439 2650 1494 2696 et
1535 2639 1887 2711 religiosissi-

284 2749 431 2789 mum
482 2736 800 2804 episc0pum
852 2734 1170 2790 Flavianum
1229 2744 1341 2790 tum
1392 2736 1539 2790 illius
1586 2735 1887 2805 provinciae

285 2834 396 2880 tum
427 2825 723 2880 Orientalis
749 2826 1003 2881 diwcesis
1022 2826 1263 2895 episcOpi
1290 2826 1343 2879 in
1373 2843 1540 2880 unum
1563 2826 1882 2897 congregati

283 2918 550 2974 canonice
578 2917 934 2984 ordinarunt,
970 2927 1080 2972 tota
1109 2917 1340 2973 ecclesia
1394 2918 1777 2973 consentiente
1831 2929 1888 2972 et

283 3014 437 3085 quasi
467 3028 573 3068 uno
606 3028 701 3067 ore
730 3014 905 3068 virum
929 3013 1294 3069 collaudante.
1341 3012 1512 3079 Quam
1553 3012 1775 3083 quidem
1806 3012 1884 3066 le-

283 3108 526 3179 gitimam
556 3107 957 3162 ordinationem
998 3108 1159 3163 etium
1195 3108 1437 3179 synodus
1468 3105 1723 3160 universa
1763 3120 1884 3160 sus-

1987 1903 2079 1951 τοῦ
2110 1901 2261 1958 Θεοῦ,
2290 1894 2376 1948 τὸν
2416 1891 2823 1965 αἰδεσιμὼτατον
2862 1893 2949 1945 καί
2991 1891 3373 1963 θεοφιλέστατον
3398 1891 3599 1947 Νεκτά-

1987 2008 2097 2064 ριον
2133 1989 2410 2042 ἐπίσκοπον
2458 1988 2942 2061 κεχειροτονηκαμεν
2991 1985 3076 2039 ἐπὶ
3119 1992 3212 2043 τῆς
3254 1984 3600 2055 οίκουμενικῆς

1987 2077 2207 2134 συνόδου
2240 2081 2371 2152 μετὰ
2407 2087 2570 2139 κοινῆς
2602 2075 2870 2149 ὁμονοίας,
2893 2075 2983 2130 ὑπ’
3020 2072 3171 2147 ὄψεσι
3196 2078 3283 2131 καί
3310 2081 3399 2131 τοῦ
3435 2080 3601 2149 θεοφιο

1985 2172 2234 2227 λεστὸιτου
2264 2172 2515 2242 βασιλέως
2548 2169 2840 2231 Θεοδοσίου,
2885 2171 3077 2231 παντός
3106 2191 3161 2226 τε
3190 2176 3278 2225 τοῦ
3308 2170 3493 2247 κλήρου
3516 2173 3601 2224 καί

1986 2266 2157 2325 πάσης
2186 2264 2617 2339 ἐπιψηφιζομένης
2646 2272 2737 2327 τῆς
2767 2264 2979 2325 πόλεως.
3009 2274 3110 2325 Τῆς
3143 2263 3197 2319 δὲ
3226 2263 3600 2337 πρεσϐυτάτης

1986 2362 2071 2413 καί
2093 2354 2251 2420 ὅντως
2279 2358 2622 2418 ἀποστολικὴς
2662 2358 2928 2421 ἐκκλησίας
2972 2367 3065 2418 τῆς
3107 2360 3158 2413 ἐν
3191 2356 3482 2431 ’Δντιοχείᾳ
3505 2364 3600 2418 τῆς

1987 2457 2172 2527 Συρίας
2193 2493 2207 2514 ,
2238 2453 2287 2507 ἐν
2376 2454 2557 2527 πρώτῃ
2589 2453 2647 2507 τὸ
2677 2454 2844 2524 τίμιον
2886 2458 2987 2506 τῶν
3016 2457 3331 2527 Χριστιανῶν
3354 2450 3601 2526 ἐχρημάο

1988 2567 2127 2600 τισεν
2154 2542 2307 2617 ὄνομα
2330 2586 2343 2607 ,
2376 2545 2461 2600 τὸν
2497 2543 2904 2618 αἰδεσιμὼτατον
2940 2548 3028 2600 καί
3068 2545 3451 2619 θεοφιλέστατον
3491 2544 3604 2597 ἐπί-

1988 2659 2180 2692 σκοπον
2205 2637 2479 2692 Φλαϐιανὸν
2500 2678 2514 2700 ,
2542 2638 2590 2691 οἶ
2618 2659 2673 2693 τε
2702 2646 2795 2700 τῆς
2825 2640 3089 2716 ἐπαρχίας
3129 2642 3211 2693 καί
3245 2646 3337 2699 τῆς
3364 2637 3603 2693 ἀνατολιο

1988 2738 2077 2790 κῆς
2104 2728 2397 2791 διοικήσεως
2432 2727 2812 2806 συνδραμόντες
2848 2739 3117 2793 κανονικῶς
3157 2731 3562 2808 ἐχειροτόνησαν
3584 2771 3601 2796 ,

1988 2824 2161 2883 πάσης
2192 2821 2470 2896 σύμψηφον
2514 2832 2608 2883 τῆς
2654 2824 2919 2885 ἐκκλησίας
2950 2826 3126 2901 ὥσπερ
3158 2822 3243 2879 διὰ
3281 2830 3405 2895 μιᾶς
3437 2832 3604 2897 φωνῆς

1988 2916 2073 2971 τόν
2131 2912 2295 2992 ἄνδρα
2351 2915 2672 2988 τιμησάσης.
2726 2914 2912 2994 Ἠνπερ
2974 2915 3216 2989 ἔνθεσμον
3281 2919 3605 2995 χειροτονίαν

1989 3008 2190 3074 ἐδέξατο
2241 3014 2326 3065 καί
2378 3013 2435 3066 τὸ
2478 3020 2569 3072 τῆς
2616 3010 2827 3067 συνόδου
2875 3013 3053 3066 κοινόν.
3102 3020 3203 3073 Τῆς
3248 3010 3301 3066 δέ
3324 3033 3380 3086 γε
3410 3013 3606 3087 μητρὸς

1990 3102 2207 3158 ἀπασῶν
2227 3111 2328 3158 τῶν
2356 3105 2631 3162 ἐκκλησιῶν
2663 3112 2754 3163 τῆς
2790 3106 2841 3158 ἐν
2860 3102 3224 3178 Ἰεροσολύμοις
3244 3145 3259 3168 ,
3290 3105 3375 3159 τὸν
3414 3101 3609 3158 αἰδεσί-

284 3200 450 3268 cepit.
486 3199 991 3271 l‘lierosolymitaure
1018 3211 1201 3253 autem
1229 3198 1507 3262 ecclesize,
1538 3214 1657 3267 qme
1710 3207 1885 3253 mater

1994 3200 2229 3269 μὼτατον
2277 3199 2363 3250 καί
2415 3195 2797 3269 θεοφιλέστατον
2851 3196 3081 3270 Κύριλλον
3144 3197 3421 3250 ἐπίσκοπον
3476 3190 3603 3250 εἶναι

287 3292 625 3348 eStomnium
642 3293 1016 3357 ecclesiarum,
1037 3292 1558 3347 reverendissimum
1583 3305 1646 3345 ac
1672 3290 1889 3361 religio-

288 3384 566 3440 sissimum
596 3385 860 3457 Cyrillum
888 3385 1201 3455 episcopum
1233 3383 1563 3447 indicamus,
1593 3383 1682 3453 qui
1724 3391 1779 3437 et
1799 3396 1889 3436 ca-

288 3479 483 3535 nonice
506 3480 573 3533 ab
600 3480 871 3550 episeopis
897 3478 1189 3549 provincim
1215 3478 1342 3532 olim
1374 3478 1471 3531 fuit
1501 3477 1807 3542 ordinatus,
1835 3484 1891 3530 et

286 3572 519 3643 plurima
540 3572 705 3627 variis
726 3572 776 3626 in
797 3572 1129 3627 lociscontra
1147 3571 1379 3626 Arianos
1392 3569 1686 3624 certamina
1701 3567 1886 3622 subiit.

361 3663 451 3719 Vl.
485 3665 691 3731 Quibus
720 3671 993 3735 tamquam
1025 3663 1262 3733 legitime
1294 3673 1346 3715 et
1390 3662 1653 3715 canonice
1682 3660 1891 3715 consti-

288 3758 423 3813 tutis
451 3769 690 3813 vestram
742 3773 958 3828 quoqne
1000 3755 1361 3811 reverentiam
1406 3753 1667 3825 gratulari
1702 3754 1890 3808 horta-

288 3866 434 3914 mur,
468 3850 839 3911 intercedente
863 3849 1093 3920 spiritali
1119 3850 1416 3911 cbaritate;
1468 3857 1521 3902 et
1562 3846 1778 3902 Domini
1821 3846 1890 3900 ti-

291 3956 445 3998 more
475 3958 696 3998 omnem
740 3943 961 4013 quidem
1005 3942 1301 3996 humanum
1356 3940 1608 3996 allectum
1654 3939 1893 4009 compri-

289 4046 505 4102 mente,
559 4036 916 4091 ecclesiarum
975 4046 1153 4091 autem
1200 4038 1613 4091 aedificationem
1666 4039 1891 4106 privata:

289 4144 417 4200 erga
455 4129 701 4200 Singulos
733 4129 1129 4184 benevolentia:
1177 4130 1260 4183 vcl
1290 4130 1481 4199 gratiae
1514 4139 1888 4198 prteponente.

291 4225 405 4281 Hac
428 4224 570 4279 enim
623 4224 835 4279 ratione
866 4223 953 4277 ubi
1005 4222 1231 4278 verbum
1284 4223 1405 4277 lidei
1454 4225 1727 4277 communi
1756 4239 1889 4277 con-

293 4332 459 4373 sensu
506 4315 810 4371 stabilitum
834 4358 847 4380 ,
902 4325 957 4369 et
1002 4314 1313 4368 Christiana
1344 4314 1585 4370 clmritas
1618 4315 1763 4371 inter
1794 4330 1893 4369 nos

291 4411 610 4466 confirmata
662 4409 856 4476 fuerit,
916 4408 1233 4463 desinemus
1275 4410 1326 4463 id
1382 4408 1568 4464 dicere
1607 4409 1752 4479 quod
1827 4409 1895 4464 ab

290 4502 569 4575 Apostolis
596 4503 1015 4556 condemnatum
1041 4511 1152 4555 est:
1181 4499 1297 4575 Ego
1322 4502 1528 4571 quidem
1566 4518 1681 4556 sum
1711 4501 1889 4568 Pauli,

1993 3290 2319 3362 γνωρίζομεν,
2353 3296 2620 3349 κανονικῶς
2646 3308 2700 3342 τε
2727 3288 2873 3360 παρά
2897 3294 2997 3343 τῶν
3017 3296 3107 3347 τῆς
3136 3289 3400 3363 ἐπαρχίας
3432 3308 3605 3364 χειρο-

1992 3382 2260 3440 τονηθέντα
2282 3424 2296 3445 ,
2335 3382 2488 3437 πάλαι
2507 3422 2522 3448 ,
2555 3382 2640 3435 καί
2670 3381 2900 3438 πλεῖστα
2924 3383 3056 3459 πρὸς
3091 3384 3213 3443 τούς
3239 3381 3526 3457 ’Λρειανούς
3554 3383 3602 3437 ἐν

1995 3472 2251 3552 διαφόροις
2276 3475 2455 3535 τόποις
2484 3475 2802 3534 ἀθλήσαντα.

2066 3656 2154 3721 Οἷς
2177 3664 2245 3722 ὡς
2270 3662 2524 3732 ἐνθέσμως
2545 3665 2626 3716 καὶ
2650 3669 2921 3724 κανονικῶς
2948 3663 3070 3738 παρ’
3088 3665 3210 3735 ἡμῖν
3234 3665 3602 3740 κεκρατηκόσι,

1994 3756 2083 3808 καί
2110 3757 2199 3811 τὴν
2228 3753 2483 3827 ὑμετέραν
2525 3756 2843 3828 συγχαίρειν
2886 3754 3281 3831 παρακαλοῦμεν
3316 3756 3600 3821 εὐλάϐειαν,

1993 3856 2086 3909 τῆς
2126 3856 2470 3919 πνευματικῆς
2517 3848 2894 3920 μεσιτευούσης
2923 3850 3157 3921 ἀγάπης,
3189 3852 3274 3903 καί
3301 3855 3395 3905 τοῦ
3421 3872 3602 3927 κυρια-

1994 3949 2084 3997 κοῦ
2108 3942 2285 4016 φόϐου,
2314 3947 2490 3997 πᾶσαν
2523 3945 2613 4014 μὲν
2640 3941 3068 4003 καταστέλλοντος
3095 3944 3409 4020 ἀνθρωπίνην
3436 3965 3603 4020 προσ·

1995 4037 2231 4100 πάθειαν,
2262 4040 2351 4095 τήν
2385 4032 2437 4090 δέ
2464 4042 2565 4090 τῶν
2603 4032 2878 4093 ἐκκλησιῶν
2920 4032 3183 4106 οἰκοδομήν
3225 4038 3603 4111 προτιμοτέραν

1995 4138 2265 4192 ποιοῦντος
2280 4140 2371 4190 τῆς
2391 4131 2521 4206 πρὸς
2544 4129 2627 4183 τόν
2649 4128 2760 4182 καθ’
2780 4130 2870 4182 ἕνα
2897 4136 2923 4164 ⁸
2953 4133 3277 4201 συμπαθείας
3300 4129 3331 4189 ἢ
3356 4129 3601 4205 χάριτος.

1996 4224 2145 4279 Ούτω
2171 4226 2271 4298 γὰρ
2301 4228 2451 4277 τοῦτε
2491 4231 2584 4281 τῆς
2618 4223 2847 4281 πίστεως
2877 4223 3293 4292 συμφωνηθέντος
3320 4224 3496 4296 λόγου,
3519 4229 3604 4278 καί

1997 4323 2088 4377 τῆς
2132 4322 2495 4389 Χριστιανικῆς
2543 4314 2855 4387 κυρωθείσης
2900 4313 2946 4366 ἐν
2986 4315 3101 4386 ἡμῖν
3148 4315 3377 4387 ἀγάπης,
3405 4318 3603 4371 παυσό-

1997 4409 2123 4481 μεθα
2150 4406 2375 4478 λέγοντες
2402 4406 2459 4459 τὸ
2498 4406 2639 4479 παρὰ
2676 4411 2775 4459 τῶν
2812 4402 3112 4461 ἀποστόλων
3147 4408 3598 4480 κατεγνωσμένον·

1999 4502 2128 4576 Ἐγώ
2158 4502 2250 4574 μέν
2292 4500 2396 4572 είμι
2448 4498 2671 4561 Παύλου,
2705 4499 2802 4573 ἐγὼ
2832 4497 2885 4555 δέ
2938 4499 3183 4561 ’Δπολλῶ,
3213 4502 3312 4574 ἐγὼ
3340 4498 3395 4556 δέ
3438 4509 3602 4576 Κηφᾶ.

292 4613 384 4669 ego
437 4612 554 4649 vero
586 4596 807 4665 Apollo,
863 4610 957 4667 ego
1010 4602 1180 4647 autem
1229 4594 1416 4664 Cap/ta:
1448 4594 1630 4664 (lCor.
1665 4611 1714 4660 ι,
1748 4596 1818 4651 12
1845 4595 1885 4664 ).

1995 4596 2179 4654 Πάντες
2204 4591 2257 4648 δὲ
2286 4596 2512 4667 Χριστοῦ
2551 4592 2784 4665 φανέντες
2804 4631 2819 4655 ,
2873 4588 2928 4653 ὂς
2954 4594 3004 4647 ἐν
3034 4594 3151 4664 ἡμῖν
3182 4594 3239 4648 ού
3267 4597 3603 4671 μεμέρισται,

293 4690 401 4747 Sed
425 4690 551 4743 dum
582 4705 773 4743 omnes
802 4688 1103 4743 videbimur
1132 4701 1255 4741 esse
1284 4688 1484 4742 CitriSti
1505 4729 1520 4755 ,
1550 4687 1640 4757 qui
1668 4703 1774 4741 non
1804 4697 1892 4743 est

292 4784 497 4838 scissus
528 4784 580 4837 in
616 4782 805 4847 nubis,
848 4783 1118 4852 integrum
1151 4780 1274 4835 sine
1305 4781 1410 4835 ulla
1450 4780 1740 4836 scissione.
1777 4781 1893 4837 Deo

286 4877 544 4948 juvante,
578 4876 922 4930 servabimus
944 4891 1148 4947 corpus
1179 4874 1479 4941 Ecclesia),
1537 4883 1593 4930 et
1622 4874 1691 4929 ad
1730 4874 1895 4930 tribu-

293 4970 382 5026 nal
413 4969 630 5025 Domini
654 4985 776 5025 cum
808 4968 1003 5024 fiducia
1029 4970 1315 5025 stabimus.

292 5125 346 5167 c.
377 5108 434 5174 4,
467 5126 524 5164 ιι.
553 5110 606 5171 5,
638 5109 781 5164 hunc
829 5115 1021 5161 tomum
1070 5108 1487 5163 Occidentalium
1536 5108 1894 5176 intelligentia

296 5183 479 5236 nescio
528 5197 688 5251 quam
736 5181 1007 5251 epistolam
1032 5177 1484 5245 Occidentalium,
1516 5198 1618 5251 qua
1642 5182 1823 5235 docent
1844 5197 1897 5236 se

294 5248 705 5306 communionem
757 5248 1188 5304 Antiochenornm
1238 5248 1681 5323 amplecti,’quia
1710 5262 1899 5307 rectam

1999 4693 2129 4743 Θεοῦ
2170 4685 2566 4750 καταξιοῦντος,
2614 4680 2879 4755 ἄσχιστον
2921 4685 2979 4739 τὸ
3021 4691 3173 4740 σῶμα
3201 4694 3293 4746 τῆς
3334 4687 3607 4750 ἐκκλησίας

2000 4786 2307 4854 τηρήσομεν,
2340 4781 2424 4832 καὶ
2450 4785 2523 4849 τῷ
2550 4776 2745 4849 βήματι
2775 4784 2867 4832 τοῦ
2907 4779 3090 4852 κυρίου
3126 4781 3258 4851 μετά
3303 4780 3607 4853 παῤῥησίας

2003 4873 2463 4952 παραστησόμεθα.

1999 5110 2157 5178 [idem
2199 5108 2546 5179 proﬁtentur,
2596 5109 2691 5163 etsi
2723 5107 2927 5163 Meletii
2969 5116 3017 5162 et
3062 5105 3279 5163 Paulini
3328 5110 3607 5169 schismate

2000 5180 2258 5235 laborant.
2286 5182 2565 5237 Counn'r.
2638 5228 2641 5229 ν

2077 5253 2104 5281 ⁸
2136 5253 2330 5319 Sirtn.,
2359 5254 2651 5315 συνηθείας.
2698 5252 2776 5307 ΙΙ).

296 5369 3594 5399 '—_—————_———————————_——-—-‘

337 5474 1088 5555 DECRETORUM
1160 5478 1625 5552 DAMASO
1702 5480 1743 5551 Ι
1819 5482 2127 5553 ΡΑΡᾹΞ
2198 5478 2986 5555 ASCBIPTOBUM
3060 5481 3578 5569 CENSUBA.

374 5753 426 5807 1.
472 5751 600 5822 Qua:
624 5753 677 5807 in
708 5752 940 5807 Romana
965 5750 1161 5822 synodo
1190 5748 1446 5805 Damasus
1467 5750 1785 5807 constituisse
1812 5751 1901 5806 ob-

310 5846 557 5903 tmditur.
576 5872 645 5885 --
665 5847 721 5899 ln
759 5861 882 5899 mox
926 5843 1068 5898 dicta
1098 5842 1380 5899 Sarazanii
1406 5842 1731 5899 collectione
1758 5859 1812 5913 p.
1841 5844 1908 5899 21

2007 5761 2217 5808 exstat:
2253 5752 2371 5808 Vita
2399 5752 2460 5806 Β.
2491 5751 2704 5808 Damasi
2731 5770 2798 5809 ea:
2824 5755 2941 5809 cod.
2973 5772 3071 5811 ms.
3101 5757 3318 5814 archivii
3344 5763 3618 5819 canonico-

2025 5864 2140 5902 rum
2163 5847 2223 5903 8.
2254 5846 2395 5901 Patri
2421 5849 2699 5915 exscripta,
2727 5848 2780 5905 in
2807 5865 2911 5919 qua
2941 5850 3012 5906 de
3037 5850 3134 5907 illo
3154 5853 3513 5923 praedicatur:
