4048 6350
425 287 570 344 1203

1893 273 2216 336 ADDENDA
2227 315 2240 332 .

3599 221 3744 335 12ολ

507 429 526 462 ‹
563 405 601 462 Ι.
642 403 700 468 In
733 403 924 466 diebus
953 409 1130 464 autem
1163 401 1292 468 illis,
1325 391 1640 464 convocatis
1663 399 1936 480 episcopis
1957 399 2028 462 de
2055 399 2110 460 Α
2133 399 2398 456 sufﬁciat:
2437 419 2456 452 ι
2483 399 2538 456 In
2561 397 2764 456 eisdem
2793 399 2934 454 enim
2961 395 3236 470 (Orientis)
3263 395 3538 470 partibus,
3565 395 3740 468 impe-

433 497 664 556 diversis
687 491 872 551 mutuli
901 491 1164 568 partibus,
1189 493 1482 548 celebravit
1503 493 1812 558 concilium,
1844 493 1896 548 in
1925 507 2034 562 quo

433 589 818 648 condemnavit
845 585 1218 644 Macedonium
1245 585 1506 658 Spiritum
1539 599 1786 648 sanctum
1827 601 2034 662 negan-

437 697 570 748 tem.
605 693 662 740 et
693 679 1018 740 Eunominm
1049 687 1102 736 et
1131 677 1398 736 Donatum
1427 679 1644 736 Arianae
1685 677 2038 752 blasphemia:

435 785 768 844 sectatores;
793 771 1173 830 condemnavit
1195 771 1358 828 etiam
1382 769 2040 840 ApollinarcmLaodicim

435 867 610 946 Syriae
631 869 970 940 episcopum,
1005 875 1194 934 contra
1223 881 1384 936 quem
1417 859 1680 932 decrevit,
1709 875 1764 920 ut
1797 884 1814 918 ε
1839 865 1894 922 Si
1917 865 2040 936 quis

441 959 638 1022 Filium
671 959 786 1028 Dei,
819 957 910 1030 qui
943 959 1084 1014 sicut
1113 971 1242 1014 vere
1269 959 1428 1024 Deus,
1463 959 1534 1014 ita
1565 973 1692 1016 vere
1727 957 1890 1012 homo
1919 957 2038 1026 fuit,

443 1053 530 1111 vel
551 1051 908 1108 humanitatis
931 1051 1138 1124 aliquid
1161 1051 1245 1120 vei
1269 1051 1486 1106 deitatis
1509 1051 1686 1106 minus
1713 1049 1922 1112 diceret
1951 1051 2044 1110 Ita-

441 1147 648 1216 buissc,
677 1145 889 1202 alienus
919 1143 988 1199 ab
1022 1139 1266 1200 Ecclesia
1295 1137 1656 1212 judicaretur.
1680 1163 1696 1194 ι
1724 1141 1896 1212 Quam
1919 1157 2048 1200 sen-

443 1241 666 1298 tentiam
697 1239 1008 1296 conilrmari
1039 1239 1295 1312 praecepit
1321 1238 1482 1292 etiam
1509 1235 1562 1292 in
1591 1247 1776 1298 sancta
1808 1237 2046 1292 secunda

447 1331 676 1406 synodo,
712 1349 832 1404 quae
863 1339 1138 1404 praecepto
1163 1341 1216 1386 et
1241 1331 1564 1386 auctoritate
1589 1329 1704 1404 ejus
1735 1329 1876 1400 apud
1905 1327 2048 1384 Gon-

447 1427 856 1504 stantiuopolim
883 1427 1160 1484 celebrata
1187 1433 1290 1482 est.
1781 1409 1784 1412 ’

525 1539 546 1576 ι
579 1517 640 1576 il.
683 1521 950 1594 Praecepit
975 1529 1238 1592 prtetcrea
1273 1519 1534 1574 Damasus
1565 1515 1962 1584 sacerdotibus,
1993 1523 2052 1571 ut

451 1621 714 1686 negarent
753 1621 996 1668 sanctam
1025 1609 1464 1666 communionem
1497 1617 1552 1666 et
1579 1609 1932 1666 ecclesiarum
1965 1607 2048 1664 in-

450 1723 696 1786 gressum
740 1707 994 1762 omnibus
1035 1705 1344 1776 sacrilegis,
1391 1705 1480 1776 qui
1511 1699 1652 1759 bona
1685 1701 2052 1758 ecclesiastica

2139 501 2291 549 rante
2319 493 2544 550 Valente
2562 533 2578 560 ,
2611 491 2678 548 de
2703 491 2854 564 cujus
2881 489 3170 562 tyrannide
3196 503 3358 560 supra
3385 487 3596 544 dictum
3625 499 3742 556 est,

2139 585 2518 650 haeresiarcltat
2545 595 2654 641 tres
2676 593 2852 652 erant,
2871 583 3138 650 Meietius,
3161 581 3353 640 Vitalis
3377 591 3434 638 et
3455 581 3746 650 Paulinus,

2141 683 2230 754 qui
2263 681 2486 736 scissam
2525 679 2578 734 in
2617 687 2726 734 tres
2759 687 2940 750 partes
2987 675 3286 734 Ecclesiam
3333 675 3402 730 ad
3449 690 3510 736 se
3551 689 3750 746 rapere

2143 771 2486 830 festinabant.
2529 791 2548 824 ι
2599 771 2730 844 Quis
2779 771 2894 828 [nec
2929 769 3191 836 audiens,
3239 769 3568 844 imperitiam
3612 767 3756 824 ferat

2145 869 2338 924 borum
2369 879 2612 926 actorum
2637 865 2884 932 artificis,
2925 863 3210 920 Paulinum
3239 861 3644 918 lueresiarcham
3675 861 3758 915 in-

2145 961 2292 1016 sulse
2317 961 2453 1016 adeo
2473 957 2832 1032 appellantis;
2857 957 3162 1026 Paulinum,
3185 957 3424 1032 inquam,
3455 971 3620 1030 quem
3651 955 3756 1010 Da-

2147 1069 2332 1110 masus
2356 1053 2552 1110 litteris
2583 1053 2694 1108 suis
2723 1059 2832 1106 tam
2863 1051 3142 1118 modeste,
3183 1060 3404 1120 tamque
3449 1045 3760 1104 honoriﬁce

2149 1147 2438 1220 alloquitur
2467 1143 2649 1222 (Dant.
2683 1161 2766 1214 ep.
2796 1143 2870 1216 5),
2897 1151 2952 1200 et
2977 1141 3048 1198 de
3081 1157 3190 1214 quo
3215 1141 3432 1198 concilii
3465 1139 3638 1198 Italia!
3669 1153 3764 1210 pa-

2151 1255 2264 1302 tres
2292 1243 2360 1300 ad
2387 1241 2754 1298 Theodosium
2797 1239 2926 1310 imp.
2967 1253 3114 1292 anno
3151 1237 3250 1296 53!
3305 1235 3556 1298 scribunt
3585 1233 3766 1306 (Apud

2153 1337 2315 1394 Sirm.
2361 1352 2484 1410 app.
2525 1333 2642 1389 cod.
2691 1331 2794 1388 Th.
2825 1349 2946 1406 pag.
2977 1331 3103 1402 105)
3127 1371 3142 1396 ,
3183 1347 3202 1380 ι
3239 1327 3392 1390 Hunc
3423 1327 3478 1384 in
3507 1341 3764 1382 commu-

2153 1429 2314 1486 nione
2345 1437 2528 1484 nostra
2559 1427 2824 1482 mansisse
2853 1425 3124 1480 consortia
3153 1467 3168 1490 ,
3206 1439 3326 1498 qua:
3376 1439 3406 1490 a
3455 1419 3768 1498 majoribus

2155 1521 2422 1578 inoffense
2447 1521 2628 1586 ducta,
2651 1519 2954 1574 testantur?
2975 1537 2992 1570 ι
3021 1517 3154 1588 Quis
3177 1517 3258 1572 vel
3283 1517 3558 1588 patienter
3575 1513 3772 1570 audiat

2157 1613 2428 1668 Meletiqu
2461 1611 2654 1668 eodem
2681 1609 3044 1666 han'esiarchre
3083 1609 3300 1664 nomine
3337 1607 3626 1676 infamari,
3671 1605 3772 1678 qui

2161 1711 2324 1766 totius
2353 1707 2590 1766 Orientis
2615 1705 3018 1762 venerationem
3049 1703 3150 1760 sibi
3192 1701 3544 1774 conciliavit,
3583 1699 3680 1778 qui
3715 1709 3772 1758 et

457 1803 773 1858 iIIVaSemM
793 1843 808 1867 9
839 1809 894 1856 ει
919 1815 986 1856 ex
1015 1799 1094 1855 eis
1133 1801 1366 1856 maxime
1394 1797 1484 1870 qui
1520 1797 1760 1862 decimas
1793 1809 1899 1852 ηοιι
1928 1810 2052 1868 Per-
2083 1799 2136 1862 B
2162 1819 2377 1876 magnus
2405 1811 2460 1856 et
2492 1799 2696 1854 divinus
2721 1798 2790 1854 ab
2826 1795 3148 1854 ortltodoxis
3181 1795 3538 1868 scriptoribus
3577 1791 3777 1864 appel-

455 1895 752 1952 solverent.

537 2007 556 2040 ι
591 1981 681 2044 ill.
725 1985 832 2042 Eos
863 1989 1028 2046 etiam
1055 1985 1264 2042 censuit
1291 1985 1361 2042 de
1389 1981 1554 2044 domo
1589 1982 1685 2040 Dei
1719 1979 2016 2052 ejiciendos
2039 2023 2054 2046 ,

455 2081 547 2148 qui
579 2077 756 2136 fenori
789 2089 844 2136 et
873 2079 1054 2136 usuris
1095 2079 1403 2142 inserviunt
1425 2120 1440 2142 ,
1481 2075 1670 2138 dicens
1703 2075 1848 2132 inter
1879 2081 2062 2146 rapto-

465 2187 580 2228 rem
609 2183 658 2226 ot
693 2173 1002 2244 usurarium
1031 2171 1234 2226 nullam
1267 2185 1390 2224 esse
1414 2167 1750 2224 distantiam.
1951 2151 1954 2156 ’

543 2283 561 2318 ι
593 2259 682 2320 iV.
707 2261 970 2320 Similiter
985 2275 1038 2320 et
1063 2279 1158 2320 eos
1179 2261 1273 2334 qui
1293 2265 1346 2318 in
1367 2261 1616 2318 ecclesiis
1637 2269 2062 2326 commorantes,

463 2351 772 2430 vaniloquis
819 2367 874 2414 et
919 2357 1110 2414 otiosis
1171 2357 1523 2414 sermonibus
1577 2363 1816 2416 vacant:
1885 2353 2067 2410 aiebat

466 2451 648 2506 enim:
681 2449 737 2508 Si
767 2449 960 2506 domus
1001 2449 1264 2506 orationis
1309 2459 1425 2516 est,
1473 2451 1613 2506 sicut
1657 2449 1916 2506 Dominus
1955 2447 2066 2512 ait,

467 2543 603 2600 nulli
633 2545 684 2600 in
713 2559 776 2600 ea
809 2543 954 2612 licet,
987 2543 1092 2602 nisi
1122 2559 1306 2610 orare,
1349 2544 1614 2614 psallere,
1649 2553 1868 2612 peccata
1895 2535 2064 2600 conii-

471 2637 596 2704 teri,
627 2647 683 2694 et
713 2639 927 2694 veniam
953 2637 1264 2708 implorare.

549 2747 568 2780 ε
609 2727 670 2784 ν.
705 2727 812 2784 Sed
838 2737 892 2784 et
919 2729 1044 2784 illos
1069 2727 1604 2796 anatitcmatizaudos
1625 2727 1858 2796 censuit,
1881 2729 1970 2798 qui
1993 2727 2072 2782 di-

473 2823 614 2878 vinat
639 2821 776 2894 legis
801 2821 1172 2888 immemores,
1207 2823 1486 2882 maleiiciis
1517 2833 1570 2878 et
1597 2821 2076 2894 superstitionibus

475 2923 640 2986 atque
661 2913 1120 2970 incantationibus
1147 2915 1300 2978 vanis
1329 2897 1752 2976 inserviunt...”
1799 2913 1956 2978 Ideo,
1987 2915 2074 2974 in-

475 3007 610 3078 quit,
640 3003 1006 3080 prteclpimus,
1035 3017 1092 3062 ut
1112 3009 1441 3080 quicumque
1465 3007 1848 3074 divinationes,
1879 3007 1958 3062 vel
1983 3021 2078 3062 au-

477 3099 632 3170 guria
657 3143 674 3170 ,
703 3099 816 3156 sive
847 3111 1025 3156 sortes
1055 3117 1188 3170 quas
1219 3099 1554 3156 mentiuntur
1579 3117 1701 3156 esse
1729 3109 2038 3164 sanctorum
2061 3143 2076 3164 ,

477 3193 872 3258 observaverit,
902 3203 954 3248 et
981 3209 1168 3270 magos
1196 3195 1284 3250 vel
1313 3185 1680 3251 lncmtatores
1707 3195 1971 3264 audierit,
1997 3193 2077 3250 in-

481 3295 564 3340 tur
593 3285 936 3344 Christianos
967 3281 1274 3343 nullatenus
1305 3275 1632 3354 nominetur.

559 3399 578 3432 ι
617 3379 704 3435 γι.
747 3381 854 3436 Eas
883 3397 1094 3454 quoque
1123 3381 1378 3436 mulieres
1405 3379 1472 3448 ab
1501 3381 1752 3436 ccclesiis
1777 3381 1898 3450 ejici
1931 3381 2086 3442 volu-

485 3489 633 3540 mus,
675 3491 794 3544 quac
821 3475 1126 3530 daemonum
1163 3471 1506 3530 illusionibus
1533 3483 1588 3528 et
1618 3459 2086 3544 pltantasmatibus

483 3565 740 3628 seducme,
765 3565 992 3620 credunt
1015 3583 1074 3620 se
1105 3574 1370 3620 nocturno
1393 3563 1609 3620 silentio
1635 3580 1756 3618 cum
1783 3563 2086 3624 I-ierodiade

485 3667 542 3714 et
573 3661 850 3736 innumera
887 3657 1230 3716 multitudine
1262 3657 1542 3716 mulierum
1573 3661 1817 3730 equitare
1837 3701 1850 3726 ,
1893 3669 2024 3726 etc.,
2061 3679 2080 3712 ι

487 3767 679 3822 usque,
710 3771 730 3804 σ
772 3763 867 3822 per
896 3749 1056 3808 devia
1097 3769 1322 3824 qumque
1361 3749 1602 3816 deducit,
1643 3769 1662 3804 ι
1701 3759 1758 3806 ut
1785 3751 1926 3822 apud
1951 3751 2086 3806 Gra-

487 3845 690 3898 tianum
715 3843 808 3908 ‘26,
839 3855 1030 3914 quaest.
1057 3837 1124 3909 3;
1144 3859 1194 3898 c.
1223 3837 1290 3897 η
1309 3887 1324 3912 ,
1350 3853 1404 3899 et
1431 3843 1570 3914 apud
1601 3841 1960 3914 Augustinum
1989 3841 2081 3898 lib.

488 3935 556 3990 de
583 3935 792 4006 Spiritu
823 3943 878 3990 et
905 3937 1080 3990 anima
1113 3951 1164 3990 c.
1189 3933 1284 4002 28,
1319 3935 1502 4004 paucis
1529 3935 1711 3998 verbis
1739 3935 1977 3990 mutatis.

493 4043 496 4046 ·
570 4049 590 4082 ι
631 4027 739 4084 γη.
779 4027 1116 4084 Renovatum
1153 4043 1368 4100 quoque
1387 4011 1492 4084 (fuit
1519 4027 1574 4084 in
1601 4029 1793 4084 eodem
1821 4029 2087 4094 c0ncilio,

489 4121 634 4194 quod
659 4123 710 4176 in
739 4119 956 4176 Nicaano
979 4121 1150 4178 fuerat
1175 4121 1549 4188 constitutum,
1575 4121 1700 4174 utsi
1722 4121 1840 4192 quis
1871 4119 1958 4176 die
1987 4119 2092 4190 Do-

493 4217 694 4274 ntinico
718 4231 884 4288 super
911 4217 1098 4272 horam
1129 4215 1344 4272 tertiam
1369 4231 1534 4271 ausus
1555 4215 1716 4272 fuerit
1739 4231 1936 4288 canere
1967 4213 2064 4270 illis

489 4327 626 4380 savn,
657 4321 714 4368 et
741 4309 864 4368 aliis
891 4313 1082 4378 diebus
1111 4327 1142 4368 a
1185 4309 1358 4380 media
1399 4321 1588 4384 quarta
1639 4311 1770 4367 hora
1823 4327 1992 4382 usque
2037 4311 2090 4366 in

492 4405 678 4460 horam
709 4419 927 4472 nonam,
951 4391 1458 4468 anatitematizetnr.

571 4515 590 4548 ι
633 4495 763 4550 Vill.
805 4495 960 4552 Tunc
1008 4511 1222 4568 quoque
1265 4497 1550 4554 constituit
1591 4495 1652 4554 S.
1695 4487 1988 4562 Damasus,
2033 4505 2091 4570 ut

493 4589 686 4658 psalmi
715 4585 800 4645 die
833 4601 1106 4662 noctuque
1132 4599 1456 4652 canerentur
1477 4607 1572 4662 per
1594 4605 1784 4652 omnes
1809 4591 2088 4646 ecclesias.
2119 4571 2174 4634 Ῑ)

493 4679 598 4750 Qui
627 4689 684 4736 et
709 4677 812 4737 hoc
842 4677 1116 4752 praecepit,
1141 4693 1202 4738 ut
1231 4683 1284 4738 in
1319 4683 1428 4739 fine
1445 4681 1872 4754 uniuscujusque
1901 4681 2094 4756 psalmi

492 4771 942 4843 subjungereturt
961 4767 1140 4828 Gloria
1164 4773 1310 4830 Patri
1335 4787 1382 4830 et
1413 4775 1552 4831 Filio
1575 4787 1622 4830 et
1645 4773 1870 4846 Spiritui
1895 4785 2096 4830 sancto:

491 4867 624 4920 sicut
646 4875 755 4920 crat
785 4867 838 4918 in
867 4865 1144 4938 principio,
1175 4875 1222 4920 et
1253 4883 1410 4932 nunc,
1433 4877 1481 4923 et
1501 4883 1720 4938 semper,
1745 4877 1792 4922 et
1821 4865 1876 4922 in
1903 4865 2096 4922 alecula

492 4958 818 5012 saeculorum.
850 4959 1032 5012 Amen.
1071 4977 1090 5010 ι

569 5049 646 5126 Ea
679 5051 790 5128 ipsa
820 5051 1036 5122 decreta
1059 5049 1326 5120 Baroniutt
1351 5051 1420 5116 ad
1447 5065 1646 5124 annum
1665 5052 1794 5126 584,
1819 5053 1966 5120 velut
1985 5051 2095 5128 siu-

495 5159 618 5200 cera
645 5145 840 5214 probat
877 5159 941 5200 ac
982 5143 1183 5200 laudat.
1221 5143 1374 5200 Unde
1403 5155 1456 5200 et
1486 5155 1604 5201 acta
1625 5187 1640 5210 ,
1675 5159 1744 5202 es
1773 5146 1969 5216 quibus
1995 5159 2094 5200 ett-

496 5247 680 5307 cerpta
709 5247 866 5302 sunt,
907 5235 1116 5306 videtur
1143 5237 1454 5292 admittere.
1487 5235 1594 5292 Sed
1627 5253 1688 5293 ea
1713 5279 1728 5304 ,
1771 5253 1890 5310 qua:
1921 5235 1975 5292 in
2011 5237 2096 5292 bis

495 5328 636 5384 actis
661 5329 880 5384 decreta
909 5327 1000 5382 illa
1043 5327 1132 5384 vel
1175 5327 1504 5384 antecedunt
1549 5329 1638 5384 vel
1673 5329 2092 5402 sttbsequuntur,

495 5427 664 5488 immo
689 5433 748 5500 et
771 5438 894 5514 quat
921 5423 976 5490 in
1015 5423 1146 5500 ipsis
1177 5427 1530 5502 cppptiqqttu}
1571 5425 1839 5502 decretis,
1875 5439 2092 5504 omnem

495 5517 577 5571 eis
609 5515 770 5570 fidem
801 5515 1086 5586 abrogant.

563 5631 618 5686 2.
649 5629 924 5686 Fulserunt
957 5629 1166 5687 Damasi
1183 5643 1444 5704 gestorum
1469 5633 1778 5690 architectus
1800 5635 2086 5706 imperitus.

497 5721 764 5784 Heluium
805 5731 854 5778 at
899 5721 1186 5779 Paulinum
1227 5725 1594 5782 ἡωνεοιανειιαε
1629 5723 1773 5800 facit.
1809 5719 1876 5782 Et
1919 5731 1984 5782 ex
2027 5725 2092 5784 iis

499 5813 738 5886 quidem.
767 5825 888 5886 qua
913 5813 1336 5887 subsequuntur,
1367 5817 1420 5872 id
1465 5820 1516 5874 in
1561 5817 1798 5875 medium
1852 5819 2097 5892 proni-re

2161 1897 2256 1952 lari
2291 1895 2526 1960 meruit,
2571 1909 2732 1966 quem
2781 1907 2908 1948 mox
2949 1891 3098 1946 citati
3135 1889 3354 1945 concilii
3383 1889 3554 1944 italiae
3587 1899 3776 1956 patres

2161 1991 2284 2062 ﬁdei
2305 1991 2568 2046 concinere
2585 2003 2644 2044 se
2669 2001 2894 2044 censere
2917 1985 3278 2050 testiﬁcantur
3295 1983 3316 2036 ἲ
3333 1981 3410 2038 Ne
3427 1981 3625 2050 Vitalis
3645 1981 3778 2052 qui-

2161 2084 2310 2150 dem,
2345 2081 2568 2138 Valcute
2605 2083 2906 2154 imperante
2931 2121 2944 2146 ,
2991 2077 3386 2134 haeresiarcha:
3427 2075 3524 2132 sed
3555 2083 3778 2132 tantum

2163 2189 2290 2250 post
2317 2175 2662 2246 imperatoris
2693 2175 2852 2248 hujus
2875 2169 3062 2232 necem
3093 2189 3214 2230 eum
3243 2169 3568 2244 Apollinarii
3603 2169 3784 2226 Inrrc-

2165 2271 2394 2326 siarcine
2438 2269 2764 2340 discipulum
2797 2283 2920 2324 esse
2964 2265 3288 2340 patefactum
3335 2273 3440 2322 est.
3479 2263 3554 2318 Es
3597 2261 3788 2320 verbis

2167 2373 2346 2420 autem
2385 2361 2698 2434 Hieronymi
2741 2363 2792 2416 in
2841 2359 3108 2432 superiori
3149 2359 3310 2430 epist.
3347 2357 3436 2424 ii,
3473 2371 3529 2412 n.
3557 2355 3628 2410 Ξῖ
3663 2373 3684 2404 ι
3727 2353 3786 2408 In

2171 2469 2278 2512 tres
2305 2467 2486 2530 partes
2513 2453 2682 2510 scissa
2701 2453 2932 2510 ecclesia
2953 2452 3020 2508 ad
3047 2467 3108 2508 se
3137 2467 3334 2524 rapere
3365 2465 3454 2506 me
3481 2449 3784 2504 festinat...

2171 2549 2444 2620 ileletins,
2479 2547 2674 2604 Vitatis
2699 2558 2862 2620 atque
2903 2545 3158 2606 Paulinus
3199 2543 3298 2600 tibi
3345 2543 3560 2600 hmrerc
3607 2557 3672 2596 se
3711 2539 3794 2596 di-

2172 2655 2322 2710 cunt,
2347 2663 2366 2696 ι
2399 2655 2680 2716 perperam
2711 2641 3002 2698 intellectis
3033 2639 3342 2710 ltujusntodi
3373 2637 3642 2708 figmenta
3669 2643 3794 2694 nata

2175 2753 2296 2796 esse
2325 2735 2466 2790 baud
2495 2737 2788 2792 obscurum
2817 2745 2918 2790 est.
2965 2732 3174 2790 Exinde
3203 2733 3250 2796 si
3281 2731 3474 2794 eadem
3509 2741 3636 2796 acta
3673 2745 3792 2802 per-

2177 2831 2332 2902 sequi
2391 2831 2586 2898 placet,
2631 2827 2772 2884 baud
2819 2825 3032 2898 lengius
3077 2823 3538 2898 progrediendum
3569 2823 3706 2892 erit,
3741 2831 3796 2878 ut

2177 2931 2486 2980 commenta
2513 2921 2710 2978 similia
2743 2919 3242 2992 deprehendantur.
3273 2919 3330 2976 in
3363 2917 3556 2992 primis
3583 2915 3798 2988 aliquot

2179 3017 2458 3074 offendere
2487 3027 2570 3072 est
2605 3016 2904 3088 fragmenta
2945 3017 3288 3086 superiorum
3325 3014 3692 3086 epistularum.
3731 3011 3796 3068 iii

2183 3123 2238 3170 et
2267 3113 2352 3180 ll,
2387 3111 2703 3184 Hieronymi
2732 3111 2798 3168 ad
2827 3111 3114 3174 Damasum
3141 3153 3156 3182 η
3197 3111 3264 3174 iis
3291 3109 3588 3184 depravata
3631 3111 3796 3164 inter-

2187 3206 2551 3288 polationibus
2571 3247 2584 3272 ,
2619 3221 2754 3276 quas
2784 3203 2838 3260 in
2871 3205 3118 3276 genuinis
3141 3203 3552 3276 exemplaribus
3593 3201 3796 3258 frustra

2185 3299 2482 3374 qumsieris.
2505 3298 2644 3358 Tum
2673 3299 2940 3372 expositis
2965 3297 3340 3372 petitionibus,
3367 3313 3503 3370 quas
3525 3295 3800 3370 Hieron}.

2187 3409 2306 3452 mus
2339 3397 2388 3456 in
2417 3393 2662 3466 epistolis
2695 3393 2802 3450 illis
2829 3393 3094 3460 espiicuit
3115 3435 3130 3458 ,
3183 3391 3488 3464 subjicitur,
3527 3411 3548 3458 ς
3599 3391 3798 3448 Beatus

2187 3505 2316 3550 vero
2367 3487 2629 3548 Damasus
2681 3486 2762 3544 bis
2801 3487 3150 3558 petitionibus
3173 3501 3412 3562 congrue
3441 3483 3740 3552 satisfecit,
3773 3503 3792 3536 ι

2187 3581 2330 3656 quod
2361 3599 2490 3638 sane
2523 3581 2740 3650 aliunde
2765 3597 2870 3640 non
2897 3581 3170 3638 novimus.

2259 3673 2312 3732 5.
2357 3671 2548 3728 Plures
2585 3673 2700 3744 ejus
2735 3672 2926 3748 fabuler
2951 3674 3086 3728 circa
3113 3673 3436 3734 Ariminense
3477 3669 3792 3736 concilium,

2191 3765 2382 3828 Liberii
2411 3768 2678 3834 exsilium,
2707 3777 2807 3824 etc.
2842 3767 2898 3824 Si
2925 3783 3054 3826 vero
3083 3767 3152 3826 ad
3183 3784 3248 3826 ea
3271 3809 3286 3838 ,
3319 3783 3444 3840 qua:
3475 3767 3796 3822 memoratis

2193 3861 2430 3916 decretis
2463 3861 2886 3934 praemittuntur,
2919 3859 3292 3934 regrediamur
3313 3901 3328 3924 ,
3365 3873 3470 3922 nec
3499 3859 3578 3914 ibi
3619 3859 3796 3914 minus

2192 3961 2378 4024 aperte
2409 3953 2656 4024 imperita
2705 3953 3018 4024 impastoris
3065 3951 3278 4020 fallacia
3321 3967 3382 4014 se
3415 3953 3622 4026 prodit.
3665 3951 3794 4008 Nam

2195 4045 2442 4112 Lucifer,
2497 4047 2814 4104 i‘ancratius
2861 4057 2914 4104 et
2955 4047 3220 4112 Hilarius,
3251 4061 3386 4116 quos
3417 4063 3444 4098 a
3477 4045 3702 4100 Liberio
3729 4043 3792 4100 ad

2195 4139 2569 4200 Constantium
2595 4159 2738 4198 anno
2765 4141 2868 4198 554
2901 4141 3116 4208 missos,
3143 4149 3198 4198 et
3219 4156 3360 4196 anno
3375 4138 3484 4194 555
3507 4155 3538 4194 e
3561 4137 3796 4194 concilio

2197 4234 2581 4292 Mediolanensi
2615 4233 2886 4305 relegatos
2911 4249 3032 4290 esse
3063 4241 3274 4288 constat
3303 4275 3316 4300 ,
3351 4239 3478 4302 post
3503 4231 3794 4286 concilium

2194 4327 2561 4392 Ariminense,
2595 4327 2742 4400 quod
2783 4341 2926 4382 anno
2953 4325 3058 4382 559
3103 4325 3342 4382 habitum
3391 4333 3508 4386 est,
3555 4325 3624 4378 ad
3657 4323 3796 4378 hunc

2197 4423 2580 4502 imperatorem
2607 4419 2766 4494 legati
2791 4418 3084 4492 tinguntur,
3109 4429 3166 4474 ut
3187 4435 3310 4474 eum
3333 4434 3492 4488 super
3513 4419 3794 4488 nequitiam

2199 4514 2252 4574 in
2283 4513 2476 4570 eodem
2510 4513 2738 4570 concilio
2767 4511 3060 4568 admissam
3109 4519 3506 4566 commonerent.
3559 4509 3794 4574 Deinde,

2199 4607 2496 4674 secundum
2527 4605 2717 4661 eadem
2747 4614 2886 4674 acta,
2911 4602 3261 4660 Constantius
3287 4601 3566 4656 Liberiora
3599 4619 3618 4654 ε
3647 4609 3796 4656 extra

2201 4701 2508 4770 civitatem,
2547 4699 2700 4770 quasi
2733 4699 2784 4754 in
2816 4697 3068 4770 exsilium
3097 4697 3370 4766 deportari
3402 4699 3702 4768 praecepit:
3747 4705 3802 4750 et

2201 4791 2466 4852 habitavit
2493 4789 2915 4862 extra,n‘tiliarjo
2947 4789 3128 4858 tertio,
3147 4791 3200 4844 in
3227 4789 3536 4846 cmmiterio
3555 4789 3702 4862 quod
3731 4787 3800 4844 di-

2201 4885 2345 4942 citur
2369 4885 2578 4952 Nuella,
2599 4885 2682 4940 via
2707 4881 2914 4940 Salaria
2939 4903 2958 4938 ι
2988 4893 3043 4940 et
3071 4901 3090 4936 σ
3115 4882 3242 4942 dum
3271 4883 3322 4936 in
3355 4881 3610 4938 exsilium
3639 4881 3804 4938 ducar

2201 4989 2352 5037 retur
2371 4981 2658 5036 Damasum
2679 4973 2732 5034 in
2749 4979 2882 5035 urbe
2893 4977 3150 5034 vicarium
3169 4977 3478 5048 dereliquit.
3497 4977 3648 5044 »0υο
3667 4987 3804 5030 tem-

2203 5087 2337 5144 pore
2371 5091 2392 5126 ‹
2424 5081 2602 5126 actum
2629 5079 2733 5134 est,
2767 5079 2825 5126 ut
2851 5085 3042 5134 omnes
3067 5071 3330 5150 cpiscojii,
3359 5085 3498 5140 quos
3527 5057 3802 5140 imperitia

2204 5161 2300 5234 seu
2331 5169 2503 5228 metus
2525 5163 2579 5218 in
2611 5161 2938 5232 Ariminensi
2965 5165 3198 5238 concilio
3227 5163 3428 5238 fecerat
3457 5161 3702 5234 deviare,
3733 5161 3802 5220 ad

2203 5259 2362 5332 ﬁdem
2385 5257 2704 5332 catholicae!
2733 5258 2852 5330 rius
2881 5257 3134 5332 (Damasi
3151 5257 3172 5328 l
3203 5257 3546 5324 suasionibus
3585 5271 3800 5322 remea-

2203 5359 2344 5406 rent.
2377 5369 2396 5403 ι
2433 5349 2500 5404 Ει
2545 5349 2726 5420 paucis
2771 5349 3106 5420 interpositis
3153 5347 3472 5419 subjicitur,
3519 5365 3540 5400 ι
3594 5347 3800 5402 Eodem

2203 5453 2468 5512 tempore,
2495 5443 2964 5512 appmpiuquante
2993 5443 3346 5498 solemnitate
3369 5439 3656 5506 Pascitali,
3695 5455 3800 5511 qua

2201 5537 2252 5594 itt
2293 5535 2514 5592 Christo
2561 5535 2770 5591 renasci
2803 5535 3022 5606 plurimi
3053 5533 3424 5606 exoptabant,
3477 5529 3802 5590 convocavit

2201 5629 2446 5686 Liberius
2473 5643 2666 5684 omnes
2690 5629 2992 5684 catholicos
3031 5627 3384 5684 ecclesiastici
3419 5627 3622 5698 gradus
3645 5667 3660 5690 ,
3711 5641 3800 5682 se-

2199 5721 2442 5790 densque
2469 5719 2522 5776 iu
2553 5719 2860 5776 cremlterio
2904 5717 3222 5790 supradicto
3249 5715 3510 5790 (Noeliai
3541 5719 3623 5774 sic
3655 5717 3796 5788 loqui

2201 5819 2426 5872 exorsus
2453 5817 2560 5880 eat,
2589 5819 2694 5868 etc.
2729 5831 2748 5864 ι
2799 5809 2932 5882 Qua:
2969 5799 3148 5868 omnia
3181 5809 3412 5868 sintierac
3443 5815 3624 5868 rerum
3657 5807 3796 5867 reii-
