  <div class='ocr_page' id='page_1' title='image "/cluster/home/n/w/nwhite01/storage/ocr_20150623/13/hvd.32044015471295/608.png"; bbox 0 0 4048 6350; ppageno 0'>
   <div class='ocr_carea' id='block_1_1' title="bbox 246 324 395 393">
    <p class='ocr_par' dir='ltr' id='par_1_1' title="bbox 246 324 395 393">
     <span class='ocr_line' id='line_1_1' title="bbox 246 324 395 393; baseline 0 -1"><span class='ocrx_word' id='word_1_1' title='bbox 246 324 277 393; x_wconf 73' lang='grc'><strong>1</strong></span> <span class='ocrx_word' id='word_1_2' title='bbox 290 325 395 393; x_wconf 65' lang='lat'><strong>908</strong></span> 
     </span>
    </p>
   </div>
   <div class='ocr_carea' id='block_1_2' title="bbox 885 317 2910 387">
    <p class='ocr_par' dir='ltr' id='par_1_2' title="bbox 885 317 2910 387">
     <span class='ocr_line' id='line_1_2' title="bbox 885 317 2910 387; baseline 0.002 -9"><span class='ocrx_word' id='word_1_3' title='bbox 885 317 1211 382; x_wconf 80' lang='lat' dir='ltr'><strong>CENSURA</strong></span> <span class='ocrx_word' id='word_1_4' title='bbox 1251 320 1728 379; x_wconf 79' lang='lat' dir='ltr'><strong>DECRETORUM</strong></span> <span class='ocrx_word' id='word_1_5' title='bbox 1769 321 2049 379; x_wconf 73' lang='lat' dir='ltr'><strong>DAMASO</strong></span> <span class='ocrx_word' id='word_1_6' title='bbox 2086 324 2106 380; x_wconf 90' lang='grc'><strong>1</strong></span> <span class='ocrx_word' id='word_1_7' title='bbox 2148 325 2353 383; x_wconf 64' lang='grc' dir='ltr'><strong>ΡᾹΡᾸΕ</strong></span> <span class='ocrx_word' id='word_1_8' title='bbox 2395 324 2910 387; x_wconf 77' lang='lat' dir='ltr'><strong>ASCRIPTORUM.</strong></span> 
     </span>
    </p>
   </div>
   <div class='ocr_carea' id='block_1_3' title="bbox 3413 333 3555 403">
    <p class='ocr_par' dir='ltr' id='par_1_3' title="bbox 3413 333 3555 403">
     <span class='ocr_line' id='line_1_3' title="bbox 3413 333 3555 403; baseline 0.014 -14"><span class='ocrx_word' id='word_1_9' title='bbox 3413 333 3555 403; x_wconf 70' lang='grc'><strong>1206</strong></span> 
     </span>
    </p>
   </div>
   <div class='ocr_carea' id='block_1_4' title="bbox 252 437 3559 531">
    <p class='ocr_par' dir='ltr' id='par_1_4' title="bbox 252 437 3559 531">
     <span class='ocr_line' id='line_1_4' title="bbox 252 437 3559 531; baseline 0 -32"><span class='ocrx_word' id='word_1_10' title='bbox 252 446 350 511; x_wconf 73' lang='lat' dir='ltr'><strong>tati</strong></span> <span class='ocrx_word' id='word_1_11' title='bbox 383 451 638 513; x_wconf 73' lang='lat' dir='ltr'><strong>quantum</strong></span> <span class='ocrx_word' id='word_1_12' title='bbox 667 450 988 512; x_wconf 83' lang='lat' dir='ltr'><strong>repugnent,</strong></span> <span class='ocrx_word' id='word_1_13' title='bbox 1014 456 1174 495; x_wconf 83' lang='lat' dir='ltr'><strong>nemo</strong></span> <span class='ocrx_word' id='word_1_14' title='bbox 1200 454 1304 494; x_wconf 89' lang='lat' dir='ltr'><strong>non</strong></span> <span class='ocrx_word' id='word_1_15' title='bbox 1335 438 1498 499; x_wconf 82' lang='lat' dir='ltr'><strong>videt.</strong></span> <span class='ocrx_word' id='word_1_16' title='bbox 1528 437 1740 509; x_wconf 79' lang='lat' dir='ltr'><strong>Quippe</strong></span> <span class='ocrx_word' id='word_1_17' title='bbox 1760 438 1851 521; x_wconf 86' lang='lat' dir='ltr'><strong>Li-</strong></span> <span class='ocrx_word' id='word_1_18' title='bbox 1887 446 1930 499; x_wconf 75' lang='grc' dir='ltr'>Α</span> <span class='ocrx_word' id='word_1_19' title='bbox 1961 439 2113 506; x_wconf 83' lang='lat' dir='ltr'><strong>dicit,</strong></span> <span class='ocrx_word' id='word_1_20' title='bbox 2147 442 2421 525; x_wconf 64' lang='lat' dir='ltr'><strong>«praecepi</strong></span> <span class='ocrx_word' id='word_1_21' title='bbox 2452 442 2925 527; x_wconf 80' lang='lat' dir='ltr'><strong>Constantinopoli</strong></span> <span class='ocrx_word' id='word_1_22' title='bbox 2955 445 3395 531; x_wconf 62' lang='lat' dir='ltr'><strong>congreganer</strong></span> <span class='ocrx_word' id='word_1_23' title='bbox 3428 462 3559 517; x_wconf 72' lang='lat' dir='ltr'><strong>coq-</strong></span> 
     </span>
    </p>
   </div>
   <div class='ocr_carea' id='block_1_5' title="bbox 251 531 1854 603">
    <p class='ocr_par' dir='ltr' id='par_1_5' title="bbox 251 531 1854 603">
     <span class='ocr_line' id='line_1_5' title="bbox 251 531 1854 603; baseline -0.005 -9"><span class='ocrx_word' id='word_1_24' title='bbox 251 539 469 603; x_wconf 80' lang='lat' dir='ltr'><strong>berium</strong></span> <span class='ocrx_word' id='word_1_25' title='bbox 519 538 753 597; x_wconf 66' lang='lat' dir='ltr'><strong>Beroen)</strong></span> <span class='ocrx_word' id='word_1_26' title='bbox 800 536 854 591; x_wconf 87' lang='lat' dir='ltr'><strong>in</strong></span> <span class='ocrx_word' id='word_1_27' title='bbox 885 535 1158 601; x_wconf 79' lang='lat' dir='ltr'><strong>Thracia,</strong></span> <span class='ocrx_word' id='word_1_28' title='bbox 1206 534 1292 588; x_wconf 91' lang='lat' dir='ltr'><strong>ubi</strong></span> <span class='ocrx_word' id='word_1_29' title='bbox 1342 531 1485 588; x_wconf 84' lang='lat' dir='ltr'><strong>nulla</strong></span> <span class='ocrx_word' id='word_1_30' title='bbox 1532 533 1579 587; x_wconf 91' lang='lat' dir='ltr'><strong>ei</strong></span> <span class='ocrx_word' id='word_1_31' title='bbox 1625 532 1854 588; x_wconf 87' lang='lat' dir='ltr'><strong>clericos</strong></span> 
     </span>
    </p>
   </div>
   <div class='ocr_carea' id='block_1_6' title="bbox 252 626 1855 702">
    <p class='ocr_par' dir='ltr' id='par_1_6' title="bbox 252 626 1855 702">
     <span class='ocr_line' id='line_1_6' title="bbox 252 626 1855 702; baseline -0.009 -7"><span class='ocrx_word' id='word_1_32' title='bbox 252 632 590 695; x_wconf 77' lang='lat' dir='ltr'><strong>convocandi</strong></span> <span class='ocrx_word' id='word_1_33' title='bbox 625 640 866 702; x_wconf 72' lang='lat' dir='ltr'><strong>potestas</strong></span> <span class='ocrx_word' id='word_1_34' title='bbox 893 637 1030 695; x_wconf 90' lang='lat' dir='ltr'><strong>erat,</strong></span> <span class='ocrx_word' id='word_1_35' title='bbox 1060 630 1359 699; x_wconf 83' lang='lat' dir='ltr'><strong>relegatum</strong></span> <span class='ocrx_word' id='word_1_36' title='bbox 1392 628 1559 682; x_wconf 83' lang='lat' dir='ltr'><strong>fuisse</strong></span> <span class='ocrx_word' id='word_1_37' title='bbox 1586 641 1656 681; x_wconf 78' lang='lat' dir='ltr'><strong>ex</strong></span> <span class='ocrx_word' id='word_1_38' title='bbox 1683 626 1855 681; x_wconf 82' lang='lat' dir='ltr'><strong>Theo-</strong></span> 
     </span>
    </p>
   </div>
   <div class='ocr_carea' id='block_1_7' title="bbox 249 718 1855 791">
    <p class='ocr_par' dir='ltr' id='par_1_7' title="bbox 249 718 1855 791">
     <span class='ocr_line' id='line_1_7' title="bbox 249 718 1855 791; baseline -0.005 -9"><span class='ocrx_word' id='word_1_39' title='bbox 249 725 443 787; x_wconf 89' lang='lat' dir='ltr'><strong>doreto</strong></span> <span class='ocrx_word' id='word_1_40' title='bbox 462 741 525 783; x_wconf 87' lang='lat' dir='ltr'><strong>ac</strong></span> <span class='ocrx_word' id='word_1_41' title='bbox 544 726 848 785; x_wconf 79' lang='lat' dir='ltr'><strong>Sozomeno</strong></span> <span class='ocrx_word' id='word_1_42' title='bbox 869 731 1212 791; x_wconf 87' lang='lat' dir='ltr'><strong>compertum</strong></span> <span class='ocrx_word' id='word_1_43' title='bbox 1235 731 1339 777; x_wconf 89' lang='lat' dir='ltr'><strong>est.</strong></span> <span class='ocrx_word' id='word_1_44' title='bbox 1367 720 1441 775; x_wconf 91' lang='lat' dir='ltr'><strong>ibi</strong></span> <span class='ocrx_word' id='word_1_45' title='bbox 1470 718 1720 775; x_wconf 77' lang='lat' dir='ltr'><strong>Liberius</strong></span> <span class='ocrx_word' id='word_1_46' title='bbox 1743 720 1855 790; x_wconf 89' lang='lat' dir='ltr'><strong>ipse</strong></span> 
     </span>
    </p>
   </div>
   <div class='ocr_carea' id='block_1_8' title="bbox 242 812 1851 888">
    <p class='ocr_par' dir='ltr' id='par_1_8' title="bbox 242 812 1851 888">
     <span class='ocr_line' id='line_1_8' title="bbox 242 812 1851 888; baseline -0.006 -15"><span class='ocrx_word' id='word_1_47' title='bbox 242 819 359 888; x_wconf 76' lang='lat' dir='ltr'><strong>iam</strong></span> <span class='ocrx_word' id='word_1_48' title='bbox 395 819 599 875; x_wconf 83' lang='lat' dir='ltr'><strong>fractus</strong></span> <span class='ocrx_word' id='word_1_49' title='bbox 624 860 639 884; x_wconf 92' lang='lat'><strong>,</strong></span> <span class='ocrx_word' id='word_1_50' title='bbox 671 826 725 874; x_wconf 91' lang='lat' dir='ltr'><strong>et</strong></span> <span class='ocrx_word' id='word_1_51' title='bbox 753 817 819 873; x_wconf 87' lang='lat' dir='ltr'><strong>ad</strong></span> <span class='ocrx_word' id='word_1_52' title='bbox 852 815 1179 871; x_wconf 74' lang='lat' dir='ltr'><strong>Arianorum</strong></span> <span class='ocrx_word' id='word_1_53' title='bbox 1221 813 1550 868; x_wconf 81' lang='lat' dir='ltr'><strong>voluntatem</strong></span> <span class='ocrx_word' id='word_1_54' title='bbox 1588 812 1851 878; x_wconf 80' lang='lat' dir='ltr'><strong>inﬂexus,</strong></span> 
     </span>
    </p>
   </div>
   <div class='ocr_carea' id='block_1_9' title="bbox 250 906 1854 980">
    <p class='ocr_par' dir='ltr' id='par_1_9' title="bbox 250 906 1854 980">
     <span class='ocr_line' id='line_1_9' title="bbox 250 906 1854 980; baseline -0.007 -7"><span class='ocrx_word' id='word_1_55' title='bbox 250 910 416 975; x_wconf 71' lang='lat' dir='ltr'><strong>[idem</strong></span> <span class='ocrx_word' id='word_1_56' title='bbox 464 911 566 967; x_wconf 90' lang='lat' dir='ltr'><strong>sibi</strong></span> <span class='ocrx_word' id='word_1_57' title='bbox 610 925 640 965; x_wconf 89' lang='lat' dir='ltr'><strong>a</strong></span> <span class='ocrx_word' id='word_1_58' title='bbox 686 908 1041 980; x_wconf 84' lang='lat' dir='ltr'><strong>Demopltilo,</strong></span> <span class='ocrx_word' id='word_1_59' title='bbox 1091 909 1182 978; x_wconf 89' lang='lat' dir='ltr'><strong>qui</strong></span> <span class='ocrx_word' id='word_1_60' title='bbox 1232 906 1518 962; x_wconf 83' lang='lat' dir='ltr'><strong>Bernensis</strong></span> <span class='ocrx_word' id='word_1_61' title='bbox 1565 907 1854 975; x_wconf 90' lang='lat' dir='ltr'><strong>episcopus</strong></span> 
     </span>
    </p>
   </div>
   <div class='ocr_carea' id='block_1_10' title="bbox 249 998 1849 1073">
    <p class='ocr_par' dir='ltr' id='par_1_10' title="bbox 249 998 1849 1073">
     <span class='ocr_line' id='line_1_10' title="bbox 249 998 1849 1073; baseline -0.006 -12"><span class='ocrx_word' id='word_1_62' title='bbox 249 1012 395 1071; x_wconf 83' lang='lat' dir='ltr'><strong>erat,</strong></span> <span class='ocrx_word' id='word_1_63' title='bbox 424 1004 727 1073; x_wconf 75' lang='lat' dir='ltr'><strong>expositam</strong></span> <span class='ocrx_word' id='word_1_64' title='bbox 760 1003 1069 1073; x_wconf 64' lang='lat' dir='ltr'><strong>suscepisse</strong></span> <span class='ocrx_word' id='word_1_65' title='bbox 1096 1017 1156 1057; x_wconf 83' lang='lat' dir='ltr'><strong>se</strong></span> <span class='ocrx_word' id='word_1_66' title='bbox 1184 1011 1411 1056; x_wconf 81' lang='lat' dir='ltr'><strong>testatur</strong></span> <span class='ocrx_word' id='word_1_67' title='bbox 1460 998 1666 1069; x_wconf 80' lang='lat' dir='ltr'><strong>(Liber.</strong></span> <span class='ocrx_word' id='word_1_68' title='bbox 1700 999 1849 1069; x_wconf 84' lang='lat' dir='ltr'><strong>epist.</strong></span> 
     </span>
    </p>
   </div>
   <div class='ocr_carea' id='block_1_11' title="bbox 250 1088 1851 1167">
    <p class='ocr_par' dir='ltr' id='par_1_11' title="bbox 250 1088 1851 1167">
     <span class='ocr_line' id='line_1_11' title="bbox 250 1088 1851 1167; baseline -0.006 -15"><span class='ocrx_word' id='word_1_69' title='bbox 250 1096 304 1164; x_wconf 80' lang='lat'><strong>8,</strong></span> <span class='ocrx_word' id='word_1_70' title='bbox 335 1114 387 1151; x_wconf 78' lang='grc' dir='ltr'>ιι.</span> <span class='ocrx_word' id='word_1_71' title='bbox 414 1097 489 1166; x_wconf 82' lang='grc'><strong>6).</strong></span> <span class='ocrx_word' id='word_1_72' title='bbox 515 1096 703 1167; x_wconf 85' lang='lat' dir='ltr'><strong>Neque</strong></span> <span class='ocrx_word' id='word_1_73' title='bbox 720 1096 897 1153; x_wconf 73' lang='lat' dir='ltr'><strong>minus</strong></span> <span class='ocrx_word' id='word_1_74' title='bbox 917 1106 1125 1150; x_wconf 85' lang='lat' dir='ltr'><strong>certum</strong></span> <span class='ocrx_word' id='word_1_75' title='bbox 1149 1101 1251 1156; x_wconf 85' lang='lat' dir='ltr'><strong>est,</strong></span> <span class='ocrx_word' id='word_1_76' title='bbox 1278 1091 1552 1153; x_wconf 85' lang='lat' dir='ltr'><strong>Liberium</strong></span> <span class='ocrx_word' id='word_1_77' title='bbox 1577 1098 1703 1151; x_wconf 86' lang='lat' dir='ltr'><strong>ante</strong></span> <span class='ocrx_word' id='word_1_78' title='bbox 1726 1088 1851 1144; x_wconf 86' lang='lat' dir='ltr'><strong>Ari-</strong></span> 
     </span>
    </p>
   </div>
   <div class='ocr_carea' id='block_1_12' title="bbox 250 1182 1853 1255">
    <p class='ocr_par' dir='ltr' id='par_1_12' title="bbox 250 1182 1853 1255">
     <span class='ocr_line' id='line_1_12' title="bbox 250 1182 1853 1255; baseline -0.007 -4"><span class='ocrx_word' id='word_1_79' title='bbox 250 1191 499 1255; x_wconf 83' lang='lat' dir='ltr'><strong>tninense</strong></span> <span class='ocrx_word' id='word_1_80' title='bbox 519 1192 811 1249; x_wconf 85' lang='lat' dir='ltr'><strong>concilium</strong></span> <span class='ocrx_word' id='word_1_81' title='bbox 837 1190 1092 1244; x_wconf 64' lang='lat' dir='ltr'><strong>Romana:</strong></span> <span class='ocrx_word' id='word_1_82' title='bbox 1119 1187 1371 1242; x_wconf 62' lang='lat' dir='ltr'><strong>Ecclesia;</strong></span> <span class='ocrx_word' id='word_1_83' title='bbox 1395 1200 1500 1240; x_wconf 91' lang='lat' dir='ltr'><strong>non</strong></span> <span class='ocrx_word' id='word_1_84' title='bbox 1524 1182 1683 1238; x_wconf 85' lang='lat' dir='ltr'><strong>modo</strong></span> <span class='ocrx_word' id='word_1_85' title='bbox 1697 1199 1853 1255; x_wconf 90' lang='lat' dir='ltr'><strong>erep-</strong></span> 
     </span>
    </p>
   </div>
   <div class='ocr_carea' id='block_1_13' title="bbox 248 1272 1848 1352">
    <p class='ocr_par' dir='ltr' id='par_1_13' title="bbox 248 1272 1848 1352">
     <span class='ocr_line' id='line_1_13' title="bbox 248 1272 1848 1352; baseline -0.008 -9"><span class='ocrx_word' id='word_1_86' title='bbox 248 1294 399 1352; x_wconf 80' lang='lat' dir='ltr'><strong>tum,</strong></span> <span class='ocrx_word' id='word_1_87' title='bbox 442 1284 536 1341; x_wconf 86' lang='lat' dir='ltr'><strong>sed</strong></span> <span class='ocrx_word' id='word_1_88' title='bbox 578 1293 634 1339; x_wconf 92' lang='lat' dir='ltr'><strong>et</strong></span> <span class='ocrx_word' id='word_1_89' title='bbox 686 1284 953 1339; x_wconf 82' lang='lat' dir='ltr'><strong>redditum</strong></span> <span class='ocrx_word' id='word_1_90' title='bbox 986 1283 1168 1337; x_wconf 87' lang='lat' dir='ltr'><strong>fuisse.</strong></span> <span class='ocrx_word' id='word_1_91' title='bbox 1207 1279 1359 1335; x_wconf 87' lang='lat' dir='ltr'><strong>Unde</strong></span> <span class='ocrx_word' id='word_1_92' title='bbox 1393 1277 1625 1332; x_wconf 89' lang='lat' dir='ltr'><strong>llilarius</strong></span> <span class='ocrx_word' id='word_1_93' title='bbox 1661 1272 1848 1330; x_wconf 82' lang='lat' dir='ltr'><strong>contra</strong></span> 
     </span>
    </p>
   </div>
   <div class='ocr_carea' id='block_1_14' title="bbox 248 1370 1855 1445">
    <p class='ocr_par' dir='ltr' id='par_1_14' title="bbox 248 1370 1855 1445">
     <span class='ocr_line' id='line_1_14' title="bbox 248 1370 1855 1445; baseline -0.004 -14"><span class='ocrx_word' id='word_1_94' title='bbox 248 1375 621 1441; x_wconf 64' lang='lat' dir='ltr'><strong>Constantium</strong></span> <span class='ocrx_word' id='word_1_95' title='bbox 649 1376 892 1445; x_wconf 78' lang='lat' dir='ltr'><strong>proxime</strong></span> <span class='ocrx_word' id='word_1_96' title='bbox 919 1385 1037 1444; x_wconf 89' lang='lat' dir='ltr'><strong>post</strong></span> <span class='ocrx_word' id='word_1_97' title='bbox 1062 1372 1376 1445; x_wconf 55' lang='lat' dir='ltr'><strong>praedictum</strong></span> <span class='ocrx_word' id='word_1_98' title='bbox 1397 1370 1684 1426; x_wconf 82' lang='lat' dir='ltr'><strong>concilium</strong></span> <span class='ocrx_word' id='word_1_99' title='bbox 1714 1370 1855 1425; x_wconf 86' lang='lat' dir='ltr'><strong>scri-</strong></span> 
     </span>
    </p>
   </div>
   <div class='ocr_carea' id='block_1_15' title="bbox 248 1465 1852 1540">
    <p class='ocr_par' dir='ltr' id='par_1_15' title="bbox 248 1465 1852 1540">
     <span class='ocr_line' id='line_1_15' title="bbox 248 1465 1852 1540; baseline -0.005 -13"><span class='ocrx_word' id='word_1_100' title='bbox 248 1471 385 1527; x_wconf 85' lang='lat' dir='ltr'><strong>bens</strong></span> <span class='ocrx_word' id='word_1_101' title='bbox 418 1488 473 1531; x_wconf 87' lang='grc' dir='ltr'>ιι.</span> <span class='ocrx_word' id='word_1_102' title='bbox 506 1472 598 1535; x_wconf 90' lang='grc'>11,</span> <span class='ocrx_word' id='word_1_103' title='bbox 634 1472 776 1529; x_wconf 88' lang='lat' dir='ltr'><strong>ltunc</strong></span> <span class='ocrx_word' id='word_1_104' title='bbox 803 1470 1185 1540; x_wconf 75' lang='lat' dir='ltr'><strong>imperatorem</strong></span> <span class='ocrx_word' id='word_1_105' title='bbox 1214 1467 1294 1522; x_wconf 91' lang='lat' dir='ltr'><strong>sic</strong></span> <span class='ocrx_word' id='word_1_106' title='bbox 1321 1466 1639 1535; x_wconf 68' lang='lat' dir='ltr'><strong>alloquitur:</strong></span> <span class='ocrx_word' id='word_1_107' title='bbox 1677 1484 1695 1517; x_wconf 74' lang='grc' dir='ltr'><strong>ι</strong></span> <span class='ocrx_word' id='word_1_108' title='bbox 1716 1465 1852 1522; x_wconf 85' lang='lat' dir='ltr'><strong>Ver-</strong></span> 
     </span>
    </p>
   </div>
   <div class='ocr_carea' id='block_1_16' title="bbox 248 1558 1848 1635">
    <p class='ocr_par' dir='ltr' id='par_1_16' title="bbox 248 1558 1848 1635">
     <span class='ocr_line' id='line_1_16' title="bbox 248 1558 1848 1635; baseline -0.006 -14"><span class='ocrx_word' id='word_1_109' title='bbox 248 1566 359 1623; x_wconf 53' lang='lat' dir='ltr'><strong>tisti</strong></span> <span class='ocrx_word' id='word_1_110' title='bbox 386 1565 582 1623; x_wconf 88' lang='lat' dir='ltr'><strong>deinde</strong></span> <span class='ocrx_word' id='word_1_111' title='bbox 613 1581 788 1635; x_wconf 55' lang='lat' dir='ltr'><strong>usque</strong></span> <span class='ocrx_word' id='word_1_112' title='bbox 809 1564 875 1619; x_wconf 92' lang='lat' dir='ltr'><strong>ad</strong></span> <span class='ocrx_word' id='word_1_113' title='bbox 906 1563 1130 1617; x_wconf 59' lang='lat' dir='ltr'><strong>Rtsmam</strong></span> <span class='ocrx_word' id='word_1_114' title='bbox 1161 1560 1360 1616; x_wconf 89' lang='lat' dir='ltr'><strong>bellum</strong></span> <span class='ocrx_word' id='word_1_115' title='bbox 1391 1571 1572 1614; x_wconf 89' lang='lat' dir='ltr'><strong>tuum:</strong></span> <span class='ocrx_word' id='word_1_116' title='bbox 1602 1558 1848 1629; x_wconf 89' lang='lat' dir='ltr'><strong>eripuisti</strong></span> 
     </span>
    </p>
   </div>
   <div class='ocr_carea' id='block_1_17' title="bbox 246 1653 1847 1733">
    <p class='ocr_par' dir='ltr' id='par_1_17' title="bbox 246 1653 1847 1733">
     <span class='ocr_line' id='line_1_17' title="bbox 246 1653 1847 1733; baseline -0.008 -13"><span class='ocrx_word' id='word_1_117' title='bbox 246 1659 399 1723; x_wconf 83' lang='lat' dir='ltr'><strong>illinc</strong></span> <span class='ocrx_word' id='word_1_118' title='bbox 429 1660 744 1733; x_wconf 76' lang='lat' dir='ltr'><strong>episcopum</strong></span> <span class='ocrx_word' id='word_1_119' title='bbox 766 1678 778 1713; x_wconf 94' lang='lat'>:</span> <span class='ocrx_word' id='word_1_120' title='bbox 799 1668 873 1725; x_wconf 89' lang='lat' dir='ltr'><strong>et,</strong></span> <span class='ocrx_word' id='word_1_121' title='bbox 901 1674 931 1711; x_wconf 92' lang='grc' dir='ltr'>ο</span> <span class='ocrx_word' id='word_1_122' title='bbox 962 1666 1013 1712; x_wconf 86' lang='grc' dir='ltr'><strong>ιε</strong></span> <span class='ocrx_word' id='word_1_123' title='bbox 1036 1656 1317 1720; x_wconf 84' lang='lat' dir='ltr'><strong>miserum,</strong></span> <span class='ocrx_word' id='word_1_124' title='bbox 1346 1653 1435 1724; x_wconf 87' lang='lat' dir='ltr'><strong>qui</strong></span> <span class='ocrx_word' id='word_1_125' title='bbox 1459 1653 1640 1708; x_wconf 88' lang='lat' dir='ltr'><strong>nescio</strong></span> <span class='ocrx_word' id='word_1_126' title='bbox 1668 1661 1847 1707; x_wconf 88' lang='lat' dir='ltr'><strong>utrum</strong></span> 
     </span>
    </p>
   </div>
   <div class='ocr_carea' id='block_1_18' title="bbox 244 1745 1846 1822">
    <p class='ocr_par' dir='ltr' id='par_1_18' title="bbox 244 1745 1846 1822">
     <span class='ocr_line' id='line_1_18' title="bbox 244 1745 1846 1822; baseline -0.004 -15"><span class='ocrx_word' id='word_1_127' title='bbox 244 1752 454 1822; x_wconf 84' lang='lat' dir='ltr'><strong>majore</strong></span> <span class='ocrx_word' id='word_1_128' title='bbox 476 1752 752 1822; x_wconf 87' lang='lat' dir='ltr'><strong>impietate</strong></span> <span class='ocrx_word' id='word_1_129' title='bbox 777 1749 1121 1819; x_wconf 84' lang='lat' dir='ltr'><strong>relegaveris,</strong></span> <span class='ocrx_word' id='word_1_130' title='bbox 1147 1762 1305 1818; x_wconf 87' lang='lat' dir='ltr'><strong>quam</strong></span> <span class='ocrx_word' id='word_1_131' title='bbox 1328 1745 1625 1802; x_wconf 87' lang='lat' dir='ltr'><strong>remiseris.</strong></span> <span class='ocrx_word' id='word_1_132' title='bbox 1655 1763 1674 1797; x_wconf 79' lang='grc' dir='ltr'><strong>ι</strong></span> <span class='ocrx_word' id='word_1_133' title='bbox 1702 1745 1846 1800; x_wconf 77' lang='lat' dir='ltr'><strong>Mers</strong></span> 
     </span>
    </p>
   </div>
   <div class='ocr_carea' id='block_1_19' title="bbox 1956 535 3559 615">
    <p class='ocr_par' dir='ltr' id='par_1_19' title="bbox 1956 535 3559 615">
     <span class='ocr_line' id='line_1_19' title="bbox 1956 535 3559 615; baseline 0.005 -25"><span class='ocrx_word' id='word_1_134' title='bbox 1956 535 2160 590; x_wconf 92' lang='lat' dir='ltr'><strong>cilium.</strong></span> <span class='ocrx_word' id='word_1_135' title='bbox 2195 554 2212 587; x_wconf 78' lang='grc' dir='ltr'><strong>ι</strong></span> <span class='ocrx_word' id='word_1_136' title='bbox 2241 536 2323 591; x_wconf 78' lang='lat' dir='ltr'><strong>Ex</strong></span> <span class='ocrx_word' id='word_1_137' title='bbox 2354 554 2462 606; x_wconf 83' lang='lat' dir='ltr'><strong>quo</strong></span> <span class='ocrx_word' id='word_1_138' title='bbox 2491 538 2808 593; x_wconf 90' lang='lat' dir='ltr'><strong>confutatur</strong></span> <span class='ocrx_word' id='word_1_139' title='bbox 2838 550 2891 609; x_wconf 81' lang='lat' dir='ltr'><strong>et</strong></span> <span class='ocrx_word' id='word_1_140' title='bbox 2924 541 3088 602; x_wconf 81' lang='lat' dir='ltr'><strong>isnnl,</strong></span> <span class='ocrx_word' id='word_1_141' title='bbox 3122 556 3231 611; x_wconf 83' lang='lat' dir='ltr'><strong>quo</strong></span> <span class='ocrx_word' id='word_1_142' title='bbox 3259 551 3447 615; x_wconf 74' lang='lat' dir='ltr'><strong>sancta</strong></span> <span class='ocrx_word' id='word_1_143' title='bbox 3471 559 3559 607; x_wconf 80' lang='lat' dir='ltr'><strong>se—</strong></span> 
     </span>
    </p>
   </div>
   <div class='ocr_carea' id='block_1_20' title="bbox 1956 629 3557 711">
    <p class='ocr_par' dir='ltr' id='par_1_20' title="bbox 1956 629 3557 711">
     <span class='ocr_line' id='line_1_20' title="bbox 1956 629 3557 711; baseline 0.006 -28"><span class='ocrx_word' id='word_1_144' title='bbox 1956 629 2129 683; x_wconf 88' lang='lat' dir='ltr'><strong>cunda</strong></span> <span class='ocrx_word' id='word_1_145' title='bbox 2175 630 2413 701; x_wconf 82' lang='lat' dir='ltr'><strong>synodus</strong></span> <span class='ocrx_word' id='word_1_146' title='bbox 2460 640 2736 702; x_wconf 69' lang='lat' dir='ltr'><strong>praecepto</strong></span> <span class='ocrx_word' id='word_1_147' title='bbox 2781 642 2835 689; x_wconf 88' lang='lat' dir='ltr'><strong>et</strong></span> <span class='ocrx_word' id='word_1_148' title='bbox 2887 634 3222 701; x_wconf 77' lang='lat' dir='ltr'><strong>auctoritate</strong></span> <span class='ocrx_word' id='word_1_149' title='bbox 3258 636 3376 711; x_wconf 79' lang='lat' dir='ltr'><strong>ejus</strong></span> <span class='ocrx_word' id='word_1_150' title='bbox 3413 639 3557 709; x_wconf 87' lang='lat' dir='ltr'><strong>apud</strong></span> 
     </span>
    </p>
   </div>
   <div class='ocr_carea' id='block_1_21' title="bbox 1955 714 3554 793">
    <p class='ocr_par' dir='ltr' id='par_1_21' title="bbox 1955 714 3554 793">
     <span class='ocr_line' id='line_1_21' title="bbox 1955 714 3554 793; baseline 0.004 -18"><span class='ocrx_word' id='word_1_151' title='bbox 1955 722 2479 792; x_wconf 80' lang='lat' dir='ltr'><strong>ConStantinopolim</strong></span> <span class='ocrx_word' id='word_1_152' title='bbox 2511 725 2787 778; x_wconf 81' lang='lat' dir='ltr'><strong>celebrata</strong></span> <span class='ocrx_word' id='word_1_153' title='bbox 2822 744 2841 777; x_wconf 72' lang='grc' dir='ltr'><strong>ι</strong></span> <span class='ocrx_word' id='word_1_154' title='bbox 2876 726 3220 793; x_wconf 74' lang='lat' dir='ltr'><strong>obtenditur,</strong></span> <span class='ocrx_word' id='word_1_155' title='bbox 3253 714 3554 787; x_wconf 82' lang='lat' dir='ltr'><strong>conﬁrma-</strong></span> 
     </span>
    </p>
   </div>
   <div class='ocr_carea' id='block_1_22' title="bbox 1957 817 3559 893">
    <p class='ocr_par' dir='ltr' id='par_1_22' title="bbox 1957 817 3559 893">
     <span class='ocr_line' id='line_1_22' title="bbox 1957 817 3559 893; baseline 0.007 -25"><span class='ocrx_word' id='word_1_156' title='bbox 1957 826 2150 893; x_wconf 85' lang='lat' dir='ltr'><strong>utrque</strong></span> <span class='ocrx_word' id='word_1_157' title='bbox 2178 817 2443 870; x_wconf 86' lang='lat' dir='ltr'><strong>sententia</strong></span> <span class='ocrx_word' id='word_1_158' title='bbox 2471 817 2595 870; x_wconf 87' lang='lat' dir='ltr'><strong>Ant.</strong></span> <span class='ocrx_word' id='word_1_159' title='bbox 2619 817 2765 887; x_wconf 82' lang='lat' dir='ltr'><strong>Pagii</strong></span> <span class='ocrx_word' id='word_1_160' title='bbox 2790 817 2856 872; x_wconf 86' lang='lat' dir='ltr'><strong>ad</strong></span> <span class='ocrx_word' id='word_1_161' title='bbox 2880 834 3081 875; x_wconf 86' lang='lat' dir='ltr'><strong>annum</strong></span> <span class='ocrx_word' id='word_1_162' title='bbox 3104 820 3227 885; x_wconf 78' lang='grc'>581,</span> <span class='ocrx_word' id='word_1_163' title='bbox 3256 838 3311 877; x_wconf 90' lang='grc' dir='ltr'>ιι.</span> <span class='ocrx_word' id='word_1_164' title='bbox 3346 823 3395 891; x_wconf 91' lang='lat'><strong>7,</strong></span> <span class='ocrx_word' id='word_1_165' title='bbox 3423 822 3559 887; x_wconf 84' lang='lat' dir='ltr'><strong>alio-</strong></span> 
     </span>
    </p>
   </div>
   <div class='ocr_carea' id='block_1_23' title="bbox 1954 908 3557 982">
    <p class='ocr_par' dir='ltr' id='par_1_23' title="bbox 1954 908 3557 982">
     <span class='ocr_line' id='line_1_23' title="bbox 1954 908 3557 982; baseline 0.007 -20"><span class='ocrx_word' id='word_1_166' title='bbox 1954 924 2204 979; x_wconf 81' lang='lat' dir='ltr'><strong>rumque,</strong></span> <span class='ocrx_word' id='word_1_167' title='bbox 2235 908 2322 978; x_wconf 88' lang='lat' dir='ltr'><strong>qui</strong></span> <span class='ocrx_word' id='word_1_168' title='bbox 2357 908 2495 965; x_wconf 85' lang='lat' dir='ltr'><strong>hanc</strong></span> <span class='ocrx_word' id='word_1_169' title='bbox 2525 911 2791 982; x_wconf 85' lang='lat' dir='ltr'><strong>synodum</strong></span> <span class='ocrx_word' id='word_1_170' title='bbox 2825 927 2853 965; x_wconf 87' lang='lat' dir='ltr'><strong>a</strong></span> <span class='ocrx_word' id='word_1_171' title='bbox 2887 911 3124 981; x_wconf 77' lang='lat' dir='ltr'><strong>Datnaso</strong></span> <span class='ocrx_word' id='word_1_172' title='bbox 3159 913 3418 970; x_wconf 82' lang='lat' dir='ltr'><strong>indiciam</strong></span> <span class='ocrx_word' id='word_1_173' title='bbox 3460 930 3557 975; x_wconf 84' lang='lat' dir='ltr'><strong>ne-</strong></span> 
     </span>
    </p>
   </div>
   <div class='ocr_carea' id='block_1_24' title="bbox 1953 1009 2521 1070">
    <p class='ocr_par' dir='ltr' id='par_1_24' title="bbox 1953 1009 2521 1070">
     <span class='ocr_line' id='line_1_24' title="bbox 1953 1009 2521 1070; baseline 0.005 -19"><span class='ocrx_word' id='word_1_174' title='bbox 1953 1009 2105 1070; x_wconf 78' lang='lat' dir='ltr'><strong>gant.</strong></span> <span class='ocrx_word' id='word_1_175' title='bbox 2516 1066 2521 1069; x_wconf 8' lang='grc' dir='ltr'>ἱ</span> 
     </span>
    </p>
   </div>
   <div class='ocr_carea' id='block_1_25' title="bbox 2027 1089 3552 1167">
    <p class='ocr_par' dir='ltr' id='par_1_25' title="bbox 2027 1089 3552 1167">
     <span class='ocr_line' id='line_1_25' title="bbox 2027 1089 3552 1167; baseline 0.007 -24"><span class='ocrx_word' id='word_1_176' title='bbox 2027 1092 2078 1144; x_wconf 92' lang='grc'><strong>7.</strong></span> <span class='ocrx_word' id='word_1_177' title='bbox 2101 1089 2316 1146; x_wconf 82' lang='lat' dir='ltr'><strong>Decreta</strong></span> <span class='ocrx_word' id='word_1_178' title='bbox 2334 1092 2573 1164; x_wconf 81' lang='lat' dir='ltr'><strong>pleraque</strong></span> <span class='ocrx_word' id='word_1_179' title='bbox 2589 1093 2909 1167; x_wconf 81' lang='lat' dir='ltr'><strong>disciplinam</strong></span> <span class='ocrx_word' id='word_1_180' title='bbox 2929 1097 3133 1166; x_wconf 78' lang='lat' dir='ltr'><strong>sapiunt</strong></span> <span class='ocrx_word' id='word_1_181' title='bbox 3164 1114 3186 1147; x_wconf 69' lang='grc' dir='ltr'>ι’</span> <span class='ocrx_word' id='word_1_182' title='bbox 3215 1114 3275 1152; x_wconf 89' lang='lat' dir='ltr'><strong>ac</strong></span> <span class='ocrx_word' id='word_1_183' title='bbox 3297 1114 3347 1152; x_wconf 68' lang='grc' dir='ltr'>γι</span> <span class='ocrx_word' id='word_1_184' title='bbox 3366 1100 3552 1154; x_wconf 78' lang='lat' dir='ltr'><strong>swculo</strong></span> 
     </span>
    </p>
   </div>
   <div class='ocr_carea' id='block_1_26' title="bbox 1954 1180 3556 1264">
    <p class='ocr_par' dir='ltr' id='par_1_26' title="bbox 1954 1180 3556 1264">
     <span class='ocr_line' id='line_1_26' title="bbox 1954 1180 3556 1264; baseline 0.004 -25"><span class='ocrx_word' id='word_1_185' title='bbox 1954 1185 2213 1239; x_wconf 77' lang='lat' dir='ltr'><strong>usitatam.</strong></span> <span class='ocrx_word' id='word_1_186' title='bbox 2247 1184 2455 1241; x_wconf 62' lang='lat' dir='ltr'><strong>Caetera</strong></span> <span class='ocrx_word' id='word_1_187' title='bbox 2502 1186 2725 1243; x_wconf 88' lang='lat' dir='ltr'><strong>decreta</strong></span> <span class='ocrx_word' id='word_1_188' title='bbox 2756 1204 2875 1244; x_wconf 89' lang='lat' dir='ltr'><strong>eam</strong></span> <span class='ocrx_word' id='word_1_189' title='bbox 2908 1201 2966 1245; x_wconf 91' lang='lat' dir='ltr'><strong>nt</strong></span> <span class='ocrx_word' id='word_1_190' title='bbox 3000 1180 3289 1261; x_wconf 86' lang='lat' dir='ltr'><strong>plurimum</strong></span> <span class='ocrx_word' id='word_1_191' title='bbox 3335 1194 3556 1264; x_wconf 86' lang='lat' dir='ltr'><strong>sapiunt</strong></span> 
     </span>
    </p>
   </div>
   <div class='ocr_carea' id='block_1_27' title="bbox 1952 1278 3554 1354">
    <p class='ocr_par' dir='ltr' id='par_1_27' title="bbox 1952 1278 3554 1354">
     <span class='ocr_line' id='line_1_27' title="bbox 1952 1278 3554 1354; baseline 0.003 -22"><span class='ocrx_word' id='word_1_192' title='bbox 1952 1278 2291 1347; x_wconf 76' lang='lat' dir='ltr'><strong>disciplinam</strong></span> <span class='ocrx_word' id='word_1_193' title='bbox 2314 1321 2329 1347; x_wconf 93' lang='lat'><strong>,</strong></span> <span class='ocrx_word' id='word_1_194' title='bbox 2354 1296 2473 1350; x_wconf 82' lang='lat' dir='ltr'><strong>quae</strong></span> <span class='ocrx_word' id='word_1_195' title='bbox 2521 1281 2571 1335; x_wconf 91' lang='lat' dir='ltr'><strong>in</strong></span> <span class='ocrx_word' id='word_1_196' title='bbox 2598 1283 2786 1350; x_wconf 87' lang='lat' dir='ltr'><strong>quinto</strong></span> <span class='ocrx_word' id='word_1_197' title='bbox 2810 1299 2870 1336; x_wconf 90' lang='lat' dir='ltr'><strong>ac</strong></span> <span class='ocrx_word' id='word_1_198' title='bbox 2905 1284 3306 1354; x_wconf 90' lang='lat' dir='ltr'><strong>posterioribus</strong></span> <span class='ocrx_word' id='word_1_199' title='bbox 3338 1286 3554 1340; x_wconf 65' lang='lat' dir='ltr'><strong>smculis</strong></span> 
     </span>
    </p>
   </div>
   <div class='ocr_carea' id='block_1_28' title="bbox 1953 1374 3548 1449">
    <p class='ocr_par' dir='ltr' id='par_1_28' title="bbox 1953 1374 3548 1449">
     <span class='ocr_line' id='line_1_28' title="bbox 1953 1374 3548 1449; baseline 0.006 -24"><span class='ocrx_word' id='word_1_200' title='bbox 1953 1374 2142 1443; x_wconf 82' lang='lat' dir='ltr'><strong>viguit.</strong></span> <span class='ocrx_word' id='word_1_201' title='bbox 2177 1374 2283 1429; x_wconf 80' lang='lat' dir='ltr'><strong>Nec</strong></span> <span class='ocrx_word' id='word_1_202' title='bbox 2306 1375 2541 1443; x_wconf 76' lang='lat' dir='ltr'><strong>suspicio</strong></span> <span class='ocrx_word' id='word_1_203' title='bbox 2573 1374 2750 1443; x_wconf 89' lang='lat' dir='ltr'><strong>deest,</strong></span> <span class='ocrx_word' id='word_1_204' title='bbox 2776 1392 2838 1431; x_wconf 87' lang='lat' dir='ltr'><strong>ea</strong></span> <span class='ocrx_word' id='word_1_205' title='bbox 2865 1392 2928 1431; x_wconf 80' lang='lat' dir='ltr'><strong>ex</strong></span> <span class='ocrx_word' id='word_1_206' title='bbox 2953 1377 3173 1447; x_wconf 83' lang='lat' dir='ltr'><strong>scriptis</strong></span> <span class='ocrx_word' id='word_1_207' title='bbox 3194 1393 3289 1433; x_wconf 91' lang='lat' dir='ltr'><strong>seu</strong></span> <span class='ocrx_word' id='word_1_208' title='bbox 3316 1387 3548 1449; x_wconf 85' lang='lat' dir='ltr'><strong>patrum,</strong></span> 
     </span>
    </p>
   </div>
   <div class='ocr_carea' id='block_1_29' title="bbox 1953 1468 3555 1543">
    <p class='ocr_par' dir='ltr' id='par_1_29' title="bbox 1953 1468 3555 1543">
     <span class='ocr_line' id='line_1_29' title="bbox 1953 1468 3555 1543; baseline 0.007 -24"><span class='ocrx_word' id='word_1_209' title='bbox 1953 1481 2048 1521; x_wconf 90' lang='lat' dir='ltr'><strong>seu</strong></span> <span class='ocrx_word' id='word_1_210' title='bbox 2072 1469 2423 1523; x_wconf 88' lang='lat' dir='ltr'><strong>conciliorum</strong></span> <span class='ocrx_word' id='word_1_211' title='bbox 2447 1468 2851 1525; x_wconf 86' lang='lat' dir='ltr'><strong>Gallicanorum</strong></span> <span class='ocrx_word' id='word_1_212' title='bbox 2878 1472 3043 1527; x_wconf 85' lang='lat' dir='ltr'><strong>fuisse</strong></span> <span class='ocrx_word' id='word_1_213' title='bbox 3068 1488 3351 1543; x_wconf 80' lang='lat' dir='ltr'><strong>expressa.</strong></span> <span class='ocrx_word' id='word_1_214' title='bbox 3379 1475 3445 1530; x_wconf 87' lang='lat' dir='ltr'><strong>Et</strong></span> <span class='ocrx_word' id='word_1_215' title='bbox 3468 1490 3555 1530; x_wconf 86' lang='lat' dir='ltr'><strong>se-</strong></span> 
     </span>
    </p>
   </div>
   <div class='ocr_carea' id='block_1_30' title="bbox 1953 1559 3553 1637">
    <p class='ocr_par' dir='ltr' id='par_1_30' title="bbox 1953 1559 3553 1637">
     <span class='ocr_line' id='line_1_30' title="bbox 1953 1559 3553 1637; baseline 0.008 -26"><span class='ocrx_word' id='word_1_216' title='bbox 1953 1559 2187 1613; x_wconf 91' lang='lat' dir='ltr'><strong>cundum</strong></span> <span class='ocrx_word' id='word_1_217' title='bbox 2204 1561 2421 1631; x_wconf 86' lang='lat' dir='ltr'><strong>quidem</strong></span> <span class='ocrx_word' id='word_1_218' title='bbox 2438 1573 2866 1618; x_wconf 89' lang='lat' dir='ltr'><strong>consentaneum</strong></span> <span class='ocrx_word' id='word_1_219' title='bbox 2889 1575 2970 1619; x_wconf 89' lang='lat' dir='ltr'><strong>est</strong></span> <span class='ocrx_word' id='word_1_220' title='bbox 2989 1566 3317 1637; x_wconf 80' lang='lat' dir='ltr'><strong>Agatbensis</strong></span> <span class='ocrx_word' id='word_1_221' title='bbox 3335 1567 3553 1623; x_wconf 86' lang='lat' dir='ltr'><strong>concilii</strong></span> 
     </span>
    </p>
   </div>
   <div class='ocr_carea' id='block_1_31' title="bbox 1952 1652 3554 1730">
    <p class='ocr_par' dir='ltr' id='par_1_31' title="bbox 1952 1652 3554 1730">
     <span class='ocr_line' id='line_1_31' title="bbox 1952 1652 3554 1730; baseline 0.006 -24"><span class='ocrx_word' id='word_1_222' title='bbox 1952 1653 2144 1707; x_wconf 89' lang='lat' dir='ltr'><strong>canoni</strong></span> <span class='ocrx_word' id='word_1_223' title='bbox 2176 1652 2240 1719; x_wconf 76' lang='grc'><strong>4,</strong></span> <span class='ocrx_word' id='word_1_224' title='bbox 2290 1668 2398 1723; x_wconf 88' lang='lat' dir='ltr'><strong>quo</strong></span> <span class='ocrx_word' id='word_1_225' title='bbox 2428 1654 2776 1710; x_wconf 81' lang='lat' dir='ltr'><strong>constituitur</strong></span> <span class='ocrx_word' id='word_1_226' title='bbox 2809 1665 2865 1711; x_wconf 89' lang='lat' dir='ltr'><strong>ut</strong></span> <span class='ocrx_word' id='word_1_227' title='bbox 2896 1658 2982 1727; x_wconf 86' lang='lat' dir='ltr'><strong>qui</strong></span> <span class='ocrx_word' id='word_1_228' title='bbox 3021 1660 3402 1730; x_wconf 86' lang='lat' dir='ltr'><strong>possessiones</strong></span> <span class='ocrx_word' id='word_1_229' title='bbox 3448 1659 3554 1715; x_wconf 50' lang='lat' dir='ltr'><strong>Ec-</strong></span> 
     </span>
    </p>
   </div>
   <div class='ocr_carea' id='block_1_32' title="bbox 1953 1742 3555 1818">
    <p class='ocr_par' dir='ltr' id='par_1_32' title="bbox 1953 1742 3555 1818">
     <span class='ocr_line' id='line_1_32' title="bbox 1953 1742 3555 1818; baseline 0.004 -21"><span class='ocrx_word' id='word_1_230' title='bbox 1953 1742 2137 1797; x_wconf 70' lang='lat' dir='ltr'><strong>ciesire</strong></span> <span class='ocrx_word' id='word_1_231' title='bbox 2165 1743 2511 1811; x_wconf 83' lang='lat' dir='ltr'><strong>abstulerint,</strong></span> <span class='ocrx_word' id='word_1_232' title='bbox 2548 1764 2567 1798; x_wconf 84' lang='grc'><em>‹</em></span> <span class='ocrx_word' id='word_1_233' title='bbox 2596 1761 2701 1815; x_wconf 89' lang='lat' dir='ltr'><strong>quo</strong></span> <span class='ocrx_word' id='word_1_234' title='bbox 2728 1762 2898 1818; x_wconf 86' lang='lat' dir='ltr'><strong>usque</strong></span> <span class='ocrx_word' id='word_1_235' title='bbox 2926 1748 3179 1814; x_wconf 84' lang='lat' dir='ltr'><strong>reddant,</strong></span> <span class='ocrx_word' id='word_1_236' title='bbox 3208 1749 3277 1805; x_wconf 88' lang='lat' dir='ltr'><strong>ab</strong></span> <span class='ocrx_word' id='word_1_237' title='bbox 3307 1749 3555 1804; x_wconf 84' lang='lat' dir='ltr'><strong>ecclesiis</strong></span> 
     </span>
    </p>
   </div>
   <div class='ocr_carea' id='block_1_33' title="bbox 249 1836 3551 1915">
    <p class='ocr_par' dir='ltr' id='par_1_33' title="bbox 249 1836 3551 1915">
     <span class='ocr_line' id='line_1_33' title="bbox 249 1836 3551 1915; baseline -0.001 -14"><span class='ocrx_word' id='word_1_238' title='bbox 249 1846 413 1915; x_wconf 80' lang='lat' dir='ltr'><strong>igitur</strong></span> <span class='ocrx_word' id='word_1_239' title='bbox 441 1845 617 1902; x_wconf 77' lang='lat' dir='ltr'><strong>fabula</strong></span> <span class='ocrx_word' id='word_1_240' title='bbox 640 1855 718 1901; x_wconf 88' lang='lat' dir='ltr'><strong>est</strong></span> <span class='ocrx_word' id='word_1_241' title='bbox 742 1843 832 1899; x_wconf 85' lang='lat' dir='ltr'><strong>illa</strong></span> <span class='ocrx_word' id='word_1_242' title='bbox 858 1842 1095 1907; x_wconf 81' lang='lat' dir='ltr'><strong>Damasi,</strong></span> <span class='ocrx_word' id='word_1_243' title='bbox 1118 1839 1246 1903; x_wconf 85' lang='lat' dir='ltr'><strong>dum</strong></span> <span class='ocrx_word' id='word_1_244' title='bbox 1271 1837 1521 1893; x_wconf 79' lang='lat' dir='ltr'><strong>Liberius</strong></span> <span class='ocrx_word' id='word_1_245' title='bbox 1549 1837 1843 1902; x_wconf 80' lang='lat' dir='ltr'><strong>exsularet,</strong></span> <span class='ocrx_word' id='word_1_246' title='bbox 1878 1836 1923 1896; x_wconf 83' lang='grc' dir='ltr'><strong>Β</strong></span> <span class='ocrx_word' id='word_1_247' title='bbox 1954 1837 2337 1893; x_wconf 81' lang='lat' dir='ltr'><strong>excludantur.</strong></span> <span class='ocrx_word' id='word_1_248' title='bbox 2371 1858 2388 1890; x_wconf 88' lang='grc'><strong>›</strong></span> <span class='ocrx_word' id='word_1_249' title='bbox 2424 1841 2558 1895; x_wconf 84' lang='lat' dir='ltr'><strong>Cum</strong></span> <span class='ocrx_word' id='word_1_250' title='bbox 2592 1840 2782 1896; x_wconf 89' lang='lat' dir='ltr'><strong>eodem</strong></span> <span class='ocrx_word' id='word_1_251' title='bbox 2813 1842 3044 1913; x_wconf 87' lang='lat' dir='ltr'><strong>aliisque</strong></span> <span class='ocrx_word' id='word_1_252' title='bbox 3072 1844 3388 1899; x_wconf 83' lang='lat' dir='ltr'><strong>conferendi</strong></span> <span class='ocrx_word' id='word_1_253' title='bbox 3423 1854 3551 1907; x_wconf 86' lang='lat' dir='ltr'><strong>sunt</strong></span> 
     </span>
    </p>
   </div>
   <div class='ocr_carea' id='block_1_34' title="bbox 244 1929 1846 2009">
    <p class='ocr_par' dir='ltr' id='par_1_34' title="bbox 244 1929 1846 2009">
     <span class='ocr_line' id='line_1_34' title="bbox 244 1929 1846 2009; baseline -0.008 -13"><span class='ocrx_word' id='word_1_254' title='bbox 244 1938 313 2001; x_wconf 80' lang='lat' dir='ltr'><strong>ad</strong></span> <span class='ocrx_word' id='word_1_255' title='bbox 345 1954 439 1995; x_wconf 88' lang='lat' dir='ltr'><strong>eos</strong></span> <span class='ocrx_word' id='word_1_256' title='bbox 468 1939 559 2009; x_wconf 89' lang='lat' dir='ltr'><strong>qui</strong></span> <span class='ocrx_word' id='word_1_257' title='bbox 587 1936 820 1995; x_wconf 80' lang='lat' dir='ltr'><strong>Arimini</strong></span> <span class='ocrx_word' id='word_1_258' title='bbox 854 1934 987 2003; x_wconf 80' lang='lat' dir='ltr'><strong>lapsi</strong></span> <span class='ocrx_word' id='word_1_259' title='bbox 1014 1933 1226 1990; x_wconf 83' lang='lat' dir='ltr'><strong>fuerant</strong></span> <span class='ocrx_word' id='word_1_260' title='bbox 1277 1930 1610 1993; x_wconf 81' lang='lat' dir='ltr'><strong>revocandos</strong></span> <span class='ocrx_word' id='word_1_261' title='bbox 1652 1929 1846 1985; x_wconf 88' lang='lat' dir='ltr'><strong>collata</strong></span> 
     </span>
    </p>
   </div>
   <div class='ocr_carea' id='block_1_35' title="bbox 246 2022 1848 2104">
    <p class='ocr_par' dir='ltr' id='par_1_35' title="bbox 246 2022 1848 2104">
     <span class='ocr_line' id='line_1_35' title="bbox 246 2022 1848 2104; baseline -0.007 -15"><span class='ocrx_word' id='word_1_262' title='bbox 246 2047 434 2104; x_wconf 79' lang='lat' dir='ltr'><strong>opera.</strong></span> <span class='ocrx_word' id='word_1_263' title='bbox 466 2031 612 2093; x_wconf 86' lang='lat' dir='ltr'><strong>Idem</strong></span> <span class='ocrx_word' id='word_1_264' title='bbox 640 2031 709 2089; x_wconf 90' lang='lat' dir='ltr'><strong>de</strong></span> <span class='ocrx_word' id='word_1_265' title='bbox 732 2029 921 2087; x_wconf 77' lang='lat' dir='ltr'><strong>vicarii</strong></span> <span class='ocrx_word' id='word_1_266' title='bbox 968 2041 1227 2091; x_wconf 89' lang='lat' dir='ltr'><strong>munere,</strong></span> <span class='ocrx_word' id='word_1_267' title='bbox 1274 2039 1382 2095; x_wconf 93' lang='lat' dir='ltr'><strong>quo</strong></span> <span class='ocrx_word' id='word_1_268' title='bbox 1426 2023 1585 2078; x_wconf 89' lang='lat' dir='ltr'><strong>simul</strong></span> <span class='ocrx_word' id='word_1_269' title='bbox 1631 2022 1848 2077; x_wconf 78' lang='lat' dir='ltr'><strong>functus</strong></span> 
     </span>
    </p>
   </div>
   <div class='ocr_carea' id='block_1_36' title="bbox 246 2119 1639 2196">
    <p class='ocr_par' dir='ltr' id='par_1_36' title="bbox 246 2119 1639 2196">
     <span class='ocr_line' id='line_1_36' title="bbox 246 2119 1639 2196; baseline -0.009 -12"><span class='ocrx_word' id='word_1_270' title='bbox 246 2127 489 2196; x_wconf 84' lang='lat' dir='ltr'><strong>ponitur,</strong></span> <span class='ocrx_word' id='word_1_271' title='bbox 522 2141 586 2182; x_wconf 90' lang='lat' dir='ltr'><strong>ac</strong></span> <span class='ocrx_word' id='word_1_272' title='bbox 607 2127 820 2187; x_wconf 63' lang='lat' dir='ltr'><strong>(ueteris</strong></span> <span class='ocrx_word' id='word_1_273' title='bbox 849 2124 920 2181; x_wconf 85' lang='lat' dir='ltr'><strong>ibi</strong></span> <span class='ocrx_word' id='word_1_274' title='bbox 948 2122 1244 2179; x_wconf 81' lang='lat' dir='ltr'><strong>ennntiatis</strong></span> <span class='ocrx_word' id='word_1_275' title='bbox 1275 2119 1639 2174; x_wconf 85' lang='lat' dir='ltr'><strong>sentiendum.</strong></span> 
     </span>
    </p>
   </div>
   <div class='ocr_carea' id='block_1_37' title="bbox 316 2213 1847 2287">
    <p class='ocr_par' dir='ltr' id='par_1_37' title="bbox 316 2213 1847 2287">
     <span class='ocr_line' id='line_1_37' title="bbox 316 2213 1847 2287; baseline -0.005 -10"><span class='ocrx_word' id='word_1_276' title='bbox 316 2233 370 2277; x_wconf 67' lang='grc'><strong>4.</strong></span> <span class='ocrx_word' id='word_1_277' title='bbox 416 2219 481 2274; x_wconf 86' lang='grc' dir='ltr'>1η</span> <span class='ocrx_word' id='word_1_278' title='bbox 509 2220 725 2279; x_wconf 78' lang='lat' dir='ltr'><strong>decretis</strong></span> <span class='ocrx_word' id='word_1_279' title='bbox 752 2218 1020 2286; x_wconf 66' lang='lat' dir='ltr'><strong>multiplex</strong></span> <span class='ocrx_word' id='word_1_280' title='bbox 1046 2216 1167 2287; x_wconf 78' lang='lat' dir='ltr'><strong>falsi</strong></span> <span class='ocrx_word' id='word_1_281' title='bbox 1208 2215 1449 2285; x_wconf 82' lang='lat' dir='ltr'><strong>suspicio.</strong></span> <span class='ocrx_word' id='word_1_282' title='bbox 1498 2213 1686 2268; x_wconf 78' lang='lat' dir='ltr'><strong>Exstat</strong></span> <span class='ocrx_word' id='word_1_283' title='bbox 1712 2220 1766 2267; x_wconf 88' lang='lat' dir='ltr'><strong>et</strong></span> <span class='ocrx_word' id='word_1_284' title='bbox 1794 2213 1847 2269; x_wconf 88' lang='lat' dir='ltr'><strong>in</strong></span> 
     </span>
    </p>
   </div>
   <div class='ocr_carea' id='block_1_38' title="bbox 243 2304 1849 2383">
    <p class='ocr_par' dir='ltr' id='par_1_38' title="bbox 243 2304 1849 2383">
     <span class='ocr_line' id='line_1_38' title="bbox 243 2304 1849 2383; baseline -0.006 -14"><span class='ocrx_word' id='word_1_285' title='bbox 243 2313 461 2377; x_wconf 72' lang='lat' dir='ltr'><strong>caeteris</strong></span> <span class='ocrx_word' id='word_1_286' title='bbox 485 2311 676 2383; x_wconf 88' lang='lat' dir='ltr'><strong>gestis,</strong></span> <span class='ocrx_word' id='word_1_287' title='bbox 713 2326 832 2379; x_wconf 70' lang='lat' dir='ltr'><strong>qua:</strong></span> <span class='ocrx_word' id='word_1_288' title='bbox 882 2310 954 2367; x_wconf 85' lang='lat' dir='ltr'><strong>ibi</strong></span> <span class='ocrx_word' id='word_1_289' title='bbox 1001 2317 1311 2374; x_wconf 86' lang='lat' dir='ltr'><strong>narrantur,</strong></span> <span class='ocrx_word' id='word_1_290' title='bbox 1344 2305 1602 2361; x_wconf 87' lang='lat' dir='ltr'><strong>similium</strong></span> <span class='ocrx_word' id='word_1_291' title='bbox 1639 2304 1849 2376; x_wconf 77' lang='lat' dir='ltr'><strong>farrago</strong></span> 
     </span>
    </p>
   </div>
   <div class='ocr_carea' id='block_1_39' title="bbox 245 2402 1850 2474">
    <p class='ocr_par' dir='ltr' id='par_1_39' title="bbox 245 2402 1850 2474">
     <span class='ocr_line' id='line_1_39' title="bbox 245 2402 1850 2474; baseline -0.005 -12"><span class='ocrx_word' id='word_1_292' title='bbox 245 2408 594 2474; x_wconf 78' lang='lat' dir='ltr'><strong>ineptiarum.</strong></span> <span class='ocrx_word' id='word_1_293' title='bbox 626 2404 782 2463; x_wconf 80' lang='lat' dir='ltr'><strong>Unde</strong></span> <span class='ocrx_word' id='word_1_294' title='bbox 814 2404 998 2461; x_wconf 83' lang='lat' dir='ltr'><strong>mirari</strong></span> <span class='ocrx_word' id='word_1_295' title='bbox 1031 2404 1163 2459; x_wconf 85' lang='lat' dir='ltr'><strong>satis</strong></span> <span class='ocrx_word' id='word_1_296' title='bbox 1212 2402 1498 2472; x_wconf 89' lang='lat' dir='ltr'><strong>nequimus</strong></span> <span class='ocrx_word' id='word_1_297' title='bbox 1542 2416 1649 2471; x_wconf 89' lang='lat' dir='ltr'><strong>quo</strong></span> <span class='ocrx_word' id='word_1_298' title='bbox 1695 2407 1850 2471; x_wconf 89' lang='lat' dir='ltr'><strong>pacto</strong></span> 
     </span>
    </p>
   </div>
   <div class='ocr_carea' id='block_1_40' title="bbox 244 2494 1848 2569">
    <p class='ocr_par' dir='ltr' id='par_1_40' title="bbox 244 2494 1848 2569">
     <span class='ocr_line' id='line_1_40' title="bbox 244 2494 1848 2569; baseline -0.006 -12"><span class='ocrx_word' id='word_1_299' title='bbox 244 2500 438 2565; x_wconf 83' lang='lat' dir='ltr'><strong>doctus</strong></span> <span class='ocrx_word' id='word_1_300' title='bbox 467 2499 759 2563; x_wconf 78' lang='lat' dir='ltr'><strong>Annalium</strong></span> <span class='ocrx_word' id='word_1_301' title='bbox 789 2513 988 2569; x_wconf 81' lang='lat' dir='ltr'><strong>parens</strong></span> <span class='ocrx_word' id='word_1_302' title='bbox 1014 2506 1218 2553; x_wconf 85' lang='lat' dir='ltr'><strong>tantam</strong></span> <span class='ocrx_word' id='word_1_303' title='bbox 1247 2495 1558 2566; x_wconf 76' lang='lat' dir='ltr'><strong>huiusmodi</strong></span> <span class='ocrx_word' id='word_1_304' title='bbox 1586 2495 1721 2548; x_wconf 89' lang='lat' dir='ltr'><strong>actis</strong></span> <span class='ocrx_word' id='word_1_305' title='bbox 1751 2494 1848 2548; x_wconf 91' lang='lat' dir='ltr'><strong>tri-</strong></span> 
     </span>
    </p>
   </div>
   <div class='ocr_carea' id='block_1_41' title="bbox 245 2584 1849 2663">
    <p class='ocr_par' dir='ltr' id='par_1_41' title="bbox 245 2584 1849 2663">
     <span class='ocr_line' id='line_1_41' title="bbox 245 2584 1849 2663; baseline -0.005 -14"><span class='ocrx_word' id='word_1_306' title='bbox 245 2594 424 2663; x_wconf 82' lang='lat' dir='ltr'><strong>buerit</strong></span> <span class='ocrx_word' id='word_1_307' title='bbox 454 2592 854 2657; x_wconf 82' lang='lat' dir='ltr'><strong>auctoritatem,</strong></span> <span class='ocrx_word' id='word_1_308' title='bbox 886 2600 945 2649; x_wconf 87' lang='lat' dir='ltr'><strong>ut</strong></span> <span class='ocrx_word' id='word_1_309' title='bbox 972 2590 1276 2649; x_wconf 81' lang='lat' dir='ltr'><strong>Romanam</strong></span> <span class='ocrx_word' id='word_1_310' title='bbox 1318 2587 1584 2659; x_wconf 73' lang='lat' dir='ltr'><strong>synodum</strong></span> <span class='ocrx_word' id='word_1_311' title='bbox 1627 2584 1849 2641; x_wconf 85' lang='lat' dir='ltr'><strong>aliunde</strong></span> 
     </span>
    </p>
   </div>
   <div class='ocr_carea' id='block_1_42' title="bbox 247 2682 1851 2760">
    <p class='ocr_par' dir='ltr' id='par_1_42' title="bbox 247 2682 1851 2760">
     <span class='ocr_line' id='line_1_42' title="bbox 247 2682 1851 2760; baseline -0.005 -17"><span class='ocrx_word' id='word_1_312' title='bbox 247 2690 507 2760; x_wconf 79' lang='lat' dir='ltr'><strong>ignotam,</strong></span> <span class='ocrx_word' id='word_1_313' title='bbox 538 2698 593 2751; x_wconf 87' lang='lat' dir='ltr'><strong>et</strong></span> <span class='ocrx_word' id='word_1_314' title='bbox 618 2704 740 2758; x_wconf 76' lang='lat' dir='ltr'><strong>quae</strong></span> <span class='ocrx_word' id='word_1_315' title='bbox 770 2688 824 2747; x_wconf 88' lang='lat' dir='ltr'><strong>in</strong></span> <span class='ocrx_word' id='word_1_316' title='bbox 850 2701 914 2742; x_wconf 86' lang='lat' dir='ltr'><strong>ea</strong></span> <span class='ocrx_word' id='word_1_317' title='bbox 942 2686 1270 2754; x_wconf 80' lang='lat' dir='ltr'><strong>iactitantur</strong></span> <span class='ocrx_word' id='word_1_318' title='bbox 1293 2683 1461 2738; x_wconf 87' lang='lat' dir='ltr'><strong>fuisse</strong></span> <span class='ocrx_word' id='word_1_319' title='bbox 1480 2682 1721 2748; x_wconf 84' lang='lat' dir='ltr'><strong>decreta,</strong></span> <span class='ocrx_word' id='word_1_320' title='bbox 1753 2694 1851 2753; x_wconf 90' lang='lat' dir='ltr'><strong>pro</strong></span> 
     </span>
    </p>
   </div>
   <div class='ocr_carea' id='block_1_43' title="bbox 246 2775 1851 2852">
    <p class='ocr_par' dir='ltr' id='par_1_43' title="bbox 246 2775 1851 2852">
     <span class='ocr_line' id='line_1_43' title="bbox 246 2775 1851 2852; baseline -0.006 -12"><span class='ocrx_word' id='word_1_321' title='bbox 246 2782 395 2851; x_wconf 75' lang='lat' dir='ltr'><strong>veris</strong></span> <span class='ocrx_word' id='word_1_322' title='bbox 425 2781 752 2852; x_wconf 82' lang='lat' dir='ltr'><strong>susciperet,</strong></span> <span class='ocrx_word' id='word_1_323' title='bbox 787 2779 1020 2837; x_wconf 75' lang='lat' dir='ltr'><strong>maxime</strong></span> <span class='ocrx_word' id='word_1_324' title='bbox 1066 2792 1188 2833; x_wconf 90' lang='lat' dir='ltr'><strong>cum</strong></span> <span class='ocrx_word' id='word_1_325' title='bbox 1232 2791 1331 2831; x_wconf 91' lang='lat' dir='ltr'><strong>nec</strong></span> <span class='ocrx_word' id='word_1_326' title='bbox 1368 2777 1419 2835; x_wconf 89' lang='lat' dir='ltr'><strong>in</strong></span> <span class='ocrx_word' id='word_1_327' title='bbox 1452 2775 1583 2846; x_wconf 85' lang='lat' dir='ltr'><strong>ipsis</strong></span> <span class='ocrx_word' id='word_1_328' title='bbox 1610 2775 1851 2830; x_wconf 88' lang='lat' dir='ltr'><strong>decretis</strong></span> 
     </span>
    </p>
   </div>
   <div class='ocr_carea' id='block_1_44' title="bbox 248 2872 945 2939">
    <p class='ocr_par' dir='ltr' id='par_1_44' title="bbox 248 2872 945 2939">
     <span class='ocr_line' id='line_1_44' title="bbox 248 2872 945 2939; baseline -0.004 -10"><span class='ocrx_word' id='word_1_329' title='bbox 248 2874 356 2939; x_wconf 83' lang='lat' dir='ltr'><strong>ulla</strong></span> <span class='ocrx_word' id='word_1_330' title='bbox 388 2874 500 2937; x_wconf 84' lang='lat' dir='ltr'><strong>veri</strong></span> <span class='ocrx_word' id='word_1_331' title='bbox 531 2875 603 2929; x_wconf 86' lang='lat' dir='ltr'><strong>sit</strong></span> <span class='ocrx_word' id='word_1_332' title='bbox 628 2872 945 2928; x_wconf 88' lang='lat' dir='ltr'><strong>similitudo.</strong></span> 
     </span>
    </p>
   </div>
   <div class='ocr_carea' id='block_1_45' title="bbox 320 2960 1844 3037">
    <p class='ocr_par' dir='ltr' id='par_1_45' title="bbox 320 2960 1844 3037">
     <span class='ocr_line' id='line_1_45' title="bbox 320 2960 1844 3037; baseline -0.008 -14"><span class='ocrx_word' id='word_1_333' title='bbox 320 2970 375 3023; x_wconf 84' lang='lat'><strong>5.</strong></span> <span class='ocrx_word' id='word_1_334' title='bbox 417 2966 653 3027; x_wconf 79' lang='lat' dir='ltr'><strong>Donatus</strong></span> <span class='ocrx_word' id='word_1_335' title='bbox 699 2966 913 3037; x_wconf 81' lang='lat' dir='ltr'><strong>ﬁngitur</strong></span> <span class='ocrx_word' id='word_1_336' title='bbox 970 2963 1178 3018; x_wconf 71' lang='lat' dir='ltr'><strong>Arianae</strong></span> <span class='ocrx_word' id='word_1_337' title='bbox 1233 2960 1565 3033; x_wconf 67' lang='lat' dir='ltr'><strong>blasphemiae</strong></span> <span class='ocrx_word' id='word_1_338' title='bbox 1607 2967 1844 3013; x_wconf 83' lang='lat' dir='ltr'><strong>sectator.</strong></span> 
     </span>
    </p>
   </div>
   <div class='ocr_carea' id='block_1_46' title="bbox 249 3050 1850 3131">
    <p class='ocr_par' dir='ltr' id='par_1_46' title="bbox 249 3050 1850 3131">
     <span class='ocr_line' id='line_1_46' title="bbox 249 3050 1850 3131; baseline -0.008 -12"><span class='ocrx_word' id='word_1_339' title='bbox 249 3062 431 3127; x_wconf 79' lang='lat' dir='ltr'><strong>Primo</strong></span> <span class='ocrx_word' id='word_1_340' title='bbox 454 3060 673 3131; x_wconf 79' lang='lat' dir='ltr'><strong>quidem</strong></span> <span class='ocrx_word' id='word_1_341' title='bbox 699 3059 821 3130; x_wconf 87' lang='lat' dir='ltr'><strong>quis</strong></span> <span class='ocrx_word' id='word_1_342' title='bbox 844 3059 933 3114; x_wconf 90' lang='lat' dir='ltr'><strong>ille</strong></span> <span class='ocrx_word' id='word_1_343' title='bbox 959 3067 1042 3113; x_wconf 85' lang='lat' dir='ltr'><strong>est</strong></span> <span class='ocrx_word' id='word_1_344' title='bbox 1076 3056 1315 3111; x_wconf 82' lang='lat' dir='ltr'><strong>Donatus</strong></span> <span class='ocrx_word' id='word_1_345' title='bbox 1343 3052 1558 3108; x_wconf 74' lang='lat' dir='ltr'><strong>Ariona:</strong></span> <span class='ocrx_word' id='word_1_346' title='bbox 1599 3050 1850 3120; x_wconf 87' lang='lat' dir='ltr'><strong>blasphe-</strong></span> 
     </span>
    </p>
   </div>
   <div class='ocr_carea' id='block_1_47' title="bbox 252 3146 1849 3224">
    <p class='ocr_par' dir='ltr' id='par_1_47' title="bbox 252 3146 1849 3224">
     <span class='ocr_line' id='line_1_47' title="bbox 252 3146 1849 3224; baseline -0.006 -13"><span class='ocrx_word' id='word_1_347' title='bbox 252 3158 373 3221; x_wconf 72' lang='lat' dir='ltr'><strong>mia:</strong></span> <span class='ocrx_word' id='word_1_348' title='bbox 405 3163 674 3219; x_wconf 78' lang='lat' dir='ltr'><strong>sectator,</strong></span> <span class='ocrx_word' id='word_1_349' title='bbox 707 3153 798 3224; x_wconf 80' lang='lat' dir='ltr'><strong>qui</strong></span> <span class='ocrx_word' id='word_1_350' title='bbox 839 3151 1002 3221; x_wconf 76' lang='lat' dir='ltr'><strong>priori</strong></span> <span class='ocrx_word' id='word_1_351' title='bbox 1052 3151 1104 3206; x_wconf 89' lang='lat' dir='ltr'><strong>in</strong></span> <span class='ocrx_word' id='word_1_352' title='bbox 1140 3149 1361 3205; x_wconf 87' lang='lat' dir='ltr'><strong>decreto</strong></span> <span class='ocrx_word' id='word_1_353' title='bbox 1390 3163 1494 3203; x_wconf 91' lang='lat' dir='ltr'><strong>una</strong></span> <span class='ocrx_word' id='word_1_354' title='bbox 1524 3161 1644 3203; x_wconf 90' lang='lat' dir='ltr'><strong>cum</strong></span> <span class='ocrx_word' id='word_1_355' title='bbox 1675 3146 1849 3203; x_wconf 85' lang='lat' dir='ltr'><strong>Mace-</strong></span> 
     </span>
    </p>
   </div>
   <div class='ocr_carea' id='block_1_48' title="bbox 248 3224 1920 3316">
    <p class='ocr_par' dir='ltr' id='par_1_48' title="bbox 248 3224 1920 3316">
     <span class='ocr_line' id='line_1_48' title="bbox 248 3224 1920 3316; baseline -0.005 -13"><span class='ocrx_word' id='word_1_356' title='bbox 248 3250 417 3311; x_wconf 82' lang='lat' dir='ltr'><strong>donio</strong></span> <span class='ocrx_word' id='word_1_357' title='bbox 438 3290 453 3315; x_wconf 90' lang='lat'><strong>,</strong></span> <span class='ocrx_word' id='word_1_358' title='bbox 488 3248 757 3311; x_wconf 76' lang='lat' dir='ltr'><strong>Ettnontio</strong></span> <span class='ocrx_word' id='word_1_359' title='bbox 785 3255 841 3307; x_wconf 76' lang='lat' dir='ltr'><strong>et</strong></span> <span class='ocrx_word' id='word_1_360' title='bbox 869 3245 1170 3316; x_wconf 83' lang='lat' dir='ltr'><strong>Apollinari</strong></span> <span class='ocrx_word' id='word_1_361' title='bbox 1208 3243 1603 3299; x_wconf 82' lang='lat' dir='ltr'><strong>condemnatus</strong></span> <span class='ocrx_word' id='word_1_362' title='bbox 1648 3240 1848 3297; x_wconf 88' lang='lat' dir='ltr'><strong>asseri-</strong></span> <span class='ocrx_word' id='word_1_363' title='bbox 1874 3224 1920 3288; x_wconf 75' lang='grc' dir='ltr'><strong>Ο</strong></span> 
     </span>
    </p>
   </div>
   <div class='ocr_carea' id='block_1_49' title="bbox 252 3335 1846 3409">
    <p class='ocr_par' dir='ltr' id='par_1_49' title="bbox 252 3335 1846 3409">
     <span class='ocr_line' id='line_1_49' title="bbox 252 3335 1846 3409; baseline -0.008 -8"><span class='ocrx_word' id='word_1_364' title='bbox 252 3345 373 3409; x_wconf 84' lang='lat' dir='ltr'><strong>tur?</strong></span> <span class='ocrx_word' id='word_1_365' title='bbox 402 3344 690 3407; x_wconf 82' lang='lat' dir='ltr'><strong>Probabile</strong></span> <span class='ocrx_word' id='word_1_366' title='bbox 719 3352 803 3399; x_wconf 86' lang='lat' dir='ltr'><strong>est</strong></span> <span class='ocrx_word' id='word_1_367' title='bbox 841 3357 965 3397; x_wconf 83' lang='lat' dir='ltr'><strong>eum</strong></span> <span class='ocrx_word' id='word_1_368' title='bbox 995 3341 1084 3396; x_wconf 89' lang='lat' dir='ltr'><strong>bie</strong></span> <span class='ocrx_word' id='word_1_369' title='bbox 1113 3340 1289 3395; x_wconf 91' lang='lat' dir='ltr'><strong>notari</strong></span> <span class='ocrx_word' id='word_1_370' title='bbox 1316 3379 1331 3404; x_wconf 95' lang='lat'><strong>,</strong></span> <span class='ocrx_word' id='word_1_371' title='bbox 1381 3339 1470 3409; x_wconf 91' lang='lat' dir='ltr'><strong>qui</strong></span> <span class='ocrx_word' id='word_1_372' title='bbox 1526 3335 1744 3391; x_wconf 76' lang='lat' dir='ltr'><strong>nefandi</strong></span> <span class='ocrx_word' id='word_1_373' title='bbox 1794 3337 1846 3389; x_wconf 91' lang='lat' dir='ltr'><strong>in</strong></span> 
     </span>
    </p>
   </div>
   <div class='ocr_carea' id='block_1_50' title="bbox 252 3431 1849 3503">
    <p class='ocr_par' dir='ltr' id='par_1_50' title="bbox 252 3431 1849 3503">
     <span class='ocr_line' id='line_1_50' title="bbox 252 3431 1849 3503; baseline -0.006 -8"><span class='ocrx_word' id='word_1_374' title='bbox 252 3438 433 3495; x_wconf 86' lang='lat' dir='ltr'><strong>Africa</strong></span> <span class='ocrx_word' id='word_1_375' title='bbox 468 3436 779 3497; x_wconf 79' lang='lat' dir='ltr'><strong>schismatis</strong></span> <span class='ocrx_word' id='word_1_376' title='bbox 817 3444 1007 3490; x_wconf 86' lang='lat' dir='ltr'><strong>auctor</strong></span> <span class='ocrx_word' id='word_1_377' title='bbox 1037 3447 1099 3497; x_wconf 79' lang='lat' dir='ltr'><strong>ac</strong></span> <span class='ocrx_word' id='word_1_378' title='bbox 1136 3432 1387 3503; x_wconf 88' lang='lat' dir='ltr'><strong>princeps</strong></span> <span class='ocrx_word' id='word_1_379' title='bbox 1435 3431 1570 3495; x_wconf 87' lang='lat' dir='ltr'><strong>fuit;</strong></span> <span class='ocrx_word' id='word_1_380' title='bbox 1615 3445 1849 3501; x_wconf 89' lang='lat' dir='ltr'><strong>eumque</strong></span> 
     </span>
    </p>
   </div>
   <div class='ocr_carea' id='block_1_51' title="bbox 253 3525 1848 3609">
    <p class='ocr_par' dir='ltr' id='par_1_51' title="bbox 253 3525 1848 3609">
     <span class='ocr_line' id='line_1_51' title="bbox 253 3525 1848 3609; baseline -0.007 -21"><span class='ocrx_word' id='word_1_381' title='bbox 253 3534 469 3605; x_wconf 78' lang='lat' dir='ltr'><strong>Arianze</strong></span> <span class='ocrx_word' id='word_1_382' title='bbox 500 3531 853 3609; x_wconf 72' lang='lat' dir='ltr'><strong>blasphemia:</strong></span> <span class='ocrx_word' id='word_1_383' title='bbox 882 3539 1209 3585; x_wconf 78' lang='lat' dir='ltr'><strong>sectatorem</strong></span> <span class='ocrx_word' id='word_1_384' title='bbox 1234 3527 1354 3581; x_wconf 69' lang='lat' dir='ltr'><strong>ideo</strong></span> <span class='ocrx_word' id='word_1_385' title='bbox 1378 3525 1697 3596; x_wconf 85' lang='lat' dir='ltr'><strong>nuncupari,</strong></span> <span class='ocrx_word' id='word_1_386' title='bbox 1725 3526 1848 3594; x_wconf 84' lang='lat' dir='ltr'><strong>quis</strong></span> 
     </span>
    </p>
   </div>
   <div class='ocr_carea' id='block_1_52' title="bbox 255 3617 1848 3691">
    <p class='ocr_par' dir='ltr' id='par_1_52' title="bbox 255 3617 1848 3691">
     <span class='ocr_line' id='line_1_52' title="bbox 255 3617 1848 3691; baseline -0.006 -11"><span class='ocrx_word' id='word_1_387' title='bbox 255 3626 440 3691; x_wconf 81' lang='lat' dir='ltr'><strong>Ariani</strong></span> <span class='ocrx_word' id='word_1_388' title='bbox 471 3640 616 3681; x_wconf 91' lang='lat' dir='ltr'><strong>anno</strong></span> <span class='ocrx_word' id='word_1_389' title='bbox 656 3624 759 3680; x_wconf 74' lang='grc'>517</span> <span class='ocrx_word' id='word_1_390' title='bbox 792 3620 1157 3691; x_wconf 73' lang='lat' dir='ltr'><strong>Pliilippopoli</strong></span> <span class='ocrx_word' id='word_1_391' title='bbox 1203 3618 1536 3689; x_wconf 79' lang='lat' dir='ltr'><strong>congregati,</strong></span> <span class='ocrx_word' id='word_1_392' title='bbox 1566 3617 1848 3688; x_wconf 89' lang='lat' dir='ltr'><strong>epistolam</strong></span> 
     </span>
    </p>
   </div>
   <div class='ocr_carea' id='block_1_53' title="bbox 255 3710 1849 3793">
    <p class='ocr_par' dir='ltr' id='par_1_53' title="bbox 255 3710 1849 3793">
     <span class='ocr_line' id='line_1_53' title="bbox 255 3710 1849 3793; baseline -0.006 -18"><span class='ocrx_word' id='word_1_393' title='bbox 255 3719 570 3793; x_wconf 76' lang='lat' dir='ltr'><strong>synodicam</strong></span> <span class='ocrx_word' id='word_1_394' title='bbox 596 3714 933 3777; x_wconf 82' lang='lat' dir='ltr'><strong>Sardicensis</strong></span> <span class='ocrx_word' id='word_1_395' title='bbox 964 3713 1176 3771; x_wconf 73' lang='lat' dir='ltr'><strong>concilii</strong></span> <span class='ocrx_word' id='word_1_396' title='bbox 1208 3713 1425 3766; x_wconf 86' lang='lat' dir='ltr'><strong>nomine</strong></span> <span class='ocrx_word' id='word_1_397' title='bbox 1448 3710 1761 3780; x_wconf 79' lang='lat' dir='ltr'><strong>inscriptam</strong></span> <span class='ocrx_word' id='word_1_398' title='bbox 1785 3710 1849 3765; x_wconf 84' lang='lat' dir='ltr'><strong>ad</strong></span> 
     </span>
    </p>
   </div>
   <div class='ocr_carea' id='block_1_54' title="bbox 258 3805 1852 3885">
    <p class='ocr_par' dir='ltr' id='par_1_54' title="bbox 258 3805 1852 3885">
     <span class='ocr_line' id='line_1_54' title="bbox 258 3805 1852 3885; baseline -0.009 -16"><span class='ocrx_word' id='word_1_399' title='bbox 258 3816 429 3885; x_wconf 83' lang='lat' dir='ltr'><strong>ipsum</strong></span> <span class='ocrx_word' id='word_1_400' title='bbox 454 3812 717 3877; x_wconf 82' lang='lat' dir='ltr'><strong>miserint.</strong></span> <span class='ocrx_word' id='word_1_401' title='bbox 744 3808 850 3867; x_wconf 82' lang='lat' dir='ltr'><strong>Sed</strong></span> <span class='ocrx_word' id='word_1_402' title='bbox 876 3809 966 3863; x_wconf 91' lang='lat' dir='ltr'><strong>ille</strong></span> <span class='ocrx_word' id='word_1_403' title='bbox 998 3823 1095 3862; x_wconf 89' lang='lat' dir='ltr'><strong>nec</strong></span> <span class='ocrx_word' id='word_1_404' title='bbox 1121 3806 1186 3861; x_wconf 88' lang='lat' dir='ltr'><strong>ad</strong></span> <span class='ocrx_word' id='word_1_405' title='bbox 1220 3805 1428 3859; x_wconf 87' lang='lat' dir='ltr'><strong>Damasi</strong></span> <span class='ocrx_word' id='word_1_406' title='bbox 1458 3812 1701 3873; x_wconf 88' lang='lat' dir='ltr'><strong>tempora</strong></span> <span class='ocrx_word' id='word_1_407' title='bbox 1731 3818 1852 3871; x_wconf 81' lang='lat' dir='ltr'><strong>per-</strong></span> 
     </span>
    </p>
   </div>
   <div class='ocr_carea' id='block_1_55' title="bbox 257 3898 1847 3971">
    <p class='ocr_par' dir='ltr' id='par_1_55' title="bbox 257 3898 1847 3971">
     <span class='ocr_line' id='line_1_55' title="bbox 257 3898 1847 3971; baseline -0.006 -13"><span class='ocrx_word' id='word_1_408' title='bbox 257 3908 437 3971; x_wconf 85' lang='lat' dir='ltr'><strong>venit,</strong></span> <span class='ocrx_word' id='word_1_409' title='bbox 468 3920 570 3963; x_wconf 90' lang='lat' dir='ltr'><strong>nec</strong></span> <span class='ocrx_word' id='word_1_410' title='bbox 619 3914 676 3960; x_wconf 91' lang='lat' dir='ltr'><strong>ut</strong></span> <span class='ocrx_word' id='word_1_411' title='bbox 727 3904 941 3965; x_wconf 62' lang='lat' dir='ltr'><strong>Arianae</strong></span> <span class='ocrx_word' id='word_1_412' title='bbox 987 3900 1338 3971; x_wconf 64' lang='lat' dir='ltr'><strong>blasphemiae</strong></span> <span class='ocrx_word' id='word_1_413' title='bbox 1383 3908 1618 3953; x_wconf 79' lang='lat' dir='ltr'><strong>sectator</strong></span> <span class='ocrx_word' id='word_1_414' title='bbox 1652 3898 1847 3952; x_wconf 78' lang='lat' dir='ltr'><strong>audiit.</strong></span> 
     </span>
    </p>
   </div>
   <div class='ocr_carea' id='block_1_56' title="bbox 256 3993 1855 4065">
    <p class='ocr_par' dir='ltr' id='par_1_56' title="bbox 256 3993 1855 4065">
     <span class='ocr_line' id='line_1_56' title="bbox 256 3993 1855 4065; baseline -0.005 -13"><span class='ocrx_word' id='word_1_415' title='bbox 256 3997 487 4063; x_wconf 76' lang='lat' dir='ltr'><strong>Tantum</strong></span> <span class='ocrx_word' id='word_1_416' title='bbox 518 4010 705 4059; x_wconf 83' lang='lat' dir='ltr'><strong>rumor</strong></span> <span class='ocrx_word' id='word_1_417' title='bbox 732 3994 1133 4065; x_wconf 82' lang='lat' dir='ltr'><strong>percrebttcrat,</strong></span> <span class='ocrx_word' id='word_1_418' title='bbox 1173 4010 1188 4045; x_wconf 87' lang='grc' dir='ltr'><strong>ι</strong></span> <span class='ocrx_word' id='word_1_419' title='bbox 1222 3993 1469 4059; x_wconf 85' lang='lat' dir='ltr'><strong>Arianos,</strong></span> <span class='ocrx_word' id='word_1_420' title='bbox 1500 4006 1622 4044; x_wconf 90' lang='lat' dir='ltr'><strong>cum</strong></span> <span class='ocrx_word' id='word_1_421' title='bbox 1656 4006 1681 4042; x_wconf 86' lang='grc' dir='ltr'><strong>ιι</strong></span> <span class='ocrx_word' id='word_1_422' title='bbox 1706 4004 1855 4044; x_wconf 85' lang='grc' dir='ltr'>εοιιι-</span> 
     </span>
    </p>
   </div>
   <div class='ocr_carea' id='block_1_57' title="bbox 261 4085 1851 4158">
    <p class='ocr_par' dir='ltr' id='par_1_57' title="bbox 261 4085 1851 4158">
     <span class='ocr_line' id='line_1_57' title="bbox 261 4085 1851 4158; baseline -0.007 -10"><span class='ocrx_word' id='word_1_423' title='bbox 261 4092 517 4155; x_wconf 82' lang='lat' dir='ltr'><strong>munione</strong></span> <span class='ocrx_word' id='word_1_424' title='bbox 539 4089 806 4155; x_wconf 83' lang='lat' dir='ltr'><strong>catholica</strong></span> <span class='ocrx_word' id='word_1_425' title='bbox 827 4088 1253 4158; x_wconf 82' lang='lat' dir='ltr'><strong>discrepassent,</strong></span> <span class='ocrx_word' id='word_1_426' title='bbox 1274 4086 1583 4140; x_wconf 78' lang='lat' dir='ltr'><strong>Donatistae</strong></span> <span class='ocrx_word' id='word_1_427' title='bbox 1605 4086 1654 4139; x_wconf 89' lang='lat' dir='ltr'><strong>in</strong></span> <span class='ocrx_word' id='word_1_428' title='bbox 1675 4085 1851 4139; x_wconf 79' lang='lat' dir='ltr'><strong>Africa</strong></span> 
     </span>
    </p>
   </div>
   <div class='ocr_carea' id='block_1_58' title="bbox 259 4176 1856 4249">
    <p class='ocr_par' dir='ltr' id='par_1_58' title="bbox 259 4176 1856 4249">
     <span class='ocr_line' id='line_1_58' title="bbox 259 4176 1856 4249; baseline -0.008 -6"><span class='ocrx_word' id='word_1_429' title='bbox 259 4186 362 4249; x_wconf 84' lang='lat' dir='ltr'><strong>sibi</strong></span> <span class='ocrx_word' id='word_1_430' title='bbox 395 4186 606 4249; x_wconf 76' lang='lat' dir='ltr'><strong>sociare</strong></span> <span class='ocrx_word' id='word_1_431' title='bbox 639 4192 897 4245; x_wconf 83' lang='lat' dir='ltr'><strong>tentasse,</strong></span> <span class='ocrx_word' id='word_1_432' title='bbox 940 4201 959 4239; x_wconf 87' lang='grc' dir='ltr'><strong>ι</strong></span> <span class='ocrx_word' id='word_1_433' title='bbox 991 4190 1046 4236; x_wconf 85' lang='grc' dir='ltr'><strong>ιιι</strong></span> <span class='ocrx_word' id='word_1_434' title='bbox 1074 4180 1408 4249; x_wconf 83' lang='lat' dir='ltr'><strong>Augustinus</strong></span> <span class='ocrx_word' id='word_1_435' title='bbox 1442 4178 1509 4232; x_wconf 85' lang='lat' dir='ltr'><strong>ab</strong></span> <span class='ocrx_word' id='word_1_436' title='bbox 1538 4177 1731 4249; x_wconf 83' lang='lat' dir='ltr'><strong>Alypio</strong></span> <span class='ocrx_word' id='word_1_437' title='bbox 1758 4176 1856 4231; x_wconf 77' lang='lat' dir='ltr'><strong>ad-</strong></span> 
     </span>
    </p>
   </div>
   <div class='ocr_carea' id='block_1_59' title="bbox 262 4270 1693 4349">
    <p class='ocr_par' dir='ltr' id='par_1_59' title="bbox 262 4270 1693 4349">
     <span class='ocr_line' id='line_1_59' title="bbox 262 4270 1693 4349; baseline -0.01 -12"><span class='ocrx_word' id='word_1_438' title='bbox 262 4296 365 4337; x_wconf 79' lang='lat' dir='ltr'><strong>mot</strong></span> <span class='ocrx_word' id='word_1_439' title='bbox 392 4280 498 4335; x_wconf 78' lang='lat' dir='ltr'><strong>itus</strong></span> <span class='ocrx_word' id='word_1_440' title='bbox 525 4279 685 4349; x_wconf 84' lang='lat' dir='ltr'><strong>epist.</strong></span> <span class='ocrx_word' id='word_1_441' title='bbox 716 4277 847 4333; x_wconf 93' lang='lat' dir='ltr'><strong>olim</strong></span> <span class='ocrx_word' id='word_1_442' title='bbox 878 4275 1004 4339; x_wconf 75' lang='grc'><strong>163,</strong></span> <span class='ocrx_word' id='word_1_443' title='bbox 1028 4288 1171 4331; x_wconf 85' lang='grc' dir='ltr'>ιιιιιιε</span> <span class='ocrx_word' id='word_1_444' title='bbox 1192 4274 1287 4338; x_wconf 67' lang='grc'><strong>41,</strong></span> <span class='ocrx_word' id='word_1_445' title='bbox 1320 4289 1373 4326; x_wconf 90' lang='grc' dir='ltr'>ιι.</span> <span class='ocrx_word' id='word_1_446' title='bbox 1409 4274 1463 4335; x_wconf 83' lang='lat'><strong>6,</strong></span> <span class='ocrx_word' id='word_1_447' title='bbox 1489 4270 1693 4326; x_wconf 84' lang='lat' dir='ltr'><strong>scribit.</strong></span> 
     </span>
    </p>
   </div>
   <div class='ocr_carea' id='block_1_60' title="bbox 332 4363 1856 4443">
    <p class='ocr_par' dir='ltr' id='par_1_60' title="bbox 332 4363 1856 4443">
     <span class='ocr_line' id='line_1_60' title="bbox 332 4363 1856 4443; baseline -0.005 -19"><span class='ocrx_word' id='word_1_448' title='bbox 332 4376 383 4431; x_wconf 81' lang='lat' dir='ltr'><strong>ti.</strong></span> <span class='ocrx_word' id='word_1_449' title='bbox 428 4372 671 4443; x_wconf 75' lang='lat' dir='ltr'><strong>Fittgitur</strong></span> <span class='ocrx_word' id='word_1_450' title='bbox 712 4367 968 4425; x_wconf 80' lang='lat' dir='ltr'><strong>Damasus</strong></span> <span class='ocrx_word' id='word_1_451' title='bbox 1025 4367 1321 4437; x_wconf 77' lang='lat' dir='ltr'><strong>prwcapt&#39;sse</strong></span> <span class='ocrx_word' id='word_1_452' title='bbox 1364 4373 1419 4419; x_wconf 88' lang='lat' dir='ltr'><strong>ut</strong></span> <span class='ocrx_word' id='word_1_453' title='bbox 1455 4364 1656 4418; x_wconf 84' lang='lat' dir='ltr'><strong>decreta</strong></span> <span class='ocrx_word' id='word_1_454' title='bbox 1697 4363 1856 4434; x_wconf 80' lang='lat' dir='ltr'><strong>ipsius</strong></span> 
     </span>
    </p>
   </div>
   <div class='ocr_carea' id='block_1_61' title="bbox 259 4458 1857 4536">
    <p class='ocr_par' dir='ltr' id='par_1_61' title="bbox 259 4458 1857 4536">
     <span class='ocr_line' id='line_1_61' title="bbox 259 4458 1857 4536; baseline -0.005 -17"><span class='ocrx_word' id='word_1_455' title='bbox 259 4465 487 4536; x_wconf 76' lang='lat' dir='ltr'><strong>synodus</strong></span> <span class='ocrx_word' id='word_1_456' title='bbox 512 4465 547 4518; x_wconf 74' lang='grc' dir='ltr'><strong>Ε).</strong></span> <span class='ocrx_word' id='word_1_457' title='bbox 582 4465 827 4532; x_wconf 84' lang='lat' dir='ltr'><strong>ﬁrmaret.</strong></span> <span class='ocrx_word' id='word_1_458' title='bbox 879 4461 939 4516; x_wconf 84' lang='grc' dir='ltr'>1η</span> <span class='ocrx_word' id='word_1_459' title='bbox 967 4478 1166 4517; x_wconf 80' lang='lat' dir='ltr'><strong>cassum</strong></span> <span class='ocrx_word' id='word_1_460' title='bbox 1190 4461 1298 4514; x_wconf 71' lang='lat' dir='ltr'><strong>licet:</strong></span> <span class='ocrx_word' id='word_1_461' title='bbox 1321 4460 1507 4513; x_wconf 79' lang='lat' dir='ltr'><strong>dicitur</strong></span> <span class='ocrx_word' id='word_1_462' title='bbox 1537 4458 1678 4513; x_wconf 81' lang='lat' dir='ltr'><strong>illius</strong></span> <span class='ocrx_word' id='word_1_463' title='bbox 1724 4472 1857 4529; x_wconf 75' lang='lat' dir='ltr'><strong>prte-</strong></span> 
     </span>
    </p>
   </div>
   <div class='ocr_carea' id='block_1_62' title="bbox 259 4551 1853 4631">
    <p class='ocr_par' dir='ltr' id='par_1_62' title="bbox 259 4551 1853 4631">
     <span class='ocr_line' id='line_1_62' title="bbox 259 4551 1853 4631; baseline -0.006 -17"><span class='ocrx_word' id='word_1_464' title='bbox 259 4568 403 4631; x_wconf 73' lang='lat' dir='ltr'><strong>cepto</strong></span> <span class='ocrx_word' id='word_1_465' title='bbox 431 4565 758 4629; x_wconf 67' lang='lat' dir='ltr'><strong>congregata.</strong></span> <span class='ocrx_word' id='word_1_466' title='bbox 792 4556 994 4615; x_wconf 82' lang='lat' dir='ltr'><strong>Deinde</strong></span> <span class='ocrx_word' id='word_1_467' title='bbox 1037 4554 1088 4609; x_wconf 89' lang='lat' dir='ltr'><strong>id</strong></span> <span class='ocrx_word' id='word_1_468' title='bbox 1134 4553 1275 4623; x_wconf 85' lang='lat' dir='ltr'><strong>quod</strong></span> <span class='ocrx_word' id='word_1_469' title='bbox 1307 4552 1581 4621; x_wconf 80' lang='lat' dir='ltr'><strong>adjicitur,</strong></span> <span class='ocrx_word' id='word_1_470' title='bbox 1635 4572 1653 4603; x_wconf 75' lang='grc' dir='ltr'><strong>ι</strong></span> <span class='ocrx_word' id='word_1_471' title='bbox 1686 4551 1853 4619; x_wconf 84' lang='lat' dir='ltr'><strong>Quam</strong></span> 
     </span>
    </p>
   </div>
   <div class='ocr_carea' id='block_1_63' title="bbox 1951 1930 3554 2005">
    <p class='ocr_par' dir='ltr' id='par_1_63' title="bbox 1951 1930 3554 2005">
     <span class='ocr_line' id='line_1_63' title="bbox 1951 1930 3554 2005; baseline 0.005 -23"><span class='ocrx_word' id='word_1_472' title='bbox 1951 1930 2041 1999; x_wconf 91' lang='lat' dir='ltr'><strong>qui</strong></span> <span class='ocrx_word' id='word_1_473' title='bbox 2088 1930 2227 1999; x_wconf 87' lang='lat' dir='ltr'><strong>apud</strong></span> <span class='ocrx_word' id='word_1_474' title='bbox 2274 1931 2635 2003; x_wconf 80' lang='lat' dir='ltr'><strong>Augustinum</strong></span> <span class='ocrx_word' id='word_1_475' title='bbox 2671 1933 2722 1987; x_wconf 91' lang='lat' dir='ltr'><strong>in</strong></span> <span class='ocrx_word' id='word_1_476' title='bbox 2756 1936 3059 2005; x_wconf 87' lang='lat' dir='ltr'><strong>appendice</strong></span> <span class='ocrx_word' id='word_1_477' title='bbox 3091 1938 3223 1991; x_wconf 88' lang='lat' dir='ltr'><strong>tomi</strong></span> <span class='ocrx_word' id='word_1_478' title='bbox 3256 1937 3297 1986; x_wconf 88' lang='lat' dir='ltr'><strong>V</strong></span> <span class='ocrx_word' id='word_1_479' title='bbox 3333 1946 3554 1999; x_wconf 80' lang='lat' dir='ltr'><strong>exstant</strong></span> 
     </span>
    </p>
   </div>
   <div class='ocr_carea' id='block_1_64' title="bbox 1950 2022 3552 2098">
    <p class='ocr_par' dir='ltr' id='par_1_64' title="bbox 1950 2022 3552 2098">
     <span class='ocr_line' id='line_1_64' title="bbox 1950 2022 3552 2098; baseline 0.008 -20"><span class='ocrx_word' id='word_1_480' title='bbox 1950 2022 2172 2079; x_wconf 67' lang='lat' dir='ltr'><strong>Cwsarii</strong></span> <span class='ocrx_word' id='word_1_481' title='bbox 2220 2024 2557 2082; x_wconf 88' lang='lat' dir='ltr'><strong>Arelatensis</strong></span> <span class='ocrx_word' id='word_1_482' title='bbox 2586 2027 2884 2085; x_wconf 88' lang='lat' dir='ltr'><strong>Sermones</strong></span> <span class='ocrx_word' id='word_1_483' title='bbox 2914 2030 3020 2087; x_wconf 71' lang='lat'><strong>276</strong></span> <span class='ocrx_word' id='word_1_484' title='bbox 3053 2044 3106 2087; x_wconf 91' lang='lat' dir='ltr'><strong>et</strong></span> <span class='ocrx_word' id='word_1_485' title='bbox 3136 2032 3263 2098; x_wconf 78' lang='lat'><strong>277,</strong></span> <span class='ocrx_word' id='word_1_486' title='bbox 3306 2033 3377 2091; x_wconf 89' lang='lat' dir='ltr'><strong>de</strong></span> <span class='ocrx_word' id='word_1_487' title='bbox 3425 2034 3552 2091; x_wconf 87' lang='lat' dir='ltr'><strong>red-</strong></span> 
     </span>
    </p>
   </div>
   <div class='ocr_carea' id='block_1_65' title="bbox 1950 2115 3555 2203">
    <p class='ocr_par' dir='ltr' id='par_1_65' title="bbox 1950 2115 3555 2203">
     <span class='ocr_line' id='line_1_65' title="bbox 1950 2115 3555 2203; baseline 0.007 -34"><span class='ocrx_word' id='word_1_488' title='bbox 1950 2115 2144 2170; x_wconf 88' lang='lat' dir='ltr'><strong>dendis</strong></span> <span class='ocrx_word' id='word_1_489' title='bbox 2171 2117 2437 2183; x_wconf 88' lang='lat' dir='ltr'><strong>decimis;</strong></span> <span class='ocrx_word' id='word_1_490' title='bbox 2468 2118 2594 2184; x_wconf 70' lang='lat'><strong>278,</strong></span> <span class='ocrx_word' id='word_1_491' title='bbox 2625 2119 2690 2175; x_wconf 90' lang='lat' dir='ltr'><strong>de</strong></span> <span class='ocrx_word' id='word_1_492' title='bbox 2716 2123 2988 2203; x_wconf 76' lang='lat' dir='ltr'><strong>auguriis;</strong></span> <span class='ocrx_word' id='word_1_493' title='bbox 3012 2122 3120 2179; x_wconf 71' lang='lat'><strong>283</strong></span> <span class='ocrx_word' id='word_1_494' title='bbox 3142 2135 3196 2179; x_wconf 91' lang='lat' dir='ltr'><strong>et</strong></span> <span class='ocrx_word' id='word_1_495' title='bbox 3222 2124 3353 2191; x_wconf 77' lang='lat'><strong>286,</strong></span> <span class='ocrx_word' id='word_1_496' title='bbox 3382 2126 3449 2181; x_wconf 90' lang='lat' dir='ltr'><strong>de</strong></span> <span class='ocrx_word' id='word_1_497' title='bbox 3472 2127 3555 2180; x_wconf 90' lang='lat' dir='ltr'><strong>vi-</strong></span> 
     </span>
    </p>
   </div>
   <div class='ocr_carea' id='block_1_66' title="bbox 1953 2208 3555 2285">
    <p class='ocr_par' dir='ltr' id='par_1_66' title="bbox 1953 2208 3555 2285">
     <span class='ocr_line' id='line_1_66' title="bbox 1953 2208 3555 2285; baseline 0.006 -22"><span class='ocrx_word' id='word_1_498' title='bbox 1953 2208 2132 2264; x_wconf 86' lang='lat' dir='ltr'><strong>tandis</strong></span> <span class='ocrx_word' id='word_1_499' title='bbox 2165 2209 2217 2264; x_wconf 92' lang='lat' dir='ltr'><strong>in</strong></span> <span class='ocrx_word' id='word_1_500' title='bbox 2243 2212 2476 2267; x_wconf 85' lang='lat' dir='ltr'><strong>ecclesia</strong></span> <span class='ocrx_word' id='word_1_501' title='bbox 2506 2215 2855 2270; x_wconf 88' lang='lat' dir='ltr'><strong>sermonibus</strong></span> <span class='ocrx_word' id='word_1_502' title='bbox 2882 2216 3093 2271; x_wconf 82' lang='lat' dir='ltr'><strong>otiosis.</strong></span> <span class='ocrx_word' id='word_1_503' title='bbox 3127 2216 3185 2272; x_wconf 90' lang='lat' dir='ltr'><strong>In</strong></span> <span class='ocrx_word' id='word_1_504' title='bbox 3233 2217 3337 2272; x_wconf 90' lang='lat' dir='ltr'><strong>hoc</strong></span> <span class='ocrx_word' id='word_1_505' title='bbox 3375 2217 3555 2285; x_wconf 85' lang='lat' dir='ltr'><strong>nomi-</strong></span> 
     </span>
    </p>
   </div>
   <div class='ocr_carea' id='block_1_67' title="bbox 1952 2304 3551 2383">
    <p class='ocr_par' dir='ltr' id='par_1_67' title="bbox 1952 2304 3551 2383">
     <span class='ocr_line' id='line_1_67' title="bbox 1952 2304 3551 2383; baseline 0.005 -24"><span class='ocrx_word' id='word_1_506' title='bbox 1952 2304 2406 2362; x_wconf 62' lang='lat' dir='ltr'><strong>natimCatsarins</strong></span> <span class='ocrx_word' id='word_1_507' title='bbox 2430 2323 2579 2362; x_wconf 93' lang='lat' dir='ltr'><strong>num.</strong></span> <span class='ocrx_word' id='word_1_508' title='bbox 2607 2307 2640 2362; x_wconf 82' lang='lat'><strong>6</strong></span> <span class='ocrx_word' id='word_1_509' title='bbox 2668 2310 2744 2363; x_wconf 88' lang='lat' dir='ltr'><strong>sic</strong></span> <span class='ocrx_word' id='word_1_510' title='bbox 2771 2325 2900 2364; x_wconf 89' lang='lat' dir='ltr'><strong>suos</strong></span> <span class='ocrx_word' id='word_1_511' title='bbox 2922 2310 3217 2383; x_wconf 89' lang='lat' dir='ltr'><strong>alloquitur</strong></span> <span class='ocrx_word' id='word_1_512' title='bbox 3248 2312 3551 2373; x_wconf 86' lang='lat' dir='ltr'><strong>auditores:</strong></span> 
     </span>
    </p>
   </div>
   <div class='ocr_carea' id='block_1_68' title="bbox 1958 2396 3556 2477">
    <p class='ocr_par' dir='ltr' id='par_1_68' title="bbox 1958 2396 3556 2477">
     <span class='ocr_line' id='line_1_68' title="bbox 1958 2396 3556 2477; baseline 0.007 -28"><span class='ocrx_word' id='word_1_513' title='bbox 1958 2415 1977 2449; x_wconf 76' lang='grc' dir='ltr'><strong>ε</strong></span> <span class='ocrx_word' id='word_1_514' title='bbox 2014 2396 2305 2453; x_wconf 84' lang='lat' dir='ltr'><strong>Venientes</strong></span> <span class='ocrx_word' id='word_1_515' title='bbox 2327 2399 2391 2452; x_wconf 89' lang='lat' dir='ltr'><strong>ad</strong></span> <span class='ocrx_word' id='word_1_516' title='bbox 2423 2400 2711 2455; x_wconf 87' lang='lat' dir='ltr'><strong>ecclesiam</strong></span> <span class='ocrx_word' id='word_1_517' title='bbox 2743 2400 2845 2457; x_wconf 92' lang='lat' dir='ltr'><strong>hoc</strong></span> <span class='ocrx_word' id='word_1_518' title='bbox 2873 2402 3051 2456; x_wconf 88' lang='lat' dir='ltr'><strong>solum</strong></span> <span class='ocrx_word' id='word_1_519' title='bbox 3083 2402 3227 2476; x_wconf 91' lang='lat' dir='ltr'><strong>quod</strong></span> <span class='ocrx_word' id='word_1_520' title='bbox 3252 2404 3364 2459; x_wconf 80' lang='lat' dir='ltr'><strong>fieri</strong></span> <span class='ocrx_word' id='word_1_521' title='bbox 3389 2419 3556 2477; x_wconf 78' lang='lat' dir='ltr'><strong>expe-</strong></span> 
     </span>
    </p>
   </div>
   <div class='ocr_carea' id='block_1_69' title="bbox 1952 2493 3554 2569">
    <p class='ocr_par' dir='ltr' id='par_1_69' title="bbox 1952 2493 3554 2569">
     <span class='ocr_line' id='line_1_69' title="bbox 1952 2493 3554 2569; baseline 0.006 -20"><span class='ocrx_word' id='word_1_522' title='bbox 1952 2494 2029 2549; x_wconf 85' lang='lat' dir='ltr'><strong>dit</strong></span> <span class='ocrx_word' id='word_1_523' title='bbox 2058 2494 2223 2561; x_wconf 75' lang='lat' dir='ltr'><strong>agite,</strong></span> <span class='ocrx_word' id='word_1_524' title='bbox 2259 2493 2308 2548; x_wconf 92' lang='lat' dir='ltr'><strong>id</strong></span> <span class='ocrx_word' id='word_1_525' title='bbox 2341 2506 2443 2561; x_wconf 90' lang='lat' dir='ltr'><strong>est,</strong></span> <span class='ocrx_word' id='word_1_526' title='bbox 2471 2506 2562 2549; x_wconf 90' lang='lat' dir='ltr'><strong>aut</strong></span> <span class='ocrx_word' id='word_1_527' title='bbox 2590 2506 2763 2561; x_wconf 89' lang='lat' dir='ltr'><strong>orate,</strong></span> <span class='ocrx_word' id='word_1_528' title='bbox 2789 2508 2875 2551; x_wconf 85' lang='lat' dir='ltr'><strong>aut</strong></span> <span class='ocrx_word' id='word_1_529' title='bbox 2903 2498 3138 2569; x_wconf 85' lang='lat' dir='ltr'><strong>psallite,</strong></span> <span class='ocrx_word' id='word_1_530' title='bbox 3174 2508 3229 2553; x_wconf 92' lang='lat' dir='ltr'><strong>ut</strong></span> <span class='ocrx_word' id='word_1_531' title='bbox 3264 2508 3318 2555; x_wconf 82' lang='lat' dir='ltr'><strong>et</strong></span> <span class='ocrx_word' id='word_1_532' title='bbox 3345 2498 3554 2561; x_wconf 80' lang='lat' dir='ltr'><strong>orando</strong></span> 
     </span>
    </p>
   </div>
   <div class='ocr_carea' id='block_1_70' title="bbox 1955 2590 3551 2665">
    <p class='ocr_par' dir='ltr' id='par_1_70' title="bbox 1955 2590 3551 2665">
     <span class='ocr_line' id='line_1_70' title="bbox 1955 2590 3551 2665; baseline 0.006 -22"><span class='ocrx_word' id='word_1_533' title='bbox 1955 2598 2295 2659; x_wconf 84' lang='lat' dir='ltr'><strong>peccatorum</strong></span> <span class='ocrx_word' id='word_1_534' title='bbox 2328 2590 2545 2645; x_wconf 81' lang='lat' dir='ltr'><strong>veniam</strong></span> <span class='ocrx_word' id='word_1_535' title='bbox 2579 2592 2825 2662; x_wconf 85' lang='lat' dir='ltr'><strong>accipere</strong></span> <span class='ocrx_word' id='word_1_536' title='bbox 2849 2634 2862 2658; x_wconf 94' lang='lat'><strong>,</strong></span> <span class='ocrx_word' id='word_1_537' title='bbox 2893 2604 2945 2647; x_wconf 90' lang='lat' dir='ltr'><strong>et</strong></span> <span class='ocrx_word' id='word_1_538' title='bbox 2977 2593 3261 2664; x_wconf 85' lang='lat' dir='ltr'><strong>psallendo</strong></span> <span class='ocrx_word' id='word_1_539' title='bbox 3288 2592 3354 2659; x_wconf 83' lang='lat' dir='ltr'><strong>ad</strong></span> <span class='ocrx_word' id='word_1_540' title='bbox 3388 2593 3551 2665; x_wconf 77' lang='lat' dir='ltr'><strong>spiri-</strong></span> 
     </span>
    </p>
   </div>
   <div class='ocr_carea' id='block_1_71' title="bbox 1953 2685 3554 2763">
    <p class='ocr_par' dir='ltr' id='par_1_71' title="bbox 1953 2685 3554 2763">
     <span class='ocr_line' id='line_1_71' title="bbox 1953 2685 3554 2763; baseline 0.003 -25"><span class='ocrx_word' id='word_1_541' title='bbox 1953 2685 2117 2739; x_wconf 88' lang='lat' dir='ltr'><strong>talem</strong></span> <span class='ocrx_word' id='word_1_542' title='bbox 2150 2685 2365 2753; x_wconf 81' lang='lat' dir='ltr'><strong>possitis</strong></span> <span class='ocrx_word' id='word_1_543' title='bbox 2396 2685 2639 2747; x_wconf 68' lang='lat' dir='ltr'><strong>laetitiam</strong></span> <span class='ocrx_word' id='word_1_544' title='bbox 2684 2691 2999 2763; x_wconf 88' lang='lat' dir='ltr'><strong>pervenire.</strong></span> <span class='ocrx_word' id='word_1_545' title='bbox 3034 2707 3053 2753; x_wconf 64' lang='grc' dir='ltr'><strong>ι</strong></span> <span class='ocrx_word' id='word_1_546' title='bbox 3104 2687 3208 2744; x_wconf 90' lang='lat' dir='ltr'><strong>Cui</strong></span> <span class='ocrx_word' id='word_1_547' title='bbox 3237 2688 3361 2749; x_wconf 86' lang='lat' dir='ltr'><strong>loco</strong></span> <span class='ocrx_word' id='word_1_548' title='bbox 3392 2688 3554 2759; x_wconf 83' lang='lat' dir='ltr'><strong>affine</strong></span> 
     </span>
    </p>
   </div>
   <div class='ocr_carea' id='block_1_72' title="bbox 1953 2777 3555 2851">
    <p class='ocr_par' dir='ltr' id='par_1_72' title="bbox 1953 2777 3555 2851">
     <span class='ocr_line' id='line_1_72' title="bbox 1953 2777 3555 2851; baseline 0.004 -18"><span class='ocrx_word' id='word_1_549' title='bbox 1953 2787 2037 2833; x_wconf 90' lang='lat' dir='ltr'><strong>est</strong></span> <span class='ocrx_word' id='word_1_550' title='bbox 2068 2777 2197 2832; x_wconf 90' lang='lat' dir='ltr'><strong>illud</strong></span> <span class='ocrx_word' id='word_1_551' title='bbox 2226 2779 2526 2848; x_wconf 87' lang='lat' dir='ltr'><strong>superioris</strong></span> <span class='ocrx_word' id='word_1_552' title='bbox 2552 2779 2757 2835; x_wconf 88' lang='lat' dir='ltr'><strong>decreti</strong></span> <span class='ocrx_word' id='word_1_553' title='bbox 2788 2781 2855 2836; x_wconf 72' lang='lat'><strong>4:</strong></span> <span class='ocrx_word' id='word_1_554' title='bbox 2909 2800 2928 2834; x_wconf 76' lang='grc' dir='ltr'><strong>ι</strong></span> <span class='ocrx_word' id='word_1_555' title='bbox 2961 2780 3018 2837; x_wconf 88' lang='lat' dir='ltr'><strong>Si</strong></span> <span class='ocrx_word' id='word_1_556' title='bbox 3057 2781 3255 2847; x_wconf 86' lang='lat' dir='ltr'><strong>domus</strong></span> <span class='ocrx_word' id='word_1_557' title='bbox 3292 2782 3555 2851; x_wconf 74' lang='lat' dir='ltr'><strong>orationis</strong></span> 
     </span>
    </p>
   </div>
   <div class='ocr_carea' id='block_1_73' title="bbox 1954 2869 3553 2943">
    <p class='ocr_par' dir='ltr' id='par_1_73' title="bbox 1954 2869 3553 2943">
     <span class='ocr_line' id='line_1_73' title="bbox 1954 2869 3553 2943; baseline 0.004 -19"><span class='ocrx_word' id='word_1_558' title='bbox 1954 2879 2056 2934; x_wconf 88' lang='lat' dir='ltr'><strong>est,</strong></span> <span class='ocrx_word' id='word_1_559' title='bbox 2090 2869 2230 2925; x_wconf 91' lang='lat' dir='ltr'><strong>sicut</strong></span> <span class='ocrx_word' id='word_1_560' title='bbox 2261 2870 2525 2926; x_wconf 84' lang='lat' dir='ltr'><strong>Dominus</strong></span> <span class='ocrx_word' id='word_1_561' title='bbox 2553 2869 2629 2926; x_wconf 90' lang='lat' dir='ltr'><strong>ait</strong></span> <span class='ocrx_word' id='word_1_562' title='bbox 2656 2915 2669 2939; x_wconf 94' lang='lat'><strong>,</strong></span> <span class='ocrx_word' id='word_1_563' title='bbox 2715 2873 2851 2933; x_wconf 90' lang='lat' dir='ltr'><strong>nulli</strong></span> <span class='ocrx_word' id='word_1_564' title='bbox 2879 2874 2930 2929; x_wconf 92' lang='lat' dir='ltr'><strong>in</strong></span> <span class='ocrx_word' id='word_1_565' title='bbox 2962 2890 3027 2941; x_wconf 82' lang='lat' dir='ltr'><strong>ea</strong></span> <span class='ocrx_word' id='word_1_566' title='bbox 3067 2875 3197 2941; x_wconf 84' lang='lat' dir='ltr'><strong>licet</strong></span> <span class='ocrx_word' id='word_1_567' title='bbox 3229 2876 3332 2939; x_wconf 82' lang='lat' dir='ltr'><strong>nisi</strong></span> <span class='ocrx_word' id='word_1_568' title='bbox 3357 2890 3553 2943; x_wconf 80' lang='lat' dir='ltr'><strong>orare,</strong></span> 
     </span>
    </p>
   </div>
   <div class='ocr_carea' id='block_1_74' title="bbox 1956 2965 3478 3040">
    <p class='ocr_par' dir='ltr' id='par_1_74' title="bbox 1956 2965 3478 3040">
     <span class='ocr_line' id='line_1_74' title="bbox 1956 2965 3478 3040; baseline 0.011 -25"><span class='ocrx_word' id='word_1_569' title='bbox 1956 2965 2209 3033; x_wconf 90' lang='lat' dir='ltr'><strong>psallere,</strong></span> <span class='ocrx_word' id='word_1_570' title='bbox 2238 2976 2457 3033; x_wconf 87' lang='lat' dir='ltr'><strong>peccata</strong></span> <span class='ocrx_word' id='word_1_571' title='bbox 2489 2968 2740 3023; x_wconf 81' lang='lat' dir='ltr'><strong>conﬁteri</strong></span> <span class='ocrx_word' id='word_1_572' title='bbox 2770 2979 2824 3035; x_wconf 80' lang='lat' dir='ltr'><strong>et</strong></span> <span class='ocrx_word' id='word_1_573' title='bbox 2857 2969 3069 3025; x_wconf 87' lang='lat' dir='ltr'><strong>veniam</strong></span> <span class='ocrx_word' id='word_1_574' title='bbox 3104 2969 3421 3040; x_wconf 66' lang='lat' dir='ltr'><strong>implorare.</strong></span> <span class='ocrx_word' id='word_1_575' title='bbox 3458 2988 3478 3031; x_wconf 68' lang='grc' dir='ltr'><strong>ι</strong></span> 
     </span>
    </p>
   </div>
   <div class='ocr_carea' id='block_1_75' title="bbox 2024 3056 3557 3134">
    <p class='ocr_par' dir='ltr' id='par_1_75' title="bbox 2024 3056 3557 3134">
     <span class='ocr_line' id='line_1_75' title="bbox 2024 3056 3557 3134; baseline 0.005 -23"><span class='ocrx_word' id='word_1_576' title='bbox 2024 3056 2076 3112; x_wconf 88' lang='grc'><strong>8.</strong></span> <span class='ocrx_word' id='word_1_577' title='bbox 2122 3057 2298 3112; x_wconf 79' lang='lat' dir='ltr'><strong>Sortes</strong></span> <span class='ocrx_word' id='word_1_578' title='bbox 2328 3070 2644 3113; x_wconf 81' lang='lat' dir='ltr'><strong>sanctorum.</strong></span> <span class='ocrx_word' id='word_1_579' title='bbox 2673 3059 2805 3116; x_wconf 88' lang='lat' dir='ltr'><strong>item</strong></span> <span class='ocrx_word' id='word_1_580' title='bbox 2838 3061 3061 3117; x_wconf 88' lang='lat' dir='ltr'><strong>decreto</strong></span> <span class='ocrx_word' id='word_1_581' title='bbox 3092 3062 3341 3134; x_wconf 79' lang='lat' dir='ltr'><strong>sequenti</strong></span> <span class='ocrx_word' id='word_1_582' title='bbox 3361 3062 3557 3121; x_wconf 84' lang='lat' dir='ltr'><strong>adver-</strong></span> 
     </span>
    </p>
   </div>
   <div class='ocr_carea' id='block_1_76' title="bbox 1953 3152 3553 3227">
    <p class='ocr_par' dir='ltr' id='par_1_76' title="bbox 1953 3152 3553 3227">
     <span class='ocr_line' id='line_1_76' title="bbox 1953 3152 3553 3227; baseline 0.006 -22"><span class='ocrx_word' id='word_1_583' title='bbox 1953 3164 2046 3205; x_wconf 92' lang='lat' dir='ltr'><strong>sus</strong></span> <span class='ocrx_word' id='word_1_584' title='bbox 2071 3166 2184 3217; x_wconf 86' lang='lat' dir='ltr'><strong>eos,</strong></span> <span class='ocrx_word' id='word_1_585' title='bbox 2203 3152 2294 3222; x_wconf 88' lang='lat' dir='ltr'><strong>qui</strong></span> <span class='ocrx_word' id='word_1_586' title='bbox 2318 3152 2702 3220; x_wconf 86' lang='lat' dir='ltr'><strong>divinationes,</strong></span> <span class='ocrx_word' id='word_1_587' title='bbox 2727 3157 2949 3227; x_wconf 86' lang='lat' dir='ltr'><strong>auguria</strong></span> <span class='ocrx_word' id='word_1_588' title='bbox 2976 3165 3030 3213; x_wconf 91' lang='lat' dir='ltr'><strong>et</strong></span> <span class='ocrx_word' id='word_1_589' title='bbox 3048 3166 3223 3215; x_wconf 86' lang='lat' dir='ltr'><strong>sortes</strong></span> <span class='ocrx_word' id='word_1_590' title='bbox 3239 3167 3553 3227; x_wconf 78' lang='lat' dir='ltr'><strong>sanctorum</strong></span> 
     </span>
    </p>
   </div>
   <div class='ocr_carea' id='block_1_77' title="bbox 1953 3243 3553 3318">
    <p class='ocr_par' dir='ltr' id='par_1_77' title="bbox 1953 3243 3553 3318">
     <span class='ocr_line' id='line_1_77' title="bbox 1953 3243 3553 3318; baseline 0.003 -20"><span class='ocrx_word' id='word_1_591' title='bbox 1953 3245 2243 3300; x_wconf 87' lang='lat' dir='ltr'><strong>observant</strong></span> <span class='ocrx_word' id='word_1_592' title='bbox 2271 3286 2286 3312; x_wconf 94' lang='lat'><strong>,</strong></span> <span class='ocrx_word' id='word_1_593' title='bbox 2331 3243 2488 3301; x_wconf 83' lang='lat' dir='ltr'><strong>valde</strong></span> <span class='ocrx_word' id='word_1_594' title='bbox 2509 3260 2797 3318; x_wconf 80' lang='lat' dir='ltr'><strong>cognatum</strong></span> <span class='ocrx_word' id='word_1_595' title='bbox 2825 3258 2905 3303; x_wconf 90' lang='lat' dir='ltr'><strong>est</strong></span> <span class='ocrx_word' id='word_1_596' title='bbox 2931 3248 3075 3317; x_wconf 87' lang='lat' dir='ltr'><strong>quod</strong></span> <span class='ocrx_word' id='word_1_597' title='bbox 3099 3249 3513 3315; x_wconf 84' lang='lat' dir='ltr'><strong>Aurelianensis</strong></span> <span class='ocrx_word' id='word_1_598' title='bbox 3537 3264 3553 3315; x_wconf 76' lang='grc' dir='ltr'><strong>ι</strong></span> 
     </span>
    </p>
   </div>
   <div class='ocr_carea' id='block_1_78' title="bbox 1953 3338 3553 3423">
    <p class='ocr_par' dir='ltr' id='par_1_78' title="bbox 1953 3338 3553 3423">
     <span class='ocr_line' id='line_1_78' title="bbox 1953 3338 3553 3423; baseline 0.006 -30"><span class='ocrx_word' id='word_1_599' title='bbox 1953 3338 2170 3394; x_wconf 89' lang='lat' dir='ltr'><strong>concilii</strong></span> <span class='ocrx_word' id='word_1_600' title='bbox 2191 3354 2399 3395; x_wconf 85' lang='lat' dir='ltr'><strong>canooe</strong></span> <span class='ocrx_word' id='word_1_601' title='bbox 2422 3341 2490 3396; x_wconf 77' lang='lat'><strong>50</strong></span> <span class='ocrx_word' id='word_1_602' title='bbox 2520 3342 2855 3413; x_wconf 65' lang='lat' dir='ltr'><strong>praecipitur,</strong></span> <span class='ocrx_word' id='word_1_603' title='bbox 2889 3362 2905 3394; x_wconf 76' lang='grc' dir='ltr'><strong>ι</strong></span> <span class='ocrx_word' id='word_1_604' title='bbox 2929 3343 2985 3400; x_wconf 88' lang='lat' dir='ltr'><strong>Si</strong></span> <span class='ocrx_word' id='word_1_605' title='bbox 3009 3344 3132 3423; x_wconf 88' lang='lat' dir='ltr'><strong>quis</strong></span> <span class='ocrx_word' id='word_1_606' title='bbox 3156 3344 3411 3413; x_wconf 87' lang='lat' dir='ltr'><strong>clericus,</strong></span> <span class='ocrx_word' id='word_1_607' title='bbox 3437 3359 3553 3405; x_wconf 81' lang='lat' dir='ltr'><strong>tuo-</strong></span> 
     </span>
    </p>
   </div>
   <div class='ocr_carea' id='block_1_79' title="bbox 1953 3431 3553 3509">
    <p class='ocr_par' dir='ltr' id='par_1_79' title="bbox 1953 3431 3553 3509">
     <span class='ocr_line' id='line_1_79' title="bbox 1953 3431 3553 3509; baseline 0.002 -21"><span class='ocrx_word' id='word_1_608' title='bbox 1953 3431 2195 3496; x_wconf 83' lang='lat' dir='ltr'><strong>nacims,</strong></span> <span class='ocrx_word' id='word_1_609' title='bbox 2228 3432 2507 3487; x_wconf 71' lang='lat' dir='ltr'><strong>saecularis</strong></span> <span class='ocrx_word' id='word_1_610' title='bbox 2542 3432 2928 3488; x_wconf 83' lang='lat' dir='ltr'><strong>divinationem</strong></span> <span class='ocrx_word' id='word_1_611' title='bbox 2980 3435 3063 3497; x_wconf 90' lang='lat' dir='ltr'><strong>vel</strong></span> <span class='ocrx_word' id='word_1_612' title='bbox 3108 3434 3332 3509; x_wconf 79' lang='lat' dir='ltr'><strong>auguria</strong></span> <span class='ocrx_word' id='word_1_613' title='bbox 3372 3435 3553 3501; x_wconf 86' lang='lat' dir='ltr'><strong>credi—</strong></span> 
     </span>
    </p>
   </div>
   <div class='ocr_carea' id='block_1_80' title="bbox 1954 3525 3553 3605">
    <p class='ocr_par' dir='ltr' id='par_1_80' title="bbox 1954 3525 3553 3605">
     <span class='ocr_line' id='line_1_80' title="bbox 1954 3525 3553 3605; baseline 0.003 -25"><span class='ocrx_word' id='word_1_614' title='bbox 1954 3525 2096 3581; x_wconf 91' lang='lat' dir='ltr'><strong>derit</strong></span> <span class='ocrx_word' id='word_1_615' title='bbox 2121 3525 2456 3581; x_wconf 87' lang='lat' dir='ltr'><strong>observanda</strong></span> <span class='ocrx_word' id='word_1_616' title='bbox 2476 3568 2489 3592; x_wconf 93' lang='lat'><strong>,</strong></span> <span class='ocrx_word' id='word_1_617' title='bbox 2542 3528 2625 3582; x_wconf 88' lang='lat' dir='ltr'><strong>vcl</strong></span> <span class='ocrx_word' id='word_1_618' title='bbox 2654 3539 2866 3605; x_wconf 83' lang='lat' dir='ltr'><strong>sortes,</strong></span> <span class='ocrx_word' id='word_1_619' title='bbox 2900 3544 3032 3599; x_wconf 85' lang='lat' dir='ltr'><strong>quas</strong></span> <span class='ocrx_word' id='word_1_620' title='bbox 3067 3529 3402 3591; x_wconf 86' lang='lat' dir='ltr'><strong>mentiuntur</strong></span> <span class='ocrx_word' id='word_1_621' title='bbox 3430 3544 3553 3597; x_wconf 70' lang='lat' dir='ltr'><strong>esse</strong></span> 
     </span>
    </p>
   </div>
   <div class='ocr_carea' id='block_1_81' title="bbox 1955 3619 3554 3692">
    <p class='ocr_par' dir='ltr' id='par_1_81' title="bbox 1955 3619 3554 3692">
     <span class='ocr_line' id='line_1_81' title="bbox 1955 3619 3554 3692; baseline 0.003 -18"><span class='ocrx_word' id='word_1_622' title='bbox 1955 3628 2287 3686; x_wconf 90' lang='lat' dir='ltr'><strong>sanctorum,</strong></span> <span class='ocrx_word' id='word_1_623' title='bbox 2321 3619 2747 3692; x_wconf 85' lang='lat' dir='ltr'><strong>quibuscumque</strong></span> <span class='ocrx_word' id='word_1_624' title='bbox 2772 3623 3077 3689; x_wconf 83' lang='lat' dir='ltr'><strong>putaverint</strong></span> <span class='ocrx_word' id='word_1_625' title='bbox 3107 3621 3458 3689; x_wconf 82' lang='lat' dir='ltr'><strong>intimandas,</strong></span> <span class='ocrx_word' id='word_1_626' title='bbox 3485 3623 3554 3691; x_wconf 74' lang='lat' dir='ltr'><strong>ah</strong></span> 
     </span>
    </p>
   </div>
   <div class='ocr_carea' id='block_1_82' title="bbox 1958 3712 3553 3785">
    <p class='ocr_par' dir='ltr' id='par_1_82' title="bbox 1958 3712 3553 3785">
     <span class='ocr_line' id='line_1_82' title="bbox 1958 3712 3553 3785; baseline 0.002 -19"><span class='ocrx_word' id='word_1_627' title='bbox 1958 3712 2212 3767; x_wconf 77' lang='lat' dir='ltr'><strong>Ecclesia:</strong></span> <span class='ocrx_word' id='word_1_628' title='bbox 2256 3714 2640 3769; x_wconf 90' lang='lat' dir='ltr'><strong>communione</strong></span> <span class='ocrx_word' id='word_1_629' title='bbox 2682 3714 2971 3785; x_wconf 82' lang='lat' dir='ltr'><strong>pellantur.</strong></span> <span class='ocrx_word' id='word_1_630' title='bbox 3008 3734 3025 3767; x_wconf 76' lang='grc' dir='ltr'><strong>ι</strong></span> <span class='ocrx_word' id='word_1_631' title='bbox 3060 3714 3271 3771; x_wconf 85' lang='lat' dir='ltr'><strong>Similia</strong></span> <span class='ocrx_word' id='word_1_632' title='bbox 3301 3714 3553 3781; x_wconf 76' lang='lat' dir='ltr'><strong>sanciunt</strong></span> 
     </span>
    </p>
   </div>
   <div class='ocr_carea' id='block_1_83' title="bbox 1956 3805 3552 3883">
    <p class='ocr_par' dir='ltr' id='par_1_83' title="bbox 1956 3805 3552 3883">
     <span class='ocr_line' id='line_1_83' title="bbox 1956 3805 3552 3883; baseline 0.001 -23"><span class='ocrx_word' id='word_1_633' title='bbox 1956 3814 2011 3860; x_wconf 89' lang='lat' dir='ltr'><strong>et</strong></span> <span class='ocrx_word' id='word_1_634' title='bbox 2040 3805 2356 3860; x_wconf 85' lang='lat' dir='ltr'><strong>Veneticum</strong></span> <span class='ocrx_word' id='word_1_635' title='bbox 2390 3822 2511 3861; x_wconf 87' lang='lat' dir='ltr'><strong>can.</strong></span> <span class='ocrx_word' id='word_1_636' title='bbox 2548 3807 2613 3862; x_wconf 83' lang='grc'>16</span> <span class='ocrx_word' id='word_1_637' title='bbox 2635 3849 2650 3874; x_wconf 85' lang='grc'><em>,</em></span> <span class='ocrx_word' id='word_1_638' title='bbox 2685 3808 2997 3883; x_wconf 76' lang='lat' dir='ltr'><strong>Agatltense</strong></span> <span class='ocrx_word' id='word_1_639' title='bbox 3023 3824 3144 3873; x_wconf 89' lang='lat' dir='ltr'><strong>can.</strong></span> <span class='ocrx_word' id='word_1_640' title='bbox 3182 3807 3283 3873; x_wconf 70' lang='grc'><strong>42,</strong></span> <span class='ocrx_word' id='word_1_641' title='bbox 3311 3816 3367 3865; x_wconf 86' lang='lat' dir='ltr'><strong>et</strong></span> <span class='ocrx_word' id='word_1_642' title='bbox 3392 3808 3552 3875; x_wconf 83' lang='lat' dir='ltr'><strong>Anti-</strong></span> 
     </span>
    </p>
   </div>
   <div class='ocr_carea' id='block_1_84' title="bbox 1956 3897 3555 3967">
    <p class='ocr_par' dir='ltr' id='par_1_84' title="bbox 1956 3897 3555 3967">
     <span class='ocr_line' id='line_1_84' title="bbox 1956 3897 3555 3967; baseline 0.005 -16"><span class='ocrx_word' id='word_1_643' title='bbox 1956 3897 2276 3952; x_wconf 90' lang='lat' dir='ltr'><strong>siodorense</strong></span> <span class='ocrx_word' id='word_1_644' title='bbox 2306 3914 2425 3954; x_wconf 88' lang='lat' dir='ltr'><strong>can.</strong></span> <span class='ocrx_word' id='word_1_645' title='bbox 2456 3901 2510 3955; x_wconf 76' lang='grc'><strong>4.</strong></span> <span class='ocrx_word' id='word_1_646' title='bbox 2544 3899 2601 3955; x_wconf 86' lang='lat' dir='ltr'><strong>in</strong></span> <span class='ocrx_word' id='word_1_647' title='bbox 2635 3899 2735 3955; x_wconf 86' lang='lat' dir='ltr'><strong>hoc</strong></span> <span class='ocrx_word' id='word_1_648' title='bbox 2768 3912 2948 3959; x_wconf 85' lang='lat' dir='ltr'><strong>sortes</strong></span> <span class='ocrx_word' id='word_1_649' title='bbox 2979 3912 3291 3967; x_wconf 74' lang='lat' dir='ltr'><strong>sanctorum</strong></span> <span class='ocrx_word' id='word_1_650' title='bbox 3342 3921 3361 3954; x_wconf 78' lang='grc' dir='ltr'><strong>ι</strong></span> <span class='ocrx_word' id='word_1_651' title='bbox 3396 3901 3462 3967; x_wconf 87' lang='lat' dir='ltr'><strong>de</strong></span> <span class='ocrx_word' id='word_1_652' title='bbox 3495 3901 3555 3965; x_wconf 83' lang='lat' dir='ltr'><strong>li-</strong></span> 
     </span>
    </p>
   </div>
   <div class='ocr_carea' id='block_1_85' title="bbox 1958 3995 3556 4073">
    <p class='ocr_par' dir='ltr' id='par_1_85' title="bbox 1958 3995 3556 4073">
     <span class='ocr_line' id='line_1_85' title="bbox 1958 3995 3556 4073; baseline 0.004 -24"><span class='ocrx_word' id='word_1_653' title='bbox 1958 4011 2063 4065; x_wconf 80' lang='lat' dir='ltr'><strong>gno</strong></span> <span class='ocrx_word' id='word_1_654' title='bbox 2092 4006 2182 4050; x_wconf 88' lang='lat' dir='ltr'><strong>aut</strong></span> <span class='ocrx_word' id='word_1_655' title='bbox 2217 3995 2284 4051; x_wconf 90' lang='lat' dir='ltr'><strong>de</strong></span> <span class='ocrx_word' id='word_1_656' title='bbox 2326 4013 2462 4067; x_wconf 91' lang='lat' dir='ltr'><strong>pane</strong></span> <span class='ocrx_word' id='word_1_657' title='bbox 2504 3998 2641 4060; x_wconf 83' lang='lat' dir='ltr'><strong>fieri.</strong></span> <span class='ocrx_word' id='word_1_658' title='bbox 2681 4020 2697 4052; x_wconf 81' lang='grc' dir='ltr'><strong>ι</strong></span> <span class='ocrx_word' id='word_1_659' title='bbox 2751 4000 2802 4053; x_wconf 93' lang='lat' dir='ltr'><strong>in</strong></span> <span class='ocrx_word' id='word_1_660' title='bbox 2851 4000 3112 4063; x_wconf 76' lang='lat' dir='ltr'><strong>Venetico</strong></span> <span class='ocrx_word' id='word_1_661' title='bbox 3158 4011 3213 4058; x_wconf 88' lang='lat' dir='ltr'><strong>et</strong></span> <span class='ocrx_word' id='word_1_662' title='bbox 3256 4000 3556 4073; x_wconf 73' lang='lat' dir='ltr'><strong>Agatbensi</strong></span> 
     </span>
    </p>
   </div>
   <div class='ocr_carea' id='block_1_86' title="bbox 1965 4090 3555 4167">
    <p class='ocr_par' dir='ltr' id='par_1_86' title="bbox 1965 4090 3555 4167">
     <span class='ocr_line' id='line_1_86' title="bbox 1965 4090 3555 4167; baseline 0.009 -28"><span class='ocrx_word' id='word_1_663' title='bbox 1965 4108 1982 4140; x_wconf 76' lang='grc' dir='ltr'><strong>ι</strong></span> <span class='ocrx_word' id='word_1_664' title='bbox 2013 4104 2351 4160; x_wconf 84' lang='lat' dir='ltr'><strong>quacumque</strong></span> <span class='ocrx_word' id='word_1_665' title='bbox 2379 4090 2783 4161; x_wconf 85' lang='lat' dir='ltr'><strong>Scripturarunt</strong></span> <span class='ocrx_word' id='word_1_666' title='bbox 2814 4095 3175 4167; x_wconf 82' lang='lat' dir='ltr'><strong>inspectione,</strong></span> <span class='ocrx_word' id='word_1_667' title='bbox 3213 4114 3230 4147; x_wconf 77' lang='grc' dir='ltr'><strong>ι</strong></span> <span class='ocrx_word' id='word_1_668' title='bbox 3266 4093 3555 4159; x_wconf 63' lang='lat' dir='ltr'><strong>indicatur.</strong></span> 
     </span>
    </p>
   </div>
   <div class='ocr_carea' id='block_1_87' title="bbox 1957 4168 3553 4255">
    <p class='ocr_par' dir='ltr' id='par_1_87' title="bbox 1957 4168 3553 4255">
     <span class='ocr_line' id='line_1_87' title="bbox 1957 4168 3553 4255; baseline 0.004 -21"><span class='ocrx_word' id='word_1_669' title='bbox 1957 4181 2078 4247; x_wconf 86' lang='lat' dir='ltr'><strong>Quo</strong></span> <span class='ocrx_word' id='word_1_670' title='bbox 2099 4191 2308 4250; x_wconf 87' lang='lat' dir='ltr'><strong>spectat</strong></span> <span class='ocrx_word' id='word_1_671' title='bbox 2340 4182 2470 4237; x_wconf 90' lang='lat' dir='ltr'><strong>illud</strong></span> <span class='ocrx_word' id='word_1_672' title='bbox 2503 4168 2796 4255; x_wconf 83' lang='lat' dir='ltr'><strong>capitulum</strong></span> <span class='ocrx_word' id='word_1_673' title='bbox 2824 4203 2849 4237; x_wconf 71' lang='grc' dir='ltr'><strong>ιι</strong></span> <span class='ocrx_word' id='word_1_674' title='bbox 2875 4185 3165 4249; x_wconf 86' lang='lat' dir='ltr'><strong>Sirtnondo</strong></span> <span class='ocrx_word' id='word_1_675' title='bbox 3190 4196 3263 4242; x_wconf 91' lang='lat' dir='ltr'><strong>to.</strong></span> <span class='ocrx_word' id='word_1_676' title='bbox 3290 4186 3553 4249; x_wconf 85' lang='lat' dir='ltr'><strong>llConcil.</strong></span> 
     </span>
    </p>
   </div>
   <div class='ocr_carea' id='block_1_88' title="bbox 1959 4271 3557 4347">
    <p class='ocr_par' dir='ltr' id='par_1_88' title="bbox 1959 4271 3557 4347">
     <span class='ocr_line' id='line_1_88' title="bbox 1959 4271 3557 4347; baseline 0.006 -23"><span class='ocrx_word' id='word_1_677' title='bbox 1959 4271 2098 4328; x_wconf 84' lang='lat' dir='ltr'><strong>Gall.</strong></span> <span class='ocrx_word' id='word_1_678' title='bbox 2138 4289 2255 4343; x_wconf 80' lang='lat' dir='ltr'><strong>pag.</strong></span> <span class='ocrx_word' id='word_1_679' title='bbox 2299 4274 2434 4339; x_wconf 80' lang='grc'>157,</span> <span class='ocrx_word' id='word_1_680' title='bbox 2478 4274 2543 4329; x_wconf 87' lang='lat' dir='ltr'><strong>ad</strong></span> <span class='ocrx_word' id='word_1_681' title='bbox 2577 4292 2703 4331; x_wconf 88' lang='lat' dir='ltr'><strong>ann.</strong></span> <span class='ocrx_word' id='word_1_682' title='bbox 2740 4276 2841 4332; x_wconf 87' lang='lat'><strong>789</strong></span> <span class='ocrx_word' id='word_1_683' title='bbox 2865 4319 2878 4342; x_wconf 93' lang='lat'><strong>,</strong></span> <span class='ocrx_word' id='word_1_684' title='bbox 2926 4280 3196 4333; x_wconf 88' lang='lat' dir='ltr'><strong>relatum:</strong></span> <span class='ocrx_word' id='word_1_685' title='bbox 3237 4296 3255 4339; x_wconf 74' lang='grc' dir='ltr'><em>ς</em></span> <span class='ocrx_word' id='word_1_686' title='bbox 3288 4272 3474 4339; x_wconf 81' lang='lat' dir='ltr'><strong>Nullus</strong></span> <span class='ocrx_word' id='word_1_687' title='bbox 3503 4279 3557 4347; x_wconf 77' lang='lat' dir='ltr'><strong>in</strong></span> 
     </span>
    </p>
   </div>
   <div class='ocr_carea' id='block_1_89' title="bbox 1960 4364 3556 4439">
    <p class='ocr_par' dir='ltr' id='par_1_89' title="bbox 1960 4364 3556 4439">
     <span class='ocr_line' id='line_1_89' title="bbox 1960 4364 3556 4439; baseline 0.004 -22"><span class='ocrx_word' id='word_1_688' title='bbox 1960 4364 2240 4434; x_wconf 72' lang='lat' dir='ltr'><strong>psalterio,</strong></span> <span class='ocrx_word' id='word_1_689' title='bbox 2276 4364 2357 4419; x_wconf 85' lang='lat' dir='ltr'><strong>vel</strong></span> <span class='ocrx_word' id='word_1_690' title='bbox 2389 4366 2439 4419; x_wconf 90' lang='lat' dir='ltr'><strong>in</strong></span> <span class='ocrx_word' id='word_1_691' title='bbox 2474 4364 2794 4438; x_wconf 74' lang='lat' dir='ltr'><strong>Evnngclio,</strong></span> <span class='ocrx_word' id='word_1_692' title='bbox 2821 4368 2904 4422; x_wconf 88' lang='lat' dir='ltr'><strong>vel</strong></span> <span class='ocrx_word' id='word_1_693' title='bbox 2940 4370 2989 4427; x_wconf 89' lang='lat' dir='ltr'><strong>in</strong></span> <span class='ocrx_word' id='word_1_694' title='bbox 3019 4368 3141 4423; x_wconf 87' lang='lat' dir='ltr'><strong>aliis</strong></span> <span class='ocrx_word' id='word_1_695' title='bbox 3174 4368 3339 4439; x_wconf 83' lang='lat' dir='ltr'><strong>rebus</strong></span> <span class='ocrx_word' id='word_1_696' title='bbox 3371 4369 3556 4435; x_wconf 83' lang='lat' dir='ltr'><strong>sortiri</strong></span> 
     </span>
    </p>
   </div>
   <div class='ocr_carea' id='block_1_90' title="bbox 1962 4458 3559 4535">
    <p class='ocr_par' dir='ltr' id='par_1_90' title="bbox 1962 4458 3559 4535">
     <span class='ocr_line' id='line_1_90' title="bbox 1962 4458 3559 4535; baseline 0.003 -23"><span class='ocrx_word' id='word_1_697' title='bbox 1962 4467 2273 4527; x_wconf 57' lang='lat' dir='ltr'><strong>praesumat,</strong></span> <span class='ocrx_word' id='word_1_698' title='bbox 2302 4474 2399 4513; x_wconf 88' lang='lat' dir='ltr'><strong>nec</strong></span> <span class='ocrx_word' id='word_1_699' title='bbox 2424 4458 2782 4516; x_wconf 87' lang='lat' dir='ltr'><strong>divinationes</strong></span> <span class='ocrx_word' id='word_1_700' title='bbox 2804 4460 3011 4532; x_wconf 86' lang='lat' dir='ltr'><strong>aliquas</strong></span> <span class='ocrx_word' id='word_1_701' title='bbox 3033 4462 3345 4521; x_wconf 83' lang='lat' dir='ltr'><strong>observare.</strong></span> <span class='ocrx_word' id='word_1_702' title='bbox 3371 4483 3389 4517; x_wconf 75' lang='grc' dir='ltr'><strong>ι</strong></span> <span class='ocrx_word' id='word_1_703' title='bbox 3418 4463 3559 4535; x_wconf 70' lang='lat' dir='ltr'><strong>inter</strong></span> 
     </span>
    </p>
   </div>
   <div class='ocr_carea' id='block_1_91' title="bbox 1963 4550 3554 4626">
    <p class='ocr_par' dir='ltr' id='par_1_91' title="bbox 1963 4550 3554 4626">
     <span class='ocr_line' id='line_1_91' title="bbox 1963 4550 3554 4626; baseline 0.003 -22"><span class='ocrx_word' id='word_1_704' title='bbox 1963 4560 2161 4605; x_wconf 88' lang='lat' dir='ltr'><strong>statuta</strong></span> <span class='ocrx_word' id='word_1_705' title='bbox 2188 4550 2445 4607; x_wconf 83' lang='lat' dir='ltr'><strong>Bonlfacii</strong></span> <span class='ocrx_word' id='word_1_706' title='bbox 2472 4553 2870 4624; x_wconf 83' lang='lat' dir='ltr'><strong>archiepiscopi</strong></span> <span class='ocrx_word' id='word_1_707' title='bbox 2918 4553 3214 4626; x_wconf 86' lang='lat' dir='ltr'><strong>Moguntini</strong></span> <span class='ocrx_word' id='word_1_708' title='bbox 3260 4553 3451 4625; x_wconf 88' lang='lat' dir='ltr'><strong>Spicil.</strong></span> <span class='ocrx_word' id='word_1_709' title='bbox 3482 4565 3554 4619; x_wconf 81' lang='lat' dir='ltr'><strong>to.</strong></span> 
     </span>
    </p>
   </div>
   <div class='ocr_carea' id='block_1_92' title="bbox 260 4620 3562 4727">
    <p class='ocr_par' dir='ltr' id='par_1_92' title="bbox 260 4620 3562 4727">
     <span class='ocr_line' id='line_1_92' title="bbox 260 4620 3562 4727; baseline -0.002 -20"><span class='ocrx_word' id='word_1_710' title='bbox 260 4620 586 4713; x_wconf 72' lang='lat' dir='ltr'><strong>sententiam</strong></span> <span class='ocrx_word' id='word_1_711' title='bbox 619 4620 946 4711; x_wconf 41' lang='lat' dir='ltr'><strong>&#39;coniirmari</strong></span> <span class='ocrx_word' id='word_1_712' title='bbox 978 4620 1233 4717; x_wconf 72' lang='lat' dir='ltr'><strong>prteeepit</strong></span> <span class='ocrx_word' id='word_1_713' title='bbox 1276 4620 1438 4701; x_wconf 80' lang='lat' dir='ltr'><strong>etiam</strong></span> <span class='ocrx_word' id='word_1_714' title='bbox 1472 4646 1523 4699; x_wconf 88' lang='lat' dir='ltr'><strong>in</strong></span> <span class='ocrx_word' id='word_1_715' title='bbox 1556 4655 1740 4699; x_wconf 88' lang='lat' dir='ltr'><strong>sancta</strong></span> <span class='ocrx_word' id='word_1_716' title='bbox 1772 4659 1857 4699; x_wconf 87' lang='lat' dir='ltr'><strong>se—</strong></span> <span class='ocrx_word' id='word_1_717' title='bbox 1882 4620 1938 4683; x_wconf 81' lang='grc' dir='ltr'><strong>Ῑ)</strong></span> <span class='ocrx_word' id='word_1_718' title='bbox 1961 4641 2053 4711; x_wconf 77' lang='lat' dir='ltr'><strong>1X,</strong></span> <span class='ocrx_word' id='word_1_719' title='bbox 2082 4659 2204 4714; x_wconf 87' lang='lat' dir='ltr'><strong>pag.</strong></span> <span class='ocrx_word' id='word_1_720' title='bbox 2237 4644 2305 4699; x_wconf 85' lang='lat'><strong>66</strong></span> <span class='ocrx_word' id='word_1_721' title='bbox 2330 4688 2343 4711; x_wconf 91' lang='lat'><strong>,</strong></span> <span class='ocrx_word' id='word_1_722' title='bbox 2383 4620 2678 4715; x_wconf 83' lang='lat' dir='ltr'><strong>capitulum</strong></span> <span class='ocrx_word' id='word_1_723' title='bbox 2707 4644 2776 4700; x_wconf 77' lang='grc'><strong>55</strong></span> <span class='ocrx_word' id='word_1_724' title='bbox 2805 4620 2881 4700; x_wconf 79' lang='lat' dir='ltr'><strong>sic</strong></span> <span class='ocrx_word' id='word_1_725' title='bbox 2909 4620 3258 4716; x_wconf 63' lang='lat' dir='ltr'><strong>exprimitur.</strong></span> <span class='ocrx_word' id='word_1_726' title='bbox 3351 4647 3409 4717; x_wconf 77' lang='lat' dir='ltr'><strong>Si</strong></span> <span class='ocrx_word' id='word_1_727' title='bbox 3440 4648 3562 4727; x_wconf 68' lang='lat' dir='ltr'><strong>quis</strong></span> 
     </span>
    </p>
   </div>
   <div class='ocr_carea' id='block_1_93' title="bbox 260 4738 1856 4823">
    <p class='ocr_par' dir='ltr' id='par_1_93' title="bbox 260 4738 1856 4823">
     <span class='ocr_line' id='line_1_93' title="bbox 260 4738 1856 4823; baseline -0.003 -25"><span class='ocrx_word' id='word_1_728' title='bbox 260 4747 433 4823; x_wconf 77' lang='lat' dir='ltr'><strong>cuoda</strong></span> <span class='ocrx_word' id='word_1_729' title='bbox 453 4745 682 4817; x_wconf 80' lang='lat' dir='ltr'><strong>synodo,</strong></span> <span class='ocrx_word' id='word_1_730' title='bbox 715 4764 734 4801; x_wconf 79' lang='grc' dir='ltr'><strong>ι</strong></span> <span class='ocrx_word' id='word_1_731' title='bbox 760 4742 1201 4812; x_wconf 70' lang='lat' dir='ltr'><strong>relelluntbujns</strong></span> <span class='ocrx_word' id='word_1_732' title='bbox 1220 4741 1472 4796; x_wconf 83' lang='lat' dir='ltr'><strong>secundae</strong></span> <span class='ocrx_word' id='word_1_733' title='bbox 1493 4738 1686 4811; x_wconf 87' lang='lat' dir='ltr'><strong>synodi</strong></span> <span class='ocrx_word' id='word_1_734' title='bbox 1705 4750 1856 4808; x_wconf 85' lang='lat' dir='ltr'><strong>gesta</strong></span> 
     </span>
    </p>
   </div>
   <div class='ocr_carea' id='block_1_94' title="bbox 261 4831 1859 4906">
    <p class='ocr_par' dir='ltr' id='par_1_94' title="bbox 261 4831 1859 4906">
     <span class='ocr_line' id='line_1_94' title="bbox 261 4831 1859 4906; baseline -0.004 -13"><span class='ocrx_word' id='word_1_735' title='bbox 261 4849 315 4903; x_wconf 84' lang='lat' dir='ltr'><strong>et</strong></span> <span class='ocrx_word' id='word_1_736' title='bbox 345 4839 590 4905; x_wconf 85' lang='lat' dir='ltr'><strong>decreta,</strong></span> <span class='ocrx_word' id='word_1_737' title='bbox 626 4838 680 4901; x_wconf 86' lang='lat' dir='ltr'><strong>in</strong></span> <span class='ocrx_word' id='word_1_738' title='bbox 711 4837 907 4906; x_wconf 84' lang='lat' dir='ltr'><strong>quibus</strong></span> <span class='ocrx_word' id='word_1_739' title='bbox 937 4836 1083 4895; x_wconf 87' lang='lat' dir='ltr'><strong>nulla</strong></span> <span class='ocrx_word' id='word_1_740' title='bbox 1116 4834 1307 4891; x_wconf 82' lang='lat' dir='ltr'><strong>Donati</strong></span> <span class='ocrx_word' id='word_1_741' title='bbox 1330 4875 1344 4898; x_wconf 92' lang='lat'><strong>,</strong></span> <span class='ocrx_word' id='word_1_742' title='bbox 1390 4833 1536 4886; x_wconf 87' lang='lat' dir='ltr'><strong>nulla</strong></span> <span class='ocrx_word' id='word_1_743' title='bbox 1568 4832 1733 4887; x_wconf 88' lang='lat' dir='ltr'><strong>ollius</strong></span> <span class='ocrx_word' id='word_1_744' title='bbox 1768 4831 1859 4903; x_wconf 89' lang='lat' dir='ltr'><strong>qui</strong></span> 
     </span>
    </p>
   </div>
   <div class='ocr_carea' id='block_1_95' title="bbox 266 4926 1857 5000">
    <p class='ocr_par' dir='ltr' id='par_1_95' title="bbox 266 4926 1857 5000">
     <span class='ocr_line' id='line_1_95' title="bbox 266 4926 1857 5000; baseline -0.008 -9"><span class='ocrx_word' id='word_1_745' title='bbox 266 4934 479 4999; x_wconf 84' lang='lat' dir='ltr'><strong>Damasi</strong></span> <span class='ocrx_word' id='word_1_746' title='bbox 505 4933 653 4991; x_wconf 82' lang='lat' dir='ltr'><strong>vices</strong></span> <span class='ocrx_word' id='word_1_747' title='bbox 683 4940 859 5000; x_wconf 85' lang='lat' dir='ltr'><strong>gerat,</strong></span> <span class='ocrx_word' id='word_1_748' title='bbox 897 4940 990 4985; x_wconf 86' lang='lat' dir='ltr'><strong>aut</strong></span> <span class='ocrx_word' id='word_1_749' title='bbox 1031 4929 1122 4998; x_wconf 86' lang='lat' dir='ltr'><strong>qui</strong></span> <span class='ocrx_word' id='word_1_750' title='bbox 1160 4929 1278 4999; x_wconf 85' lang='lat' dir='ltr'><strong>ejus</strong></span> <span class='ocrx_word' id='word_1_751' title='bbox 1306 4929 1525 4983; x_wconf 84' lang='lat' dir='ltr'><strong>nomine</strong></span> <span class='ocrx_word' id='word_1_752' title='bbox 1563 4926 1857 4996; x_wconf 88' lang='lat' dir='ltr'><strong>quidquam</strong></span> 
     </span>
    </p>
   </div>
   <div class='ocr_carea' id='block_1_96' title="bbox 261 5019 1860 5099">
    <p class='ocr_par' dir='ltr' id='par_1_96' title="bbox 261 5019 1860 5099">
     <span class='ocr_line' id='line_1_96' title="bbox 261 5019 1860 5099; baseline -0.007 -16"><span class='ocrx_word' id='word_1_753' title='bbox 261 5025 563 5099; x_wconf 62' lang='lat' dir='ltr'><strong>praecipiat,</strong></span> <span class='ocrx_word' id='word_1_754' title='bbox 593 5024 798 5083; x_wconf 89' lang='lat' dir='ltr'><strong>mentio</strong></span> <span class='ocrx_word' id='word_1_755' title='bbox 826 5022 1073 5083; x_wconf 75' lang='lat' dir='ltr'><strong>habetur.</strong></span> <span class='ocrx_word' id='word_1_756' title='bbox 1102 5024 1211 5077; x_wconf 85' lang='lat' dir='ltr'><strong>Hoc</strong></span> <span class='ocrx_word' id='word_1_757' title='bbox 1238 5037 1401 5077; x_wconf 91' lang='lat' dir='ltr'><strong>unum</strong></span> <span class='ocrx_word' id='word_1_758' title='bbox 1422 5020 1492 5076; x_wconf 89' lang='lat' dir='ltr'><strong>de</strong></span> <span class='ocrx_word' id='word_1_759' title='bbox 1514 5019 1745 5075; x_wconf 88' lang='lat' dir='ltr'><strong>concilio</strong></span> <span class='ocrx_word' id='word_1_760' title='bbox 1766 5019 1860 5073; x_wconf 93' lang='lat' dir='ltr'><strong>illo</strong></span> 
     </span>
    </p>
   </div>
   <div class='ocr_carea' id='block_1_97' title="bbox 264 5112 1857 5189">
    <p class='ocr_par' dir='ltr' id='par_1_97' title="bbox 264 5112 1857 5189">
     <span class='ocr_line' id='line_1_97' title="bbox 264 5112 1857 5189; baseline -0.009 -12"><span class='ocrx_word' id='word_1_761' title='bbox 264 5121 529 5187; x_wconf 79' lang='lat' dir='ltr'><strong>Damasus</strong></span> <span class='ocrx_word' id='word_1_762' title='bbox 556 5117 803 5189; x_wconf 81' lang='lat' dir='ltr'><strong>epistolis</strong></span> <span class='ocrx_word' id='word_1_763' title='bbox 829 5116 864 5177; x_wconf 83' lang='grc'>8</span> <span class='ocrx_word' id='word_1_764' title='bbox 890 5125 945 5175; x_wconf 87' lang='lat' dir='ltr'><strong>et</strong></span> <span class='ocrx_word' id='word_1_765' title='bbox 971 5118 1003 5171; x_wconf 77' lang='lat' dir='ltr'><strong>ti</strong></span> <span class='ocrx_word' id='word_1_766' title='bbox 1034 5116 1258 5171; x_wconf 83' lang='lat' dir='ltr'><strong>Acltolio</strong></span> <span class='ocrx_word' id='word_1_767' title='bbox 1296 5131 1362 5171; x_wconf 84' lang='lat' dir='ltr'><strong>ac</strong></span> <span class='ocrx_word' id='word_1_768' title='bbox 1392 5115 1556 5173; x_wconf 75' lang='lat' dir='ltr'><strong>sociis</strong></span> <span class='ocrx_word' id='word_1_769' title='bbox 1585 5112 1857 5184; x_wconf 71' lang='lat' dir='ltr'><strong>praecipit,</strong></span> 
     </span>
    </p>
   </div>
   <div class='ocr_carea' id='block_1_98' title="bbox 266 5207 1864 5285">
    <p class='ocr_par' dir='ltr' id='par_1_98' title="bbox 266 5207 1864 5285">
     <span class='ocr_line' id='line_1_98' title="bbox 266 5207 1864 5285; baseline -0.008 -13"><span class='ocrx_word' id='word_1_770' title='bbox 266 5227 323 5281; x_wconf 83' lang='lat' dir='ltr'><strong>nt</strong></span> <span class='ocrx_word' id='word_1_771' title='bbox 353 5230 571 5285; x_wconf 80' lang='lat' dir='ltr'><strong>operam</strong></span> <span class='ocrx_word' id='word_1_772' title='bbox 605 5213 729 5271; x_wconf 84' lang='lat' dir='ltr'><strong>dent</strong></span> <span class='ocrx_word' id='word_1_773' title='bbox 761 5250 777 5277; x_wconf 90' lang='lat'><strong>,</strong></span> <span class='ocrx_word' id='word_1_774' title='bbox 809 5209 1267 5280; x_wconf 81' lang='lat' dir='ltr'><strong>quemadmodum</strong></span> <span class='ocrx_word' id='word_1_775' title='bbox 1299 5210 1353 5262; x_wconf 89' lang='lat' dir='ltr'><strong>in</strong></span> <span class='ocrx_word' id='word_1_776' title='bbox 1381 5223 1447 5263; x_wconf 88' lang='lat' dir='ltr'><strong>eo</strong></span> <span class='ocrx_word' id='word_1_777' title='bbox 1482 5207 1864 5261; x_wconf 57' lang='lat' dir='ltr'><strong>Constantinov</strong></span> 
     </span>
    </p>
   </div>
   <div class='ocr_carea' id='block_1_99' title="bbox 267 5302 1859 5380">
    <p class='ocr_par' dir='ltr' id='par_1_99' title="bbox 267 5302 1859 5380">
     <span class='ocr_line' id='line_1_99' title="bbox 267 5302 1859 5380; baseline -0.004 -19"><span class='ocrx_word' id='word_1_778' title='bbox 267 5310 373 5379; x_wconf 81' lang='lat' dir='ltr'><strong>poli</strong></span> <span class='ocrx_word' id='word_1_779' title='bbox 402 5307 687 5380; x_wconf 76' lang='lat' dir='ltr'><strong>episcopus</strong></span> <span class='ocrx_word' id='word_1_780' title='bbox 710 5304 1014 5372; x_wconf 85' lang='lat' dir='ltr'><strong>inculpatus</strong></span> <span class='ocrx_word' id='word_1_781' title='bbox 1039 5303 1340 5359; x_wconf 86' lang='lat' dir='ltr'><strong>ordinetur.</strong></span> <span class='ocrx_word' id='word_1_782' title='bbox 1378 5320 1396 5355; x_wconf 74' lang='grc' dir='ltr'><strong>ι</strong></span> <span class='ocrx_word' id='word_1_783' title='bbox 1422 5302 1579 5368; x_wconf 73' lang='lat' dir='ltr'><strong>Quia,</strong></span> <span class='ocrx_word' id='word_1_784' title='bbox 1608 5319 1626 5353; x_wconf 81' lang='grc' dir='ltr'><strong>ι</strong></span> <span class='ocrx_word' id='word_1_785' title='bbox 1663 5302 1859 5370; x_wconf 90' lang='lat' dir='ltr'><strong>inquit,</strong></span> 
     </span>
    </p>
   </div>
   <div class='ocr_carea' id='block_1_100' title="bbox 266 5392 1864 5471">
    <p class='ocr_par' dir='ltr' id='par_1_100' title="bbox 266 5392 1864 5471">
     <span class='ocr_line' id='line_1_100' title="bbox 266 5392 1864 5471; baseline -0.004 -17"><span class='ocrx_word' id='word_1_786' title='bbox 266 5401 426 5471; x_wconf 83' lang='lat' dir='ltr'><strong>epist.</strong></span> <span class='ocrx_word' id='word_1_787' title='bbox 460 5398 517 5465; x_wconf 89' lang='lat'><strong>8,</strong></span> <span class='ocrx_word' id='word_1_788' title='bbox 547 5414 602 5453; x_wconf 86' lang='grc' dir='ltr'><strong>ιι.</strong></span> <span class='ocrx_word' id='word_1_789' title='bbox 633 5397 688 5461; x_wconf 72' lang='grc'><strong>5,</strong></span> <span class='ocrx_word' id='word_1_790' title='bbox 741 5413 761 5449; x_wconf 74' lang='lat' dir='ltr'><strong>t</strong></span> <span class='ocrx_word' id='word_1_791' title='bbox 790 5394 1023 5467; x_wconf 72' lang='lat' dir='ltr'><strong>cognovi</strong></span> <span class='ocrx_word' id='word_1_792' title='bbox 1048 5394 1372 5465; x_wconf 83' lang='lat' dir='ltr'><strong>dispositum</strong></span> <span class='ocrx_word' id='word_1_793' title='bbox 1401 5408 1522 5448; x_wconf 88' lang='lat' dir='ltr'><strong>esse</strong></span> <span class='ocrx_word' id='word_1_794' title='bbox 1550 5392 1864 5448; x_wconf 62' lang='lat' dir='ltr'><strong>Constantio</strong></span> 
     </span>
    </p>
   </div>
   <div class='ocr_carea' id='block_1_101' title="bbox 268 5489 1863 5565">
    <p class='ocr_par' dir='ltr' id='par_1_101' title="bbox 268 5489 1863 5565">
     <span class='ocr_line' id='line_1_101' title="bbox 268 5489 1863 5565; baseline -0.001 -18"><span class='ocrx_word' id='word_1_795' title='bbox 268 5494 452 5565; x_wconf 78' lang='lat' dir='ltr'><strong>nopnli</strong></span> <span class='ocrx_word' id='word_1_796' title='bbox 481 5491 772 5553; x_wconf 84' lang='lat' dir='ltr'><strong>concilium</strong></span> <span class='ocrx_word' id='word_1_797' title='bbox 806 5491 924 5547; x_wconf 80' lang='lat' dir='ltr'><strong>fieri</strong></span> <span class='ocrx_word' id='word_1_798' title='bbox 966 5490 1197 5558; x_wconf 74' lang='lat' dir='ltr'><strong>debere,</strong></span> <span class='ocrx_word' id='word_1_799' title='bbox 1240 5489 1525 5544; x_wconf 79' lang='lat' dir='ltr'><strong>sinceritas</strong></span> <span class='ocrx_word' id='word_1_800' title='bbox 1561 5501 1739 5545; x_wconf 84' lang='lat' dir='ltr'><strong>vestra</strong></span> <span class='ocrx_word' id='word_1_801' title='bbox 1769 5490 1863 5546; x_wconf 86' lang='lat' dir='ltr'><strong>det</strong></span> 
     </span>
    </p>
   </div>
   <div class='ocr_carea' id='block_1_102' title="bbox 266 5584 1861 5661">
    <p class='ocr_par' dir='ltr' id='par_1_102' title="bbox 266 5584 1861 5661">
     <span class='ocr_line' id='line_1_102' title="bbox 266 5584 1861 5661; baseline -0.003 -17"><span class='ocrx_word' id='word_1_802' title='bbox 266 5604 513 5661; x_wconf 68' lang='lat' dir='ltr'><strong>operam,</strong></span> <span class='ocrx_word' id='word_1_803' title='bbox 536 5585 993 5657; x_wconf 86' lang='lat' dir='ltr'><strong>quemadmodum</strong></span> <span class='ocrx_word' id='word_1_804' title='bbox 1022 5584 1291 5655; x_wconf 66' lang='lat' dir='ltr'><strong>praedicta:</strong></span> <span class='ocrx_word' id='word_1_805' title='bbox 1316 5584 1552 5638; x_wconf 81' lang='lat' dir='ltr'><strong>civitatis</strong></span> <span class='ocrx_word' id='word_1_806' title='bbox 1572 5584 1861 5655; x_wconf 87' lang='lat' dir='ltr'><strong>episcopus</strong></span> 
     </span>
    </p>
   </div>
   <div class='ocr_carea' id='block_1_103' title="bbox 268 5678 1860 5754">
    <p class='ocr_par' dir='ltr' id='par_1_103' title="bbox 268 5678 1860 5754">
     <span class='ocr_line' id='line_1_103' title="bbox 268 5678 1860 5754; baseline -0.001 -17"><span class='ocrx_word' id='word_1_807' title='bbox 268 5684 523 5754; x_wconf 73' lang='lat' dir='ltr'><strong>eligatur,</strong></span> <span class='ocrx_word' id='word_1_808' title='bbox 554 5682 645 5753; x_wconf 86' lang='lat' dir='ltr'><strong>qui</strong></span> <span class='ocrx_word' id='word_1_809' title='bbox 672 5682 874 5741; x_wconf 83' lang='lat' dir='ltr'><strong>nullam</strong></span> <span class='ocrx_word' id='word_1_810' title='bbox 914 5680 1108 5739; x_wconf 81' lang='lat' dir='ltr'><strong>habeat</strong></span> <span class='ocrx_word' id='word_1_811' title='bbox 1134 5678 1635 5749; x_wconf 56' lang='lat' dir='ltr'><strong>reprehensionem.</strong></span> <span class='ocrx_word' id='word_1_812' title='bbox 1690 5699 1709 5733; x_wconf 72' lang='grc' dir='ltr'><strong>ι</strong></span> <span class='ocrx_word' id='word_1_813' title='bbox 1758 5679 1860 5737; x_wconf 85' lang='lat' dir='ltr'><strong>Ubi</strong></span> 
     </span>
    </p>
   </div>
   <div class='ocr_carea' id='block_1_104' title="bbox 269 5772 1861 5844">
    <p class='ocr_par' dir='ltr' id='par_1_104' title="bbox 269 5772 1861 5844">
     <span class='ocr_line' id='line_1_104' title="bbox 269 5772 1861 5844; baseline -0.004 -10"><span class='ocrx_word' id='word_1_814' title='bbox 269 5789 326 5836; x_wconf 88' lang='lat' dir='ltr'><strong>et</strong></span> <span class='ocrx_word' id='word_1_815' title='bbox 364 5776 495 5833; x_wconf 86' lang='lat' dir='ltr'><strong>illud</strong></span> <span class='ocrx_word' id='word_1_816' title='bbox 525 5776 818 5837; x_wconf 73' lang='lat' dir='ltr'><strong>noutndunt</strong></span> <span class='ocrx_word' id='word_1_817' title='bbox 859 5774 1004 5844; x_wconf 86' lang='lat' dir='ltr'><strong>quod</strong></span> <span class='ocrx_word' id='word_1_818' title='bbox 1049 5775 1145 5841; x_wconf 87' lang='lat' dir='ltr'><strong>ait,</strong></span> <span class='ocrx_word' id='word_1_819' title='bbox 1200 5792 1218 5826; x_wconf 73' lang='grc' dir='ltr'><strong>ι</strong></span> <span class='ocrx_word' id='word_1_820' title='bbox 1250 5773 1491 5843; x_wconf 82' lang='lat' dir='ltr'><strong>Cognovi</strong></span> <span class='ocrx_word' id='word_1_821' title='bbox 1538 5772 1861 5843; x_wconf 85' lang='lat' dir='ltr'><strong>dispositum</strong></span> 
     </span>
    </p>
   </div>
   <div class='ocr_carea' id='block_1_105' title="bbox 274 5864 1861 5940">
    <p class='ocr_par' dir='ltr' id='par_1_105' title="bbox 274 5864 1861 5940">
     <span class='ocr_line' id='line_1_105' title="bbox 274 5864 1861 5940; baseline -0.003 -13"><span class='ocrx_word' id='word_1_822' title='bbox 274 5886 394 5929; x_wconf 83' lang='lat' dir='ltr'><strong>esse</strong></span> <span class='ocrx_word' id='word_1_823' title='bbox 435 5868 902 5940; x_wconf 81' lang='lat' dir='ltr'><strong>Constantinopoli</strong></span> <span class='ocrx_word' id='word_1_824' title='bbox 936 5866 1230 5923; x_wconf 85' lang='lat' dir='ltr'><strong>concilium</strong></span> <span class='ocrx_word' id='word_1_825' title='bbox 1273 5866 1388 5922; x_wconf 84' lang='lat' dir='ltr'><strong>lieri</strong></span> <span class='ocrx_word' id='word_1_826' title='bbox 1428 5864 1631 5923; x_wconf 85' lang='lat' dir='ltr'><strong>debere</strong></span> <span class='ocrx_word' id='word_1_827' title='bbox 1654 5907 1669 5930; x_wconf 92' lang='lat'><strong>,</strong></span> <span class='ocrx_word' id='word_1_828' title='bbox 1706 5884 1727 5917; x_wconf 76' lang='grc' dir='ltr'><strong>ι</strong></span> <span class='ocrx_word' id='word_1_829' title='bbox 1763 5880 1861 5923; x_wconf 86' lang='lat' dir='ltr'><strong>nec</strong></span> 
     </span>
    </p>
   </div>
   <div class='ocr_carea' id='block_1_106' title="bbox 1963 4735 3561 4815">
    <p class='ocr_par' dir='ltr' id='par_1_106' title="bbox 1963 4735 3561 4815">
     <span class='ocr_line' id='line_1_106' title="bbox 1963 4735 3561 4815; baseline 0.003 -26"><span class='ocrx_word' id='word_1_830' title='bbox 1963 4735 2247 4805; x_wconf 87' lang='lat' dir='ltr'><strong>presbyter</strong></span> <span class='ocrx_word' id='word_1_831' title='bbox 2291 4744 2384 4790; x_wconf 89' lang='lat' dir='ltr'><strong>aut</strong></span> <span class='ocrx_word' id='word_1_832' title='bbox 2428 4737 2658 4792; x_wconf 89' lang='lat' dir='ltr'><strong>clericus</strong></span> <span class='ocrx_word' id='word_1_833' title='bbox 2690 4738 2912 4807; x_wconf 83' lang='lat' dir='ltr'><strong>auguria</strong></span> <span class='ocrx_word' id='word_1_834' title='bbox 2959 4739 3041 4815; x_wconf 87' lang='lat' dir='ltr'><strong>vel</strong></span> <span class='ocrx_word' id='word_1_835' title='bbox 3074 4739 3441 4813; x_wconf 79' lang='lat' dir='ltr'><strong>divinationes</strong></span> <span class='ocrx_word' id='word_1_836' title='bbox 3467 4752 3561 4801; x_wconf 82' lang='lat' dir='ltr'><strong>aut</strong></span> 
     </span>
    </p>
   </div>
   <div class='ocr_carea' id='block_1_107' title="bbox 1959 4828 3562 4904">
    <p class='ocr_par' dir='ltr' id='par_1_107' title="bbox 1959 4828 3562 4904">
     <span class='ocr_line' id='line_1_107' title="bbox 1959 4828 3562 4904; baseline 0.002 -19"><span class='ocrx_word' id='word_1_837' title='bbox 1959 4829 2189 4893; x_wconf 84' lang='lat' dir='ltr'><strong>somnia,</strong></span> <span class='ocrx_word' id='word_1_838' title='bbox 2222 4831 2333 4885; x_wconf 87' lang='lat' dir='ltr'><strong>sive</strong></span> <span class='ocrx_word' id='word_1_839' title='bbox 2362 4840 2537 4885; x_wconf 85' lang='lat' dir='ltr'><strong>sortes</strong></span> <span class='ocrx_word' id='word_1_840' title='bbox 2559 4845 2653 4885; x_wconf 90' lang='lat' dir='ltr'><strong>seu</strong></span> <span class='ocrx_word' id='word_1_841' title='bbox 2683 4828 3031 4904; x_wconf 87' lang='lat' dir='ltr'><strong>phylactcria,</strong></span> <span class='ocrx_word' id='word_1_842' title='bbox 3062 4834 3113 4888; x_wconf 92' lang='lat' dir='ltr'><strong>id</strong></span> <span class='ocrx_word' id='word_1_843' title='bbox 3144 4844 3228 4901; x_wconf 87' lang='lat' dir='ltr'><strong>est</strong></span> <span class='ocrx_word' id='word_1_844' title='bbox 3252 4830 3562 4903; x_wconf 73' lang='lat' dir='ltr'><strong>Scripturas</strong></span> 
     </span>
    </p>
   </div>
   <div class='ocr_carea' id='block_1_108' title="bbox 1961 4923 3554 4996">
    <p class='ocr_par' dir='ltr' id='par_1_108' title="bbox 1961 4923 3554 4996">
     <span class='ocr_line' id='line_1_108' title="bbox 1961 4923 3554 4996; baseline 0.001 -19"><span class='ocrx_word' id='word_1_845' title='bbox 1961 4923 2356 4987; x_wconf 84' lang='lat' dir='ltr'><strong>observaverit,</strong></span> <span class='ocrx_word' id='word_1_846' title='bbox 2382 4923 2515 4979; x_wconf 86' lang='lat' dir='ltr'><strong>sciat</strong></span> <span class='ocrx_word' id='word_1_847' title='bbox 2538 4940 2597 4979; x_wconf 87' lang='lat' dir='ltr'><strong>se</strong></span> <span class='ocrx_word' id='word_1_848' title='bbox 2627 4939 2895 4980; x_wconf 86' lang='lat' dir='ltr'><strong>canonum</strong></span> <span class='ocrx_word' id='word_1_849' title='bbox 2927 4927 3212 4996; x_wconf 84' lang='lat' dir='ltr'><strong>subjacere</strong></span> <span class='ocrx_word' id='word_1_850' title='bbox 3243 4926 3554 4989; x_wconf 67' lang='lat' dir='ltr'><strong>vindictis.i</strong></span> 
     </span>
    </p>
   </div>
   <div class='ocr_carea' id='block_1_109' title="bbox 1961 5017 3564 5091">
    <p class='ocr_par' dir='ltr' id='par_1_109' title="bbox 1961 5017 3564 5091">
     <span class='ocr_line' id='line_1_109' title="bbox 1961 5017 3564 5091; baseline 0 -19"><span class='ocrx_word' id='word_1_851' title='bbox 1961 5017 2064 5073; x_wconf 87' lang='lat' dir='ltr'><strong>Ubi</strong></span> <span class='ocrx_word' id='word_1_852' title='bbox 2098 5027 2281 5072; x_wconf 82' lang='lat' dir='ltr'><strong>notato</strong></span> <span class='ocrx_word' id='word_1_853' title='bbox 2312 5017 2556 5088; x_wconf 85' lang='lat' dir='ltr'><strong>dignum,</strong></span> <span class='ocrx_word' id='word_1_854' title='bbox 2586 5019 2729 5090; x_wconf 86' lang='lat' dir='ltr'><strong>quod</strong></span> <span class='ocrx_word' id='word_1_855' title='bbox 2760 5029 2925 5083; x_wconf 79' lang='lat' dir='ltr'><strong>sortes</strong></span> <span class='ocrx_word' id='word_1_856' title='bbox 2955 5031 3009 5074; x_wconf 91' lang='lat' dir='ltr'><strong>et</strong></span> <span class='ocrx_word' id='word_1_857' title='bbox 3048 5019 3371 5091; x_wconf 82' lang='lat' dir='ltr'><strong>phylacteria</strong></span> <span class='ocrx_word' id='word_1_858' title='bbox 3416 5019 3564 5085; x_wconf 85' lang='lat' dir='ltr'><strong>velut</strong></span> 
     </span>
    </p>
   </div>
   <div class='ocr_carea' id='block_1_110' title="bbox 1965 5110 3562 5182">
    <p class='ocr_par' dir='ltr' id='par_1_110' title="bbox 1965 5110 3562 5182">
     <span class='ocr_line' id='line_1_110' title="bbox 1965 5110 3562 5182; baseline 0 -17"><span class='ocrx_word' id='word_1_859' title='bbox 1965 5125 2264 5182; x_wconf 86' lang='lat' dir='ltr'><strong>synonyma</strong></span> <span class='ocrx_word' id='word_1_860' title='bbox 2300 5110 2617 5166; x_wconf 80' lang='lat' dir='ltr'><strong>habeantur.</strong></span> <span class='ocrx_word' id='word_1_861' title='bbox 2652 5110 2700 5167; x_wconf 91' lang='lat' dir='ltr'><strong>is</strong></span> <span class='ocrx_word' id='word_1_862' title='bbox 2727 5122 2906 5167; x_wconf 89' lang='lat' dir='ltr'><strong>autem</strong></span> <span class='ocrx_word' id='word_1_863' title='bbox 2939 5127 3075 5178; x_wconf 88' lang='lat' dir='ltr'><strong>mos,</strong></span> <span class='ocrx_word' id='word_1_864' title='bbox 3125 5128 3232 5182; x_wconf 93' lang='lat' dir='ltr'><strong>quo</strong></span> <span class='ocrx_word' id='word_1_865' title='bbox 3256 5127 3287 5167; x_wconf 91' lang='lat' dir='ltr'><strong>e</strong></span> <span class='ocrx_word' id='word_1_866' title='bbox 3316 5110 3562 5182; x_wconf 84' lang='lat' dir='ltr'><strong>Scriptu-</strong></span> 
     </span>
    </p>
   </div>
   <div class='ocr_carea' id='block_1_111' title="bbox 1967 5202 3558 5277">
    <p class='ocr_par' dir='ltr' id='par_1_111' title="bbox 1967 5202 3558 5277">
     <span class='ocr_line' id='line_1_111' title="bbox 1967 5202 3558 5277; baseline -0.001 -19"><span class='ocrx_word' id='word_1_867' title='bbox 1967 5218 2150 5259; x_wconf 89' lang='lat' dir='ltr'><strong>rarum</strong></span> <span class='ocrx_word' id='word_1_868' title='bbox 2185 5204 2518 5273; x_wconf 80' lang='lat' dir='ltr'><strong>inspectione</strong></span> <span class='ocrx_word' id='word_1_869' title='bbox 2547 5202 2847 5259; x_wconf 81' lang='lat' dir='ltr'><strong>futmorum</strong></span> <span class='ocrx_word' id='word_1_870' title='bbox 2882 5204 3143 5276; x_wconf 59' lang='lat' dir='ltr'><strong>praesagia</strong></span> <span class='ocrx_word' id='word_1_871' title='bbox 3185 5205 3558 5277; x_wconf 85' lang='lat' dir='ltr'><strong>capiebantur,</strong></span> 
     </span>
    </p>
   </div>
   <div class='ocr_carea' id='block_1_112' title="bbox 1966 5296 3561 5373">
    <p class='ocr_par' dir='ltr' id='par_1_112' title="bbox 1966 5296 3561 5373">
     <span class='ocr_line' id='line_1_112' title="bbox 1966 5296 3561 5373; baseline -0.001 -22"><span class='ocrx_word' id='word_1_872' title='bbox 1966 5298 2217 5367; x_wconf 89' lang='lat' dir='ltr'><strong>quamvis</strong></span> <span class='ocrx_word' id='word_1_873' title='bbox 2246 5311 2276 5351; x_wconf 68' lang='grc' dir='ltr'>ξι</span> <span class='ocrx_word' id='word_1_874' title='bbox 2304 5298 2501 5353; x_wconf 58' lang='grc' dir='ltr'>ελοειιιο</span> <span class='ocrx_word' id='word_1_875' title='bbox 2532 5314 2580 5352; x_wconf 76' lang='lat' dir='ltr'><strong>vr</strong></span> <span class='ocrx_word' id='word_1_876' title='bbox 2612 5300 2832 5353; x_wconf 92' lang='lat' dir='ltr'><strong>ineunte</strong></span> <span class='ocrx_word' id='word_1_877' title='bbox 2864 5312 2926 5352; x_wconf 89' lang='lat' dir='ltr'><strong>ac</strong></span> <span class='ocrx_word' id='word_1_878' title='bbox 2954 5296 3210 5373; x_wconf 88' lang='lat' dir='ltr'><strong>deinceps</strong></span> <span class='ocrx_word' id='word_1_879' title='bbox 3244 5298 3406 5352; x_wconf 85' lang='lat' dir='ltr'><strong>toties</strong></span> <span class='ocrx_word' id='word_1_880' title='bbox 3436 5312 3561 5368; x_wconf 81' lang='lat' dir='ltr'><strong>pro—</strong></span> 
     </span>
    </p>
   </div>
   <div class='ocr_carea' id='block_1_113' title="bbox 1967 5390 3563 5463">
    <p class='ocr_par' dir='ltr' id='par_1_113' title="bbox 1967 5390 3563 5463">
     <span class='ocr_line' id='line_1_113' title="bbox 1967 5390 3563 5463; baseline 0 -18"><span class='ocrx_word' id='word_1_881' title='bbox 1967 5390 2193 5456; x_wconf 85' lang='lat' dir='ltr'><strong>bibitus,</strong></span> <span class='ocrx_word' id='word_1_882' title='bbox 2225 5391 2316 5446; x_wconf 90' lang='lat' dir='ltr'><strong>diu</strong></span> <span class='ocrx_word' id='word_1_883' title='bbox 2347 5402 2525 5449; x_wconf 91' lang='lat' dir='ltr'><strong>tamen</strong></span> <span class='ocrx_word' id='word_1_884' title='bbox 2555 5403 2739 5463; x_wconf 85' lang='lat' dir='ltr'><strong>postea</strong></span> <span class='ocrx_word' id='word_1_885' title='bbox 2772 5393 3157 5461; x_wconf 83' lang='lat' dir='ltr'><strong>perseveravit,</strong></span> <span class='ocrx_word' id='word_1_886' title='bbox 3186 5400 3240 5447; x_wconf 92' lang='lat' dir='ltr'><strong>et</strong></span> <span class='ocrx_word' id='word_1_887' title='bbox 3265 5392 3439 5461; x_wconf 75' lang='lat' dir='ltr'><strong>adhuc</strong></span> <span class='ocrx_word' id='word_1_888' title='bbox 3462 5406 3563 5445; x_wconf 69' lang='lat' dir='ltr'><strong>stc-</strong></span> 
     </span>
    </p>
   </div>
   <div class='ocr_carea' id='block_1_114' title="bbox 1968 5484 3563 5559">
    <p class='ocr_par' dir='ltr' id='par_1_114' title="bbox 1968 5484 3563 5559">
     <span class='ocr_line' id='line_1_114' title="bbox 1968 5484 3563 5559; baseline -0.004 -16"><span class='ocrx_word' id='word_1_889' title='bbox 1968 5488 2091 5543; x_wconf 89' lang='lat' dir='ltr'><strong>culo</strong></span> <span class='ocrx_word' id='word_1_890' title='bbox 2124 5501 2197 5542; x_wconf 84' lang='lat' dir='ltr'><strong>xtl</strong></span> <span class='ocrx_word' id='word_1_891' title='bbox 2228 5488 2447 5542; x_wconf 88' lang='lat' dir='ltr'><strong>ineunte</strong></span> <span class='ocrx_word' id='word_1_892' title='bbox 2482 5488 2737 5557; x_wconf 80' lang='lat' dir='ltr'><strong>frequens</strong></span> <span class='ocrx_word' id='word_1_893' title='bbox 2767 5494 2904 5540; x_wconf 90' lang='lat' dir='ltr'><strong>erat.</strong></span> <span class='ocrx_word' id='word_1_894' title='bbox 2932 5485 3065 5540; x_wconf 83' lang='lat' dir='ltr'><strong>Hinc</strong></span> <span class='ocrx_word' id='word_1_895' title='bbox 3084 5486 3470 5559; x_wconf 78' lang='lat' dir='ltr'><strong>progttosticuttt</strong></span> <span class='ocrx_word' id='word_1_896' title='bbox 3499 5484 3563 5538; x_wconf 75' lang='lat' dir='ltr'><strong>il~</strong></span> 
     </span>
    </p>
   </div>
   <div class='ocr_carea' id='block_1_115' title="bbox 1966 5564 3552 5648">
    <p class='ocr_par' dir='ltr' id='par_1_115' title="bbox 1966 5564 3552 5648">
     <span class='ocr_line' id='line_1_115' title="bbox 1966 5564 3552 5648; baseline -0.003 -14"><span class='ocrx_word' id='word_1_897' title='bbox 1966 5580 2079 5646; x_wconf 90' lang='lat' dir='ltr'><strong>iud,</strong></span> <span class='ocrx_word' id='word_1_898' title='bbox 2108 5580 2261 5648; x_wconf 77' lang='lat' dir='ltr'><strong>cuius</strong></span> <span class='ocrx_word' id='word_1_899' title='bbox 2287 5579 2579 5634; x_wconf 86' lang='lat' dir='ltr'><strong>Guibcrtus</strong></span> <span class='ocrx_word' id='word_1_900' title='bbox 2611 5577 2774 5631; x_wconf 88' lang='lat' dir='ltr'><strong>abbas</strong></span> <span class='ocrx_word' id='word_1_901' title='bbox 2806 5574 2989 5647; x_wconf 81' lang='lat' dir='ltr'><strong>Novig.</strong></span> <span class='ocrx_word' id='word_1_902' title='bbox 3022 5576 3115 5637; x_wconf 90' lang='lat' dir='ltr'><strong>lib.</strong></span> <span class='ocrx_word' id='word_1_903' title='bbox 3152 5564 3284 5639; x_wconf 81' lang='lat' dir='ltr'><strong>nde</strong></span> <span class='ocrx_word' id='word_1_904' title='bbox 3305 5576 3423 5633; x_wconf 79' lang='lat' dir='ltr'><strong>Vita</strong></span> <span class='ocrx_word' id='word_1_905' title='bbox 3458 5593 3552 5647; x_wconf 61' lang='lat' dir='ltr'><strong>sna</strong></span> 
     </span>
    </p>
   </div>
   <div class='ocr_carea' id='block_1_116' title="bbox 1968 5668 3567 5740">
    <p class='ocr_par' dir='ltr' id='par_1_116' title="bbox 1968 5668 3567 5740">
     <span class='ocr_line' id='line_1_116' title="bbox 1968 5668 3567 5740; baseline -0.004 -11"><span class='ocrx_word' id='word_1_906' title='bbox 1968 5683 2022 5729; x_wconf 83' lang='lat' dir='ltr'><strong>et</strong></span> <span class='ocrx_word' id='word_1_907' title='bbox 2050 5674 2142 5728; x_wconf 84' lang='lat' dir='ltr'><strong>lib.</strong></span> <span class='ocrx_word' id='word_1_908' title='bbox 2173 5672 2226 5740; x_wconf 78' lang='grc'><strong>5,</strong></span> <span class='ocrx_word' id='word_1_909' title='bbox 2259 5688 2307 5727; x_wconf 88' lang='lat' dir='ltr'><strong>c.</strong></span> <span class='ocrx_word' id='word_1_910' title='bbox 2337 5673 2391 5735; x_wconf 72' lang='grc'><strong>4,</strong></span> <span class='ocrx_word' id='word_1_911' title='bbox 2424 5686 2634 5725; x_wconf 81' lang='lat' dir='ltr'><strong>necnon</strong></span> <span class='ocrx_word' id='word_1_912' title='bbox 2659 5668 2982 5735; x_wconf 77' lang='lat' dir='ltr'><strong>Guilleintus</strong></span> <span class='ocrx_word' id='word_1_913' title='bbox 3013 5669 3296 5727; x_wconf 88' lang='lat' dir='ltr'><strong>Malmcsb.</strong></span> <span class='ocrx_word' id='word_1_914' title='bbox 3325 5670 3415 5724; x_wconf 87' lang='lat' dir='ltr'><strong>lib.</strong></span> <span class='ocrx_word' id='word_1_915' title='bbox 3450 5686 3465 5723; x_wconf 88' lang='grc' dir='ltr'><strong>ι</strong></span> <span class='ocrx_word' id='word_1_916' title='bbox 3499 5669 3567 5733; x_wconf 72' lang='lat' dir='ltr'><strong>de</strong></span> 
     </span>
    </p>
   </div>
   <div class='ocr_carea' id='block_1_117' title="bbox 1969 5762 3564 5837">
    <p class='ocr_par' dir='ltr' id='par_1_117' title="bbox 1969 5762 3564 5837">
     <span class='ocr_line' id='line_1_117' title="bbox 1969 5762 3564 5837; baseline -0.005 -14"><span class='ocrx_word' id='word_1_917' title='bbox 1969 5769 2125 5823; x_wconf 84' lang='lat' dir='ltr'><strong>Pont.</strong></span> <span class='ocrx_word' id='word_1_918' title='bbox 2153 5767 2310 5837; x_wconf 77' lang='lat' dir='ltr'><strong>Angl.</strong></span> <span class='ocrx_word' id='word_1_919' title='bbox 2335 5764 2428 5819; x_wconf 90' lang='lat' dir='ltr'><strong>fol.</strong></span> <span class='ocrx_word' id='word_1_920' title='bbox 2458 5763 2579 5829; x_wconf 66' lang='grc'>121,</span> <span class='ocrx_word' id='word_1_921' title='bbox 2606 5763 2921 5829; x_wconf 85' lang='lat' dir='ltr'><strong>meminere,</strong></span> <span class='ocrx_word' id='word_1_922' title='bbox 2949 5780 3055 5835; x_wconf 89' lang='lat' dir='ltr'><strong>quo</strong></span> <span class='ocrx_word' id='word_1_923' title='bbox 3078 5762 3350 5829; x_wconf 83' lang='lat' dir='ltr'><strong>videlicet,</strong></span> <span class='ocrx_word' id='word_1_924' title='bbox 3375 5771 3564 5834; x_wconf 84' lang='lat' dir='ltr'><strong>aperto</strong></span> 
     </span>
    </p>
   </div>
   <div class='ocr_carea' id='block_1_118' title="bbox 1972 5855 3569 5928">
    <p class='ocr_par' dir='ltr' id='par_1_118' title="bbox 1972 5855 3569 5928">
     <span class='ocr_line' id='line_1_118' title="bbox 1972 5855 3569 5928; baseline -0.004 -10"><span class='ocrx_word' id='word_1_925' title='bbox 1972 5861 2155 5918; x_wconf 86' lang='lat' dir='ltr'><strong>codice</strong></span> <span class='ocrx_word' id='word_1_926' title='bbox 2186 5874 2370 5924; x_wconf 64' lang='lat' dir='ltr'><strong>sacro,</strong></span> <span class='ocrx_word' id='word_1_927' title='bbox 2408 5857 2617 5914; x_wconf 87' lang='lat' dir='ltr'><strong>futuros</strong></span> <span class='ocrx_word' id='word_1_928' title='bbox 2646 5870 2826 5913; x_wconf 87' lang='lat' dir='ltr'><strong>mores</strong></span> <span class='ocrx_word' id='word_1_929' title='bbox 2855 5855 3011 5913; x_wconf 76' lang='lat' dir='ltr'><strong>elecd</strong></span> <span class='ocrx_word' id='word_1_930' title='bbox 3045 5856 3159 5914; x_wconf 88' lang='lat' dir='ltr'><strong>sive</strong></span> <span class='ocrx_word' id='word_1_931' title='bbox 3187 5855 3424 5928; x_wconf 89' lang='lat' dir='ltr'><strong>episcopi</strong></span> <span class='ocrx_word' id='word_1_932' title='bbox 3453 5860 3569 5913; x_wconf 87' lang='lat' dir='ltr'><strong>sive</strong></span> 
     </span>
    </p>
   </div>
  </div>
