4048 6350
481 3301 506 3314 ι
594 3280 878 3334 hominum
912 3289 1006 3334 aut
1033 3278 1254 3335 damnet
1282 3287 1375 3334 aut
1408 3278 1674 3350 subripiat
1700 3298 1714 3334 :
1737 3280 1860 3335 etsi
1885 3280 2062 3351 aliqua
2091 3289 2194 3348 cst,

517 274 664 334 tam
1997 261 2350 320 anesum.
3610 272 3705 334 im

521 393 735 451 abbatis
775 389 1158 463 conjiciebant.
1205 388 1380 458 Quem
1428 399 1637 442 morem
1683 381 2120 453 antiquissimum
2147 381 2204 444 Α
2229 394 2360 436 num
2401 381 2717 453 cpiscOpum
2762 381 2818 437 in
2873 380 3102 438 ecclesia
3142 393 3234 435 sua
3281 380 3569 450 instituisse,
3603 395 3710 456 atque

526 500 650 541 esse
682 483 878 556 probat
905 493 1092 538 noster
1123 479 1439 536 Edmundus
1469 477 1712 535 Martene
1739 483 1817 530 to.
1847 473 1891 530 Il
1922 473 1992 531 de
2011 477 2125 531 Att-
2237 473 2379 530 hunc
2401 489 2565 530 unum
2589 474 2657 531 ab
2669 474 3008 532 Antiocltena
3033 473 3258 531 ecclesia
3280 473 3344 530 ad
3362 483 3556 532 ceteras
3569 493 3712 548 perma-

529 578 632 649 tiq.
657 576 803 632 Eccl.
835 576 926 631 rit.
960 590 1081 647 pag.
1112 573 1234 628 551.
1605 601 1610 605 -
2238 581 2400 624 nasse
2445 567 2696 625 Socrates
2737 567 2832 623 lib.
2877 583 2959 634 vi,
2986 582 3038 622 e.
3069 566 3124 633 8,
3155 577 3338 623 auctor
3365 577 3458 623 est.
3487 569 3576 625 lloc
3608 572 3716 629 etiam

602 669 657 726 9.
693 667 941 723 Mulieres
963 667 1252 723 dwmonunt
1282 663 1610 719 illusionibus
1626 658 2136 727 seductw.—Quod
2239 663 2446 719 Plinius
2467 662 2627 733 epist.
2663 661 2788 729 102,
2817 661 2885 718 ad
2928 661 3215 731 Traianum
3247 676 3361 717 sese
3405 675 3434 716 a
3478 659 3718 721 Christianis

531 765 590 818 in
622 763 849 819 decreto
885 762 919 817 6
945 761 1014 818 de
1063 759 1386 816 mulieribus
1429 759 1740 813 daemonum
1790 755 2140 812 illusionibus
2243 757 2579 828 comperisse
2623 755 2846 823 scribit,
2897 774 2916 807 ι
2945 755 3089 827 quod
3130 763 3312 810 essent
3359 755 3490 809 soliti
3527 766 3637 811 stato
3666 758 3724 813 die

543 859 790 915 seductis
821 857 1076 928 legimus,
1120 854 1387 910 habemus
1414 864 1471 910 et
1517 854 1570 908 in
1619 851 1924 923 appendice
1955 859 2033 904 to.
2067 847 2140 904 Vl
2244 859 2371 905 ante
2400 849 2576 905 lucem
2616 849 2930 916 convenire,
2954 862 3278 920 carmenque
3303 847 3499 904 Christo
3515 850 3633 920 quasi
3655 850 3728 906 Deo

542 952 859 1024 Augustini,
895 951 987 1005 lib.
1017 950 1084 1005 de
1127 948 1331 1020 Spiritu
1373 957 1429 1002 et
1476 947 1672 1003 Anima
1705 960 1756 1002 c.
1783 945 1877 1010 28,
1905 959 1969 998 ac
1996 942 2145 998 velut
2247 943 2430 1000 dicere
2471 959 2655 1000 secum
2695 944 2928 999 invicem.
2972 962 2991 996 ι
3028 941 3212 1013 Neque
3249 942 3529 996 auctoritati
3557 941 3650 997 huic
3667 941 3730 997 de-

541 1063 608 1101 ex
640 1059 850 1100 canone
893 1045 920 1098 1
963 1043 1238 1115 Ancyrani
1268 1041 1484 1097 concilii
1518 1044 1718 1096 citatur
1757 1056 1786 1094 ει
1830 1037 2146 1094 Burcltardo
2252 1035 2416 1091 trahit
2443 1035 2918 1107 quidquam,quod
2940 1035 3302 1091 Tertullianus
3325 1033 3576 1105 Apologet.
3599 1032 3732 1104 capi,

538 1137 639 1196 lib.
694 1156 749 1206 χ,
783 1154 834 1192 c.
887 1138 950 1200 1;
986 1137 1151 1192 lvone
1208 1152 1260 1205 ι).
1295 1137 1386 1203 11,
1419 1149 1469 1190 c.
1528 1135 1617 1200 30,
1672 1144 1726 1190 et
1767 1132 2024 1190 Gratiano
2050 1132 2144 1199 26,
2251 1129 2393 1186 istud
2440 1130 2655 1185 invicem
2696 1122 3084 1200 praetermittit,
3133 1143 3200 1183 ac
3241 1127 3417 1183 dicere
3459 1127 3574 1182 satis
3611 1127 3736 1192 habet,

542 1244 739 1305 QU‘JPSI.
771 1235 826 1296 5,
859 1248 911 1288 c.
949 1231 1037 1287 12.
1092 1228 1190 1286 Cui
1242 1230 1660 1301 adjudicandum
1695 1230 1788 1296 sit,
1837 1245 1944 1284 non
1994 1227 2150 1283 facile
2253 1221 2484 1278 Plinium
2511 1221 2579 1277 ad
2606 1221 2899 1292 Trajanum
2927 1220 3241 1291 scripsisse,
3281 1239 3298 1272 ι
3335 1219 3458 1274 niliil
3484 1218 3603 1274 aliud
3631 1233 3675 1274 se
3699 1219 3742 1275 de

544 1327 856 1382 deﬁniatur.
890 1323 969 1380 Ad
996 1324 1312 1395 praedictum
1345 1325 1413 1380 de
1441 1325 1639 1393 spiritu
1667 1333 1724 1379 et
1745 1325 1923 1379 anima
1951 1322 2151 1376 librum
2256 1316 2615 1372 sacramentis
2671 1328 2862 1371 eorum
2917 1312 3420 1386 (Christianorum)
3473 1313 3744 1382 corripuisse,

545 1418 692 1491 quod
719 1420 935 1483 attinet,
963 1433 1086 1472 cum
1117 1418 1163 1472 is
1204 1433 1342 1487 pene
1376 1431 1559 1473 merus
1599 1426 1759 1472 cento
1785 1416 1855 1472 sit
1885 1430 1952 1470 ex
1989 1413 2155 1469 variis
2258 1424 2419 1482 quam
2444 1418 2616 1465 coetus
2663 1407 3012 1463 antelucanos
3057 1407 3126 1462 ad
3177 1405 3469 1462 canendum
3514 1405 3684 1460 Christo
3715 1413 3750 1459 et

545 1513 821 1582 excerptis
859 1511 1226 1581 undequaque
1270 1511 1427 1565 lectis
1473 1507 1761 1575 conﬂatus,
1789 1517 1933 1562 totus
1962 1506 2056 1561 ille
2087 1505 2157 1562 de
2261 1502 2395 1558 Deo.
2436 1521 2455 1554 ι
2489 1500 2732 1558 lbienim
2781 1499 3150 1564 Tertulliano,
3200 1498 3358 1554 Plinii
3402 1512 3499 1553 non
3533 1508 3620 1552 tam
3641 1498 3752 1552 verba

552 1606 795 1662 seductis
824 1603 1161 1659 mulierculis
1204 1603 1359 1657 locus
1404 1600 1625 1656 aliunde
1671 1599 1912 1656 adscitus
1960 1595 2160 1654 merito
2263 1610 2425 1666 quam
2472 1594 2798 1650 sententiam
2849 1593 3138 1654 referenti.
3190 1592 3333 1647 licita
3394 1589 3485 1645 fuit
3527 1590 3756 1660 huiusmodi

555 1709 866 1756 censeatur.
907 1697 1014 1752 Sed
1053 1711 1231 1766 neque
1275 1697 1414 1751 inter
1442 1693 1808 1765 Anqnireusis
1848 1707 1943 1746 seu
1974 1692 2157 1762 Ancy-
2267 1686 2674 1760 prtetermissio.
2704 1685 2787 1742 Ex
2815 1694 2997 1741 mutua
3021 1694 3200 1742 autem
3227 1684 3505 1740 verborum
3532 1682 3658 1738 Plinii
3673 1681 3759 1737 Ter-

559 1794 676 1848 rani
719 1790 933 1847 concilii
979 1804 1218 1844 canones
1261 1797 1562 1858 comparet.
1607 1785 1861 1841 Restaret
1903 1783 2069 1854 igitur
2105 1792 2165 1837 ut
2194 1789 2242 1850 Β
2272 1783 2595 1853 tnllianiquc
2635 1782 2927 1837 collatione
2958 1795 3128 1852 prope
3155 1792 3306 1836 certa
3345 1777 3540 1834 videtur
3562 1775 3760 1831 Lombcrti

558 1885 712 1940 illum
761 1882 1142 1954 praenominati
1187 1895 1456 1936 canonum
1500 1879 1888 1949 compilatores
1938 1892 2006 1932 ex
2061 1875 2168 1931 Ro-
2271 1877 2605 1949 conjectura,
2640 1893 2744 1947 qua
2775 1892 2876 1948 pro
2904 1875 3108 1932 Christo
3149 1886 3198 1930 et
3239 1873 3370 1942 Deo,
3409 1872 3537 1945 apud
3561 1870 3765 1927 Tertullia-

563 1991 743 2032 manze
784 1974 978 2046 synodi
1005 1974 1172 2044 gestis
1201 1973 1254 2027 in
1293 1975 1401 2027 vita
1450 1973 1669 2027 Damasi
1709 1970 1943 2026 laudatis
1983 1983 2171 2039 sump—
2274 1989 2402 2026 nunt
2451 1969 2655 2026 Christo
2706 1979 2760 2024 ut
2803 1970 2912 2024 Deo
2953 1968 3348 2026 restituendum
3389 1982 3502 2023 esse
3539 1965 3767 2020 arbitratur.

568 2071 709 2124 sisse
750 2068 1151 2139 judicareniur,
1213 2067 1313 2121 nisi
1377 2065 1488 2122 duo
1543 2067 1827 2120 obstarent
1863 2082 1875 2118 :
1912 2066 2170 2134 primum,
2275 2065 2408 2134 Quis
2429 2066 2573 2122 enim
2603 2081 2712 2122 non
2739 2065 3152 2132 animadvertat,
3175 2080 3300 2120 eum
3328 2061 3453 2118 illud
3478 2060 3615 2116 Plinii
3631 2057 3773 2113 Christo

569 2160 714 2232 quod
746 2175 777 2213 a
805 2161 952 2215 nullo
972 2175 1160 2216 eorum
1186 2169 1280 2214 aut
1307 2159 1542 2214 Damaso
1563 2170 1656 2214 aut
1682 2160 1940 2214 Romana:
1964 2157 2174 2231 synodo
2277 2161 2426 2231 quasi
2460 2159 2568 2214 Deo
2591 2159 2899 2230 exprimere
2928 2157 3165 2213 voluisse
3186 2199 3203 2226 ,
3234 2156 3472 2227 adeoque
3492 2163 3544 2208 ut
3566 2168 3646 2224 pro
3661 2151 3773 2223 qua,

569 2254 925 2319 attribuatur;
954 2253 1210 2319 alterum,
1244 2251 1389 2322 quod
1417 2252 1559 2323 apud
1591 2253 1712 2308 illos
1734 2252 1943 2322 plenior
1961 2254 2174 2308 etinte-
2279 2269 2388 2309 non
2417 2261 2498 2320 et,
2531 2252 2784 2308 debuisse
2813 2251 3093 2307 scribere?
3119 2249 3282 2306 Certe
3321 2250 3374 2304 in
3421 2245 3656 2304 veteribus
3677 2244 3778 2299 libris

570 2348 740 2420 grior,
775 2347 826 2402 in
859 2347 967 2401 vita
1004 2356 1184 2402 autem
1219 2347 1435 2401 Damasi
1467 2349 1639 2419 magis
1669 2348 1886 2417 jejunus
1907 2363 1971 2401 ac
2007 2346 2178 2402 mani—
2281 2359 2329 2404 et
2357 2364 2455 2419 pro
2483 2357 2541 2401 ut
2575 2345 2830 2418 frequens
2869 2346 3083 2418 legitur.
3134 2344 3204 2400 Et
3234 2345 3286 2400 id
3320 2343 3524 2414 quidem
3552 2341 3625 2396 hic
3655 2339 3780 2394 obses

571 2441 712 2495 feste
760 2438 1074 2494 decurtatus
1119 2437 1692 2510 appareatzadeoque
1738 2439 1850 2495 illic
1905 2455 1972 2494 ex
2029 2437 2182 2495 fonte
2285 2443 2520 2498 vandum
2564 2441 2724 2508 duxi,
2757 2451 2816 2496 ut
2842 2439 2986 2513 quod
3015 2441 3270 2511 superius
3299 2454 3418 2510 pag.
3442 2437 3506 2493 59
3532 2437 3580 2491 in
3604 2433 3781 2490 eumdem

572 2545 763 2602 Purus:
798 2531 884 2585 hic
913 2539 1096 2585 amem
1134 2541 1424 2600 οοτΐιιρῑυε
1455 2529 1607 2584 nm“-
1639 2529 1885 2596 Βτθνῖιιεν
1926 2529 2023 2585 sed
2057 2528 2182 2585 huic
2286 2535 2602 2592 Tertulliani
2652 2535 2828 2590 locum
2881 2550 2948 2590 ex
2995 2534 3264 2590 relatione
3310 2547 3416 2589 non
3453 2532 3573 2588 satis
3609 2535 3785 2583 accurata

583 2623 810 2678 omnino
835 2623 1013 2678 simile
1037 2631 1121 2677 est
1148 2622 1427 2678 decretum
1458 2621 1627 2688 aliud,
1660 2621 1803 2692 quod
1833 2620 2184 2676 Burchardus
2285 2630 2462 2686 obiter
2487 2636 2804 2684 amomum
2829 2627 3036 2694 fuerat,
3067 2626 3194 2684 inde
3232 2629 3545 2698 corrigatur.
3577 2623 3730 2678 Verum
3749 2628 3786 2672 ut

577 2716 675 2772 lib.
707 2732 766 2782 ι,
797 2731 846 2772 c.
874 2715 967 2780 29,
1001 2725 1056 2770 et
1082 2715 1173 2771 Ivo
1206 2731 1261 2786 p.
1297 2717 1386 2780 11,
1411 2731 1460 2771 c.
1491 2717 1584 2782 54,
1624 2730 1692 2771 ex
1719 2713 2018 2785 Agathensi
2051 2730 2184 2770 con-
2288 2720 2354 2774 ad
2384 2719 2458 2786 id,
2487 2719 2630 2776 unde
2675 2718 2905 2790 digressi
2958 2719 3238 2775 fueramus
3259 2761 3274 2786 ,
3304 2717 3619 2790 regrettiatttr
3641 2712 3788 2773 oratio,

590 2810 717 2864 cilio
745 2824 796 2864 c.
829 2809 864 2863 4
887 2809 1076 2875 citant,
1105 2809 1358 2878 quamvis
1378 2809 1448 2862 ab
1476 2809 1580 2863 lioc
1602 2809 1833 2864 concilio
1863 2809 2066 2879 pariter
2093 2807 2188 2864 ab-
2290 2813 2498 2869 Plinius
2529 2812 2636 2880 ibi,
2671 2827 2777 2868 non
2806 2827 2963 2868 secus
2986 2821 3148 2883 atque
3176 2812 3436 2868 Socrates
3460 2824 3625 2880 supra,
3651 2815 3792 2860 tantum

582 2905 690 2960 sit:
721 2922 739 2955 r
777 2904 1204 2973 Perquirendum
1245 2913 1328 2959 est
1375 2903 1422 2958 si
1464 2903 1644 2973 aliqua
1687 2903 1902 2959 femima
1947 2902 2039 2969 sit,
2070 2917 2190 2972 quin
2293 2905 2949 2978 hymnosquosdam,non
2974 2906 3274 2976 generatim
3305 2897 3794 2976 psalmosinCliriuia-

588 3011 689 3068 Per
718 2995 964 3066 quaedam
993 2995 1254 3051 maleﬁda
1277 3004 1334 3051 ει
1353 2995 1753 3051 incanlaliones
1778 3003 1989 3051 menles
2019 2994 2194 3050 ltomi-
2295 3016 2488 3056 norum
2524 3001 2753 3056 coetibus
2785 3001 3089 3056 alternatim
3117 3000 3439 3056 decantatos
3463 3001 3704 3054 memorat.
3719 2991 3796 3046 Plc-

586 3106 720 3146 num
753 3104 813 3145 se
845 3090 1135 3144 immutare
1181 3103 1341 3158 posse
1372 3088 1539 3154 dicat,
1567 3087 1621 3143 id
1651 3099 1757 3156 est,
1790 3097 1848 3142 ut
1883 3087 1954 3144 dc
1981 3087 2107 3144 odio
2141 3088 2194 3144 in
2298 3094 2454 3166 rique
2489 3109 2618 3150 vero
2655 3094 2934 3151 decretum
2979 3095 3200 3150 allatum
3249 3095 3320 3151 de
3362 3094 3663 3167 psalmorum
3694 3091 3798 3142 cantu

587 3196 859 3247 amorem,
891 3189 986 3236 θυι
1014 3181 1082 3237 de
1111 3197 1298 3237 “more
1329 3181 1382 3236 ίη
1406 3181 1590 3236 Odium
1613 3191 1919 3248 εοιινθΐιθι,
1942 3181 2189 3237 ambo“
2219 3184 2265 3248 C
2296 3190 2518 3244 alternis
2586 3188 2797 3246 vicibus
2859 3188 3187 3245 celebrando
3261 3190 3685 3261 interpretantur,
3739 3191 3802 3233 nec

2300 3283 2515 3340 aliunde
2543 3282 2773 3354 permoti
2809 3284 3097 3339 Damasum
3128 3299 3263 3339 usus
3310 3284 3467 3354 hujus
3500 3289 3727 3336 auctorem
3749 3271 3801 3327 fa-

2301 3379 2468 3434 ciunt.
2515 3376 2670 3446 Quod
2708 3377 2922 3448 quidem
2971 3379 3043 3433 ita
3095 3393 3419 3450 persuasum
3459 3375 3662 3432 habebat
3697 3379 3802 3424 vetus

2303 3472 2538 3539 scriptor
2565 3486 2595 3525 a
2625 3469 2932 3526 Mabillonio
2961 3480 3148 3526 nostro
3177 3472 3332 3543 praef.
3367 3472 3421 3527 in
3453 3487 3489 3526 ιι
3512 3485 3616 3542 par.
3638 3480 3735 3522 sae.
3758 3475 3805 3524 tt.

2306 3562 2423 3618 Act.
2456 3561 2660 3617 Bened.
2694 3578 2748 3617 ιι.
2780 3563 2888 3618 210
2917 3563 3188 3620 Laudatus
3208 3607 3224 3626 .
3253 3575 3317 3619 ut
3346 3566 3399 3619 in
3423 3559 3728 3630 Cltronologia
3748 3554 3808 3610 Li-

2307 3654 2514 3711 rinensi
2543 3654 2612 3711 de
2639 3656 2698 3712 S.
2730 3656 3012 3727 Agricolo,
3043 3658 3136 3728 qui
3163 3672 3228 3713 ex
3257 3657 3526 3713 Lirinensi
3550 3650 3745 3712 coenobio
3763 3644 3812 3700 ad

2309 3750 2702 3806 Avenionensis
2741 3750 2986 3806 ecclesire
3015 3751 3334 3807 cathedram
3363 3760 3545 3822 raptus
3577 3747 3718 3808 fuerat.
3739 3754 3808 3796 οο·

677 3845 768 3900 10.
815 3841 896 3898 De
938 3841 1221 3896 Missurum
1259 3842 1678 3896 celebrandarum
1711 3843 1860 3898 liora.
1897 3874 1970 3885 -—-
2004 3845 2206 3900 Decre-
2309 3859 2416 3915 que
2443 3853 2659 3899 cantum
2689 3843 2956 3899 alternum
2978 3845 3233 3901 inducere
3261 3846 3535 3911 voluerat,
3563 3835 3812 3899 istutltnd't-

605 3948 722 3992 tum
755 3935 787 3988 7
819 3934 887 3989 de
925 3935 1072 3988 horis
1101 3933 1298 4003 quibus
1339 3935 1532 3989 Missas
1567 3936 1847 3991 celebrare
1881 3937 2059 4002 liceat,
2102 3952 2208 3993 non
2312 3935 2454 3992 derit
2481 3935 2564 3990 his
2588 3935 2803 3992 verbis:
2835 3956 2852 3988 ‹
2892 3935 3072 3992 Voluit
3112 3937 3274 3993 etiam
3322 3937 3484 3992 horas
3520 3933 3753 3992 canonicas
3780 3935 3816 3980 et

607 4035 790 4091 minus
821 4030 1036 4085 videtur
1064 4027 1332 4088 ﬁctilium.
1359 4043 1518 4098 quam
1549 4027 1800 4084 Nicaenus
1829 4045 2023 4097 canon,
2058 4031 2212 4102 cujus
2313 4029 2494 4086 divina
2540 4029 2721 4086 ofﬁcia
2769 4029 3026 4103 deinceps
3079 4031 3134 4086 in
3177 4031 3372 4088 eadem
3419 4030 3635 4088 ecclesia
3680 4022 3815 4081 eodem

607 4126 894 4184 renovatio
945 4123 999 4179 in
1044 4137 1110 4178 eo
1141 4121 1472 4178 obtenditur.
1511 4123 1658 4178 inter
1697 4139 1780 4190 ea,
1824 4142 1944 4194 qua:
1975 4126 2214 4183 Isidorus
2317 4123 2508 4192 modo,
2541 4139 2647 4195 quo
2671 4125 2912 4180 solerent
2932 4125 2983 4179 in
3012 4126 3388 4193 monasteriis,
3419 4125 3617 4182 alternis
3641 4117 3827 4175 videlicet

611 4223 882 4279 Mercator
913 4219 1101 4288 primis
1125 4217 1469 4287 pontificibus
1489 4217 1726 4285 afﬁnxit,
1748 4228 1926 4274 exstat
1948 4221 2087 4275 istud
2105 4221 2213 4276 Te-
2318 4220 2550 4273 cantibus
2578 4219 2811 4275 recitari.
2837 4219 3084 4275 Nondum
3112 4221 3255 4276 enim
3287 4221 3345 4275 in
3375 4220 3480 4275 illis
3501 4215 3710 4291 partibus
3725 4213 3828 4266 iuva-

608 4314 852 4386 lespltori
903 4328 1055 4384 papae
1101 4311 1322 4366 nomine
1366 4328 1380 4366 :
1426 4329 1444 4362 r
1492 4310 1739 4382 Reliquis
1777 4312 2110 4382 temporibus
2155 4315 2215 4385 (a
2320 4312 2495 4368 luerat
2523 4313 2614 4368 ille
2662 4328 2811 4375 mos,
2843 4329 3000 4383 quem
3037 4313 3242 4384 aliquot
3283 4324 3414 4370 ante
3445 4327 3608 4369 annos
3642 4308 3830 4364 θαπιαιτες

612 4420 773 4466 nocte
831 4406 1128 4463 nativitatis
1181 4405 1430 4474 Domini)
1485 4404 1766 4460 Missarum
1819 4407 2217 4465 celebrationes
2320 4406 2563 4476 pontifex
2593 4407 2856 4462 maximus
2879 4407 3177 4462 invexerat.
3221 4427 3240 4460 ι

613 4511 742 4558 ante
794 4501 984 4554 horam
1041 4500 1259 4554 tertiam
1327 4497 1551 4553 minime
1602 4507 1730 4554 sunt
1778 4499 2153 4567 celebrandae;
2195 4522 2214 4556 ι
2396 4498 2482 4553 12.
2544 4497 2706 4553 Moris
2749 4499 2904 4570 hujus
2948 4508 3130 4553 auctor
3181 4499 3480 4555 Ambrosius
3521 4500 3574 4554 in
3615 4494 3838 4551 Occidente.

615 4596 774 4663 cujus
801 4593 1092 4648 falsitatem
1125 4593 1192 4649 de
1218 4594 1334 4664 ipso
1364 4591 1700 4663 TeleSphoro
1729 4602 1952 4663 agentes
1973 4609 2096 4666 pag.
2118 4596 2211 4663 59,

2332 4590 2604 4646 Flavianus
2646 4601 2692 4646 et
2739 4590 3004 4646 Diodorus
3041 4592 3096 4646 in
3142 4591 3373 4647 Oriente.
3415 4623 3486 4633 —-
3531 4589 3842 4648 Νἰιιίιουιιιειι

615 4684 990 4758 probavimus.
2326 4688 2503 4741 minus
2531 4685 2750 4742 Cardiu.
2793 4685 2938 4742 Bona
2980 4684 3049 4742 de
3086 4685 3200 4740 Div.
3244 4685 3513 4757 psalmod.
3549 4701 3596 4741 c.
3621 4677 3842 4746 l6,n.l.

693 4781 784 4838 11.
814 4780 896 4835 Αη
923 4780 1239 4853 psalmorum
1264 4781 1478 4837 alternis
1502 4782 1697 4838 vicibus
1735 4784 2085 4840 canendorum
2116 4784 2224 4839 Da-
2325 4777 2528 4834 erroris
2551 4793 2646 4834 eos
2673 4786 2856 4846 notat,
2887 4778 2978 4851 qui
3003 4779 3289 4835 Damasum
3309 4788 3504 4835 cantus
3520 4774 3698 4834 alterni
3719 4771 3763 4828 in
3778 4767 3848 4824 0c-

622 4891 797 4930 manus
824 4875 892 4928 sit
921 4883 1122 4928 auctor.
1164 4903 1235 4914 —
1260 4874 1547 4930 Decretum
1574 4876 1627 4939 8,
1657 4891 1764 4948 quo
1795 4877 1992 4934 dicitur
2019 4879 2076 4935 S.
2114 4879 2222 4935 Da-
2327 4871 2540 4928 cidcnte
2568 4882 2849 4928 auctorem
2876 4884 3161 4939 asserunt,
3197 4887 3322 4928 cum
3362 4881 3623 4945 quotquot
3656 4871 3704 4926 in
3732 4863 3850 4922 latina

625 4982 810 5022 masus
839 4964 1226 5029 constituisse,
1266 4984 1283 5017 ι
1320 4975 1377 5019 ut
1416 4969 1604 5036 psalmi
1641 4969 1728 5024 die
1765 4979 2034 5042 noctuque
2065 4987 2227 5028 catte-
2330 4966 2558 5023 ecclesia
2607 4965 2677 5024 de
2719 4967 2888 5023 sacris
2931 4966 3125 5022 ritibus
3164 4967 3440 5035 scribunt,
3483 4966 3700 5022 inducta:
3737 4957 3852 5032 huius

625 5069 816 5116 rentur
861 5074 958 5131 per
993 5073 1183 5113 omnes
1226 5059 1520 5126 ecclesias,
1559 5077 1578 5112 ι
1614 5070 1777 5132 atque
1819 5061 1946 5128 hoc,
1987 5072 2045 5118 ut
2081 5066 2224 5134 apud
2329 5061 2737 5118 consuetudinis
2760 5061 2984 5132 gloriam
3016 5061 3304 5118 Ambrosio
3338 5061 3606 5126 tribuant,
3648 5059 3854 5115 nitantur-

626 5152 971 5209 Anasmsium
1017 5150 1262 5218 additur,
1297 5168 1316 5204 ι
1355 5150 1687 5222 presbyteris
1728 5164 1780 5208 et
1829 5155 2100 5227 episcopis
2140 5157 2228 5215 vel
2331 5172 2436 5228 que
2468 5156 2778 5211 testimonio
2807 5155 3232 5227 Attgustini,qui
3265 5156 3361 5212 lib.
3393 5173 3446 5212 ιι
3483 5153 3632 5212 Conf.
3657 5167 3702 5208 c.
3727 5151 3753 5204 Ἰ
3777 5156 3857 5202 rem

2331 5251 2606 5307 memoriis
2632 5249 2906 5307 mandavit
2932 5251 2986 5307 in
3010 5251 3151 5308 hunc
3174 5251 3390 5308 modum
3416 5270 3471 5308 τι
3495 5250 3607 5307 Νοιι
3634 5248 3861 5315 longaea-

2331 5355 2484 5419 perat
2507 5344 2919 5402 Mediolanensis
2947 5347 3172 5403 ecclesia
3204 5362 3375 5418 genus
3412 5347 3515 5402 hoc
3538 5329 3860 5402 consolationis

2333 5447 2390 5496 et
2411 5437 2807 5494 exhortationis
2854 5439 3174 5506 celebrare,
3227 5453 3422 5510 magno
3474 5436 3649 5494 studio
3687 5432 3862 5488 fratrum

2333 5531 2736 5588 concinentium
2779 5532 3002 5588 vocibus
3041 5540 3097 5587 et
3137 5531 3414 5588 cordibus.
3445 5528 3698 5586 Nimirum
3733 5526 3865 5577 annus

2333 5635 2481 5691 erat,
2513 5633 2608 5680 aut
2634 5639 2741 5681 non
2773 5626 2942 5680 multo
2967 5625 3200 5696 amplius
3221 5667 3237 5692 ,
3267 5639 3388 5680 cum
3431 5622 3638 5680 Justina
3677 5607 3866 5670 Valentia

2332 5718 2476 5774 niani
2523 5719 2665 5788 regis
2710 5719 2861 5792 pueri
2890 5727 3064 5775 mater
3090 5717 3364 5774 hominem
3395 5726 3546 5772 tttum
3577 5704 3865 5768 Ambrosium

2334 5791 2750 5881 persequeretur
2793 5810 3016 5868 Itreresis
3061 5813 3174 5866 sure
3221 5819 3383 5866 causa
3405 5843 3422 5876 ,
3474 5815 3575 5879 qua
3611 5803 3762 5859 fuerat
3798 5791 3868 5848 se2

593 3391 717 3446 qua:
752 3390 812 3430 se
841 3373 986 3430 dicat
1015 3389 1137 3430 cum
1167 3374 1475 3429 daemonum
1500 3373 1656 3428 turba
1700 3374 1752 3428 in
1785 3374 2196 3429 similitudinem

594 3471 884 3526 mulierum
929 3469 1311 3526 transformata
1350 3467 1515 3523 certis
1548 3468 1801 3524 noctibus
1828 3469 2075 3537 equitare
2104 3483 2198 3521 su-

595 3580 696 3636 per
721 3564 981 3634 quasdam
1005 3564 1210 3618 bestias
1231 3605 1245 3628 ,
1268 3571 1324 3618 et
1353 3562 1406 3617 in
1429 3577 1620 3617 eorum
1642 3562 1921 3618 consortio
1941 3577 2203 3618 annume-

599 3668 775 3712 ratam
823 3670 974 3720 esse;
1014 3655 1128 3710 lucc
1159 3655 1286 3710 talis
1329 3654 1659 3711 omnimodis
1705 3653 1886 3726 scopis
1925 3668 2202 3726 correpta,

599 3765 669 3805 ex
702 3749 957 3817 parncliia
983 3747 1248 3818 ejiciatur.
1292 3767 1310 3800 ι

628 5245 977 5301 monasteriis
1014 5261 1034 5297 ι
1073 5244 1417 5315 praecepisse,
1453 5243 1676 5315 intelligi
1699 5244 1988 5318 dupliciter
2015 5258 2223 5320 potest:

627 5339 713 5394 vel
743 5337 996 5393 nimirum
1025 5346 1085 5393 ut
1127 5338 1446 5408 simpliciter
1473 5348 1820 5406 canerentur,
1854 5341 1934 5397 vel
1965 5349 2024 5396 ut
2056 5347 2228 5400 alter-

628 5430 716 5487 nis
742 5431 970 5487 vicibus.
1021 5438 1090 5485 At
1126 5446 1260 5486 vero
1302 5429 1445 5486 hunc
1491 5445 1699 5485 morem
1732 5439 1790 5486 ut
1833 5447 1928 5502 per
1967 5434 2229 5491 ecclesias

626 5526 825 5597 psalmi
869 5524 1186 5596 simpliciter
1220 5535 1573 5593 canerentur,
1606 5540 1714 5581 non
1761 5539 1792 5580 a
1838 5525 2072 5584 Damaso
2117 5545 2229 5586 coe-

627 5619 777 5691 pisse
795 5661 810 5684 ,
841 5616 937 5672 sed
967 5617 1035 5672 ab
1057 5617 1316 5674 Ecclesiae
1344 5619 1497 5674 initio
1522 5633 1736 5690 semper
1764 5619 2065 5678 obtinuisse
2089 5624 2230 5680 anti-

625 5708 844 5781 quitatis
873 5709 1029 5780 periti
1058 5710 1313 5765 sentiunt.
1349 5709 1416 5766 Ut
1445 5712 1606 5767 etiam
1649 5712 1833 5785 hymni
1867 5715 2114 5769 nonnulli
2146 5716 2226 5770 al-

619 5805 785 5860 ternis
810 5803 990 5859 choris
1018 5802 1459 5870 decantarentur,
1511 5804 1568 5862 S.
1616 5803 1878 5877 lgnatium
1921 5806 2222 5866 Antioche-
