4048 6350
224 341 366 401 1209

858 334 1176 395 CENSURA
1220 330 1698 392 DECRETORUM
1736 329 2019 389 DAMASO
2060 336 2074 389 I
2119 334 2326 392 ΡΑΡᾸΒ
2370 335 2888 397 ASCRIPTORUM.

3390 343 3530 401 1210

221 462 385 518 ducta
431 459 501 516 ab
542 413 776 514 Ariauis.
816 454 1129 512 Excubabat
1161 454 1246 524 pia
1283 450 1436 524 plebs
1468 451 1520 507 in
1546 447 1776 506 ecclesia
1801 488 1817 515 ,
1848 445 1905 508 Δ
1928 448 2182 515 tandum,
2219 451 2363 517 lucc,
2398 470 2416 505 ι
2453 451 2703 508 Nondum
2730 454 2877 509 enim
2900 453 2956 509 in
2980 453 3086 511 illis
3112 454 3355 526 partibus
3378 456 3532 514 inva-

223 557 366 615 mori
413 563 601 626 parata
642 568 765 610 cum
798 553 1054 623 episcOpo
1093 563 1195 606 suo
1236 563 1393 605 servo
1432 556 1616 602 tuo....
1661 544 1816 601 Tunc

226 649 414 722 hymni
455 655 511 704 et
557 647 743 717 psalmi
792 655 851 701 ut
895 653 1223 701 canerentur
1271 640 1566 699 secundum
1607 652 1817 695 morem

224 739 589 799 Orientalium
652 738 917 810 partium,
991 751 1059 792 ne
1090 735 1317 806 populus
1370 732 1619 790 maeroris
1665 729 1826 785 taedio

226 833 674 899 contabesceret,
707 833 1012 888 institutum
1045 841 1157 897 est,
1197 840 1253 886 et
1278 844 1348 885 ex
1379 828 1476 882 illo
1522 828 1575 881 in
1607 824 1826 880 hodier-

225 943 357 984 num
390 937 691 995 retentum,
718 925 900 981 multis
942 925 1052 996 jam
1087 939 1152 980 ac
1179 938 1319 994 pene
1360 921 1612 987 omnibus
1648 918 1825 989 gregi-

224 1021 329 1078 bus
355 1020 463 1076 tuis
487 1032 541 1076 et
572 1035 669 1092 per
691 1030 887 1076 castera
910 1019 1057 1075 orbis
1087 1016 1441 1073 imitantibus.
1474 1034 1493 1068 ι
1522 1013 1580 1068 In
1603 1011 1823 1068 Oriente

225 1125 437 1179 autem,
476 1113 818 1179 Theodoreto
862 1113 955 1169 lib.
998 1129 1034 1168 ιι
1079 1111 1216 1167 Hist.
1257 1111 1394 1166 eccl.
1446 1124 1495 1165 c.
1544 1107 1614 1162 24
1654 1115 1822 1173 teste,

226 1206 517 1265 Flavianus
540 1221 606 1262 ac
633 1207 931 1272 Diodorus,
976 1221 1096 1261 cum
1138 1203 1314 1259 adhuc
1341 1203 1481 1257 inter
1505 1200 1671 1255 laicos
1696 1213 1824 1254 ver-

227 1312 499 1369 sarentur,
534 1320 553 1353 ‹
593 1301 751 1373 primi
790 1300 1134 1371 psallentium
1169 1298 1370 1353 choros
1400 1296 1534 1351 duas
1561 1295 1614 1349 in
1641 1300 1827 1365 partes

228 1395 549 1459 diviserunt,
582 1405 636 1449 et
671 1393 953 1449 Davidicos
983 1392 1213 1465 hymnos
1246 1390 1471 1446 alternis
1492 1402 1690 1444 canere
1724 1385 1825 1440 do-

228 1498 494 1545 cuerunt:
525 1488 669 1559 quod
695 1488 910 1560 quidem
943 1496 1068 1542 tunc
1098 1487 1331 1557 primum
1367 1482 1669 1539 Antiochiae
1710 1479 1827 1535 ﬁeri

228 1589 468 1653 emptum
494 1623 508 1648 ,
553 1580 680 1636 inde
723 1580 791 1635 ad
840 1579 1079 1650 reliquos
1106 1578 1376 1649 pervasit,
1417 1586 1471 1632 et
1500 1575 1567 1631 ad
1611 1575 1830 1629 ultimos

238 1689 414 1745 usque
436 1684 699 1729 terrarum
742 1674 875 1729 ﬁnes
903 1673 1169 1744 perlatum
1201 1679 1303 1728 est.
1340 1690 1359 1724 ›

304 1768 393 1822 1⁸5.
429 1766 545 1821 Dici
572 1768 744 1835 nequit
773 1784 889 1821 cum
916 1785 947 1821 a
980 1766 1204 1821 Damaso
1230 1766 1591 1834 conﬁrmatum
1617 1780 1742 1818 esse.
1760 1792 1833 1802 -—

1929 540 2103 598 luerat
2141 543 2233 598 ille
2272 559 2429 612 mos,
2469 561 2627 617 quem
2670 547 2877 618 aliquot
2913 559 3040 604 ante
3071 563 3242 605 annos
3277 551 3536 608 Damasus

1929 636 2167 706 pontifex
2200 638 2467 696 maximus
2494 641 2813 708 invexerat,
2854 661 2873 695 ι
2918 642 3143 699 minime
3187 644 3245 699 S.
3294 644 3531 716 Agricoli

1931 732 2093 787 verba
2121 748 2272 798 esse,
2304 732 2399 788 sed
2427 733 2851 806 ebronographi.

2001 827 2090 882 M.
2118 827 2198 881 Αη
2228 827 2488 884 Damasus
2515 831 2864 896 constituerit,
2888 841 2947 887 ut
2967 831 3173 889 GLOBIA
3195 833 3387 902 PATRI,
3406 845 3535 906 etc.,

1929 920 2142 990 psalmis
2173 920 2590 993 subjungeretur.
2618 953 2690 963 —
2710 924 2793 979 An
2828 924 3018 979 saltem
3067 923 3403 981 admittenda
3431 927 3529 984 de-

1929 1016 2063 1069 creti
2092 1014 2261 1071 ultimi
2284 1027 2557 1086 postrema
2584 1031 2705 1086 pars
2724 1060 2740 1085 ,
2765 1033 2871 1089 qua
2896 1017 3160 1073 Damasus
3178 1020 3527 1075 constituisse

1929 1106 2147 1173 dicitur,
2177 1117 2233 1161 ut
2262 1108 2313 1162 in
2347 1108 2453 1163 ﬁne
2479 1108 2740 1179 cujusque
2772 1111 2963 1179 psalmi
2988 1109 3169 1165 Gloria
3200 1109 3371 1179 Patri,
3400 1121 3532 1179 etc.,

1930 1198 2666 1270 adjungeretur?Cardinalis
2691 1201 2835 1257 Bona
2855 1204 2921 1257 de
2949 1203 3067 1257 Div.
3086 1205 3276 1273 psalm.
3299 1219 3421 1275 cap.
3441 1204 3532 1271 16,

1930 1309 1987 1348 n.
2010 1292 2065 1358 2,
2099 1293 2313 1361 fatetur,
2340 1293 2539 1349 multos
2560 1295 2853 1364 scriptores
2900 1295 3138 1364 31101111111
3189 1294 3293 1351 ﬁde
3325 1295 3532 1367 dignis-

1931 1386 2099 1441 simos
2129 1386 2267 1443 hanc
2297 1387 2604 1459 doxologia:
2646 1388 2698 1442 in
2746 1388 2853 1444 ﬁne
2894 1389 3226 1460 psalmorum
3275 1388 3535 1444 canenda:

1934 1480 2107 1551 legem
2152 1479 2218 1535 ad
2270 1481 2555 1536 Damasum
2605 1481 2842 1547 referre,
2876 1498 3104 1555 eamque
3148 1484 3216 1538 ab
3254 1482 3356 1538 hoc
3402 1498 3537 1554 papa

1935 1572 2247 1646 Hieronymi
2273 1588 2534 1643 persuasu
2558 1583 2613 1629 et
2632 1574 2853 1629 inductu
2878 1576 3036 1630 latam
3056 1576 3538 1632 arbitrari.Verum

1938 1664 2036 1721 hos
2068 1667 2325 1737 deceptos
2354 1682 2477 1723 esse
2517 1675 2698 1723 monet
2742 1668 3044 1723 adulterina
3082 1669 3342 1740 epistola,
3378 1684 3538 1741 quam

1937 1761 2144 1816 scilicet
2172 1761 2501 1834 Hieronymo
2539 1762 2787 1817 Isidorus
2828 1762 3099 1818 Mercator
3137 1762 3453 1835 supposuit,
3484 1762 3539 1817 in

233 1857 337 1914 Pia
381 1860 712 1915 ecclesiarum
738 1859 1067 1915 (etnulatione
1109 1867 1422 1931 propagatus
1458 1859 1576 1931 fuit.
1626 1887 1695 1898 --
1742 1855 1832 1911 Sic
1864 1849 1912 1910 B
1939 1869 2041 1923 qua
2071 1856 2252 1924 legere
2279 1865 2398 1909 est:
2433 1873 2450 1905 ‹
2490 1854 2750 1909 Prei-atur
2791 1869 2922 1923 ergo
2964 1853 3138 1909 cliens
3159 1862 3316 1919 tuus,
3350 1860 3409 1907 ut
3432 1866 3540 1907 vox

231 1968 367 2009 vero
395 1953 647 2009 laudatus
679 1952 986 2009 Cardinalis
1019 1954 1163 2022 pium
1194 1953 1338 2009 linnc
1368 1966 1576 2008 morem
1612 1952 1681 2007 ab
1705 1954 1834 2006 Am-

232 2043 418 2100 brosio
443 2046 679 2116 primum
714 2046 765 2100 in
798 2045 1149 2101 Occidentem
1180 2045 1414 2099 afﬁrmat
1446 2044 1829 2110 inductum,ut

236 2149 423 2209 postea
452 2150 505 2195 et
530 2155 560 2194 a
587 2141 817 2195 Damaso
849 2154 985 2211 papa
1017 2138 1313 2210 pontiﬁcali
1357 2139 1679 2193 auctoritate
1704 2151 1835 2193 con-

230 2232 509 2289 ﬁrmatum
550 2235 865 2300 existimet,
890 2244 1054 2305 atque
1104 2234 1229 2287 hinc
1274 2233 1663 2287 historicorum
1695 2245 1836 2287 non-

236 2327 537 2391 nullorum,
570 2326 663 2398 qui
687 2327 978 2382 Damasum
1006 2328 1127 2397 ejus
1152 2336 1438 2382 anetorem
1461 2326 1716 2391 credunt,
1752 2340 1837 2381 er-

238 2434 423 2476 rorem
454 2420 734 2477 efﬁnxisse
774 2424 1056 2490 opinetur.
1091 2419 1289 2474 Verum
1321 2436 1420 2475 nec
1454 2434 1645 2475 errore
1680 2428 1839 2475 vacat

238 2511 357 2568 bare
401 2513 606 2583 opinio.
651 2512 708 2568 Si
754 2516 900 2569 enim
950 2513 1017 2568 ab
1067 2527 1133 2567 eo
1174 2521 1382 2567 tantum
1418 2522 1693 2584 tempore,
1726 2528 1839 2583 quo

238 2604 588 2661 Ambrosium
616 2603 830 2661 Justina
883 2605 1340 2675 persequebatur,
1369 2604 1513 2673 quod
1554 2620 1696 2660 anno
1733 2605 1838 2660 586

240 2698 496 2769 contigit,
530 2700 699 2768 cmpit
719 2700 835 2754 haec
861 2699 1233 2766 consuetudo;
1264 2700 1540 2768 quomodo
1570 2699 1716 2754 illam
1747 2714 1841 2769 po-

239 2796 343 2850 tuit
368 2795 694 2851 conﬁrmare
722 2795 1018 2857 Damasus.
1051 2810 1208 2863 quem
1233 2810 1379 2849 anno
1406 2794 1509 2850 584
1539 2794 1747 2849 obiisse
1777 2808 1840 2849 ac

240 2888 497 2946 Siricium
523 2890 592 2945 ab
617 2890 774 2945 initio
800 2890 990 2943 saltem
1032 2890 1159 2943 anni
1205 2889 1310 2944 585
1336 2904 1711 2944 successorem
1746 2888 1843 2942 ha—

241 2981 459 3048 buisse,
519 2984 689 3053 ipsius
734 2981 910 3039 Siricii
953 2982 1019 3036 ad
1063 2981 1362 3037 l-limerium
1404 2981 1629 3051 epistola
1676 2979 1839 3034 ﬁdem

240 3076 384 3134 facit.
416 3076 488 3133 Et
504 3093 635 3135 vero
657 3093 778 3133 cum
804 3078 1137 3149 Augustinus
1161 3077 1542 3155 morcm‘illum
1566 3076 1719 3133 brevi
1744 3091 1841 3147 per

240 3180 416 3229 totum
448 3189 585 3243 pene
629 3175 816 3230 urbem
856 3183 1209 3244 propagatum
1257 3183 1527 3229 memoret
1549 3216 1562 3239 ,
1593 3172 1732 3227 hanc
1761 3181 1843 3224 ta-

1937 1948 2036 2002 ista
2068 1946 2409 2016 psallentium
2460 1947 2511 2001 in
2558 1947 2685 2001 sede
2713 1956 2801 2001 tua
2847 1947 3087 2001 Romana
3135 1946 3228 2000 diu
3271 1954 3541 2015 noctuque

1936 2052 2198 2107 canatur,
2231 2050 2279 2095 et
2325 2041 2375 2094 in
2422 2039 2528 2094 ﬁne
2562 2039 2751 2108 psalmi
2782 2038 3069 2109 cujuslibet
3112 2038 3230 2092 sive
3261 2036 3541 2091 matutinis

1937 2133 2054 2188 sive
2083 2133 2408 2202 vespertinis
2434 2131 2584 2187 horis
2625 2132 2881 2202 conjungi
2902 2131 3185 2202 praecipiat
3206 2130 3542 2201 apostolatus

1939 2226 2015 2280 tui
2045 2225 2181 2281 Ordo
2210 2223 2394 2279 Gloria
2426 2224 2576 2279 Patri
2607 2234 2654 2278 et
2684 2224 2827 2279 Filio
2857 2233 2904 2278 ct
2924 2224 3151 2290 Spiritui
3172 2232 3382 2289 sancto;
3412 2224 3546 2278 sicut

1938 2330 2191 2386 erat,ctc.
2216 2339 2235 2372 ›
2263 2320 2405 2376 Sane
2435 2336 2579 2374 anno
2602 2320 2729 2387 529,
2755 2328 2813 2374 ut
2832 2336 2896 2375 ex
2926 2320 3185 2376 Vasensis
3226 2319 3266 2374 11
3286 2319 3533 2386 concilii,

1938 2413 2083 2486 quod
2115 2415 2216 2469 hoc
2235 2429 2377 2468 anno
2405 2422 2486 2467 est
2524 2412 2852 2468 celebratum
2877 2453 2893 2477 ,
2924 2426 3132 2467 canone
3161 2412 3216 2477 5,
3249 2411 3536 2481 colligitur,

1942 2509 2030 2565 hic
2058 2525 2186 2564 usus
2214 2510 2266 2563 in
2285 2508 2474 2564 Galliis
2504 2508 2744 2563 nondum
2774 2514 3034 2577 receptus
3066 2514 3205 2572 erat,
3232 2514 3288 2559 ut
3317 2504 3543 2559 doxolo-

1940 2604 2039 2675 girc
2095 2602 2275 2657 Gloria
2330 2600 2480 2657 Patri
2528 2616 2717 2657 versus
2772 2600 2921 2656 Sicut
2969 2609 3082 2655 erat
3135 2598 3541 2669 adjungcretur,

1940 2698 2187 2768 quamvis
2216 2697 2335 2751 aliis
2359 2698 2411 2752 in
2439 2697 2754 2767 regionibus
2776 2696 2887 2765 jam
2915 2693 3260 2752 obtinuisset.
3283 2692 3371 2749 Sic
3396 2693 3542 2748 enim

1942 2791 2180 2861 loquitur
2205 2791 2493 2846 concilium
2529 2810 2541 2845 :
2575 2810 2594 2844 ι
2632 2791 2767 2859 Quia
2799 2806 2906 2845 non
2955 2791 3127 2845 Solum
3160 2791 3212 2844 in
3241 2788 3367 2845 sede
3406 2802 3544 2858 apo-

1942 2888 2130 2942 stolica
2151 2928 2166 2953 ,
2191 2886 2285 2941 sed
2318 2887 2477 2941 etiam
2509 2901 2604 2955 per
2632 2895 2803 2940 totum
2832 2884 3106 2940 Orientem
3131 2892 3185 2939 et
3207 2893 3373 2937 totam
3402 2881 3549 2937 Afri-

1943 2994 2061 3034 cam
2086 2980 2172 3034 vel
2203 2980 2428 3045 ltaliam,
2461 2988 2683 3050 pr0pter
2711 2979 3091 3034 limreticoruin
3132 2977 3384 3031 astutiam
3407 3018 3422 3043 ,
3455 2974 3545 3045 qui

1944 3072 2040 3126 Dei
2065 3071 2257 3126 Filium
2280 3082 2386 3125 non
2413 3085 2631 3141 semper
2653 3086 2776 3124 cum
2813 3071 2970 3126 Patre
2998 3071 3184 3135 fuisse,
3216 3068 3311 3123 sed
3341 3083 3371 3121 a
3408 3077 3545 3121 tem-

1944 3181 2077 3236 pore
2103 3167 2333 3237 cmpisse
2356 3165 2751 3235 blasphemant,
2776 3165 2828 3219 in
2852 3164 3103 3218 omnibus
3124 3162 3400 3227 clausulis,
3425 3160 3548 3231 post

241 3281 366 3323 men
401 3268 614 3321 Damasi
641 3267 1108 3323 conﬁrmationem
1138 3282 1363 3338 prorsus
1392 3267 1533 3321 silet.
1571 3268 1647 3320 Ac
1679 3267 1839 3335 longe
1870 3237 1915 3302 ο
1947 3259 2164 3325 Gloria,
2199 3258 2347 3313 Sicut
2397 3258 2586 3313 eratin
2631 3258 2891 3327 principio
2930 3256 3152 3322 dicitur,
3184 3255 3345 3309 etiam
3372 3262 3427 3309 et
3450 3268 3549 3309 nos

240 3359 578 3431 probabilius
622 3370 738 3426 est,
788 3361 1033 3429 singulas
1077 3360 1340 3415 ecclesias
1390 3368 1577 3413 sancta
1606 3356 1837 3427 quadam

242 3452 585 3507 aemulatione
616 3453 823 3518 potius,
858 3468 1018 3521 quam
1042 3450 1149 3505 ulla
1173 3450 1463 3520 pontiﬁcali
1487 3450 1838 3513 auctoritate,

242 3544 395 3601 illum
426 3545 737 3615 arripuisse.
765 3546 924 3602 Certe
970 3546 1021 3600 in
1066 3545 1432 3601 Aveuionensi
1458 3545 1690 3600 ecclesia
1718 3559 1839 3599 cum

246 3637 306 3694 S.
334 3636 621 3709 Agricolas
657 3639 775 3709 ejus
820 3639 1342 3693 administrationem
1384 3638 1650 3707 suscepit,
1700 3652 1840 3691 non-

249 3730 379 3787 dum
411 3731 756 3800 obtinuerat,
788 3741 846 3787 ut
874 3748 1036 3803 supra
1070 3732 1324 3788 vidimus.
1362 3733 1509 3788 Idem
1544 3732 1839 3791 dicendum

241 3833 300 3881 et
342 3822 410 3879 de
448 3824 791 3891 Arelatensi,
821 3841 945 3881 cum
976 3828 1026 3881 ei
1075 3825 1361 3895 prirfeetus
1405 3835 1491 3881 est
1526 3826 1836 3887 Caesarius;

242 3919 332 3989 qui
365 3933 486 3972 cum
521 3919 735 3975 tandem
768 3921 1139 3991 impetrasset,
1179 3928 1237 3974 ut
1274 3929 1330 3976 et
1374 3920 1464 3975 illa
1495 3917 1840 3976 consuetudo

244 4008 647 4074 admitteretur,
686 4012 942 4080 gaudium
983 4029 1137 4067 suum
1170 4015 1454 4068 continere
1486 4029 1591 4068 non
1614 4014 1837 4081 valens,

245 4103 377 4160 illud
407 4102 669 4173 singulari
698 4102 982 4171 Sermone,
1013 4105 1102 4174 qui
1134 4119 1277 4159 nunc
1306 4104 1445 4174 apud
1478 4104 1842 4175 Augustinum

243 4195 349 4252 284
399 4196 452 4250 in
503 4194 806 4266 appendice
847 4196 975 4250 tomi
1005 4196 1045 4245 V
1076 4205 1284 4260 exstat,
1317 4196 1569 4265 aperuit:
1600 4214 1619 4247 ‹
1655 4196 1843 4250 Plures

244 4289 389 4347 enim
420 4298 578 4344 erant
606 4288 731 4344 anni
752 4331 767 4355 ,
799 4288 999 4360 inquit,
1028 4288 1176 4360 quod
1219 4304 1316 4356 pro
1349 4289 1448 4343 hac
1475 4304 1534 4343 re
1580 4287 1842 4342 aestuabat

246 4380 461 4435 animus
488 4396 641 4436 meus
663 4423 678 4447 ,
712 4392 767 4435 et
800 4391 907 4434 tota
937 4381 1118 4435 cordis
1147 4382 1451 4436 intentione
1476 4380 1843 4445 desiderabat,

243 4480 307 4529 ut
334 4472 483 4528 illam
541 4473 810 4543 psallendi
856 4474 1302 4530 consuetudinem
1325 4476 1479 4531 vobis
1510 4474 1628 4544 pius
1660 4474 1846 4528 Domi-

246 4582 351 4625 nus
378 4568 766 4638 inspiraret....
792 4569 923 4635 Cum
957 4569 1100 4624 enim
1133 4583 1228 4623 vos
1258 4583 1359 4639 ego
1384 4568 1453 4621 ita
1487 4567 1720 4638 psallere
1750 4566 1845 4621 de-

244 4662 574 4729 siderarem,
608 4663 962 4735 quomodojn
993 4664 1111 4718 aliis
1138 4664 1330 4718 vicinis
1355 4663 1674 4718 civitatibus
1702 4662 1844 4734 psal-
1870 4628 1925 4689 D

244 4757 489 4827 lebatur,
533 4758 712 4814 taliter
753 4758 1074 4830 prteparavit
1120 4759 1260 4814 Deus
1300 4758 1538 4811 animum
1566 4765 1804 4810 vestrum
1828 4797 1841 4822 ,

246 4860 310 4907 ut
336 4851 441 4907 hoc
475 4852 635 4907 etiam
666 4852 906 4919 ,melius,
940 4852 1231 4923 adjuvante
1260 4850 1492 4905 Domino
1513 4891 1527 4916 ,
1569 4847 1846 4918 complea-

248 4943 338 5000 tis.
377 4963 396 4997 ι
429 4943 572 5000 Sane
601 4944 647 4999 si
679 4947 876 5000 summi
910 4945 1177 5015 pontiﬁcis
1204 4943 1577 5015 praecessisset
1602 4957 1667 4998 ea
1691 4942 1760 4996 de
1789 4955 1846 4996 re

246 5039 501 5108 generale
526 5046 886 5109 praeceptum,
918 5047 1028 5093 tam
1070 5039 1313 5095 celebres
1340 5037 1618 5103 ecclesiae,
1654 5037 1705 5089 in
1739 5035 1844 5090 Ita-

248 5127 339 5182 liae
364 5127 600 5183 conﬁnio
630 5129 818 5199 positze
838 5169 852 5191 .
879 5133 924 5183 ei
967 5144 1158 5199 parere
1188 5137 1296 5183 tam
1329 5122 1420 5184 diu
1462 5143 1572 5183 non
1603 5126 1849 5182 distulis-

248 5230 403 5287 sent;
435 5237 535 5277 nec
576 5221 1011 5293 praetermisisset
1050 5221 1317 5278 Caesarius
1354 5222 1669 5294 apostolicae
1698 5222 1846 5278 sedis

249 5314 305 5371 in
357 5314 546 5370 Galliis
583 5315 729 5371 vices
776 5330 972 5386 gerens
1024 5325 1131 5369 tam
1185 5330 1403 5387 gravem
1457 5315 1846 5373 commendare

248 5407 663 5475 auctoritatem,
687 5417 745 5462 ut
781 5407 926 5478 quod
970 5416 1116 5463 tanto
1153 5408 1319 5463 animi
1362 5417 1497 5463 mstu
1535 5408 1844 5479 exoptabat,

249 5502 415 5557 citius
439 5510 890 5571 consequeretur.
939 5501 1122 5572 Neque
1149 5512 1326 5558 tamen
1354 5503 1460 5567 ait,
1493 5521 1513 5554 ‹
1546 5504 1678 5559 Cum
1702 5505 1849 5559 cnim

251 5610 351 5650 vos
376 5610 478 5667 ego
504 5595 576 5650 ita
626 5596 858 5665 psallere
887 5594 1287 5663 desiderarem,
1326 5615 1345 5649 ι
1388 5598 1658 5668 quomodo
1703 5598 1851 5654 sedis

252 5692 568 5763 apostolicze
625 5701 894 5762 praecepto
940 5690 1261 5760 jubebatur;
1305 5691 1399 5746 sed
1453 5692 1555 5747 hoc
1600 5702 1847 5761 tantum,

259 5805 280 5839 ι
315 5783 592 5856 quomodo
631 5788 683 5839 in
712 5785 831 5840 aliis
857 5786 1047 5841 vicinis
1087 5786 1396 5841 civitatibus
1433 5786 1784 5857 psallebatur.
1828 5807 1847 5841 ι

253 5868 313 5933 la
340 5876 616 5949 superiore
643 5872 822 5934 autem
850 5879 968 5936 loco
993 5876 1059 5936 es
1082 5879 1431 5951 chronologia
1453 5878 1721 5936 Lirinensi
1753 5895 1852 5937 no-

1946 3352 2000 3407 in
2032 3352 2292 3406 universis
2317 3351 2562 3407 ecclesiis
2606 3352 2807 3405 nostris
2851 3350 2954 3404 hoc
2989 3350 3060 3403 ita
3100 3349 3389 3403 dicendum
3423 3362 3546 3403 esse

1945 3446 2309 3501 decernimus.
2374 3466 2392 3498 ι
2448 3445 2522 3500 lbi
2568 3444 2783 3516 quidem
2823 3453 2946 3515 post
2992 3442 3151 3499 verba
3209 3444 3263 3496 in
3313 3441 3547 3496 omnibus

1946 3539 2193 3592 clausulis
2256 3554 2363 3592 non
2443 3537 2766 3607 exprimitur
2834 3551 2937 3589 vox
3018 3537 3371 3604 psalmorum,
3450 3533 3546 3589 sed

1945 3629 2087 3685 hanc
2142 3637 2324 3685 tamen
2370 3630 2654 3685 subaudiri
2706 3630 2875 3700 liquet
2918 3644 2985 3683 ex
3030 3628 3114 3682 his
3166 3625 3346 3698 \‘igilii
3397 3641 3549 3698 papa:

1946 3724 2109 3794 epist.
2160 3740 2201 3788 ι,
2245 3723 2311 3778 ad
2358 3722 2711 3777 Profuturum
2766 3722 3160 3777 Bracarensem
3188 3724 3504 3792 episcopum
3534 3763 3549 3787 ,

1949 3835 2099 3875 num.
2146 3819 2180 3874 5
2226 3835 2240 3872 :
2306 3836 2325 3869 ‹
2386 3817 2521 3871 Illud
2576 3827 2759 3873 autem
2814 3816 3015 3871 novelli
3070 3832 3193 3872 esse
3242 3815 3551 3884 judicamus

1946 3912 2182 3976 erroris,
2237 3910 2382 3980 quod
2435 3926 2557 3965 cum
2610 3911 2663 3964 in
2721 3910 2825 3980 [ine
2882 3909 3201 3981 psalmorum
3249 3910 3318 3963 ab
3370 3908 3549 3962 omni-

1950 4007 2051 4062 bus
2077 4004 2378 4061 Catholicis
2420 4020 2485 4059 ex
2534 4019 2689 4060 more
2723 4005 2936 4060 dicatur
2960 4002 3141 4059 Gloria
3165 4002 3311 4057 Patri
3339 4013 3387 4056 et
3410 4000 3552 4055 Filio

1946 4109 1994 4153 et
2027 4098 2247 4167 Spiritui
2276 4106 2475 4161 sancto,
2505 4105 2612 4152 etc.
2653 4117 2672 4149 ι
2697 4097 2753 4153 Si
2786 4109 2970 4151 autem
3003 4097 3054 4150 in
3084 4096 3400 4150 accessione
3431 4110 3553 4149 ver-

1947 4205 2039 4245 sus
2055 4190 2203 4244 Sicut
2233 4199 2344 4243 erat
2372 4190 2597 4245 Oriente
2621 4197 2736 4243 toto
2764 4188 3041 4257 posterior
3070 4188 3170 4242 fuit
3199 4186 3397 4251 Gallia,
3424 4200 3547 4241 eum

1948 4290 2099 4335 certe
2131 4282 2183 4335 in
2215 4296 2315 4336 usu
2352 4282 2582 4336 canendi
2625 4280 2806 4336 Gloria
2849 4280 2998 4335 Patri
3047 4283 3204 4353 longe
3248 4282 3547 4350 prtecessit.

1948 4374 2244 4429 Cassianus
2287 4375 2487 4445 quippe
2520 4374 2572 4429 in
2604 4373 2745 4430 libro
2779 4392 2812 4429 ll
2859 4377 2928 4430 de
2962 4376 3139 4431 lnstit.
3172 4375 3387 4431 cmuob.
3415 4417 3429 4441 ,
3462 4377 3559 4444 qui

1950 4478 2075 4523 ante
2093 4484 2293 4523 annum
2309 4467 2417 4523 416
2433 4468 2730 4523 adornatus
2743 4469 3004 4534 creditur,
3022 4484 3143 4538 cap.
3162 4468 3194 4523 8
3211 4468 3422 4522 scribit:
3446 4487 3464 4521 ι
3486 4467 3554 4523 ll-

1950 4562 2043 4617 lud
2064 4561 2252 4628 etiam,
2278 4562 2421 4632 quod
2448 4563 2500 4616 in
2529 4563 2630 4616 hac
2660 4561 3280 4631 provincia(Gallicana)
3294 4562 3549 4628 vidimus,

1952 4666 2011 4713 ut
2039 4672 2147 4712 uno
2176 4665 2432 4712 cantante
2480 4657 2533 4711 in
2578 4657 2819 4711 clausula
2870 4656 3060 4726 psalmi
3104 4672 3295 4711 omnes
3342 4665 3553 4711 stantes

1950 4755 2246 4810 concinant
2273 4769 2396 4808 cum
2426 4753 2669 4809 clamore
2699 4750 2875 4807 Gloria
2904 4750 3055 4806 Patri
3082 4766 3128 4805 ct
3162 4751 3301 4805 Filio
3339 4761 3386 4807 et
3427 4750 3553 4815 Spi-

1950 4849 2071 4903 ritui
2114 4856 2323 4911 sancto,
2358 4861 2622 4917 nusquam
2654 4861 2751 4917 per
2780 4862 2996 4901 omnem
3034 4845 3311 4901 Orientem
3341 4842 3553 4897 audivi-

1950 4959 2094 4999 mus.
2130 4962 2149 4995 ›
2174 4942 2308 5011 Quae
2333 4956 2456 4996 cum
2488 4943 2557 4996 ita
2587 4942 2719 5007 sint,
2742 4940 3019 4997 latendum
3044 4940 3348 5010 doxologia:
3371 4935 3552 4992 Gloria

1954 5035 2106 5091 Patri
2134 5050 2257 5091 cum
2284 5036 2599 5090 accessione
2627 5050 2817 5090 versus
2842 5034 2990 5090 Sicut
3015 5042 3125 5088 erat
3158 5034 3208 5085 in
3239 5030 3347 5086 ﬁne
3367 5031 3553 5101 cujus-

1954 5144 2057 5200 que
2090 5128 2279 5198 psalmi
2304 5128 2564 5183 cauendte
2593 5142 2751 5183 usum
2777 5129 3055 5199 antiquum
3094 5141 3214 5182 esse
3235 5165 3250 5193 ,
3281 5142 3403 5180 cum
3432 5125 3547 5181 lite-

1954 5237 2142 5278 reseos
2177 5222 2393 5277 Ariaua:
2429 5221 2840 5293 compescenda:
2870 5220 3040 5293 gratia
3073 5220 3417 5291 excogitatas
3444 5221 3549 5287 sit,

1954 5331 2019 5371 ac
2052 5314 2309 5385 paulatim
2344 5330 2438 5385 per
2471 5323 2635 5371 totam
2677 5313 2977 5370 Ecclesium
3023 5312 3190 5369 fuisse
3231 5323 3547 5383 receptum:

1954 5408 2048 5465 sed
2079 5407 2215 5463 nihil
2238 5417 2322 5464 est
2353 5423 2452 5463 cur
2480 5408 2711 5463 Damaso
2742 5405 3028 5460 tribuatur.

2028 5502 2114 5559 15.
2142 5500 2358 5557 Damasi
2408 5501 2668 5556 decretum
2692 5500 2829 5554 circa
2855 5500 3011 5553 ritum
3052 5501 3294 5555 cantandi
3318 5502 3373 5555 in
3415 5499 3553 5556 Urbe

1956 5597 2187 5653 alleluia.
2219 5627 2289 5637 —
2317 5595 2524 5650 Prmter
2551 5602 2675 5649 octo
2695 5593 2979 5664 superiora
3016 5594 3256 5661 decreta,
3290 5610 3411 5665 quae
3444 5596 3550 5648 Da-

1956 5704 2108 5745 maso
2146 5689 2488 5744 ascribuntur
2535 5686 2689 5741 velut
2736 5686 2790 5741 in
2844 5686 3083 5742 Romana
3128 5688 3342 5759 synodo
3386 5686 3555 5755 edita,

1954 5784 2105 5840 aliud
2128 5785 2177 5840 ei
2207 5783 2497 5854 Gregorius
2535 5781 2558 5836 Ι
2596 5781 2740 5837 circa
2769 5780 3015 5837 vocabuli
3043 5780 3276 5835 Alleluia
3306 5780 3360 5836 in
3412 5779 3558 5837 Urbe

1958 5874 2210 5931 cantandi
2235 5878 2402 5931 ritum
2444 5871 2709 5930 attribuit.
2743 5872 2823 5927 Ex
2874 5870 3062 5929 Sicilia
3108 5887 3304 5943 nempe
3348 5872 3571 5929 venienti
