4048 6350
109 5049 114 5070 t'

111 5091 116 5126 ἓ

111 5145 116 5186 i

109 5269 116 5310 i

113 5319 116 5334 |

113 5373 116 5386 l

603 317 740 384 tri-tt
2081 325 2434 384 ADDENDA.
3705 343 3798 400 ms

603 453 882 500 nuntiemo
911 451 1036 498 cum
1065 437 1168 496 hoc
1195 451 1336 508 papa
1363 439 1752 508 exiuistularat,
1779 441 1920 512 quod
1955 443 2204 498 ecclesia
2229 445 2284 506 Λ
2307 445 2584 502 exstitisse
2609 447 2894 514 ecclesias,
2927 447 2978 506 in
3017 445 3214 520 quibus
3247 447 3462 502 alleluia
3489 445 3694 510 Psscbsli
3715 465 3798 514 tan.

595 529 1226 602 Gonstantiuopnlituna:
1275 545 1368 586 seu
1407 531 1722 592 Grmcurum
1777 536 2202 592 consuetudines

607 637 704 694 per
731 623 914 680 omnia
948 633 1284 694 sequeretur,
1321 625 1748 698 nominatimque
1773 647 1794 684 ι
1823 629 1946 695 quin
1983 629 2198 686 alleluia

605 719 712 774 dici
737 719 801 772 ad
833 717 1024 774 Missis
1045 731 1196 774 extra
1225 719 1578 778 Pentecostes
1603 729 1850 792 tempora
1885 721 2126 780 iecisset.
2179 743 2198 778 ι

607 812 748 886 Tum.
771 813 890 884 plus
919 809 982 876 ac
1013 814 1290 880 inadestus
1335 815 1576 884 pontifex
1603 815 1766 874 etiam
1805 817 2002 888 injuste
2030 835 2200 888 espo-

603 905 896 970 Stulantem
927 919 1034 962 non
1065 907 1184 960 sine
1209 905 1404 964 idonea
1427 907 1802 970 satisfactione
1821 909 2052 980 repulit;
2081 911 2200 980 sed,

607 999 750 1062 sicut
801 1001 918 1070 ipse
975 1013 1162 1060 mense
1209 997 1434 1064 Octobri
1483 999 1674 1062 Iudici.
1717 1001 1774 1066 ‘2,
1829 1003 1898 1062 ttd
1937 1001 2202 1060 Jonnnem

609 1093 926 1162 episcopum
955 1092 1360 1164 Syracusanum
1405 1094 1616 1162 scribit,
1647 1115 1668 1148 ί
1707 1097 1844 1168 Ego,
1881 1098 2080 1168 inquit,
2111 1113 2202 1154 re-

603 1187 826 1258 apondi,
859 1187 986 1258 quia
1011 1185 1062 1240 in
1113 1187 1266 1242 nullo
1309 1201 1498 1244 eorum
1557 1189 1698 1260 (quae
1741 1189 2204 1264 reprehendebat)

609 1279 776 1338 aliam
811 1281 1100 1342 ecclesiam
1127 1281 1302 1338 secuti
1331 1295 1546 1348 sumus;
1579 1301 1600 1334 ι
1631 1297 1694 1338 ac
1721 1281 1922 1340 deinde
1947 1283 2202 1354 subjicit:

615 1391 632 1428 ι
671 1371 804 1428 Nam
837 1385 892 1434 ut
921 1373 1140 1436 alleluia
1174 1373 1488 1445 bic(ueteres
1515 1391 1636 1430 mss.
1665 1373 1794 1450 Reg.
1827 1385 1874 1430 et
1899 1373 2046 1432 Colit.
2071 1375 2204 1450 non)

611 1464 912 1534 diceretur,
943 1467 1013 1538 de
1035 1465 1508 1539 .lerosolymorum
1537 1467 1768 1526 ecclesia
1797 1483 1868 1524 ex
1901 1467 2046 1526 beati
2079 1469 2206 1530 Hie.-

611 1561 1142 1634 ronymitraditione
1173 1573 1416 1632 tempore
1458 1565 1632 1618 beata:
1671 1565 1948 1620 inemorite
1987 1565 2202 1620 Damasi

611 1655 840 1722 traditur
867 1663 1122 1716 tractum.
1153 1655 1218 1712 Et
1243 1655 1368 1712 ideo
1389 1657 1562 1728 magis
1591 1657 1642 1712 in
1677 1655 1780 1714 liae
1801 1673 1860 1712 re
1889 1655 2040 1716 illam
2069 1673 2208 1712 cuu-

611 1747 960 1814 suetuilinem
1009 1751 1430 1820 autputavitnus.
1473 1769 1492 1804 ι
1533 1753 1652 1818 Quo
1677 1751 1730 1806 in
1775 1751 1899 1806 loco
1939 1753 2068 1824 quid
2101 1753 2202 1806 sibi

2307 547 2416 594 tum
2441 549 2684 610 tempore
2700 541 3036 598 cantabatur.
3061 542 3328 608 Quocirca
3353 541 3484 598 idem
3499 545 3667 604 Doctor
3681 552 3798 620 epist.

2305 633 2432 690 olim
2467 633 2592 700 “9,
2621 649 2762 690 nunc
2787 639 2874 704 55,
2908 649 3025 708 cap.
3053 637 3138 704 l7,
3163 637 3390 692 scribit:
3427 655 3446 690 ε
3475 637 3532 694 Ut
3551 649 3696 696 autem
3713 644 3802 702 alle-

2305 725 2411 782 lula
2455 743 2552 796 per
2599 729 2722 784 illos
2767 730 2912 786 solos
2957 729 3076 786 dies
3123 731 3502 802 quinquaginta
3549 733 3596 786 in
3635 737 3800 793 ecclesia

2303 829 2568 886 cantetur,
2599 835 2706 876 non
2739 837 3122 894 usquequaque
3147 823 3492 888 observatur;
3523 839 3630 880 nam
3649 829 3798 886 etsliis

2305 911 2500 968 diebus
2527 915 2676 968 varie
2697 923 2944 972 multatur
2965 915 3092 970 alibi
3111 925 3166 970 et
3189 913 3340 970 alibi.
3375 933 3392 966 ι
3417 915 3576 970 Porro
3595 933 3654 972 ex
3673 919 3726 976 iis
3743 935 3804 976 cc-

2305 1005 2510 1074 clesiis,
2543 1023 2662 1078 qua:
2685 1007 2906 1062 alleluia
2937 1017 3144 1064 tantum
3195 1009 3334 1062 intra
3363 1017 3566 1080 tempus
3607 1009 3804 1070 Paschsle

2305 1101 2616 1166 cantabant,
2673 1117 2832 1156 unam
2887 1099 3054 1156 fuisse
3113 1101 3412 1156 Romanam
3465 1115 3526 1156 es
3575 1101 3806 1162 Somnium

2309 1193 2449 1250 haud
2487 1203 2696 1250 temere
2721 1195 2994 1266 colligitur
3023 1193 3170 1268 (Sos.
3201 1195 3292 1250 tib.
3335 1209 3432 1262 vn,
3463 1193 3614 1262 alii).
3645 1195 3808 1252 Errant

2307 1287 2402 1344 ille
2429 1287 2644 1358 quidem
2675 1303 2796 1344 cum
2845 1289 3085 1358 scripsit,
3133 1305 3152 1338 ι
3189 1287 3382 1342 Romae
3405 1289 3666 1358 quotannis
3689 1291 3808 1344 semel

2307 1383 2518 1437 canitur
2541 1381 2760 1438 alleluia
2787 1383 2962 1451 primo
2985 1380 3076 1436 die
3105 1380 3390 1436 Paschalis
3420 1381 3716 1446 lestlvltatis,
3743 1393 3808 1436 tot

2308 1475 2612 1548 Nlcepboro
2657 1475 2868 1530 Callisti
2911 1475 3074 1532 verba
3121 1475 3246 1544 ejus
3295 1472 3610 1530 esscribeuti
3653 1474 3808 1530 errandi

2309 1581 2496 1630 auctor
2521 1571 2620 1626 fuit
2645 1571 2892 1644 (Niceph.
2929 1569 3016 1624 tib.
3049 1583 3144 1636 xu,
3167 1585 3214 1624 ο.
3245 1565 3376 1636 5t):
3425 1567 3516 1624 sed
3541 1583 3636 1622 non
3655 1567 3740 1622 alis
3755 1569 3810 1622 ri-

2307 1669 2466 1726 detur
2493 1669 2698 1724 erroris
2725 1665 2870 1720 illius
2895 1677 3076 1731 causa,
3103 1665 3206 1718 nii
3237 1659 3384 1734 quod
3403 1676 3520 1718 cum
3539 1661 3661 1730 apud
3685 1663 3806 1732 scrip

2313 1773 2456 1818 tores
2483 1761 2678 1816 latinos
2705 1757 2910 1814 Pascha
2957 1757 3042 1812 vel
3083 1755 3152 1830 de
3181 1765 3298 1810 toto
3325 1763 3562 1824 tempore
3611 1751 3805 1814 Psscluli,

611 1843 742 1906 Velit
773 1842 1092 1914 Gregorius,
1123 1845 1510 1902 excutiendum
1539 1865 1552 1900 :
1587 1855 1644 1902 ut
1681 1847 1806 1902 inde
1835 1847 1960 1916 quid
2011 1847 2204 1904 decre-
2233 1847 2282 1910 Β
2313 1853 2394 1910 vel
2423 1853 2494 1908 de
2521 1867 2628 1906 uiso
2659 1849 3076 1910 resurrectionis
3105 1847 3322 1902 Domini
3343 1847 3436 1902 die
3475 1847 3736 1916 promiscue
3755 1843 3810 1898 di-

601 1939 748 1998 verit
779 1939 920 2008 ipse,
949 1937 1150 2008 quidve
1171 1953 1204 1996 ι
1233 1941 1462 1996 Datnaso
1491 1941 1778 1998 decretum
1825 1941 1994 2008 dicat,
2029 1941 2208 2012 perci-

613 2031 810 2102 piatur.

687 2123 774 2186 lii.
809 2123 1090 2184 Verborum
1131 2125 1370 2200 Gregorii
1397 2127 1564 2198 prium
1601 2127 1958 2198 interpretatio
1987 2127 2208 2196 asperri-

609 2227 712 2276 tur.
745 2251 816 2264 -—-
841 2221 1000 2278 Illum
1025 2223 1328 2279 Gardinalis
1365 2223 1512 2278 Bona
1549 2223 1618 2278 de
1641 2223 1752 2278 div.
1801 2223 1936 2290 psal.
1971 2237 2090 2294 cap.
2135 2225 2204 2280 l6

607 2315 678 2382 ita
707 2316 1114 2388 interpretatur,
1153 2337 1172 2372 ι
1203 2329 1260 2372 ut
1291 2333 1414 2374 cuni
1441 2329 1686 2388 tempore
1715 2325 1924 2372 tantum
1955 2315 2206 2374 Pascliali

607 2409 820 2474 alleluia
848 2417 1180 2476 cautaretur,
1237 2423 1362 2478 tunc
1393 2410 1736 2482 (Hieronymi
1787 2409 2004 2464 hortatu
2036 2425 2064 2464 a
2109 2411 2208 2474 Dav

607 2505 784 2572 suaso)
815 2503 1082 2560 sancitum
1111 2503 1202 2570 sit,
1235 2505 1482 2558 utetiam
1521 2515 1678 2558 extra
1719 2501 1850 2558 illud
1879 2503 2200 2574 frequenta-

607 2603 779 2654 retur.
813 2615 828 2652 ι
867 2593 1172 2652 Gardinalis
1209 2597 1368 2667 hujus
1413 2595 1846 2666 interpretationi
1887 2596 2052 2650 etiam
2099 2595 2210 2652 Til-

607 2687 902 2748 letnontius
929 2699 1006 2746 to.
1031 2689 1166 2758 Vill,
1201 2705 1322 2762 pag.
1347 2689 1476 2758 ΗΟ,
1501 2689 1731 2746 accedit.
1757 2689 1834 2744 Es
1863 2705 1972 2760 quo
1993 2689 2102 2744 duo
2123 2687 2210 2748 illi

611 2782 902 2840 clarissimi
931 2783 1034 2840 viri
1067 2783 1412 2840 traditionem
1454 2797 1484 2838 a
1541 2781 1812 2853 Gregorio
1858 2780 2212 2838 connmeudao

617 2883 728 2930 tam
759 2889 867 2930 non
895 2875 1192 2934 admodum
1219 2887 1572 2946 certumesse
1595 2875 1924 2941 observant;
1945 2889 2094 2942 cum,
2129 2875 2214 2930 iri-.-

615 2968 830 3036 quiuut,
859 2967 1078 3026 alleluia
1101 2969 1330 3024 canendi
1362 2983 1480 3024 mos
1505 2967 1690 3028 “cura:
1719 2969 1936 3026 Damasi
1959 2982 2078 3024 aevo
2101 2979 2210 3024 tam

613 3059 868 3128 frequens
917 3071 1086 3126 esset,
1125 3067 1186 3116 ut
1227 3061 1392 3118 etiam
1427 3061 1480 3118 in
1521 3061 1822 3132 exsequiis,
1877 3062 2212 3134 Hieronymo

613 3163 750 3210 teste
775 3155 826 3210 in
857 3155 1138 3226 epitapbio
1189 3155 1446 3223 Fabiolae,
1491 3157 1792 3214 audiretur.
1837 3155 2006 3220 Addit
2051 3155 2214 3212 Titie-

2309 1959 2484 2014 catur,
2515 1945 2732 2000 alleluia
2773 1945 2962 2000 [ternae
2991 1951 3200 1998 tantum
3251 1943 3306 1996 in
3335 1941 3534 1996 Pascha
3561 1941 3732 1995 cantari
3745 1955 3810 1994 a-

2307 2041 2484 2106 diens,
2513 2039 2584 2095 de
2603 2053 2708 2094 uno
2729 2037 2816 2094 die
2835 2039 3218 2107 interpretatus
3247 2043 3354 2102 est,
3377 2035 3516 2106 quod
3539 2033 3602 2090 de
3619 2043 3810 2090 tetateni-

2311 2149 2444 2206 pore
2473 2133 2718 2188 Paschli
2737 2133 2838 2186 sibi
2865 2131 3068 2186 dictum
3097 2129 3302 2186 fuerat.

2379 2227 2468 2282 18.
2501 2225 2688 2296 Neque
2709 2227 2888 2278 minus
2913 2231 3038 2294 apte
3057 2223 3302 2278 cohaeret
3321 2221 3506 2278 eadem
3529 2219 3814 2292 interpretatio

2309 2319 2552 2392 Grigurii
2595 2317 2848 2374 orationi.
2881 2315 3166 2372 Prazmittil.
3183 2315 3390 2388 quippe
3409 2329 3584 2370 sccmn
3603 2311 3814 2384 quemdam

2309 2423 2670 2484 euntquestum
2693 2425 2836 2474 esse,
2867 2427 2884 2460 ι
2921 2407 3044 2478 quia
3071 2407 3298 2463 alleluia
3329 2407 3436 2463 dici
3461 2405 3526 2462 ad
3541 2405 3704 2460 llissas
3717 2413 3814 2458 cura

2313 2507 2656 2562 Pentecostes
2705 2513 2948 2572 tempera
3001 2501 3240 2556 fecisset.
3285 2519 3304 2554 ι
3351 2499 3504 2557 Unde
3559 2511 3818 2568 consequens

2311 2607 2416 2663 est,
2453 2608 2504 2650 ut
2527 2605 2688 2652 antea
2711 2595 2928 2648 nonnisi
2961 2595 3100 2648 intra
3153 2593 3504 2650 Pentecostes
3551 2599 3747 2662 tempera
3767 2587 3818 2640 di-

2313 2701 2546 2746 ceretur.
2579 2689 2714 2744 Tum
2739 2703 2802 2742 es
2815 2687 3106 2758 postulanti
3141 2686 3292 2757 quod
3319 2685 3620 2742 Graecorum
3651 2693 3816 2738 coniste-

2313 2785 2530 2840 tudines
2577 2785 2630 2838 in
2685 2785 2980 2838 [tertianam
3021 2781 3316 2838 ecclesiam
3347 2780 3642 2845 invexisset,
3663 2789 3817 2846 respon-

2313 2879 2424 2944 det,
2455 2897 2472 2930 |
2507 2879 2564 2932 lu
2583 2877 2730 2934 linito
2751 2889 2940 2932 eorum
2959 2875 3121 2930 aliam
3141 2875 3432 2930 ecclesiam
3455 2872 3614 2928 secuti
3633 2881 3814 2926 sumus.)

2319 2973 2634 3044 Exindeque
2658 2969 2956 3028 secundum
3009 2985 3140 3025 mss.
3175 2969 3406 3040 Regium
3451 2977 3504 3022 et
3535 2963 3816 3022 Colbcrtimu

2315 3067 2560 3138 apposite
2591 3065 2812 3134 subiicit
2845 3081 2860 3118 :
2897 3083 2915 3116 ι
2943 3063 3076 3118 Nam
3107 3073 3164 3114 nt
3191 3063 3410 3118 alleluia
3445 3061 3528 3116 hic
3555 3073 3648 3114 non
3677 3055 3818 3111 dicere

2317 3169 2406 3214 tur
2435 3157 2638 3228 (supple
2667 3167 2820 3212 extra
2877 3157 3230 3212 Pentecoste:
3283 3151 3545 3224 tempora)
3585 3149 3646 3206 de
3667 3147 3818 3204 lci-oio

615 3251 876 3314 montius,
907 3265 1010 3306 nec
1039 3251 1170 3306 illud
1203 3263 1434 3316 certum,
1467 3267 1534 3314 an
1567 3251 1930 3324 Hieronymus
1961 3259 2088 3306 ante
2109 3249 2216 3306 Da-
2241 3235 2288 3300 C
2325 3255 2588 3324 lymurnm
2639 3251 2870 3306 ecclesia
2929 3266 2996 3306 ex
3035 3249 3178 3306 heti
3231 3247 3547 3320 Hieronymi
3593 3241 3817 3300 tradilione.

615 3343 748 3404 masi
771 3341 982 3398 obitum
1029 3343 1430 3416 Jerosolymam
1479 3345 1692 3400 adierit.
1751 3343 1944 3400 Verum
1991 3343 2208 3400 etiamsi

615 3433 1000 3492 admitteretur
1049 3451 1238 3492 eorum
1271 3439 1672 3508 interpretatio,
1705 3447 1756 3494 et
1818 3439 2204 3510 Hieronymum

615 3535 906 3598 authnam
937 3529 1004 3586 ad
1039 3531 1326 3588 Datnasum
1373 3549 1433 3588 se
1463 3531 1758 3598 conferret,
1809 3531 2208 3604 Jerosolymam

617 3635 726 3676 non
757 3621 956 3678 adiisse
983 3623 1404 3690 concederetur,
1433 3639 1496 3678 ex
1531 3625 1840 3678 rationibus
1867 3625 2046 3678 allatis
2077 3623 2212 3678 nihil

613 3715 874 3772 adversus
897 3717 1246 3772 traditionem
1275 3735 1302 3772 at
1348 3719 1614 3786 Gregorio
1655 3733 2014 3776 tttcmoratattt
2040 3721 2212 3778 conli-

613 3817 852 3866 ceretur.
899 3811 1086 3866 Primo
1133 3815 1280 3868 enim
1321 3813 1426 3884 ipsi
1455 3815 1522 3870 de
1550 3815 1765 3870 alleluia
1811 3825 2017 3870 tantum
2069 3817 2212 3872 intra

619 3901 810 3958 Missas
863 3905 1158 3968 cantando,
1213 3921 1318 3962 non
1375 3905 1446 3964 de
1493 3907 1758 3962 vocabulo
1811 3908 2006 3962 eodem
2056 3917 2214 3964 extra

619 3995 812 4054 Missas
837 4007 894 4054 et
919 3999 970 4054 in
1001 3999 1276 4072 exsequiis
1309 3999 1702 4070 frequentanda
1723 4017 1906 4056 sermo
1925 4011 2026 4057 est.
2055 4001 2214 4058 Dein-

617 4089 686 4146 de
713 4099 834 4160 post.
867 4093 1082 4148 Dunasi
1113 4093 1342 4160 obitum,
1373 4095 1624 4166 adeoque
1647 4105 1770 4166 post
1804 4097 2078 4152 invectum
2111 4113 2212 4152 no-

617 4203 742 4242 vum
757 4201 986 4250 morem.
1011 4191 1286 4260 exsequiae
1311 4189 1545 4246 Fabiolae
1567 4193 1934 4262 contigerunt.
1969 4193 2210 4262 Denique

617 4297 740 4336 cum
789 4281 1200 4356 Hieronymum,
1232 4293 1524 4358 antequam
1559 4287 1784 4342 Romam
1831 4286 2208 4352 contenderet,

618 4376 672 4432 in
701 4375 860 4448 Syria
889 4377 1106 4448 degisse
1133 4387 1378 4446 constet;
1409 4395 1534 4436 eum
1557 4381 1722 4436 etiam
1753 4381 1826 4438 ibi
1843 4380 2214 4452 Jerosolymo-

619 4483 742 4522 rum
769 4471 1197 4526 consuetudines
1225 4481 1534 4544 compertas
1559 4471 1762 4528 habere
1789 4473 2032 4544 potuisse
2061 4471 2216 4528 indu-

621 4559 852 4616 bitatum
875 4573 976 4616 cst.

2317 3353 2568 3414 tempore
2589 3345 2760 3398 beatae
2789 3345 3070 3398 memorias
3091 3341 3311 3402 Damasi
3343 3357 3513 3410 papae,
3545 3337 3816 3394 traditurus.

2317 3443 2482 3492 ctum.
2521 3435 2588 3490 Et
2613 3433 2734 3490 ideo
2761 3435 2930 3504 magis
2959 3433 3012 3490 in
3037 3433 3136 3488 hac
3159 3447 3240 3498 re,
3287 3453 3306 3486 ο
3339 3446 3446 3502 qua
3469 3429 3588 3486 illud
3611 3431 3738 3484 etiam
3753 3437 3816 3477 cx-

2319 3543 2400 3588 tra
2427 3530 2780 3586 Pentecostes
2809 3538 3050 3600 tempora
3075 3525 3180 3582 dici
3223 3526 3512 3596 iussimus,
3545 3541 3562 3578 ι
3593 3523 3710 3578 illam
3727 3527 3816 3570 culto

2317 3625 2656 3680 suetudinem
2681 3623 3102 3692 amputavimua,
3161 3635 3286 3691 qua:
3311 3621 3402 3676 hic
3423 3635 3451 3674 a
3485 3615 3666 3674 Grecis
3699 3611 3816 3668 fuerat

2321 3717 2536 3774 tradito.
2565 3735 2586 3770 ι
2615 3715 2758 3772 Sane
2777 3715 2832 3770 in
2857 3715 2956 3770 hac
2981 3723 3090 3768 tota
3115 3713 3370 3768 oratiouie
3396 3714 3474 3770 sic
3491 3699 3814 3782 esplicstauillil

2319 3819 2422 3874 est,
2453 3809 2598 3878 quod
2625 3807 2870 3876 Gregorii
2921 3821 3086 3876 scopo
3117 3820 3226 3860 non
3283 3803 3566 3874 aptissime
3609 3799 3808 3862 congruat.

2317 3899 2518 3958 Contra
2541 3901 2586 3958 si
2611 3915 2734 3958 cum
2763 3899 2974 3970 vulgata
3005 3897 3262 3964 lectione,
3301 3895 3446 3952 Nam
3491 3905 3542 3952 ut
3581 3881 3816 3950 attulistis

2319 3993 2592 4056 diceretur,
2625 3993 2940 4062 supplentur
2979 3991 3186 4062 pariter
3213 4001 3364 4046 extra
3409 3987 3698 4054 Pentecoste:
3731 3987 3816 4030 tam

2317 4103 2464 4158 per,
2493 4103 2600 4146 mm
2619 4095 2822 4142 tantum
2841 4091 3072 4142 obscura
3091 4094 3146 4140 et
3159 4085 3314 4142 otnni
3339 4085 3604 4140 intellectu
3617 4073 3816 4134 destituta.

2317 4183 2414 4240 sed
2441 4183 2604 4238 etiam
2633 4179 2862 4236 absurda
2881 4179 3056 4236 evadit
3075 4179 3322 4250 ejusdem
3345 4176 3608 4250 pontiﬁcis
3625 4167 3771 4227 oratio.

2389 4277 2474 4334 l9.
2507 4277 2622 4344 Quo
2651 4285 2800 4349 pacto
2825 4285 2962 4330 stare
2989 4289 3144 4346 queat
3169 4291 3202 4328 a
3227 4273 3480 4346 Gregorio
3519 4269 3692 4342 prolata
3711 4255 3820 4349 tradi;

2317 4373 2406 4428 tio.
2431 4401 2502 4412 --
2527 4371 2616 4426 His
2651 4345 2870 4440 positis,
2929 4345 3280 4440 quaerendum
3325 4345 3440 4438 jam
3489 4369 3662 4425 restat,
3699 4369 3750 4410 sn
3783 4345 3816 4402 id

2315 4469 2506 4522 saltem
2535 4465 2712 4522 valeat
2739 4475 2906 4533 stare,
2931 4467 3076 4536 quod
3127 4461 3424 4534 Gregorius
3457 4459 3592 4516 velut
3611 4453 3670 4510 ab
3687 4449 3818 4506 llic"-

2315 4575 2482 4634 nyino
2513 4577 2531 4612 ι
2567 4577 2632 4614 ex
2661 4557 2952 4616 traditione
2981 4565 3210 4611 tractum
3239 4573 3260 4607 ι
3287 4539 3818 4634 seribit.Nonnehutht~

697 4651 780 4706 Π.
805 4651 984 4708 Altera
1007 4656 1052 4708 ei
1071 4659 1422 4729 ante-ferenda.
1455 4689 1526 4698 ——
1553 4657 1660 4714 Sed
1693 4659 1932 4714 virorum
1961 4659 2210 4714 lnudato—
2237 4637 2290 4700 Ῑ)
2317 4629 2460 4708 modi
2487 4651 2764 4708 traditioni
2793 4649 3133 4712 adversntur,
3167 4647 3310 4718 quod
3355 4645 3494 4702 idem
3521 4643 3696 4700 Doctor
3715 4629 3820 4729 iﬁlli“

617 4759 736 4802 rum
777 4745 1210 4818 interpretationi
1265 4751 1504 4806 Isidorus
1549 4751 1816 4808 Mercator
1861 4761 2080 4810 secutus
2129 4763 2214 4810 est

615 4851 842 4905 prorsus
861 4843 1190 4910 oppositam.
1223 4841 1340 4898 Non
1368 4845 1513 4900 enim
1543 4845 1652 4912 ille,
1691 4847 1792 4900 nisi
1821 4863 1889 4900 ex
1921 4847 2210 4902 citatorum

615 4931 864 5002 Gregorii
898 4933 1186 4990 verborum
1205 4937 1512 5004 occasione,
1563 4939 1950 5012 lliertmymum
2005 4941 2214 4998 induxit

617 5023 686 5082 ad
719 5025 1004 5082 Damasum
1039 5028 1112 5084 ita
1159 5029 1532 5086 scribentem:
1577 5051 1596 5084 ι
1635 5033 1690 5088 tn
1737 5033 1982 5090 Ecclesia
2031 5045 2208 5090 autem

619 5119 862 5190 (alleluia
895 5121 1110 5178 dicendi
1145 5123 1294 5192 usus)
1319 5141 1348 5179 a
1377 5134 1558 5180 sancta
1581 5125 2008 5186 Resurrectloue
2039 5145 2208 5202 usque

619 5211 685 5270 ad
709 5223 952 5268 sanctam
983 5213 1342 5274 Peutecosten
1371 5217 1589 5274 ﬁniatur
1615 5221 1754 5276 inter
1795 5223 2002 5278 dierum
2033 5223 2208 5294 spatia

617 5305 1030 5376 quinquaginta.
1063 5327 1080 5360 ι
1121 5309 1196 5364 Ex
1227 5327 1334 5380 quo
1359 5311 1682 5382 Gregorium
1733 5315 1812 5370 sic
1839 5317 1906 5370 ab
1931 5331 1998 5370 co
2047 5317 2212 5372 intel-

617 5401 816 5456 lectum
841 5417 966 5458 esse
997 5403 1224 5460 evidens
1253 5415 1354 5470 est,
1381 5417 1440 5462 ut
1465 5423 1586 5462 cum
1609 5407 1824 5464 alleluia
1857 5411 2004 5480 prius
2025 5421 2212 5466 canta-

615 5501 766 5550 retur
789 5503 944 5550 extra
977 5495 1340 5554 Pentecosten
1361 5541 1377 5566 ,
1437 5499 1568 5556 illud
1597 5501 1862 5558 Damasus
1887 5503 2206 5576 Hieronymi

615 5587 832 5648 hortatu
865 5591 1006 5646 intra
1035 5591 1382 5650 Pentecosteu
1407 5605 1614 5652 tantum
1647 5597 1930 5652 dicendum
1958 5611 2079 5654 esse
2107 5599 2208 5654 de-

615 5687 864 5742 creverit.
899 5687 962 5740 Et
991 5687 1038 5742 is
1061 5687 1276 5758 qn‘detn
1309 5689 1594 5746 verborum
1627 5691 1870 5762 Gregorii
1899 5691 2208 5748 intellectus

613 5793 740 5838 cum
761 5781 930 5850 ipsius
957 5781 1211 5848 orationi,
1241 5793 1348 5838 tum
1395 5783 1668 5841 historica:
1703 5787 1916 5842 veritati
1965 5785 2210 5854 apprime

619 5875 888 5946 congruit.
915 5873 1142 5936 Certum
1171 5887 1258 5936 est
1285 5879 1428 5934 enim
1466 5881 1750 5956 Augustini
1795 5885 1914 5938 aevo
1947 5877 2208 5953 quasdam

2315 4745 2440 4802 libri
2467 4755 2656 4800 contra
2699 4743 3040 4816 1Vigilantium
3101 4741 3262 4811 hujus
3291 4738 3530 4796 haeretici
3575 4726 3820 4790 dictumiﬂ"

2317 4841 2528 4914 probat.
2565 4859 2582 4892 ι
2619 4853 2906 4909 nutuquam
2953 4837 3056 4892 nisi
3081 4837 3132 4890 in
3167 4835 3366 4890 l‘ascha
3413 4827 3616 4888 alleluia
3657 4827 3816 4914 canuit“

2315 4909 2442 4994 dum
2479 4957 2496 4990 ι
2529 4935 2882 5000 aflirmantis;
2907 4943 3000 4988 aut
3027 4929 3172 5003 quod
3221 4931 3272 4984 in
3321 4925 3588 4998 epitapl-io
3629 4909 3816 4976 Fabiolt'i

2317 5031 2650 5088 tntiusurbis
2691 5029 2754 5084 ad
2783 5029 2900 5098 ejus
2947 5027 3236 5096 exsequias
3281 5035 3548 5080 concursu
3593 5009 3818 5078 memor”

2313 5127 2546 5192 subjicit,
2579 5143 2598 5176 ε
2627 5109 2906 5178 Sonabant
2935 5119 3146 5189 psalmi.
3177 5127 3232 5178 ει
3259 5125 3446 5170 θιινιῑθ
3467 5107 3816 5202 ῑθιυβιονυηξῗθξ

2316 5219 2484 5274 boans
2517 5216 2568 5270 in
2599 5213 2830 5276 sublime
2863 5211 3136 5284 quatiebat
3175 5207 3432 5264 alleluia?
3465 5225 3484 5258 ι
3529 5203 3676 5268 Immo
3703 5197 3818 5288 sui”

2315 5327 2422 5367 non
2451 5311 2608 5380 Iunge
2629 5317 2754 5362 ante
2795 5303 3044 5375 Gregorii
3093 5312 3358 5372 tempera,
3407 5297 3588 5352 saltem
3625 5291 3672 5344 in
3703 5277 3818 5380 Iuli-1%

2315 5377 2583 5472 ecclesiis,
2625 5403 2838 5458 alleluia
2885 5410 3038 5456 extra
3065 5397 3424 5454 Pentecosten
3469 5384 3724 5446 cantariac

2315 5499 2562 5574 queutari
2601 5495 2948 5552 eonsuevisse
2987 5503 3304 5562 argumento
3349 5495 3436 5542 est
3475 5487 3582 5576 ipsa
3623 5477 3818 5576 Grrﬁoj"

2319 5567 2442 5648 uota
2483 5597 2646 5662 atque
2673 5585 2952 5648 ῐιιιιιίὶίδνῑς
2991 5583 3342 5640 Benedictina
3377 5575 3590 5648 Regula,
3615 5567 3740 5636 cujus
3757 5567 3816 5610 ca-

2315 5686 2422 5754 pite
2451 5685 2516 5742 15
2539 5681 2846 5758 praecipitur
2879 5697 2892 5734 :
2933 5695 2952 5730 α
2997 5675 3068 5732 Ut
3095 5677 3240 5738 omni
3277 5671 3542 5764 Dominiea
3575 5671 3702 5764 extra

2317 5751 2678 5850 dragesiinam
2705 5771 2914 5830 cantica
2943 5767 3208 5836 Matutini,
3243 5767 3436 5826 Prima,
3461 5757 3648 5818 Tertia.

2319 5833 2578 5942 Hunisque
2597 5883 2720 5926 cum
2749 5861 2962 5922 alleluia
2993 5833 3276 5928 dicantur;
3301 5875 3321 5914 ι
3349 5853 3554 5914 caeteris
3575 5855 3722 5906 autem
3739 5833 3818 5891 ditt
