4048 6350
224 335 367 390 ἐέῑδ

852 334 1172 393 CENSURA
1216 334 1695 392 DECliETORUM
1736 330 2021 389 nuisse
2062 330 2080 387 I
2126 329 2331 387 PAPIE
2375 326 2887 387 ASCRIPTORUM.

3385 318 3523 387 uti

220 450 325 505 bus
374 471 390 502 ι
428 468 455 504 a
490 450 804 506 Pentecoste
850 468 1021 521 usque
1074 451 1142 507 ad
1187 462 1348 522 caput
1390 451 1820 523 quadragesima:
1847 448 1899 513 Α
1926 452 2238 521 persistere.
2272 450 2462 521 Siquis
2478 460 2816 505 verocontra
2844 449 2978 504 hanc
3003 449 3521 519 regniamnostram,

222 545 476 599 omnibus
506 544 758 601 noctibus
807 544 1071 617 (alleluia)
1115 560 1235 601 cum
1286 560 1381 601 sex
1430 543 1825 616 posterioribus

223 638 444 708 psalmis
477 648 681 693 tantum
711 637 776 692 ad
801 637 1107 695 Nocturnus
1146 638 1374 693 dicatur.
1415 655 1433 690 ι
1462 635 1596 692 Cum
1627 636 1711 692 his
1746 646 1826 691 ta-

220 748 347 787 men
387 733 637 803 componi
687 742 862 804 potest
892 743 1190 789 memorata
1222 732 1460 798 traditio,
1494 732 1540 787 si
1561 732 1703 804 quod
1734 748 1825 787 sn-

217 825 408 895 perius
436 841 465 880 a
497 826 657 880 nobis
680 834 764 880 est
785 826 1162 893 observatum,
1181 826 1526 888 admittatur,
1554 840 1675 881 eam
1708 823 1819 879 sci-

218 918 350 972 licet
379 917 448 973 de
498 918 718 974 alleluia
763 919 833 973 ad
881 917 1072 975 Missas
1118 919 1354 975 dicendo
1405 916 1818 989 intelligendam

217 1027 345 1068 esse
375 1029 387 1066 :
418 1012 556 1068 adeo
585 1021 643 1068 ut
668 1012 813 1083 quod
843 1012 1051 1084 Regula
1094 1013 1455 1069 Benedictina
1504 1014 1623 1068 loco
1653 1013 1822 1067 citato

218 1103 291 1160 de
322 1105 689 1175 responsoriis
711 1106 1020 1171 constituit,
1056 1125 1073 1158 ι
1102 1105 1475 1176 Responsoria
1509 1120 1637 1160 vero
1665 1121 1824 1160 num-

220 1211 384 1266 quam
417 1196 671 1253 dicantur
701 1212 823 1253 cum
852 1197 1095 1262 alleluia,
1123 1199 1231 1253 nisi
1255 1215 1283 1252 a
1314 1198 1522 1253 Pascha
1563 1214 1733 1269 usque
1756 1198 1822 1254 ad

222 1291 613 1360 Pentecosten,
652 1311 671 1345 ›
712 1294 817 1348 hoc
840 1294 1010 1349 etiam
1043 1292 1231 1348 Romae
1257 1302 1385 1349 ante
1405 1292 1652 1364 Gregorii
1687 1302 1823 1349 tem-

221 1399 356 1455 pora
386 1385 439 1439 in
471 1382 647 1441 Missis
676 1386 976 1453 obtineret,
1012 1398 1070 1441 ιιι
1107 1402 1401 1459 numquam
1443 1403 1564 1443 cum
1606 1388 1821 1443 alleluia

218 1478 327 1533 nisi
349 1493 378 1532 a
408 1476 620 1533 Pascha
648 1494 818 1548 usque
851 1478 915 1534 ad
938 1479 1297 1536 Pentecosten
1323 1480 1656 1536 dicerentur.
1680 1480 1821 1537 Gre-

216 1572 409 1643 gorius
438 1579 623 1627 autem
654 1572 1131 1640 consuetudinem,
1165 1589 1286 1644 qua:
1322 1584 1379 1628 ut
1409 1572 1616 1630 ferebat
1650 1572 1815 1640 fama,

218 1664 408 1722 Romae
436 1681 463 1719 a
497 1667 732 1722 Damaso
756 1676 1023 1738 cmperat,
1061 1667 1352 1738 abrogare,
1383 1676 1548 1740 atque
1590 1668 1819 1738 abroga-

220 1768 330 1811 tam
360 1757 427 1812 ab
457 1755 564 1813 hoc
596 1773 732 1829 papa
756 1774 1015 1815 revocare
1046 1760 1144 1815 sibi
1176 1760 1345 1816 licere
1371 1761 1726 1815 existimavit.

1932 556 1983 600 et
2020 555 2208 600 contra
2241 544 2481 615 regulam
2513 554 2831 599 sanctorum
2876 558 3109 603 cccxvm
3160 552 3369 614 patrum
3393 585 3408 611 ,
3439 543 3529 613 qui

1930 640 1982 693 in
2023 638 2245 694 Nicaeae
2292 638 2526 693 concilio
2581 637 2687 693 hoc
2732 637 3154 700 constituerunt.
3211 636 3528 695 temerarius

1929 738 2290 801 praesumptor
2320 729 2504 796 fuerit,
2527 738 2581 785 et
2607 729 2676 783 de
2703 741 2901 784 cavtero
2924 729 3231 785 oblationes
3259 728 3327 784 de
3355 728 3529 785 sacris

1929 824 2176 880 ecclesiis
2206 822 2423 879 auferre
2447 823 2665 878 molitus
2694 821 2877 889 fuerit,
2908 821 3009 879 sub
3035 820 3394 877 anatltematis
3409 820 3530 876 vin-

1927 918 2051 973 culo
2080 917 2149 972 sit
2195 917 2482 988 colligatus
2531 925 2585 971 et
2633 918 3050 973 condemnatus.
3108 914 3527 985 ReSponderunt

1926 1026 2140 1076 omnes,
2165 1011 2276 1076 ﬂat,
2303 1012 2417 1066 liat.
2453 1030 2471 1063 ι

1998 1103 2089 1159 25.
2138 1102 2296 1159 Circa
2334 1104 2436 1158 hoc
2466 1102 2746 1157 decretum
2785 1100 3019 1156 observo
3063 1100 3331 1170 primum,
3380 1098 3520 1154 nihil

1926 1197 2072 1251 aliud
2116 1196 2289 1250 videri
2333 1196 2434 1250 nisi
2480 1202 2853 1249 commentum
2901 1193 3056 1262 ejus,
3098 1193 3189 1263 qui
3236 1192 3522 1263 epistolam

1926 1293 2233 1361 composuit
2264 1292 2404 1361 apud
2436 1290 2822 1362 Hieronymum
2855 1290 2989 1345 edit.
3012 1306 3138 1345 nov.
3161 1288 3287 1355 LV,
3312 1305 3366 1359 p.
3391 1289 3521 1358 420,

1923 1392 1982 1438 ιιι
2034 1382 2339 1455 Hieronymi
2385 1384 2453 1438 ad
2505 1381 2793 1437 Damasum
2840 1384 2904 1437 de
2943 1384 3290 1438 oblationibus
3338 1382 3523 1438 altaria

1922 1478 2264 1548 inscriptam,
2315 1479 2364 1530 in
2416 1492 2519 1547 qua
2570 1477 2613 1531 is
2663 1477 2863 1531 Doctor
2904 1477 2983 1531 sic
3024 1477 3088 1532 ad
3141 1476 3285 1531 hnnc
3325 1489 3521 1546 papam

1923 1574 2167 1629 scribere
2199 1573 2420 1642 tingitur
2450 1590 2463 1626 :

2000 1687 2018 1720 ι
2054 1668 2276 1723 Noverit
2305 1676 2491 1724 sancta
2523 1669 2820 1723 auctoritas
2858 1676 2972 1731 tua,
3008 1681 3145 1738 papa
3188 1666 3522 1733 venerande,

1920 1760 2043 1831 quia
2089 1761 2156 1815 de
2199 1760 2526 1830 quaestione,
2558 1774 2721 1830 quam
2748 1757 3015 1814 clientulo
3043 1768 3138 1813 tuo
3167 1757 3520 1828 proposuisti,

289 1850 380 1906 20.
414 1850 653 1924 Quinque
683 1852 885 1908 decreta
914 1853 1142 1909 Damaao
1178 1854 1441 1910 attributa.
1470 1854 1527 1910 In
1554 1853 1815 1912 Crabbia-
1845 1849 1892 1910 Β
1922 1865 1977 1909 et
2015 1867 2253 1923 congrua
2299 1867 2560 1921 responsa
2613 1866 2709 1921 per
2744 1852 3036 1921 epistolam
3086 1852 3379 1918 mandasti,
3420 1850 3522 1905 hac

215 1959 283 1997 na
334 1945 690 1999 conciliorum
736 1945 977 2001 editione
1004 1962 1067 2003 ac
1115 1947 1313 2003 deinde
1359 1948 1409 2001 in
1450 1949 1662 2004 cmteris
1710 1949 1815 2003 alia

212 2037 456 2106 quinque
486 2036 699 2107 vulgata
732 2049 860 2093 sunt
891 2038 1110 2094 Damasi
1131 2039 1352 2094 nomine
1370 2041 1590 2095 decreta
1622 2058 1653 2096 e
1676 2039 1813 2097 Gra-

216 2127 353 2183 tiani
412 2138 469 2185 et
518 2130 701 2187 lvonis
752 2132 1235 2203 compilationibus
1280 2132 1530 2198 collecta,
1583 2150 1814 2205 quorum

212 2226 450 2295 primum
480 2244 508 2281 a
538 2224 802 2283 Gratiano
828 2227 883 2296 2,
916 2239 1111 2299 quaest.
1145 2229 1197 2293 '5,
1222 2244 1343 2299 cap.
1368 2229 1425 2294 2,
1452 2231 1526 2283 ita
1552 2228 1812 2285 elliertur:

220 2339 237 2373 t
277 2317 679 2388 Calumniator,
713 2323 756 2375 si
779 2323 832 2376 in
863 2323 1211 2378 accusatione
1236 2323 1520 2390 defecerit,
1553 2324 1812 2379 talionem

213 2412 464 2481 accipiat.
502 2430 521 2463 ι
554 2411 880 2483 Excerptum
914 2424 1010 2481 ,est
1036 2426 1215 2469 autem
1256 2431 1324 2470 ex
1376 2416 1669 2471 Isidoriana
1699 2419 1815 2488 epi-

214 2502 355 2559 stola
389 2505 454 2558 ad
482 2502 819 2574 Stephanum
854 2507 1172 2578 episc0pum
1202 2509 1413 2563 Damasi
1438 2510 1657 2564 nomine
1688 2524 1817 2564 con-

218 2598 365 2663 licta,
388 2612 507 2667 cap.
534 2598 587 2664 7,
609 2598 766 2668 cujus
789 2598 1023 2669 ipsamet
1046 2601 1211 2655 verba
1240 2600 1307 2656 ab
1331 2600 1522 2656 eodem
1552 2601 1817 2657 Gratiano

214 2704 289 2755 tv,
322 2698 518 2759 quaest.
543 2688 596 2756 3,
625 2704 675 2745 c.
710 2689 763 2757 4,
799 2689 1134 2746 referuntur.
1170 2691 1325 2761 Quod
1358 2708 1492 2749 vero
1522 2694 1593 2749 ibi
1625 2695 1815 2764 ιιι-ωσι·

218 2785 386 2852 pitur,
420 2793 853 2839 consentaneum
889 2796 975 2841 est
999 2785 1137 2841 Cod.
1173 2784 1278 2841 Th.
1305 2787 1399 2842 lib.
1431 2804 1505 2855 ιιι,
1529 2790 1613 2843 tit.
1639 2804 1678 2855 ι,
1710 2790 1815 2861 legi

216 2877 307 2944 Η,
332 2887 385 2933 et
416 2878 498 2931 tit.
536 2877 623 2942 l0,
657 2877 834 2947 iegi3.

285 2970 370 3026 2i.
412 2974 657 3026 Alterum
694 2973 763 3025 ita
814 2972 1098 3027 referunt:
1161 2991 1178 3025 ι
1222 2970 1281 3028 Si
1327 2975 1450 3045 quis
1492 2976 1813 3044 episc0pnm

214 3077 307 3119 aut
341 3065 741 3139 presbyterum,
771 3075 862 3122 attt
881 3067 1167 3122 diaconum
1194 3066 1345 3122 falsis
1360 3071 1684 3124 criminibus
1712 3072 1813 3124 im-

218 3159 537 3231 pctieritvel
588 3161 952 3226 aceusaverit,
1011 3170 1066 3216 et
1121 3161 1351 3232 probare
1398 3179 1503 3217 non
1555 3166 1812 3233 potuerit,

1918 1961 2001 2006 est
2031 1951 2098 2005 de
2138 1950 2368 2021 panibus
2393 1967 2420 2003 a
2453 1948 2703 2004 ﬁdelibus
2734 1949 2784 2003 in
2819 1947 2979 2002 altari
3011 1947 3232 2012 oblatis,
3259 1947 3383 2015 quis
3415 1945 3523 2000 illis

1913 2047 2038 2116 jure
2062 2045 2138 2099 ttti
2170 2043 2385 2097 debeat.
2418 2042 2693 2110 Quantum
2727 2056 2756 2095 a
2783 2041 3070 2110 prtecipuis
3102 2040 3365 2095 Ecclesiae
3388 2039 3521 2093 doc-

1921 2136 2128 2193 toribus
2173 2136 2504 2206 investigare
2543 2135 2715 2200 valui,
2749 2133 2803 2188 in
2851 2133 3036 2204 paucis
3079 2132 3170 2188 tibi
3216 2131 3524 2188 rescribere

1918 2230 2133 2284 curavi.
2156 2228 2351 2285 Testes
2373 2236 2555 2283 autem
2586 2228 2796 2294 idonei,
2830 2242 2969 2297 quos
2995 2226 3061 2281 ad
3095 2227 3232 2280 hanc
3260 2240 3374 2280 rem
3404 2238 3523 2278 cor-

1918 2322 2281 2377 roborandam
2324 2322 2596 2376 concitavi
2650 2320 2813 2393 (Leg.
2854 2319 3221 2391 consultavi),
3257 2317 3311 2373 hi
3343 2327 3469 2379 sunt
3504 2336 3517 2372 :

1918 2416 2217 2487 Gregorius
2263 2415 2641 2470 Nazianzenus
2687 2413 2953 2468 mirabilis
2995 2412 3209 2476 doctor,
3258 2410 3517 2481 Cyriiius,

1918 2511 2274 2577 Athanasius,
2302 2509 2667 2578 Theophilus,
2701 2507 3011 2573 Anatolius,
3036 2505 3318 2560 Johannos
3341 2503 3518 2573 Chry-

1919 2613 2214 2671 sostomus,
2265 2602 2610 2664 Eustachius,
2662 2600 2929 2657 Eusebius
2974 2595 3427 2668 chronographus
3465 2602 3521 2650 et

1922 2708 2109 2753 noster
2140 2697 2380 2752 lillarius
2405 2714 2417 2750 :
2451 2695 2543 2767 qni
2573 2710 2767 2750 omnes
2800 2710 2910 2748 uno
2938 2708 3035 2749 ore
3061 2693 3367 2760 eodemque
3385 2705 3521 2745 con-

1920 2807 2108 2858 sensu,
2138 2791 2302 2847 veluti
2330 2805 2460 2846 vera
2481 2791 2655 2844 sancti
2684 2788 2922 2859 Spiritus
2950 2802 3177 2857 organa,
3205 2785 3521 2841 anathema-

1922 2891 1990 2942 tis
2036 2902 2295 2941 mucrone
2334 2895 2562 2941 censent
2604 2900 2725 2941 esse
2780 2882 3088 2946 feriendos,
3144 2883 3235 2952 qui
3287 2882 3339 2935 in
3395 2894 3524 2939 usus

1918 2981 2181 3035 laicornm
2213 2995 2380 3050 panes
2408 2979 2743 3033 oblationum
2778 2976 3156 3032 contulerint:
3191 2975 3319 3045 quia
3346 2972 3522 3027 omni-

1922 3090 1991 3127 no
2024 3072 2399 3127 Sacerdotibus
2439 3072 2570 3125 solis
2600 3071 2889 3134 debentur,
2926 3070 3029 3123 nisi
3064 3071 3201 3122 forte
3243 3066 3521 3136 religionis

1919 3165 2090 3234 gratia
2142 3163 2264 3218 laici
2314 3177 2411 3233 pro
2461 3163 2844 3217 benedictione
2883 3162 2950 3217 de
2996 3177 3157 3216 manu
3216 3158 3522 3214 sacerdotis

216 3266 318 3306 nec
349 3252 402 3305 in
430 3251 536 3305 ime
563 3252 796 3307 dandam
851 3252 901 3308 ei
952 3255 1391 3308 communionem
1444 3269 1748 3309 censemus.
1785 3274 1804 3308 ι
1838 3242 1885 3307 C
1919 3257 2214 3327 accipiant.
2244 3254 2361 3311 Non
2405 3255 2581 3310 solum
2611 3262 2792 3310 autem
2824 3253 2893 3308 de
2936 3252 3162 3323 panibus
3200 3253 3252 3305 in
3286 3251 3517 3305 ecclesia

221 3344 415 3399 Verum
441 3344 565 3412 hoc,
590 3346 732 3417 quod
757 3362 784 3400 a
806 3345 1067 3402 Gratiano
1094 3362 1154 3413 ιι,
1181 3354 1375 3417 quaest.
1393 3347 1446 3413 3,
1476 3360 1524 3401 c.
1550 3348 1605 3411 4,
1633 3356 1690 3402 ιιι
1710 3347 1809 3402 Da-

216 3439 375 3506 masi,
403 3439 470 3494 ab
490 3439 653 3494 lvone
680 3448 859 3495 autem
892 3452 1036 3510 part.
1063 3457 1139 3505 vt,
1163 3455 1213 3495 c.
1240 3440 1369 3506 9.40,
1401 3441 1812 3512 postBurchar—

214 3537 340 3589 dum
375 3535 468 3592 ill).
503 3552 562 3603 tt,
596 3553 645 3591 c.
670 3536 793 3603 195,
818 3537 1338 3607 tttCarthaginensis
1361 3537 1576 3592 concilii
1605 3554 1724 3591 can.
1754 3540 1806 3603 5,

214 3629 687 3701 citatnr,neutrius
709 3639 813 3695 est,
840 3629 934 3684 sed
964 3645 993 3683 e
1012 3628 1548 3685 Liberitaniconcilii
1578 3645 1698 3684 can.
1718 3631 1809 3687 75.

282 3722 370 3777 22.
398 3723 665 3791 Tertium,
695 3723 836 3794 quod
857 3723 1151 3781 Gratianus
1182 3740 1239 3791 χ,
1265 3734 1459 3795 quzcst.
1501 3742 1537 3791 ι,
1562 3741 1682 3795 cap.
1722 3725 1809 3792 l3,

215 3817 461 3887 profert,
514 3828 598 3873 cst
656 3817 1013 3889 ltojusmodi:
1064 3837 1084 3872 ι
1126 3818 1274 3874 lianc
1332 3818 1809 3885 consuetudinem,

210 3925 333 3981 qua:
364 3919 552 3967 contra
585 3921 830 3965 sanctam
853 3910 1702 3981 Ecclesiamcatholicamaugeri
1731 3910 1811 3965 vi-

211 4006 391 4068 detur,
426 4004 652 4058 omnino
676 4004 1075 4064 interdicimus,
1106 4016 1165 4060 ut
1196 4006 1342 4060 nullo
1372 4005 1532 4060 modo
1555 4018 1808 4069 umquam

209 4096 534 4161 oblationes,
568 4112 686 4167 qua:
710 4097 851 4151 intra
880 4107 1120 4152 sanctam
1147 4098 1434 4152 cet-lesiam
1485 4096 1805 4161 oll‘cruntor,

209 4190 309 4244 sub
337 4187 581 4244 dominio
607 4188 863 4243 laicornm
885 4189 1266 4244 detineantur:
1289 4190 1383 4243 sed
1434 4188 1808 4244 tantummodo

209 4281 607 4353 Sacerdotibus,
638 4281 730 4351 qui
756 4279 999 4353 quotidie
1029 4280 1261 4336 Domino
1288 4281 1496 4336 servire
1529 4281 1805 4348 videntur,

209 4374 366 4429 liceat
390 4372 680 4428 comedere
704 4381 761 4428 et
775 4360 963 4429 bibere
990 4391 1003 4428 :
1032 4374 1158 4445 quia
1183 4374 1235 4428 in
1264 4376 1430 4429 veteri
1456 4374 1806 4429 Testamento

208 4465 409 4536 (Leuit.
436 4481 473 4520 ιι
506 4476 557 4520 et
587 4462 732 4538 χχιι)
760 4466 1039 4535 prohibuit
1080 4467 1345 4521 Dominus
1378 4482 1545 4538 panes
1586 4480 1805 4523 sanctos

205 4560 496 4614 comedere
538 4557 667 4613 lilils
721 4559 907 4624 Israel,
957 4560 1060 4613 nisi
1113 4560 1489 4615 tantummodo
1539 4561 1717 4615 Aaron
1749 4570 1804 4616 et

205 4652 332 4708 iiiiis
363 4652 523 4723 ejus:
553 4653 646 4723 qui
692 4668 861 4723 panes
900 4634 1067 4725 longe
1092 4662 1251 4709 erant
1280 4654 1347 4710 ab
1394 4655 1511 4709 istis
1549 4655 1799 4725 panibus,

204 4746 297 4818 qui
331 4762 474 4803 nunc
499 4746 549 4801 in
574 4754 759 4801 sancta
792 4746 1039 4804 Ecclesia
1067 4746 1402 4815 oﬂeruntur;
1447 4749 1570 4821 quia
1599 4749 1673 4804 illi
1700 4748 1801 4805 sub

205 4842 394 4896 umbra
428 4839 588 4911 Legls
609 4851 795 4908 erant;
825 4843 914 4911 qui
952 4856 1085 4897 vero
1121 4841 1301 4905 modo,
1334 4843 1436 4897 sub
1476 4844 1648 4914 gratia
1675 4852 1802 4898 sunt

202 4932 439 5004 Spiritus
468 4934 673 5002 sancti,
724 4936 823 4990 toti
870 4936 1071 4992 mundo
1122 4936 1416 5009 Evangelio
1454 4949 1799 5006 coruscantc,

208 5027 499 5083 lucidiores
519 5043 640 5085 esse
657 5027 927 5085 videntur.
946 5030 1059 5099 Qua
1086 5029 1267 5087 fronte
1282 5040 1373 5086 aut
1394 5046 1499 5102 qua
1516 5032 1803 5086 conscien-

204 5124 278 5178 tia
310 5123 619 5178 ohlationes
679 5123 843 5178 vultis
890 5124 1166 5193 accipere,
1208 5129 1298 5196 qui
1325 5127 1418 5180 vix
1458 5126 1653 5180 valetis
1698 5139 1801 5196 pro

201 5215 379 5282 vobis,
411 5214 606 5271 nedum
628 5231 725 5286 pro
750 5215 889 5280 aliis,
924 5216 1034 5272 Deo
1056 5231 1242 5293 preces
1264 5215 1457 5273 offerre
1472 5219 1495 5271 ’ί
1521 5218 1655 5287 Quia
1678 5232 1800 5287 pta-

202 5322 329 5364 vum
358 5317 444 5364 est
468 5318 520 5364 et
550 5319 736 5364 contra
765 5308 1104 5365 Dominicum
1144 5320 1499 5382 prteceptum,
1534 5323 1586 5368 et
1634 5312 1802 5368 detri-

201 5411 447 5458 mentum
479 5403 676 5458 animze
701 5420 815 5459 sua:
857 5404 1041 5472 infert,
1072 5408 1159 5476 qni
1190 5406 1321 5461 illud
1354 5423 1515 5477 agere
1545 5420 1797 5475 conatur,

200 5496 344 5569 quod
398 5497 448 5552 ei
496 5497 643 5552 nulla
691 5500 902 5555 ratione
944 5502 1282 5557 conceditur.
1341 5502 1479 5569 Quia
1542 5504 1797 5559 omnibus

199 5590 402 5648 sanctis
429 5592 675 5664 patribus
720 5594 1033 5664 nostrisque
1068 5596 1338 5669 prioribus
1388 5596 1604 5666 placuit,
1660 5597 1797 5654 hanc

201 5687 541 5757 sanctionem
565 5684 706 5755 ﬁeri,
735 5695 792 5743 et
812 5703 912 5742 nos
937 5687 1197 5759 simiiiter
1223 5690 1275 5743 in
1311 5688 1501 5745 iisdem
1537 5690 1796 5762 persiste-

202 5796 260 5837 re
282 5782 553 5851 volutnus,
580 5793 635 5836 ut
653 5784 834 5838 nullus
861 5781 1053 5857 audeat
1075 5783 1289 5841 irritum
1307 5780 1486 5841 facere
1507 5785 1628 5849 hoc,
1652 5793 1797 5859 quod

209 5875 560 5933 constitutum
586 5888 688 5947 est,
717 5878 761 5934 si
790 5880 843 5935 in
882 5889 1144 5953 perpetua
1177 5881 1525 5939 damnatione
1562 5883 1800 5939 noluerit

1920 3350 2024 3405 hoc
2071 3358 2373 3404 sanxerunt
2420 3358 2601 3416 patres
2646 3346 2840 3411 nostri,
2884 3344 2978 3401 sed
3018 3345 3087 3400 de
3117 3343 3369 3398 omnibus
3397 3357 3519 3412 qua:

1917 3445 2075 3497 altari
2120 3441 2447 3504 oﬂeruntur,
2484 3441 2730 3496 dicentes
2761 3447 2923 3507 atque
2965 3439 3222 3493 docentes
3263 3451 3515 3507 maguum

1872 3537 2071 3595 ncl‘as
2102 3550 2247 3602 esse,
2291 3546 2345 3590 et
2393 3551 2489 3605 per
2530 3534 2711 3588 omnia
2750 3533 3017 3587 diabolica
3061 3532 3367 3587 temeritate
3414 3530 3517 3586 hoc

1917 3631 2028 3685 lleri
2057 3631 2382 3700 ubicumque
2415 3628 2712 3692 acciderit;
2744 3637 2797 3681 et
2835 3626 2993 3681 valde
3022 3638 3142 3679 esse
3174 3624 3516 3679 intolerabile

1915 3732 2115 3779 sanctas
2144 3723 2425 3787 Ecclesim,
2463 3732 2521 3776 ut
2567 3723 2686 3775 sine
2717 3720 2950 3774 vindicta
2987 3730 3300 3773 sanctorum
3348 3731 3518 3773 cano-

1914 3832 2043 3870 nnm
2076 3825 2376 3870 remaneat.
2416 3813 2571 3870 Unde
2611 3812 3035 3885 CitrysOstomus
3079 3812 3130 3866 in
3178 3822 3521 3865 commenta-

1913 3913 2010 3967 riis
2048 3925 2211 3982 super
2252 3910 2561 3964 Matthteum
2604 3907 2830 3982 (Matth.
2879 3922 2976 3973 xtl,
3011 3904 3096 3977 i),
3138 3905 3227 3959 ubi
3268 3903 3519 3972 discipuli

1913 4003 2092 4072 spicas
2136 4000 2411 4056 vellebant
2448 4000 2701 4064 sabbato,
2751 4006 2806 4053 et
2848 3996 3109 4052 Pharismi
3150 3993 3517 4065 reprehende-

1911 4097 2062 4163 bant,
2092 4096 2172 4150 sic
2193 4096 2267 4149 ait
2292 4112 2304 4148 :
2338 4093 2394 4150 Si
2420 4108 2526 4148 non
2559 4094 2711 4147 licuit
2750 4092 2919 4146 David
2947 4100 3000 4147 et
3027 4091 3161 4145 viris
3186 4090 3305 4161 ejus
3334 4090 3513 4144 adhuc

1912 4190 2013 4243 sub
2071 4190 2263 4242 umbra
2326 4188 2461 4258 legis
2512 4187 2806 4241 comedere
2862 4201 3028 4256 panes
3090 4185 3516 4256 propositionis,

1912 4284 2129 4354 quando
2152 4285 2220 4337 ab
2251 4280 2568 4338 Altimelech
2599 4296 2767 4352 panes
2800 4283 2954 4351 petiit
2991 4282 3136 4335 fatue
3165 4279 3513 4344 stimulante;

1910 4376 2189 4450 quomodo
2218 4391 2362 4431 nunc
2392 4376 2693 4447 Evangelia
2722 4383 3047 4431 coruscante
3077 4372 3393 4444 persuaderi
3421 4373 3515 4427 de-

1910 4473 2005 4529 bet
2032 4472 2186 4529 laicis
2214 4482 2270 4527 ut
2304 4472 2633 4527 oblationem
2671 4485 2866 4540 panum
2913 4470 3027 4526 Deo
3062 4470 3367 4525 oblatarum
3401 4467 3515 4523 suis

1910 4567 2098 4623 usibus
2144 4566 2396 4636 rapiant?
2436 4566 2576 4621 Dicit
2614 4579 2854 4635 namque
2894 4564 3122 4634 perinde
3158 4564 3454 4634 Apostolus
3497 4580 3509 4617 :

1829 4637 1885 4698 Ῑ)
1915 4681 1933 4713 ι
1954 4662 2055 4729 Qui
2083 4660 2235 4715 altari
2257 4660 2520 4723 serviunt,
2544 4658 2612 4714 de
2625 4658 2785 4713 altari
2812 4659 3139 4728 participant
3162 4656 3235 4728 (ς,
3253 4664 3434 4721 ᾳιιιεει.
3456 4656 3509 4721 i,

1906 4773 1954 4813 c.
1996 4756 2108 4829 15).
2146 4776 2165 4809 ι
2204 4756 2347 4827 Ergo
2389 4756 2513 4826 quia
2565 4754 2878 4809 sacerdotes
2919 4769 3016 4823 pro
3058 4754 3309 4808 omnibus
3353 4767 3513 4808 orare

1905 4850 2084 4906 solent
2111 4863 2338 4919 quorum
2372 4849 2751 4919 eleemosynas
2778 4855 2833 4901 et
2873 4846 3179 4902 oblationes
3207 4846 3507 4917 accipiunt,

1907 4963 2009 5017 qua
2057 4944 2233 5000 lronte
2271 4950 2611 5014 praesumunt
2652 4941 2778 4996 laici
2808 4940 3133 5002 oblationes,
3181 4953 3318 5008 quas
3344 4938 3507 4994 Chri-

1907 5038 2067 5094 stiani
2100 5053 2199 5108 pro
2244 5035 2480 5107 peccatis
2519 5036 2634 5090 suis
2660 5034 2915 5099 oll‘erunt,
2946 5036 3028 5087 vel
3070 5032 3383 5097 comedere,
3426 5033 3511 5088 vel

1905 5133 2025 5187 aliis
2071 5131 2406 5197 concedere,
2436 5144 2557 5184 cum
2600 5130 2698 5200 ipsi
2744 5146 2848 5183 non
2897 5127 3135 5182 debeant
3166 5141 3261 5196 pro
3296 5127 3511 5197 populis

1904 5227 2098 5284 orare?
2128 5225 2208 5282 0b
2240 5226 2361 5293 hoc,
2399 5241 2531 5296 papa
2564 5226 2823 5296 gloriose,
2869 5223 3088 5276 mittere
3136 5228 3351 5290 oportet
3381 5221 3509 5276 illos

1905 5330 2327 5391 prmsumptorcs
2352 5318 2403 5372 in
2429 5316 3047 5373 excommunicationcm
3072 5329 3187 5384 per;
3210 5324 3425 5380 etttam;
3452 5324 3511 5370 ιιι

1901 5414 2083 5469 caeteri
2121 5419 2323 5468 tnelnm
2361 5411 2619 5477 habeant,
2653 5418 2707 5463 et
2734 5409 2966 5477 amplius
3012 5408 3127 5462 lucc
3171 5410 3222 5461 in
3268 5408 3507 5463 Ecclesia

1901 5523 1971 5564 ne
2005 5506 2155 5562 ﬁant.
2194 5525 2214 5559 ι

1971 5600 2061 5655 2i.
2098 5598 2389 5670 Utramque
2417 5614 2547 5669 opus
2574 5596 2875 5668 importem
2905 5610 3032 5651 esse.
3055 5626 3126 5637 ——
3148 5597 3303 5651 Circa
3343 5610 3505 5663 quant

1900 5694 2187 5765 epistolam
2229 5693 2282 5748 in
2314 5691 2631 5762 Hieronymi
2666 5690 2956 5744 novissima
2988 5689 3227 5745 editione
3259 5698 3506 5745 notatum

1902 5802 2009 5856 est,
2054 5790 2122 5843 ab
2161 5790 2280 5857 ejus
2318 5786 2516 5857 epillce
2547 5803 2566 5836 ι
2607 5786 2828 5839 nomina
2872 5788 3095 5856 congeri
3141 5796 3447 5851 auctorum,
3477 5802 3509 5841 e

1906 5882 2108 5956 quibus
2140 5894 2320 5940 tamen
2357 5880 2495 5937 nihil
2538 5879 2778 5949 adducit,
2810 5878 2935 5953 quia
2976 5878 3104 5937 nihil
3137 5894 3325 5937 eorum
3369 5880 3513 5953 lege-
