4048 6350
621 303 790 365 1215.

2110 300 2463 360 ADDENDA.

3699 315 3789 375 fill

627 431 749 488 rat;
793 419 1167 494 Chrysostomi
1213 419 1532 475 nominatim
1578 418 2002 476 commentarios
2043 417 2223 485 citari,
2253 421 2309 482 Α
2330 425 2478 473 sunt.
2507 415 2604 473 Cui
2635 417 2796 490 igitur
2821 418 3114 475 reddamus
3149 419 3414 477 decretum
3443 433 3604 482 contra
3628 443 3712 498 eos,
3733 438 3791 502 qui

631 528 758 572 cum
781 512 936 569 divus
967 511 1332 585 Hieronymus
1348 511 1797 584 Chrysostomum
1829 526 2055 584 prorsus
2077 511 2232 583 igno-

634 607 794 664 rarit.
828 623 848 658 ι
883 605 1154 678 ignoravit
1191 615 1342 664 certe
1371 606 1798 662 commentarios
1837 605 1957 674 ejus
1996 605 2049 661 in
2098 605 2234 661 Mat-

635 697 860 766 thatum,
908 696 1167 770 quamdiu
1217 697 1482 753 Damasus
1521 695 1680 752 vixit.
1729 697 1889 752 Anno
1930 694 2076 751 enim
2126 695 2232 751 585

634 792 829 850 vivere
853 792 1016 850 desiit
1041 791 1133 848 hic
1176 807 1334 864 papa.
1356 791 1782 864 Chrysostnmus
1808 799 1986 846 autem
2021 797 2230 844 tantum

635 900 781 942 anno
803 885 910 946 $86
937 884 1225 958 presbyter
1247 883 1528 940 ordinatus
1555 880 1870 940 concionari
1904 883 2090 953 coepit.
2117 880 2227 938 Sed

636 991 693 1037 et
714 981 879 1038 verba
910 979 1058 1036 velut
1082 994 1146 1034 ex
1180 976 1589 1034 commentariis
1613 977 1734 1045 ejus
1766 977 1816 1031 in
1841 976 2033 1031 Matth.
2057 991 2154 1039 xu,
2180 975 2232 1040 1,

635 1074 727 1130 hic
749 1074 934 1142 citata,
971 1073 1025 1128 in
1067 1072 1177 1128 illis
1217 1071 1414 1128 frustra
1457 1070 1830 1142 quaesivimus.
1876 1069 2146 1125 Praeterea
2190 1068 2234 1122 si

635 1167 925 1239 epistolam
955 1167 1113 1223 istam
1143 1181 1266 1223 cum
1299 1167 1582 1235 praemisso
1610 1164 1832 1222 decreto
1865 1163 2234 1228 conferamus,

635 1260 798 1317 unius
813 1259 1164 1331 ejusdemque
1186 1257 1410 1314 artificis
1434 1271 1572 1328 opus
1597 1272 1719 1312 esse
1739 1256 2234 1326 deprehendemus,

635 1353 804 1409 modo
819 1352 1115 1408 consiliarii
1136 1352 1227 1423 qui
1241 1352 1582 1417 consulatur,
1604 1349 1766 1406 modo
1785 1350 1983 1420 judicis
1999 1353 2093 1422 qui
2113 1366 2238 1407 sen-

639 1445 864 1501 tentiam
906 1445 1073 1511 dicat,
1103 1460 1394 1516 personam
1426 1445 1670 1500 ferentis.
1707 1444 1774 1498 Et
1802 1459 1869 1500 ex
1901 1443 2092 1499 eodem
2122 1445 2241 1516 qui-

637 1537 760 1595 dem
785 1537 932 1595 fonte
955 1554 1080 1595 cum
1104 1538 1395 1610 Gregorius
1417 1539 1702 1610 presbyter
1715 1538 1934 1594 nomine
1954 1536 2238 1610 Polycarpi

637 1641 820 1700 notus,
861 1641 976 1688 tum
1018 1633 1318 1688 Gratianus
1348 1643 1638 1702 utrumque
1673 1640 2086 1700 excerpserunt.
2135 1630 2242 1687 lm-

635 1739 914 1798 postorem
936 1741 1156 1799 quoque
1184 1728 1350 1783 multa
1380 1727 1487 1782 alia
1513 1726 1769 1796 produnt.
1792 1726 1924 1781 Nam
1948 1741 2070 1781 cum
2094 1741 2240 1781 anno

2306 550 2312 556 -
2331 512 2634 569 oblationes
2657 513 2726 570 de
2747 516 2920 570 sacris
2943 513 3190 570 ecclesiis
3212 515 3415 572 auferre
3429 520 3688 590 moliuntur,
3700 528 3793 594 quod

2332 604 2490 661 nobis
2520 615 2578 660 ut
2604 608 2822 677 antiqua
2854 621 3082 663 cccxvut
3115 615 3324 678 patrum
3355 609 3648 667 Nicanorem
3672 619 3796 686 regula

2333 697 2750 755 mendacissime
2791 699 3091 770 jactitatur,
3139 701 3242 756 nisi
3281 703 3540 760 nOtissimo
3579 707 3799 765 mendacio

2335 811 2453 850 rum
2496 795 2800 864 bujnsmodi
2825 797 3080 868 parenti?

2404 886 2495 942 26.
2552 887 2626 942 De
2681 889 3014 944 violatoribus
3061 893 3342 944 canonum.
3372 919 3439 931 —
3474 891 3523 946 ln
3567 892 3803 954 editionibus

2333 983 2688 1039 conciliorum
2719 996 2969 1053 quartum
3012 983 3113 1039 hoc
3147 987 3375 1040 refertur
3395 985 3632 1042 decretum
3652 1006 3663 1042 :
3685 1007 3698 1040 t
3720 989 3804 1045 Vio-

2337 1075 2540 1130 latores
2557 1090 2824 1130 canonum
2854 1076 3138 1131 voluntarii
3153 1077 3391 1147 graviter
3405 1092 3432 1131 a
3451 1079 3625 1133 sanctis
3642 1080 3808 1148 patribus

2331 1166 2666 1239 jndicantur,
2686 1178 2782 1224 eta
2797 1178 2986 1224 sancto
3010 1169 3238 1240 Spiritu.
3259 1168 3408 1240 cujus
3423 1169 3809 1227 instinctuacdooo

2338 1260 2525 1316 dictati
2568 1271 2716 1328 sunt,
2761 1262 3127 1318 damnantur:
3159 1260 3408 1333 quoniam
3453 1263 3809 1331 blaSpbetnarein

2340 1355 2600 1424 Spiritum
2647 1365 2895 1411 sanctum
2938 1372 3044 1413 uou
3096 1356 3386 1428 incongrue
3430 1357 3663 1421 videntur,
3702 1369 3809 1412 etc.»

2340 1445 2485 1504 Istud
2511 1458 2688 1503 tamen
2718 1448 2980 1504 ineditum
3010 1463 3117 1503 non
3149 1458 3289 1504 erat.
3311 1448 3357 1504 Α
3383 1448 3615 1504 Gratiano
3635 1449 3742 1504 enim
3755 1448 3814 1514 εδ,

2339 1551 2532 1614 quaest.
2561 1559 2600 1608 ι,
2630 1557 2681 1597 c.
2711 1545 2766 1606 5.
2793 1544 3128 1612 descriptum
3163 1551 3250 1598 est
3287 1557 3353 1598 ex
3384 1557 3442 1596 ea
3469 1542 3679 1613 epistola,
3711 1556 3816 1611 quam

2337 1635 2577 1692 lsidorus
2605 1636 2871 1692 Mercator
2898 1636 3130 1691 Damaso
3165 1647 3223 1689 ut
3254 1635 3320 1689 ad
3350 1635 3603 1689 Aurelium
3625 1633 3818 1703 Car-tingi-

2322 1746 2565 1786 .nensem
2589 1730 2905 1801 episc0pum
2929 1731 3252 1786 rescribenti
3275 1730 3585 1799 suppositam
3599 1727 3816 1782 collectioni

635 1820 744 1879 502
782 1822 884 1878 sub
907 1821 1239 1894 Symmacho
1267 1835 1402 1892 papa
1435 1835 1624 1877 coram
1651 1819 1884 1876 concilio
1917 1819 2055 1876 lecta
2085 1827 2235 1875 esset
2267 1812 2315 1872 B
2340 1837 2453 1878 suae
2480 1822 2820 1895 lpraeposuit,
2866 1837 3134 1891 quamque
3175 1820 3318 1892 apud
3359 1819 3638 1880 Labbeum,
3668 1827 3763 1872 tom.
3792 1815 3818 1870 ll

637 1919 912 1986 scriptura
943 1917 1089 1988 regis
1118 1915 1470 1979 Herulorum,
1495 1929 1600 1984 qua
1627 1912 1850 1985 regibus
1877 1912 1929 1967 in
1947 1911 2243 1978 facultates

641 2009 893 2066 ecclesiae
941 2009 1217 2079 quoddam
1259 2008 1348 2079 jus
1392 2007 1694 2062 altribuere
1741 2004 2016 2069 tentabat,
2058 2016 2121 2059 ut
2161 2003 2241 2058 rei

643 2103 912 2160 hactenus
941 2101 1198 2158 inaudita:
1229 2101 1548 2158 reclamavit
1578 2101 1892 2156 universum
1919 2098 2239 2164 concilium,

643 2209 708 2251 ac
745 2196 1064 2250 nominatim
1112 2194 1354 2250 Eulalius
1393 2195 1686 2264 episc0pus
1726 2192 1866 2248 dixit
1909 2191 2238 2265 (Symmaclt.

639 2305 724 2362 ep.
756 2304 814 2356 v,
844 2307 898 2345 η.
932 2288 1023 2362 lt)
1055 2306 1071 2349 ί
1109 2308 1129 2342 ι
1159 2288 1337 2345 Laicis
1367 2290 1619 2360 quamvis
1666 2287 1934 2358 religiosis
1979 2286 2124 2340 nulla
2172 2285 2241 2342 de

638 2385 1027 2442 ecclesiasticis
1072 2384 1422 2442 facultatibus
1466 2384 1650 2454 aliqua
1674 2381 2002 2452 disponendi
2046 2380 2243 2451 legitur

637 2493 897 2550 umquam
940 2477 1199 2534 attributa
1252 2476 1502 2532 facultas.
1547 2495 1566 2530 ι
1607 2475 1952 2547 Quapropter
1994 2475 2235 2538 Damasi,

637 2583 703 2625 ac
753 2569 915 2641 longe
964 2570 1138 2642 magis
1186 2569 1420 2625 Nicaeum
1464 2569 1684 2640 synodi,
1729 2569 2067 2640 temporibus
2106 2567 2244 2623 nihil

637 2676 777 2732 opus
813 2673 952 2726 erat,
989 2671 1047 2718 ut
1080 2662 1149 2718 ab
1179 2662 1568 2719 ecclesiasticis
1593 2663 1958 2718 oblationibus
1987 2662 2092 2716 sibi
2124 2663 2243 2717 vin-

637 2755 888 2813 dicandis
917 2756 1039 2811 laici
1085 2766 1488 2812 coercerentur.
1522 2756 1630 2811 Ista
1674 2771 1834 2826 prava
1875 2757 2236 2823 consuetudo,

639 2866 806 2922 quam
838 2851 890 2904 in
924 2849 1040 2905 dies
1078 2851 1264 2921 augeri
1296 2859 1350 2903 et
1380 2863 1631 2905 crescere
1672 2849 1938 2918 impostor
1973 2849 2238 2920 queritur,

640 2940 827 2998 smculi
869 2942 1050 3012 potius
1081 2957 1157 3008 Ix,
1192 2941 1345 2996 initia
1378 2943 1538 3012 sapit.
1573 2941 1844 3009 Quocirca
1867 2943 2111 3013 episcopi
2144 2957 2243 2997 an-

645 3048 720 3090 no
761 3033 869 3090 856
902 3035 955 3088 in
993 3035 1417 3105 Aquisgranensi
1459 3049 1497 3088 ιι
1537 3035 1775 3088 concilio
1816 3035 2155 3106 congregati,
2189 3035 2239 3089 id

642 3125 787 3198 quod
815 3135 975 3182 antea
1003 3145 1024 3180 ι
1059 3134 1254 3182 contra
1284 3141 1400 3190 eos.
1427 3127 1522 3197 qni
1565 3127 1769 3181 nullum
1802 3141 1922 3182 esse
1945 3127 2239 3183 discrimen

2345 1915 2553 1970 Concil.
2581 1931 2702 1986 pag.
2728 1915 2836 1971 865
2867 1924 2923 1970 ct
2947 1916 3076 1970 alibi
3109 1915 3383 1986 vulgatam
3417 1913 3588 1969 videre
3615 1913 3728 1967 licet.

2412 2007 2503 2061 ‘27.
2541 2005 2616 2061 De
2645 2007 3075 2077 metmpolitanis,
3104 2006 3190 2077 qui
3227 2006 3442 2076 pallium
3479 2015 3680 2074 expetere
3714 2003 3822 2074 negli-

2343 2111 2573 2172 gunl.—
2592 2099 2934 2154 Postremum
2963 2099 3034 2154 ita
3064 2115 3122 2155 sc
3151 2099 3344 2154 habet:
3375 2118 3392 2151 ‹
3425 2098 3660 2167 Quoniam
3677 2096 3822 2167 quidam

2345 2193 2884 2264 metropolitanorum
2928 2192 3091 2249 fidem
3132 2207 3316 2258 suam,
3366 2191 3637 2246 secundum
3670 2191 3824 2260 priscam

2343 2283 2832 2349 consuetudinem,
2878 2296 3080 2338 sancta:
3133 2284 3251 2338 sedi
3301 2283 3595 2353 apostolica:
3640 2293 3827 2348 exponere

2345 2373 2738 2442 detrccmntes,
2768 2390 2924 2429 nsum
2952 2375 3093 2444 pallii
3119 2389 3300 2444 neque
3323 2383 3591 2444 expetunt,
3616 2386 3698 2427 nec
3714 2369 3826 2441 perci-

2346 2470 2530 2540 piunt;
2563 2483 2624 2524 ac
2669 2485 2763 2540 per
2791 2467 2893 2523 hoc
2929 2469 3310 2538 episcoporum
3339 2467 3656 2522 consecratio
3677 2462 3831 2516 viduatis

2345 2563 2590 2618 ccclesiis
2635 2575 2740 2616 non
2788 2563 2906 2616 sine
2960 2560 3202 2630 periculo
3250 2559 3544 2630 protelatur
3575 2574 3587 2609 :
3623 2555 3774 2627 placuit
3798 2560 3832 2604 ut

2345 2658 2588 2728 quisquis
2617 2656 3069 2726 tuctropnlitauns
3098 2654 3233 2709 infra
3267 2665 3381 2709 tres
3403 2666 3606 2708 menses
3630 2661 3832 2705 consecra-

2346 2753 2508 2810 tionis
2533 2769 2644 2807 suze
2672 2752 2737 2808 ad
2775 2752 2934 2807 fidem
2975 2765 3129 2805 suam
3172 2747 3567 2820 exponendam,
3598 2743 3832 2817 palliumque

2344 2847 2751 2917 suscipiendum
2797 2845 2864 2900 ad
2911 2842 3265 2916 apostolicam
3316 2842 3497 2898 sedem
3545 2856 3640 2896 non
3680 2836 3832 2894 miserit,

2345 2941 2636 2998 commissa
2669 2941 2769 2995 sibi
2811 2950 2995 2995 careat
3033 2939 3330 3010 dignitate;
3365 2941 3536 3008 sitque
3561 2934 3736 2990 licentia
3765 2943 3834 2984 me-

2347 3032 2688 3105 tropolitanis
2715 3033 2857 3098 aliis,
2883 3041 3004 3102 post
3031 3032 3328 3095 secundam
3358 3041 3415 3086 et
3453 3030 3648 3087 tertiam
3673 3037 3837 3082 commo-

2344 3130 2635 3195 nitionem,
2682 3127 2922 3184 viduatis
2950 3127 3221 3191 ecclesiis,
3270 3141 3396 3182 cum
3441 3123 3650 3179 consilio
3684 3113 3838 3175 Romani
3938 3160 3939 3166 η

639 3218 915 3287 dicebant,
948 3219 993 3274 si
1023 3219 1186 3276 rebus
1215 3221 1322 3275 Deo
1349 3221 1544 3275 oblatis
1571 3222 1621 3275 in
1654 3220 1770 3275 suis
1815 3221 2239 3277 necessitatibus
2268 3204 2314 3269 (ἶ
2347 3220 2646 3293 pontificis,
2681 3220 2990 3276 ordinando
3030 3220 3322 3291 episcopos
3364 3218 3636 3275 subvenire
3661 3208 3840 3285 (Arimi-

641 3322 952 3384 uterentur,
983 3333 1002 3367 ι
1039 3315 1106 3370 ad
1136 3314 1422 3386 Pippinum
1455 3331 1639 3387 regem
1679 3317 2034 3387 scripserant,
2067 3318 2239 3373 tribus

639 3404 800 3462 libris
843 3406 911 3462 ad
956 3407 1207 3463 eumdem
1252 3424 1436 3480 regem
1477 3410 1659 3466 missis
1687 3412 2110 3481 Scripturarum,
2148 3428 2242 3484 pa-

641 3510 783 3558 trum
815 3501 1289 3573 conciliorumque
1318 3504 1644 3560 tesdmoniis
1669 3505 2085 3562 confirmarunt.

710 3596 803 3651 25.
838 3595 1048 3651 Isidoro
1079 3595 1366 3653 Mercatori
1393 3599 1537 3653 haud
1565 3608 1753 3655 temere
1779 3601 1940 3656 tribui
1967 3610 2242 3668 utrumque

641 3705 813 3763 posse.
853 3689 1272 3770 --_Utrnmque
1321 3692 1485 3762 igitur
1531 3695 1794 3765 scriptum
1837 3705 1964 3766 apte
2003 3696 2054 3750 in
2109 3695 2241 3750 illud

641 3784 900 3841 convenit
937 3794 1173 3855 tempus,
1201 3801 1311 3856 quo
1339 3786 1578 3843 Isidorus
1623 3789 1890 3860 impostor
1917 3771 2070 3845 vixit.
2101 3790 2244 3846 heu-

643 3887 787 3934 trum
815 3878 1036 3949 quidem
1065 3890 1246 3935 exsmt
1287 3883 1340 3936 in
1388 3883 1566 3952 ampla
1600 3884 1719 3952 ejus
1745 3883 2070 3941 collectione
2103 3902 2116 3939 :
2146 3885 2241 3939 sed

644 3969 782 4027 nihil
815 3980 970 4025 vetat
1013 3973 1304 4040 quominus
1333 3984 1454 4043 post
1478 3974 1596 4044 ejus
1624 3974 1920 4030 editionem
1967 3976 2240 4046 ingenium

621 4065 948 4123 mendaciis
987 4066 1126 4122 adeo
1168 4066 1457 4123 fecundum
1502 4067 1751 4124 nonnihil
1792 4069 1918 4124 novi
1953 4069 2244 4140 protulisse

644 4170 956 4218 censeatur.
989 4160 1132 4217 Sane
1175 4161 1265 4232 qni
1307 4160 1377 4216 de
1415 4176 1576 4216 versu
1605 4161 1788 4216 Gloria
1841 4161 1988 4217 Patri
2035 4163 2089 4218 in
2139 4164 2244 4217 fine

643 4255 913 4326 cujusque
954 4253 1146 4326 psalmi
1201 4254 1548 4325 adjungendo
1581 4253 1896 4327 Hieronymi
1924 4254 2148 4309 nomine
2176 4253 2244 4309 ad

645 4347 938 4404 Damasum
989 4347 1231 4416 scripsit,
1275 4367 1293 4400 ι
1335 4347 1598 4403 Precatur
1643 4362 1773 4419 ergo
1818 4349 1992 4404 cliens
2030 4356 2178 4412 tuus,
2220 4366 2238 4400 ι

644 4439 838 4497 eodem
870 4441 1089 4496 nomine
1113 4439 1363 4496 eumdem
1388 4440 1588 4511 alloqui
1617 4455 1762 4495 nunc
1789 4439 2001 4494 videtur
2029 4440 2080 4494 in
2105 4439 2246 4494 hunc

649 4533 892 4599 modum,
921 4553 939 4587 ι
967 4533 1102 4602 Quia
1123 4535 1192 4591 de
1215 4535 1515 4604 quaestione
1540 4549 1700 4606 quam
1729 4535 2058 4605 proposuisti
2086 4535 2246 4590 clien-

2343 3316 2522 3373 duata:
2566 3315 2885 3371 ecclesiae...
2935 3314 3242 3370 ordinando
3291 3312 3640 3384 episcopum).
3676 3307 3722 3364 Si
3762 3315 3842 3358 tem

2343 3409 2702 3466 consecrandi
2729 3410 2974 3480 episcopi
3004 3409 3337 3479 negligentia
3368 3406 3676 3478 provenerit,
3696 3411 3737 3456 ut
3757 3398 3842 3451 ultr!

2344 3513 2457 3560 tres
2485 3519 2701 3560 menses
2729 3503 2960 3560 ecclesia
2988 3503 3206 3557 viduata
3237 3504 3536 3562 consistat;
3559 3494 3843 3556 communione

2344 3599 2592 3670 privetur
2613 3613 2720 3667 quo
2753 3611 2924 3668 usque
2953 3606 3046 3651 aut
3069 3595 3192 3650 loco
3212 3596 3401 3663 cedat,
3425 3606 3515 3650 aut
3543 3609 3596 3648 se
3616 3599 3846 3646 consecran-

2344 3692 2472 3748 dum
2506 3691 2751 3763 praebere
2796 3706 2903 3745 non
2948 3689 3185 3746 differat.
3225 3689 3388 3757 Quod
3436 3689 3484 3743 si
3526 3687 3650 3742 ultra
3686 3681 3846 3752 quinque

2345 3801 2564 3844 menses
2603 3800 2698 3855 per
2723 3799 2876 3840 suam
2907 3782 3295 3855 negligentiam
3348 3781 3633 3839 retinuerit
3663 3775 3846 3830 viduatam

2345 3878 2668 3944 ecclesiam;
2705 3893 2879 3947 neque
2907 3876 3005 3943 ibi,
3035 3891 3212 3946 neque
3240 3875 3373 3931 alibi
3398 3859 3849 3931 consccrationisdo-

2347 3987 2476 4027 num
2511 3971 2800 4041 percipiat,
2827 3971 2992 4024 immo
3021 3969 3434 4038 metropolitani
3463 3955 3850 4038 snijudicioccdal

2349 4067 2500 4137 (Ana.
2534 4065 2797 4134 recedat).
2837 4083 2855 4116 ι
2895 4064 2960 4118 Et
2985 4062 3129 4118 istud
3158 4062 3382 4133 quidem
3415 4063 3633 4117 Damaso
3656 4055 3710 4109 ab
3726 4046 3851 4106 Ausci-

2348 4174 2438 4215 mo
2462 4159 2556 4215 lib.
2584 4176 2658 4225 η,
2683 4174 2733 4213 c.
2764 4157 2866 4222 80;
2892 4155 3206 4211 Burchardo
3244 4156 3342 4210 lib.
3377 4171 3418 4220 ι,
3455 4171 3503 4208 c.
3528 4153 3620 4216 25;
3642 4148 3854 4217 Ptilywl‘O

2348 4256 2445 4312 lib.
2475 4271 2535 4321 It,
2569 4254 2651 4308 tit.
2689 4252 2777 4319 10,
2808 4260 2864 4308 et
2903 4250 3212 4306 Panormiae
3239 4260 3469 4306 auctore
3501 4249 3592 4304 lib.
3633 4260 3698 4306 ut.
3730 4257 3767 4296 c.
3799 4236 3853 4294 ll.

2348 4349 2662 4406 ascribitnr.
2697 4348 2767 4403 At
2798 4346 2888 4401 lvo
2915 4361 3033 4417 par.
3063 4362 3142 4410 tu,
3177 4361 3228 4401 c.
3257 4345 3384 4411 156,
3419 4361 3484 4402 ac
3513 4333 3852 4400 Gratianusdisl.

2352 4441 2477 4506 100,
2521 4457 2572 4496 c.
2607 4441 2661 4504 1,
2699 4439 2898 4510 quibus
2926 4446 2983 4494 et
3023 4437 3266 4494 concinit
3297 4436 3642 4494 innocentius
3674 4425 3852 4494 lll.lib.|

2350 4537 2512 4608 epist.
2549 4537 2674 4602 117,
2721 4534 2788 4590 ad
2823 4533 3215 4590 Bituricensem
3265 4533 3738 4602 archiepiscopum,
3761 4520 3858 4586 cujus

649 4627 759 4682 tulo
789 4635 901 4682 tuo.
936 4647 954 4680 ι
989 4628 1090 4696 Qui
1119 4639 1352 4700 utroque
1380 4629 1434 4683 in
1457 4629 1660 4700 scripto
1684 4628 2025 4684 sanctionem
2054 4642 2247 4684 recen-
2273 4607 2327 4668 D
2355 4630 2566 4686 initium
2598 4628 2683 4683 Ne
2705 4628 2750 4682 si
2779 4627 3027 4692 universi,
3053 4626 3184 4681 illud
3213 4625 3440 4698 Pelagio
3460 4611 3856 4680 attribuuntJdetn

651 4728 762 4776 tem
805 4719 957 4776 velut
984 4719 1257 4792 antiquam
1289 4732 1599 4778 sanctorum
1636 4731 1849 4794 patrum
1880 4722 2121 4792 regulam
2152 4737 2247 4777 au-

649 4811 768 4868 dire
797 4811 934 4879 vult,
977 4827 1158 4868 nonne
1186 4813 1526 4884 dignoscitur
1564 4815 1680 4886 ipse
1725 4830 1870 4880 esse,
1910 4815 2002 4886 qui
2050 4813 2246 4885 placita

650 4918 748 4961 sua
794 4913 1070 4976 tamquam
1111 4904 1376 4974 majorum
1418 4906 1635 4964 decreta
1666 4905 1947 4963 venditare
1987 4905 2149 4972 solet,
2185 4920 2249 4960 ac

652 4999 984 5054 vetustiores
1027 4996 1304 5052 Romanos
1349 4999 1634 5067 pontifices
1672 5000 1934 5056 inducere
1962 4998 2251 5055 consuevit

648 5105 840 5147 eorum
866 5090 1107 5147 vindices
1156 5091 1522 5158 decretorum,
1553 5109 1674 5164 qua:
1715 5093 2045 5164 posteriores
2087 5093 2246 5147 dum-

650 5191 799 5240 taxat
813 5185 1144 5241 edixerunt?
1164 5185 1268 5257 lpsi
1295 5186 1514 5242 demum
1541 5189 1809 5258 peculiare
1829 5198 1913 5244 est
1937 5197 2247 5245 commenta

649 5293 745 5334 sua
777 5279 979 5336 Niczeni
1021 5281 1234 5337 consilii
1278 5281 1461 5338 fictitia
1489 5284 1810 5339 auctoritate
1835 5285 2241 5341 commendare.

651 5370 806 5440 Quod
839 5381 896 5427 ut
916 5373 966 5429 ei
1005 5373 1217 5430 felicius
1257 5374 1437 5441 cedat,
1478 5374 1548 5430 ab
1586 5376 1704 5446 ipso
1747 5377 2092 5433 collectionis
2133 5392 2248 5433 suae

650 5467 916 5541 prooemio
952 5468 1005 5526 id
1035 5485 1249 5527 summo
1288 5471 1474 5528 studio
1513 5472 1759 5538 enititur,
1789 5482 1849 5528 ut
1878 5471 2080 5530 Nicaani
2115 5488 2250 5529 con-

648 5563 761 5620 cilii
791 5565 952 5637 longe
981 5566 1167 5638 plures
1209 5582 1474 5634 canones,
1501 5582 1665 5640 quam
1696 5567 1788 5638 qui
1820 5567 2088 5624 habentur
2114 5568 2243 5622 olim

649 5655 822 5712 fuisse
862 5657 1207 5727 persuadeat.
1243 5658 1398 5715 Unde
1424 5669 1480 5714 et
1511 5657 1824 5727 identidem,
1870 5659 1966 5715 sed
2012 5661 2246 5717 maxime

649 5747 706 5803 in
730 5747 1092 5819 pseudo-Julii
1113 5749 1360 5820 epistola,
1385 5750 1614 5822 plurima
1639 5753 1763 5810 huic
1785 5751 2020 5808 concilio
2039 5753 2249 5810 adscri-

652 5840 783 5893 bere
821 5855 927 5896 non
981 5842 1135 5897 timet
1176 5841 1420 5910 decreta,
1452 5860 1575 5909 qua:
1604 5846 1672 5900 ab
1715 5861 1781 5902 eo
1813 5860 2039 5917 prorsus
2069 5846 2244 5901 aliena

2347 4722 2718 4784 Innocentius.
2752 4729 2914 4779 extra
2945 4720 3014 4776 de
3045 4720 3294 4775 translat.
3324 4720 3498 4790 episc.
3529 4714 3692 4786 c.2,§
3721 4705 3860 4774 me}?

2351 4828 2458 4884 tus,
2502 4817 2650 4873 velut
2676 4832 2741 4873 ex
2772 4815 2982 4872 Catiane
3016 4825 3298 4884 postrema
3321 4814 3446 4884 ejus
3475 4814 3634 4868 verba
3659 4811 3727 4863 sic
3747 4803 3858 4858 citat:

2357 4931 2375 4966 ι
2408 4912 2594 4984 Neque
2630 4910 2787 4976 illud,
2816 4909 2959 4980 quod
2990 4910 3044 4966 in
3076 4907 3289 4964 Conone
3314 4908 3518 4978 legitur
3548 4908 3613 4961 de
3647 4903 3804 4958 electo.
3828 4897 3862 4941 υι

2351 5007 2397 5061 si
2425 5005 2562 5060 ultra
2589 5017 2683 5060 sex
2710 5003 2856 5073 (nota
2895 5001 2966 5057 ibi
3002 5017 3123 5066 sex,
3170 5016 3275 5054 non
3315 5001 3558 5070 quinque
3583 4994 3694 5068 legi)
3717 4991 3862 5045 menSt‘S

2356 5115 2453 5170 per
2492 5112 2645 5152 suam
2689 5095 3069 5167 negligentiam
3107 5094 3400 5150 retinuerit
3441 5093 3712 5148 ecclesiam
3737 5081 3862 5136 vidua-

2354 5199 2486 5256 tam,
2519 5202 2621 5243 nec
2647 5185 2720 5242 ibi
2748 5201 2848 5242 nec
2863 5186 2988 5241 alibi
3004 5185 3209 5240 donum
3234 5181 3666 5242 consecrationis
3687 5171 3863 5242 accipiat-

2353 5284 2522 5338 immo
2551 5279 2962 5350 metropolitani
2989 5279 3069 5334 sui
3103 5279 3516 5350 cedatjndicio,
3545 5288 3645 5333 etc.
3678 5292 3696 5327 ι

2424 5375 2516 5432 28.
2551 5373 2750 5430 Verum
2778 5388 2956 5443 neque
2994 5373 3244 5439 Damaso,
3271 5388 3450 5444 neque
3484 5364 3727 5442 Pelagio]
3755 5369 3818 5416 aut
3841 5351 3864 5407 ll

2353 5468 2626 5540 congruit,
2660 5476 2847 5538 utpote
2877 5480 2984 5535 quo
3013 5467 3285 5521 asseritur
3329 5480 3394 5520 ac
3449 5464 3736 5519 vindicatur
3756 5447 3866 5507 diicl'

2355 5561 2500 5633 plina
2521 5570 2712 5616 octavo
2745 5567 2952 5614 tantum
2977 5557 3180 5614 saeculo
3209 5557 3456 5628 inducta,
3476 5556 3555 5612 uti
3587 5551 3800 5618 colligere
3817 5545 3867 5592 εει

2354 5672 2420 5712 ex
2446 5654 2684 5711 concilio
2711 5652 2798 5708 cui
2830 5652 3140 5708 Bonifacius
3166 5651 3459 5722 episcopus
3481 5644 3790 5720 Moguntinus
3809 5647 3869 5686 an-

2355 5764 2426 5804 no
2468 5747 2574 5803 742
2617 5744 2855 5818 praefuit,
2893 5755 2948 5801 et
2974 5744 3043 5800 de
3078 5759 3190 5817 quo
3229 5746 3388 5814 epist.
3425 5742 3531 5799 105
3563 5742 3673 5812 ipse
3705 5728 3868 5825 scribat.

2361 5861 2379 5893 ε
2421 5842 2769 5898 Decrevimus
2799 5850 2988 5895 nostro
3016 5829 3265 5910 synodali
3297 5837 3596 5902 conventu,
3631 5843 3678 5891 ct
3701 5824 3867 5884 conferti

3917 0 3919 50 l

3917 165 3919 212 Ι

3919 292 3921 332 1

3921 610 3923 652 l
