4048 6350
213 344 347 402 121⁸1

884 346 1122 405 ΜΟΝΙΤ.
1166 345 1234 405 IN
1274 343 1784 404 KALENDARIUM
1824 343 2178 405 ECCLESIIE
2212 346 2832 408 CARTHAGINENSIS.

3366 347 3508 406 12M

212 477 396 517 smnus
421 462 582 517 tidem
614 462 941 519 catholicam
966 475 1021 520 et
1051 465 1315 520 unitatem
1340 472 1396 521 et
1416 463 1810 536 subjectionem
1839 465 1892 527 Α
1919 464 2196 520 novissimi
2238 464 2479 521 editores
2527 465 2791 528 Gratiani,
2826 478 2926 534 pro
2954 476 3021 519 eo
3048 462 3193 535 quod
3235 462 3288 519 in
3333 463 3511 523 fronte

212 552 470 610 Romanae
498 555 746 612 ecclesia:
775 556 882 613 fine
907 566 1063 613 lenus
1090 572 1329 622 servare,
1353 565 1547 613 sancto
1576 556 1736 612 Petro
1757 564 1813 612 et

212 646 430 703 vicariis
458 647 578 719 ejus
610 648 748 704 velle
793 649 1012 722 subjici,
1056 650 1514 722 metropolitanos
1552 649 1717 721 pallia
1743 648 1811 706 ab

210 737 299 795 illa
326 739 459 796 sede
502 756 768 811 quaerere.
807 760 827 794 ι
863 742 1021 799 Unde
1053 744 1274 813 planum
1305 752 1393 799 est
1436 741 1814 813 metropolita-

209 834 313 901 nis,
346 836 539 890 saltem
571 835 626 890 in
656 836 854 903 Gallia,
883 836 1115 893 necdum
1144 853 1290 895 anno
1314 837 1420 894 742
1445 837 1609 893 ullam
1638 838 1813 908 impo-

208 926 365 983 sitam
404 927 577 985 fuisse
607 929 803 1001 legem,
828 946 933 1000 qua
959 930 1116 1000 pallia
1145 944 1391 1002 quaerere
1412 929 1480 985 ab
1504 929 1809 1001 apostolica

208 1020 336 1076 sede
374 1032 721 1093 cogerentur.
767 1022 939 1079 Immo
990 1023 1233 1081 Francos
1278 1023 1502 1081 decreto
1548 1023 1811 1095 praedicto

208 1128 312 1170 non
344 1116 531 1171 statim
565 1118 843 1187 paruisse,
874 1132 938 1172 ac
982 1118 1460 1190 metropolitanos,
1492 1132 1558 1173 an
1587 1118 1655 1174 ab
1679 1132 1811 1189 apo-

208 1207 396 1263 stolica
442 1209 573 1264 sede
612 1208 773 1280 pallia
804 1221 1139 1281 quaererent,
1179 1212 1345 1266 etiam
1377 1221 1562 1281 postea
1603 1210 1811 1267 delibe-

208 1315 379 1367 rasse,
421 1316 545 1357 cum
580 1317 647 1358 ex
678 1303 907 1373 epistola
936 1304 969 1359 5
991 1304 1302 1359 Zaceharize
1325 1319 1476 1376 papa:
1504 1303 1570 1359 ad
1598 1302 1812 1359 Bonifa-

206 1394 367 1460 ciunt,
404 1403 517 1449 tum
569 1411 636 1451 ex
678 1411 741 1452 ea
785 1413 945 1466 quam
979 1396 1290 1452 Bonifacius
1337 1396 1460 1451 huic
1506 1394 1808 1465 rescripsit,

204 1488 594 1557 comperimus.
626 1488 682 1545 Si
714 1498 894 1545 autem
925 1489 1107 1544 medio
1132 1489 1333 1544 saeculo
1364 1505 1455 1544 vnt
1491 1488 1731 1543 nondum
1763 1488 1810 1543 is

205 1578 362 1651 plane
383 1580 699 1637 obtinuerat
722 1598 860 1647 mos,
881 1593 940 1638 ut
964 1583 1031 1636 ah
1054 1581 1356 1653 apostolica
1378 1582 1509 1638 sede
1529 1581 1687 1653 pallia
1704 1597 1810 1637 me-

208 1674 517 1744 tropolitani
536 1687 866 1746 quaererent;
883 1677 1005 1747 quis
1024 1692 1131 1732 non
1154 1679 1254 1732 hac
1280 1676 1444 1731 etiam
1461 1685 1619 1731 aetate
1639 1677 1809 1731 multo

204 1769 479 1825 recentius
499 1780 725 1826 censeat
746 1771 1046 1835 decretum,
1069 1771 1215 1842 quod
1244 1771 1448 1826 editum
1473 1787 1595 1826 esse
1615 1771 1806 1841 liquet,

1915 557 2198 613 memorati
2230 557 2434 613 decreti
2463 558 2693 625 obtinet,
2735 556 2983 628 Pelagius
3012 573 3172 627 papa,
3216 558 3269 612 in
3300 556 3512 613 duobus

1913 652 2192 709 codicibus
2232 651 2509 707 Vaticanis
2538 651 2725 707 haberi
2768 649 2999 705 Joannes
3046 647 3195 704 VII!
3240 666 3304 705 ea:
3340 650 3513 705 conci-

1914 747 1984 802 lio
2012 762 2068 802 ιιι
2109 748 2251 818 apud
2297 745 2614 802 Ravennam.
2656 744 2768 802 Nec
2805 745 3091 817 quisquam
3124 744 3331 801 inficias
3362 743 3511 813 ierit,

1911 840 2045 896 illud
2075 849 2198 909 apte
2229 838 2282 894 in
2314 848 2559 909 tempora
2589 838 2885 895 convenire
2930 836 3090 909 hujus
3128 852 3306 909 papze.
3348 851 3510 909 quem

1912 931 2043 989 item
2083 931 2375 989 Gratianus
2402 931 2532 987 dist.
2564 931 2689 999 100,
2734 947 2786 987 c.
2830 931 2885 994 4.
2917 931 3099 987 laudat
3130 939 3192 987 ut
3217 931 3511 990 Wiliberto

1912 1026 2299 1098 Agrippinensi
2342 1027 2599 1097 episcopo
2640 1026 2719 1082 sic
2764 1025 3092 1083 scribentem
3138 1044 3151 1080 :
3190 1044 3209 1079 ‹
3254 1024 3508 1099 Optatum

1914 1117 2007 1175 tibi
2054 1118 2278 1189 pallium
2329 1133 2472 1173 nunc
2515 1117 2769 1173 conferre
2812 1117 3177 1189 nequivimus,
3217 1119 3339 1187 quia
3383 1116 3512 1173 fidei

1913 1222 2020 1269 tuae
2051 1213 2296 1284 paginam
2330 1214 2507 1268 minus
2535 1228 2694 1284 quam
2725 1220 2976 1282 oporteat
3002 1212 3282 1267 continere
3307 1212 3516 1281 reperi-

1913 1322 2056 1361 mus.
2090 1325 2109 1359 ›
2138 1306 2239 1362 Hic
2264 1306 2318 1361 in
2348 1314 2670 1360 transcursu
2709 1304 2963 1369 observo,
2993 1304 3206 1360 etiamsi
3235 1304 3515 1361 Zachariae

1912 1415 2064 1471 papae
2090 1415 2208 1455 aevo
2254 1399 2307 1455 id
2357 1400 2527 1455 moris
2574 1398 2814 1454 nondum
2846 1399 3177 1466 obtinuerat,
3221 1409 3277 1453 ut
3320 1413 3514 1456 omnes

1913 1493 2321 1563 metropolitani
2368 1492 2593 1563 pallium
2637 1493 2705 1546 ab
2745 1490 3062 1563 apostolica:
3102 1491 3233 1546 sede
3268 1505 3518 1561 qumrere

1914 1594 2257 1651 tenerentur,
2308 1599 2405 1640 eos
2456 1592 2637 1640 tamen
2680 1583 2881 1656 quibus
2931 1593 3043 1639 tum
3085 1583 3512 1653 concedebatur,

1910 1679 2061 1748 prius
2090 1677 2401 1748 apostolicae
2431 1677 2546 1732 sedi
2590 1676 2751 1732 ﬁdem
2782 1690 2933 1731 suam
2974 1690 3247 1746 exponere
3273 1690 3510 1731 consue-

1910 1770 2075 1825 visse.
2105 1770 2369 1836 Quocirca
2398 1770 2589 1825 scribit
2612 1769 2753 1824 idem
2785 1784 2922 1840 papa
2951 1770 3112 1838 epist.
3145 1771 3181 1823 4
3202 1768 3267 1823 ad
3296 1767 3513 1823 Bonifa-

203 1876 322 1918 cum
347 1863 459 1934 jam
495 1864 658 1935 longo
700 1881 799 1919 usu
829 1874 1104 1935 receptum
1138 1874 1273 1930 erat,
1306 1876 1360 1920 ut
1394 1863 1805 1933 metrOpolitani
1835 1890 1885 1951 Β
1911 1863 2053 1919 cium
2081 1880 2094 1916 :
2125 1881 2143 1914 ι
2176 1862 2424 1931 Qualiter
2451 1863 2594 1918 enim
2637 1877 2756 1917 mos
2796 1861 2944 1933 pallii
2976 1860 3079 1929 sit,
3108 1859 3193 1917 vel
3236 1860 3511 1933 quomodo

203 1970 311 2011 non
359 1957 535 2013 solum
586 1957 653 2014 ab
694 1959 994 2029 apostolica
1034 1958 1168 2015 sede
1211 1968 1527 2029 expeterent
1559 1959 1805 2030 pallium,

1912 1958 2070 2015 fidem
2093 1972 2245 2013 suam
2271 1973 2543 2026 exponere
2568 1948 2807 2015 debeant
2834 1957 2888 2013 hi
2912 1957 3002 2029 qui
3027 1957 3191 2030 pallio
3220 1957 3297 2013 uti
3317 1972 3512 2015 concc-

202 2062 390 2104 verum
437 2051 602 2105 etiam
650 2050 831 2121 quoad
874 2051 1008 2107 illud
1050 2052 1666 2123 percepissentpollicio
1706 2068 1807 2108 suo
1905 2050 2129 2119 duntur,
2162 2052 2241 2107 eis
2269 2050 2591 2108 direximus.
2633 2070 2651 2105 ι

201 2136 352 2211 fungi
378 2150 434 2197 et
459 2141 744 2215 episcOpos
771 2142 1030 2199 ordinare
1055 2160 1163 2200 non
1188 2145 1466 2201 valerent?
1488 2144 1809 2202 Monuerunt

1423 2419 1682 2502 DUO
1759 2415 2295 2504 CARMINA

824 2579 877 2640 A
920 2577 1386 2655 QUIBUSDAM
1430 2581 1764 2645 INSUPER
1805 2582 2141 2646 omaso
2183 2582 2412 2645 PAPJE
2456 2583 2869 2650 ASCRIPTA.

365 2868 407 2924 E
420 2865 740 2924 FITAPHIU
752 2866 799 2921 Μ
843 2865 1133 2923 SISENNII
1177 2867 1638 2924 PRESBYTERI.

566 2960 731 3024 (Apud
758 2959 963 3011 Gruter.
991 2973 1103 3024 pag.
1133 2958 1274 3019 1172,
1301 2975 1351 3011 n.
1375 2959 1447 3023 9.)

274 3046 569 3116 Presbyter
591 3045 677 3101 hic
709 3045 881 3099 voluit
911 3044 1163 3100 Sisinnus
1198 3059 1402 3113 ponere
1434 3044 1697 3111 membra,

272 3138 537 3195 Omnibus
567 3146 825 3208 acceptus
857 3136 1095 3208 p0pu|is,
1125 3138 1433 3209 dignusque
1459 3138 1742 3203 sacerdos;

272 3232 374 3301 Qui
401 3231 566 3287 sciret
594 3241 799 3286 sancta:
827 3246 1047 3287 scrvare
1081 3230 1284 3287 foedera
1320 3233 1549 3287 matris:

273 3326 519 3383 Blandus
548 3342 737 3383 amore
771 3327 865 3382 Dei
896 3342 1116 3397 semper
1137 3327 1229 3395 qui
1259 3327 1441 3382 vivere
1471 3336 1677 3392 nosset,

270 3421 688 3488 Contentnsque
714 3436 816 3477 suo
840 3423 1079 3477 nesciret
1105 3422 1374 3493 principis
1399 3421 1598 3476 aulam.

255 3537 351 3595 AD
390 3535 733 3606 QUEMDAM
773 3533 1108 3591 FRATREM
1150 3533 1670 3591 CORRIPIENDUM
1693 3544 1740 3585 α.

202 3630 265 3695 (Ε
304 3630 605 3681 membranis
621 3628 973 3695 _Bibliotheeae
1017 3627 1338 3695 Passioneiae,
1372 3640 1505 3695 nunc
1548 3627 1803 3691 Angelicze

619 3691 824 3744 Eremit.
850 3692 1289 3753 Augustinensium
1314 3692 1386 3757 b.)

270 3778 479 3853 Tityre,
506 3787 561 3834 tu
592 3777 699 3833 fido
727 3778 998 3834 recubans
1028 3776 1130 3833 sub
1161 3777 1400 3848 tegmine
1427 3776 1629 3834 Christi

271 3950 299 3979 ι
328 3939 408 3993 Ita
437 3938 754 3994 inscribitur
778 3954 806 3990 a
838 3938 1063 3993 librario
1091 3936 1195 3992 hoc
1216 3935 1545 4006 epistolium.

195 4015 225 4039 θ’
269 4009 299 4050 ι’
325 4010 465 4065 Cod.
500 4016 605 4064 ms.
637 4009 943 4065 membran.
968 4010 1153 4065 saeculi
1176 4025 1252 4075 χι,
1282 4007 1378 4064 fol.
1405 4008 1618 4079 51,sig.
1648 4022 1797 4064 num.

198 4098 418 4143 LXXXVII
426 4124 439 4136 .

1831 3280 1879 3343 C

1990 2870 2213 2927 Divinos
2239 2871 2422 2942 apices
2440 2882 2462 2910 ο
2492 2886 2651 2927 sacro
2680 2870 2979 2928 modularis
3008 2872 3061 2928 in
3090 2886 3206 2929 ore.

1982 2964 2100 3019 Non
2131 2963 2295 3020 falsas
2319 2963 2568 3021 fabulasd
2597 2966 2780 3021 studio
2806 2965 3085 3021 meditaris
3114 2965 3259 3021 inani
3285 2984 3299 3020 :

1980 3058 2094 3113 lllis
2118 3074 2242 3111 nam
2267 3060 2484 3127 capitur
2513 3059 2688 3114 felicis
2718 3059 2888 3130 gloria
2916 3060 3063 3126 vitae,

1982 3159 2103 3214 Istis
2128 3158 2424 3215 succedent
2452 3174 2628 3230 poena:
2648 3160 2766 3216 sine
2797 3160 2904 3215 line
2932 3174 3220 3231 perennes.

1981 3262 2137 3319 Unde
2166 3277 2320 3330 cave,
2359 3262 2549 3327 frater,
2576 3278 2643 3319 ne
2674 3263 2826 3318 vanis
2859 3278 2927 3317 ne
2959 3273 3011 3317 te
3038 3262 3272 3319 subdere
3296 3262 3469 3331 curis,

1979 3366 2180 3423 Inferni
2209 3369 2425 3435 rapiant
2456 3367 2712 3422 miserunt
2742 3382 2812 3424 ne
2841 3374 3042 3421 tartara
3071 3365 3217 3421 tetri.

1979 3471 2119 3541 Quin
2151 3471 2330 3541 potius
2359 3484 2545 3525 sacras
2572 3470 2754 3525 animo
2784 3469 2991 3541 spirare
3019 3478 3294 3525 memento

1978 3574 2311 3645 Scripturas,
2344 3572 2571 3642 dapibus
2602 3570 2804 3628 faciant
2833 3588 2954 3644 quae
2991 3580 3212 3643 pectora
3243 3571 3431 3629 castis.

1980 3676 2058 3732 'l‘e
2085 3673 2296 3731 Domini
2324 3674 2533 3730 salvum
2561 3683 2857 3730 conservet
2884 3672 3056 3745 gratia
3084 3688 3324 3745 semper.

1986 3946 2008 4006 εξ
2041 3934 2310 4000 Psalmos,
2341 3943 2399 3989 ttt
2429 3942 2583 4006 puto,
2616 3935 2855 3992 denotat.

1909 4093 1939 4134 c
1980 4003 2007 4043 d
2034 4006 2185 4134 [Ιιιιίιι
2224 4003 2503 4077 eleganter
2532 4008 2761 4078 primam
2793 4008 2946 4065 vocis
2989 4007 3198 4080 fabulas
3245 4006 3509 4081 syllabam

1944 4094 2113 4149 orrtpt
2147 4120 2159 4132 .

208 4220 3502 4252 ,._______...__________________————____—__.___..

777 4400 1305 4475 MONITUM
1364 4396 1477 4471 IN
1532 4392 2009 4484 SEQUENS
2059 4393 2911 4469 KALENDARIUM.

1432 4575 1527 4640 (Ex
1554 4572 2040 4635 AnalecLMabilon.
2069 4588 2120 4637 p.
2146 4573 2280 4635 165.)

1707 4720 2017 4736 —

271 4863 385 4922 Hoc
412 4862 800 4921 Kalendarium
829 4859 1197 4926 Sanctorum,
1227 4869 1367 4927 quos
1397 4854 1537 4910 olim
1553 4850 2006 4921 Carthaginensis
2044 4848 2292 4906 Ecclesia
2320 4846 2615 4920 quotannis
2646 4847 2955 4917 recolebat,
2983 4848 3300 4908 Africanum
3331 4850 3516 4909 dicere

193 4960 356 5029 licet,
388 4959 632 5017 omnium
661 4973 783 5028 qua:
811 4956 1071 5011 hactenus
1099 4951 1241 5026 typis
1264 4951 1479 5021 vulgata
1506 4960 1651 5013 sunt,
1683 4957 1741 5004 ut
1772 4945 1989 5019 quidem
2020 4954 2185 5017 puto,
2209 4944 2646 5017 antiquissimum
2680 4954 2733 5001 et
2755 4947 3113 5003 rarissimum.
3151 4948 3447 5019 Repertum
3476 4965 3507 5005 a

195 5053 356 5109 nobis
394 5063 480 5110 est
505 5051 647 5108 felici
667 5065 797 5105 casu
823 5048 879 5103 in
907 5046 1139 5119 quodam
1183 5044 1481 5102 veterrimo
1512 5041 1703 5099 codice
1731 5042 1967 5098 celebris
1993 5040 2312 5097 monasterii
2339 5038 2718 5097 Cluniacensis
2745 5082 2761 5107 ,
2790 5041 3110 5098 continente
3139 5041 3282 5098 beati
3310 5043 3508 5101 Hiero-

194 5148 347 5220 nymi
376 5143 814 5204 Commentarios
845 5143 899 5197 in
936 5141 1127 5195 Isaiam
1150 5180 1165 5207 ,
1201 5138 1369 5195 immo
1394 5138 1449 5194 in
1483 5137 1706 5202 codice,
1731 5135 1827 5191 sed
1864 5136 2073 5191 codicis
2096 5135 2277 5206 ligneo
2304 5134 2588 5205 operculo,
2627 5134 2791 5191 tineis
2835 5150 2899 5192 ac
2931 5135 3213 5193 vermibus
3249 5153 3510 5205 corroso,

192 5241 437 5311 allixum.
471 5242 665 5311 Opera:
702 5236 937 5310 pretium
967 5233 1068 5289 fuit
1096 5233 1517 5288 vetustissimam
1563 5240 1619 5287 et
1661 5244 1932 5286 semesam
1979 5228 2353 5284 membranam
2395 5243 2425 5281 a
2456 5226 2604 5299 ligno
2639 5226 2884 5283 carrioso
2924 5226 3212 5285 divellere.
3255 5228 3513 5301 Operculi

192 5356 325 5411 pars
346 5310 529 5396 antica
551 5334 867 5394 Kalendarii
907 5331 1275 5404 principium,
1318 5331 1525 5401 postica
1554 5328 1820 5400 reliquum
1858 5326 2199 5384 continebat.
2232 5326 2514 5399 Scriptura
2544 5325 2787 5382 Romana
2815 5333 2934 5395 est,
2966 5326 3167 5384 litteris
3195 5327 3511 5399 maiusculis

191 5444 453 5501 exarata,
484 5432 692 5488 saeculo
713 5430 955 5500 septimo
986 5443 1093 5483 non
1124 5420 1372 5481 inferior.

269 5529 560 5601 Antiquius
590 5535 675 5584 est
702 5520 1088 5579 Kalendarium
1121 5536 1243 5577 cum
1291 5521 1343 5574 in
1376 5534 1442 5575 eo
1467 5519 1600 5575 nulli
1645 5518 1854 5584 sancti,
1880 5518 2082 5575 nedum
2126 5504 2448 5591 Fulgentius
2478 5519 2815 5590 Episcopus,
2862 5519 3211 5590 reperiantur
3238 5520 3305 5575 iis
3333 5530 3513 5592 poste-

192 5628 396 5694 riores,
427 5625 518 5697 qui
545 5624 597 5679 in
630 5620 999 5677 Vandalorum
1030 5617 1413 5689 persecutione
1455 5614 1559 5670 sub
1592 5612 1909 5671 llunnerico
1943 5615 2091 5686 liege
2120 5614 2266 5685 passi
2318 5625 2466 5671 sunt.
2499 5614 2600 5682 Qui
2642 5622 2776 5670 tunc
2823 5613 2877 5669 in
2921 5613 3103 5670 Africa
3153 5630 3336 5671 annuo
3365 5615 3513 5673 cultu

191 5721 611 5781 honorabantur
632 5718 842 5786 sancti,
876 5716 1122 5788 plerique
1143 5721 1300 5771 erant
1324 5709 1651 5783 populares:
1683 5710 1905 5783 quidam
1935 5719 2114 5767 tamen
2145 5725 2211 5767 ex
2243 5710 2429 5765 Italica
2458 5719 2512 5764 et
2537 5725 2604 5766 ex
2637 5710 2920 5781 Hispania,
2949 5720 3151 5781 praeter
3169 5707 3523 5782 Apostolicos

190 5824 377 5889 viros,
406 5819 614 5875 nullum
662 5817 910 5887 Deiparze
951 5814 1189 5881 festum,
1222 5811 1290 5867 de
1328 5824 1434 5880 qua
1466 5809 1652 5866 nullus
1681 5808 1822 5879 apud
1850 5810 2213 5881 Augustinum
2254 5816 2517 5863 tractatus
2566 5822 2663 5864 seu
2708 5821 2912 5864 sermo.
2953 5808 3145 5863 Annus
3187 5824 3218 5864 a
3258 5823 3355 5865 χιιι
3391 5809 3515 5867 Kal.

192 5915 327 5974 Maii
352 5912 565 5985 incipit,
588 5925 786 5984 nempe
818 5918 938 5982 post
960 5906 1167 5964 Pascha
1193 5921 1207 5961 :
1242 5901 1447 5962 desinit
1482 5903 1535 5959 in
1563 5901 1801 5975 xurKal.
1824 5901 2035 5975 Martii.
2065 5901 2283 5957 Nullum
2320 5900 2515 5957 festum
2547 5917 2645 5973 per
2677 5908 2849 5959 totum
2875 5899 3128 5959 Martium
3154 5917 3397 5962 mensem
3422 5946 3437 5974 ,
3463 5904 3518 5962 id
