  <div class='ocr_page' id='page_1' title='image "/cluster/home/n/w/nwhite01/storage/ocr_20150623/13/hvd.32044096580428/011.png"; bbox 0 0 4150 6176; ppageno 0'>
   <div class='ocr_carea' id='block_1_1' title="bbox 446 204 3743 269">
    <p class='ocr_par' dir='ltr' id='par_1_1' title="bbox 446 204 3743 269">
     <span class='ocr_line' id='line_1_1' title="bbox 446 204 3743 269; baseline -0.002 -4"><span class='ocrx_word' id='word_1_1' title='bbox 446 205 506 267; x_wconf 76' lang='lat' dir='ltr'><strong>li</strong></span> <span class='ocrx_word' id='word_1_2' title='bbox 1637 204 1945 265; x_wconf 73' lang='lat' dir='ltr'><strong>SANCTUS</strong></span> <span class='ocrx_word' id='word_1_3' title='bbox 1982 204 2194 263; x_wconf 79' lang='lat' dir='ltr'><strong>FELIX</strong></span> <span class='ocrx_word' id='word_1_4' title='bbox 2232 204 2411 263; x_wconf 77' lang='lat' dir='ltr'><strong>PAPA</strong></span> <span class='ocrx_word' id='word_1_5' title='bbox 2452 205 2516 263; x_wconf 89' lang='lat' dir='ltr'><strong>ll.</strong></span> <span class='ocrx_word' id='word_1_6' title='bbox 3673 210 3743 269; x_wconf 68' lang='lat'><strong>12</strong></span> 
     </span>
    </p>
   </div>
   <div class='ocr_carea' id='block_1_2' title="bbox 436 314 3741 396">
    <p class='ocr_par' dir='ltr' id='par_1_2' title="bbox 436 314 3741 396">
     <span class='ocr_line' id='line_1_2' title="bbox 436 314 3741 396; baseline -0.001 -12"><span class='ocrx_word' id='word_1_7' title='bbox 436 328 529 393; x_wconf 79' lang='grc'><strong>21,</strong></span> <span class='ocrx_word' id='word_1_8' title='bbox 564 327 820 382; x_wconf 86' lang='lat' dir='ltr'><strong>diaconos</strong></span> <span class='ocrx_word' id='word_1_9' title='bbox 848 327 904 393; x_wconf 82' lang='lat'><strong>5,</strong></span> <span class='ocrx_word' id='word_1_10' title='bbox 948 328 1235 396; x_wconf 81' lang='lat' dir='ltr'><strong>episcopos</strong></span> <span class='ocrx_word' id='word_1_11' title='bbox 1264 338 1361 393; x_wconf 89' lang='lat' dir='ltr'><strong>per</strong></span> <span class='ocrx_word' id='word_1_12' title='bbox 1389 323 1607 378; x_wconf 88' lang='lat' dir='ltr'><strong>diversa</strong></span> <span class='ocrx_word' id='word_1_13' title='bbox 1646 323 1762 377; x_wconf 91' lang='lat' dir='ltr'><strong>loca</strong></span> <span class='ocrx_word' id='word_1_14' title='bbox 1794 324 1879 378; x_wconf 89' lang='grc'><strong>19.</strong></span> <span class='ocrx_word' id='word_1_15' title='bbox 1930 321 2035 391; x_wconf 82' lang='lat' dir='ltr'><strong>Qui</strong></span> <span class='ocrx_word' id='word_1_16' title='bbox 2061 324 2115 387; x_wconf 76' lang='grc' dir='ltr'><strong>Α</strong></span> <span class='ocrx_word' id='word_1_17' title='bbox 2138 322 2374 378; x_wconf 82' lang='lat' dir='ltr'><strong>Damaso</strong></span> <span class='ocrx_word' id='word_1_18' title='bbox 2406 322 2750 394; x_wconf 79' lang='lat' dir='ltr'><strong>presbytero,</strong></span> <span class='ocrx_word' id='word_1_19' title='bbox 2783 329 2837 376; x_wconf 90' lang='lat' dir='ltr'><strong>et</strong></span> <span class='ocrx_word' id='word_1_20' title='bbox 2867 314 3141 390; x_wconf 90' lang='lat' dir='ltr'><strong>sepultum</strong></span> <span class='ocrx_word' id='word_1_21' title='bbox 3172 327 3258 377; x_wconf 91' lang='lat' dir='ltr'><strong>est</strong></span> <span class='ocrx_word' id='word_1_22' title='bbox 3293 321 3348 376; x_wconf 92' lang='lat' dir='ltr'><strong>in</strong></span> <span class='ocrx_word' id='word_1_23' title='bbox 3376 322 3606 379; x_wconf 91' lang='lat' dir='ltr'><strong>basilica</strong></span> <span class='ocrx_word' id='word_1_24' title='bbox 3646 340 3741 381; x_wconf 85' lang='lat' dir='ltr'><strong>su-</strong></span> 
     </span>
    </p>
   </div>
   <div class='ocr_carea' id='block_1_3' title="bbox 440 412 2041 490">
    <p class='ocr_par' dir='ltr' id='par_1_3' title="bbox 440 412 2041 490">
     <span class='ocr_line' id='line_1_3' title="bbox 440 412 2041 490; baseline -0.005 -14"><span class='ocrx_word' id='word_1_25' title='bbox 440 422 602 477; x_wconf 88' lang='lat' dir='ltr'><strong>etiam</strong></span> <span class='ocrx_word' id='word_1_26' title='bbox 633 424 649 453; x_wconf 82' lang='grc'>¹</span> <span class='ocrx_word' id='word_1_27' title='bbox 676 434 867 490; x_wconf 89' lang='lat' dir='ltr'><strong>passus</strong></span> <span class='ocrx_word' id='word_1_28' title='bbox 896 428 980 474; x_wconf 91' lang='lat' dir='ltr'><strong>est</strong></span> <span class='ocrx_word' id='word_1_29' title='bbox 1009 419 1061 472; x_wconf 92' lang='lat' dir='ltr'><strong>in</strong></span> <span class='ocrx_word' id='word_1_30' title='bbox 1090 418 1306 472; x_wconf 93' lang='lat' dir='ltr'><strong>civitate</strong></span> <span class='ocrx_word' id='word_1_31' title='bbox 1334 414 1547 470; x_wconf 87' lang='lat' dir='ltr'><strong>Corona</strong></span> <span class='ocrx_word' id='word_1_32' title='bbox 1575 429 1698 469; x_wconf 92' lang='lat' dir='ltr'><strong>cum</strong></span> <span class='ocrx_word' id='word_1_33' title='bbox 1726 412 1910 467; x_wconf 90' lang='lat' dir='ltr'><strong>multis</strong></span> <span class='ocrx_word' id='word_1_34' title='bbox 1931 414 2041 468; x_wconf 91' lang='lat' dir='ltr'><strong>cle-</strong></span> 
     </span>
    </p>
   </div>
   <div class='ocr_carea' id='block_1_4' title="bbox 439 507 2041 579">
    <p class='ocr_par' dir='ltr' id='par_1_4' title="bbox 439 507 2041 579">
     <span class='ocr_line' id='line_1_4' title="bbox 439 507 2041 579; baseline -0.006 -9"><span class='ocrx_word' id='word_1_35' title='bbox 439 515 570 570; x_wconf 86' lang='lat' dir='ltr'><strong>ricis</strong></span> <span class='ocrx_word' id='word_1_36' title='bbox 596 513 914 569; x_wconf 85' lang='lat' dir='ltr'><strong>etfidelibus</strong></span> <span class='ocrx_word' id='word_1_37' title='bbox 945 510 1158 565; x_wconf 75' lang='lat' dir='ltr'><strong>occulte</strong></span> <span class='ocrx_word' id='word_1_38' title='bbox 1182 509 1336 579; x_wconf 89' lang='lat' dir='ltr'><strong>juxta</strong></span> <span class='ocrx_word' id='word_1_39' title='bbox 1368 524 1552 564; x_wconf 89' lang='lat' dir='ltr'><strong>muros</strong></span> <span class='ocrx_word' id='word_1_40' title='bbox 1581 508 1732 562; x_wconf 89' lang='lat' dir='ltr'><strong>urbis</strong></span> <span class='ocrx_word' id='word_1_41' title='bbox 1752 509 1772 538; x_wconf 85' lang='grc'>¹</span> <span class='ocrx_word' id='word_1_42' title='bbox 1802 507 1869 561; x_wconf 94' lang='lat' dir='ltr'><strong>ad</strong></span> <span class='ocrx_word' id='word_1_43' title='bbox 1889 507 2041 562; x_wconf 81' lang='lat' dir='ltr'><strong>lacus</strong></span> 
     </span>
    </p>
   </div>
   <div class='ocr_carea' id='block_1_5' title="bbox 442 588 2039 675">
    <p class='ocr_par' dir='ltr' id='par_1_5' title="bbox 442 588 2039 675">
     <span class='ocr_line' id='line_1_5' title="bbox 442 588 2039 675; baseline -0.005 -14"><span class='ocrx_word' id='word_1_44' title='bbox 442 606 687 675; x_wconf 89' lang='lat' dir='ltr'><strong>Trajani,</strong></span> <span class='ocrx_word' id='word_1_45' title='bbox 738 604 899 660; x_wconf 89' lang='lat' dir='ltr'><strong>tertio</strong></span> <span class='ocrx_word' id='word_1_46' title='bbox 926 600 1048 658; x_wconf 84' lang='lat' dir='ltr'><strong>idus</strong></span> <span class='ocrx_word' id='word_1_47' title='bbox 1078 588 1419 656; x_wconf 78' lang='lat' dir='ltr'><strong>Novembris.</strong></span> <span class='ocrx_word' id='word_1_48' title='bbox 1476 598 1544 655; x_wconf 84' lang='lat' dir='ltr'><strong>Et</strong></span> <span class='ocrx_word' id='word_1_49' title='bbox 1591 597 1787 655; x_wconf 83' lang='lat' dir='ltr'><strong>exinde</strong></span> <span class='ocrx_word' id='word_1_50' title='bbox 1825 609 2039 671; x_wconf 82' lang='lat' dir='ltr'><strong>raptum</strong></span> 
     </span>
    </p>
   </div>
   <div class='ocr_carea' id='block_1_6' title="bbox 440 692 2038 767">
    <p class='ocr_par' dir='ltr' id='par_1_6' title="bbox 440 692 2038 767">
     <span class='ocr_line' id='line_1_6' title="bbox 440 692 2038 767; baseline -0.005 -13"><span class='ocrx_word' id='word_1_51' title='bbox 440 708 527 754; x_wconf 89' lang='lat' dir='ltr'><strong>est</strong></span> <span class='ocrx_word' id='word_1_52' title='bbox 555 712 756 767; x_wconf 88' lang='lat' dir='ltr'><strong>corpus</strong></span> <span class='ocrx_word' id='word_1_53' title='bbox 786 696 905 765; x_wconf 88' lang='lat' dir='ltr'><strong>ejus</strong></span> <span class='ocrx_word' id='word_1_54' title='bbox 930 710 961 750; x_wconf 92' lang='lat' dir='ltr'><strong>a</strong></span> <span class='ocrx_word' id='word_1_55' title='bbox 991 693 1326 766; x_wconf 86' lang='lat' dir='ltr'><strong>presbyteris</strong></span> <span class='ocrx_word' id='word_1_56' title='bbox 1360 703 1417 750; x_wconf 91' lang='lat' dir='ltr'><strong>et</strong></span> <span class='ocrx_word' id='word_1_57' title='bbox 1447 692 1665 749; x_wconf 87' lang='lat' dir='ltr'><strong>clericis</strong></span> <span class='ocrx_word' id='word_1_58' title='bbox 1692 704 1877 759; x_wconf 90' lang='lat' dir='ltr'><strong>noctu,</strong></span> <span class='ocrx_word' id='word_1_59' title='bbox 1918 706 2038 747; x_wconf 88' lang='lat' dir='ltr'><strong>cum</strong></span> 
     </span>
    </p>
   </div>
   <div class='ocr_carea' id='block_1_7' title="bbox 515 828 1051 953">
    <p class='ocr_par' dir='ltr' id='par_1_7' title="bbox 515 828 1051 953">
     <span class='ocr_line' id='line_1_7' title="bbox 515 828 1051 953; baseline 0 -70"><span class='ocrx_word' id='word_1_60' title='bbox 515 831 530 860; x_wconf 84' lang='lat'>‘</span> <span class='ocrx_word' id='word_1_61' title='bbox 563 828 741 953; x_wconf 52' lang='lat' dir='ltr'><strong>Cyme</strong></span> <span class='ocrx_word' id='word_1_62' title='bbox 769 838 1051 883; x_wconf 79' lang='lat' dir='ltr'><strong>truncatus.</strong></span> 
     </span>
     <span class='ocr_line' id='line_1_8' title="bbox 515 900 1051 953; baseline 0 0"><span class='ocrx_word' id='word_1_63' title='bbox 515 901 531 931; x_wconf 90' lang='lat'>&#39;</span> <span class='ocrx_word' id='word_1_64' title='bbox 559 900 606 953; x_wconf 86' lang='lat' dir='ltr'><strong><em>A</em></strong></span> <span class='ocrx_word' id='word_1_65' title='bbox 667 901 801 953; x_wconf 81' lang='lat' dir='ltr'><strong>latus</strong></span> <span class='ocrx_word' id='word_1_66' title='bbox 828 903 1007 953; x_wconf 76' lang='lat' dir='ltr'><strong>formae</strong></span> <span class='ocrx_word' id='word_1_67' title='bbox 1031 900 1051 953; x_wconf 79' lang='grc' dir='ltr'><strong><em>Ἰ</em></strong></span> 
     </span>
    </p>
   </div>
   <div class='ocr_carea' id='block_1_8' title="bbox 511 899 1270 972">
    <p class='ocr_par' dir='ltr' id='par_1_8' title="bbox 511 899 1270 972">
     <span class='ocr_line' id='line_1_9' title="bbox 511 899 1270 972; baseline -0.001 -18"><span class='ocrx_word' id='word_1_68' title='bbox 511 901 531 931; x_wconf 83' lang='grc'>¹</span> <span class='ocrx_word' id='word_1_69' title='bbox 559 899 646 955; x_wconf 82' lang='lat' dir='ltr'><strong>Ad</strong></span> <span class='ocrx_word' id='word_1_70' title='bbox 667 901 801 954; x_wconf 80' lang='lat' dir='ltr'><strong>latus</strong></span> <span class='ocrx_word' id='word_1_71' title='bbox 827 903 1007 970; x_wconf 68' lang='lat' dir='ltr'><strong>forma:</strong></span> <span class='ocrx_word' id='word_1_72' title='bbox 1031 899 1270 972; x_wconf 88' lang='lat' dir='ltr'><strong>Trajani.</strong></span> 
     </span>
    </p>
   </div>
   <div class='ocr_carea' id='block_1_9' title="bbox 2140 411 3744 485">
    <p class='ocr_par' dir='ltr' id='par_1_9' title="bbox 2140 411 3744 485">
     <span class='ocr_line' id='line_1_10' title="bbox 2140 411 3744 485; baseline 0.002 -17"><span class='ocrx_word' id='word_1_73' title='bbox 2140 415 2407 485; x_wconf 91' lang='lat' dir='ltr'><strong>pradicta,</strong></span> <span class='ocrx_word' id='word_1_74' title='bbox 2439 430 2601 484; x_wconf 89' lang='lat' dir='ltr'><strong>quam</strong></span> <span class='ocrx_word' id='word_1_75' title='bbox 2630 414 2743 484; x_wconf 91' lang='lat' dir='ltr'><strong>ipse</strong></span> <span class='ocrx_word' id='word_1_76' title='bbox 2774 411 2857 467; x_wconf 90' lang='lat' dir='ltr'><strong>via</strong></span> <span class='ocrx_word' id='word_1_77' title='bbox 2888 413 3112 468; x_wconf 85' lang='lat' dir='ltr'><strong>Aurelia</strong></span> <span class='ocrx_word' id='word_1_78' title='bbox 3134 423 3541 483; x_wconf 82' lang='lat' dir='ltr'><strong>construxerat,</strong></span> <span class='ocrx_word' id='word_1_79' title='bbox 3563 417 3584 447; x_wconf 86' lang='grc'>³</span> <span class='ocrx_word' id='word_1_80' title='bbox 3607 416 3744 473; x_wconf 87' lang='lat' dir='ltr'><strong>duo—</strong></span> 
     </span>
    </p>
   </div>
   <div class='ocr_carea' id='block_1_10' title="bbox 2140 505 3743 573">
    <p class='ocr_par' dir='ltr' id='par_1_10' title="bbox 2140 505 3743 573">
     <span class='ocr_line' id='line_1_11' title="bbox 2140 505 3743 573; baseline 0.001 -11"><span class='ocrx_word' id='word_1_81' title='bbox 2140 507 2354 564; x_wconf 90' lang='lat' dir='ltr'><strong>decimo</strong></span> <span class='ocrx_word' id='word_1_82' title='bbox 2384 506 2646 562; x_wconf 78' lang='lat' dir='ltr'><strong>kalendas</strong></span> <span class='ocrx_word' id='word_1_83' title='bbox 2695 505 3031 573; x_wconf 86' lang='lat' dir='ltr'><strong>Decembris,</strong></span> <span class='ocrx_word' id='word_1_84' title='bbox 3078 505 3339 562; x_wconf 86' lang='lat' dir='ltr'><strong>milliario</strong></span> <span class='ocrx_word' id='word_1_85' title='bbox 3379 507 3643 565; x_wconf 75' lang='lat' dir='ltr'><strong>secundo.</strong></span> <span class='ocrx_word' id='word_1_86' title='bbox 3676 508 3743 564; x_wconf 85' lang='lat' dir='ltr'><strong>Et</strong></span> 
     </span>
    </p>
   </div>
   <div class='ocr_carea' id='block_1_11' title="bbox 2142 598 3324 673">
    <p class='ocr_par' dir='ltr' id='par_1_11' title="bbox 2142 598 3324 673">
     <span class='ocr_line' id='line_1_12' title="bbox 2142 598 3324 673; baseline 0 -16"><span class='ocrx_word' id='word_1_87' title='bbox 2142 600 2377 658; x_wconf 85' lang='lat' dir='ltr'><strong>cessavit</strong></span> <span class='ocrx_word' id='word_1_88' title='bbox 2399 600 2749 671; x_wconf 87' lang='lat' dir='ltr'><strong>episcopatus</strong></span> <span class='ocrx_word' id='word_1_89' title='bbox 2777 598 2896 657; x_wconf 73' lang='lat' dir='ltr'><strong>dies</strong></span> <span class='ocrx_word' id='word_1_90' title='bbox 2922 600 3146 673; x_wconf 68' lang='lat' dir='ltr'><strong>triginta</strong></span> <span class='ocrx_word' id='word_1_91' title='bbox 3178 610 3324 657; x_wconf 82' lang='lat' dir='ltr'><strong>octo.</strong></span> 
     </span>
    </p>
   </div>
   <div class='ocr_carea' id='block_1_12' title="bbox 2209 821 2730 893">
    <p class='ocr_par' dir='ltr' id='par_1_12' title="bbox 2209 821 2730 893">
     <span class='ocr_line' id='line_1_13' title="bbox 2209 821 2730 893; baseline -0.004 -17"><span class='ocrx_word' id='word_1_92' title='bbox 2209 825 2230 857; x_wconf 80' lang='grc'>³</span> <span class='ocrx_word' id='word_1_93' title='bbox 2258 821 2468 878; x_wconf 76' lang='lat' dir='ltr'><strong>Decimo</strong></span> <span class='ocrx_word' id='word_1_94' title='bbox 2492 821 2730 893; x_wconf 69' lang='lat' dir='ltr'><strong>copim.</strong></span> 
     </span>
    </p>
   </div>
   <div class='ocr_carea' id='block_1_13' title="bbox 1341 1134 2824 1226">
    <p class='ocr_par' dir='ltr' id='par_1_13' title="bbox 1341 1134 2824 1226">
     <span class='ocr_line' id='line_1_14' title="bbox 1341 1134 2824 1226; baseline -0.005 -1"><span class='ocrx_word' id='word_1_95' title='bbox 1341 1138 1933 1226; x_wconf 76' lang='lat' dir='ltr'><strong>EPISTOL/E</strong></span> <span class='ocrx_word' id='word_1_96' title='bbox 2005 1134 2155 1223; x_wconf 89' lang='lat' dir='ltr'><strong>ET</strong></span> <span class='ocrx_word' id='word_1_97' title='bbox 2229 1136 2824 1224; x_wconf 83' lang='lat' dir='ltr'><strong>DECRETA.</strong></span> 
     </span>
    </p>
   </div>
   <div class='ocr_carea' id='block_1_14' title="bbox 1017 1410 1447 1470">
    <p class='ocr_par' dir='ltr' id='par_1_14' title="bbox 1017 1410 1447 1470">
     <span class='ocr_line' id='line_1_15' title="bbox 1017 1410 1447 1470; baseline -0.002 0"><span class='ocrx_word' id='word_1_98' title='bbox 1017 1423 1042 1452; x_wconf 68' lang='grc' dir='ltr'><strong><em>η</em></strong></span> <span class='ocrx_word' id='word_1_99' title='bbox 1066 1410 1083 1446; x_wconf 71' lang='grc' dir='ltr'>ί</span> <span class='ocrx_word' id='word_1_100' title='bbox 1114 1411 1447 1470; x_wconf 81' lang='lat' dir='ltr'><strong>EPISTOLA</strong></span> 
     </span>
    </p>
   </div>
   <div class='ocr_carea' id='block_1_15' title="bbox 546 1512 1931 1569">
    <p class='ocr_par' dir='ltr' id='par_1_15' title="bbox 546 1512 1931 1569">
     <span class='ocr_line' id='line_1_16' title="bbox 546 1512 1931 1569; baseline -0.007 -1"><span class='ocrx_word' id='word_1_101' title='bbox 546 1518 591 1569; x_wconf 83' lang='lat' dir='ltr'><strong>s.</strong></span> <span class='ocrx_word' id='word_1_102' title='bbox 635 1512 921 1567; x_wconf 65' lang='lat' dir='ltr'><strong>naxnas‘tt</strong></span> <span class='ocrx_word' id='word_1_103' title='bbox 972 1523 1039 1563; x_wconf 74' lang='lat' dir='ltr'><strong>er</strong></span> <span class='ocrx_word' id='word_1_104' title='bbox 1079 1521 1439 1563; x_wconf 60' lang='lat' dir='ltr'><strong>morrrronuu</strong></span> <span class='ocrx_word' id='word_1_105' title='bbox 1493 1517 1821 1561; x_wconf 72' lang='lat' dir='ltr'><strong>pon&#39;rtrtcuu</strong></span> <span class='ocrx_word' id='word_1_106' title='bbox 1864 1518 1931 1559; x_wconf 66' lang='lat' dir='ltr'><strong>an</strong></span> 
     </span>
    </p>
   </div>
   <div class='ocr_carea' id='block_1_16' title="bbox 972 1608 1511 1658">
    <p class='ocr_par' dir='ltr' id='par_1_16' title="bbox 972 1608 1511 1658">
     <span class='ocr_line' id='line_1_17' title="bbox 972 1608 1511 1658; baseline -0.006 0"><span class='ocrx_word' id='word_1_107' title='bbox 972 1612 1202 1658; x_wconf 68' lang='lat' dir='ltr'><strong>FELICEH</strong></span> <span class='ocrx_word' id='word_1_108' title='bbox 1242 1608 1279 1656; x_wconf 79' lang='lat' dir='ltr'><strong>ti</strong></span> <span class='ocrx_word' id='word_1_109' title='bbox 1315 1614 1511 1657; x_wconf 76' lang='lat' dir='ltr'><strong>PAPAII.</strong></span> 
     </span>
    </p>
   </div>
   <div class='ocr_carea' id='block_1_17' title="bbox 811 1696 1679 1765">
    <p class='ocr_par' dir='ltr' id='par_1_17' title="bbox 811 1696 1679 1765">
     <span class='ocr_line' id='line_1_18' title="bbox 811 1696 1679 1765; baseline -0.006 -14"><span class='ocrx_word' id='word_1_110' title='bbox 811 1697 885 1751; x_wconf 88' lang='lat' dir='ltr'><strong>De</strong></span> <span class='ocrx_word' id='word_1_111' title='bbox 913 1697 1320 1765; x_wconf 69' lang='lat' dir='ltr'><strong>infestationibus</strong></span> <span class='ocrx_word' id='word_1_112' title='bbox 1348 1696 1679 1749; x_wconf 81' lang='lat' dir='ltr'><strong>Arianorum.</strong></span> 
     </span>
    </p>
   </div>
   <div class='ocr_carea' id='block_1_18' title="bbox 429 1778 2040 1857">
    <p class='ocr_par' dir='ltr' id='par_1_18' title="bbox 429 1778 2040 1857">
     <span class='ocr_line' id='line_1_19' title="bbox 429 1778 2040 1857; baseline -0.009 -5"><span class='ocrx_word' id='word_1_113' title='bbox 429 1795 662 1852; x_wconf 86' lang='lat' dir='ltr'><strong>Domino</strong></span> <span class='ocrx_word' id='word_1_114' title='bbox 686 1790 1005 1848; x_wconf 90' lang='lat' dir='ltr'><strong>beatissimo</strong></span> <span class='ocrx_word' id='word_1_115' title='bbox 1027 1799 1081 1845; x_wconf 91' lang='lat' dir='ltr'><strong>et</strong></span> <span class='ocrx_word' id='word_1_116' title='bbox 1107 1788 1440 1853; x_wconf 82' lang='lat' dir='ltr'><strong>honorabili,</strong></span> <span class='ocrx_word' id='word_1_117' title='bbox 1459 1794 1651 1842; x_wconf 90' lang='lat' dir='ltr'><strong>sancto</strong></span> <span class='ocrx_word' id='word_1_118' title='bbox 1682 1778 1817 1857; x_wconf 82' lang='lat' dir='ltr'><strong>patri</strong></span> <span class='ocrx_word' id='word_1_119' title='bbox 1848 1780 2040 1851; x_wconf 86' lang='lat' dir='ltr'><strong>Felici,</strong></span> 
     </span>
    </p>
   </div>
   <div class='ocr_carea' id='block_1_19' title="bbox 506 1878 2041 1953">
    <p class='ocr_par' dir='ltr' id='par_1_19' title="bbox 506 1878 2041 1953">
     <span class='ocr_line' id='line_1_20' title="bbox 506 1878 2041 1953; baseline -0.01 -8"><span class='ocrx_word' id='word_1_120' title='bbox 506 1899 710 1945; x_wconf 82' lang='lat' dir='ltr'><strong>sanctae</strong></span> <span class='ocrx_word' id='word_1_121' title='bbox 740 1885 887 1941; x_wconf 88' lang='lat' dir='ltr'><strong>sedis</strong></span> <span class='ocrx_word' id='word_1_122' title='bbox 917 1884 1231 1953; x_wconf 65' lang='lat' dir='ltr'><strong>apostolicae</strong></span> <span class='ocrx_word' id='word_1_123' title='bbox 1262 1882 1413 1937; x_wconf 88' lang='lat' dir='ltr'><strong>urbis</strong></span> <span class='ocrx_word' id='word_1_124' title='bbox 1444 1880 1633 1937; x_wconf 61' lang='lat' dir='ltr'><strong>Romae</strong></span> <span class='ocrx_word' id='word_1_125' title='bbox 1666 1896 1838 1951; x_wconf 71' lang='lat' dir='ltr'><strong>papm,</strong></span> <span class='ocrx_word' id='word_1_126' title='bbox 1872 1878 2041 1933; x_wconf 86' lang='lat' dir='ltr'><strong>Atha-</strong></span> 
     </span>
    </p>
   </div>
   <div class='ocr_carea' id='block_1_20' title="bbox 505 1973 2041 2048">
    <p class='ocr_par' dir='ltr' id='par_1_20' title="bbox 505 1973 2041 2048">
     <span class='ocr_line' id='line_1_21' title="bbox 505 1973 2041 2048; baseline -0.008 -10"><span class='ocrx_word' id='word_1_127' title='bbox 505 1984 690 2038; x_wconf 85' lang='lat' dir='ltr'><strong>nasius</strong></span> <span class='ocrx_word' id='word_1_128' title='bbox 717 1992 769 2036; x_wconf 91' lang='lat' dir='ltr'><strong>et</strong></span> <span class='ocrx_word' id='word_1_129' title='bbox 792 1977 1036 2034; x_wconf 85' lang='lat' dir='ltr'><strong>universi</strong></span> <span class='ocrx_word' id='word_1_130' title='bbox 1065 1976 1475 2048; x_wconf 63' lang='lat' dir='ltr'><strong>Egyptiorum,</strong></span> <span class='ocrx_word' id='word_1_131' title='bbox 1519 1973 1944 2040; x_wconf 84' lang='lat' dir='ltr'><strong>Thebaidorum,</strong></span> <span class='ocrx_word' id='word_1_132' title='bbox 1984 1979 2041 2026; x_wconf 94' lang='lat' dir='ltr'><strong>et</strong></span> 
     </span>
    </p>
   </div>
   <div class='ocr_carea' id='block_1_21' title="bbox 503 2062 2041 2145">
    <p class='ocr_par' dir='ltr' id='par_1_21' title="bbox 503 2062 2041 2145">
     <span class='ocr_line' id='line_1_22' title="bbox 503 2062 2041 2145; baseline -0.008 -15"><span class='ocrx_word' id='word_1_133' title='bbox 503 2074 803 2145; x_wconf 84' lang='lat' dir='ltr'><strong>Libyornm</strong></span> <span class='ocrx_word' id='word_1_134' title='bbox 833 2072 1099 2140; x_wconf 86' lang='lat' dir='ltr'><strong>episcopi,</strong></span> <span class='ocrx_word' id='word_1_135' title='bbox 1135 2069 1189 2122; x_wconf 90' lang='lat' dir='ltr'><strong>in</strong></span> <span class='ocrx_word' id='word_1_136' title='bbox 1211 2075 1397 2121; x_wconf 84' lang='lat' dir='ltr'><strong>sancta</strong></span> <span class='ocrx_word' id='word_1_137' title='bbox 1430 2064 1796 2121; x_wconf 78' lang='lat' dir='ltr'><strong>Alexandrina</strong></span> <span class='ocrx_word' id='word_1_138' title='bbox 1826 2062 2041 2135; x_wconf 83' lang='lat' dir='ltr'><strong>synodo</strong></span> 
     </span>
    </p>
   </div>
   <div class='ocr_carea' id='block_1_22' title="bbox 502 2159 1160 2236">
    <p class='ocr_par' dir='ltr' id='par_1_22' title="bbox 502 2159 1160 2236">
     <span class='ocr_line' id='line_1_23' title="bbox 502 2159 1160 2236; baseline -0.012 -17"><span class='ocrx_word' id='word_1_139' title='bbox 502 2165 678 2236; x_wconf 75' lang='lat' dir='ltr'><strong>gratia</strong></span> <span class='ocrx_word' id='word_1_140' title='bbox 702 2162 795 2217; x_wconf 85' lang='lat' dir='ltr'><strong>Dei</strong></span> <span class='ocrx_word' id='word_1_141' title='bbox 823 2159 1160 2229; x_wconf 75' lang='lat' dir='ltr'><strong>congregati.</strong></span> 
     </span>
    </p>
   </div>
   <div class='ocr_carea' id='block_1_23' title="bbox 503 2246 2037 2322">
    <p class='ocr_par' dir='ltr' id='par_1_23' title="bbox 503 2246 2037 2322">
     <span class='ocr_line' id='line_1_24' title="bbox 503 2246 2037 2322; baseline -0.01 -8"><span class='ocrx_word' id='word_1_142' title='bbox 503 2258 705 2314; x_wconf 75' lang='lat' dir='ltr'><strong>Vestro</strong></span> <span class='ocrx_word' id='word_1_143' title='bbox 734 2263 928 2308; x_wconf 91' lang='lat' dir='ltr'><strong>sancto</strong></span> <span class='ocrx_word' id='word_1_144' title='bbox 960 2265 1300 2322; x_wconf 80' lang='lat' dir='ltr'><strong>suggertmus</strong></span> <span class='ocrx_word' id='word_1_145' title='bbox 1338 2246 1583 2321; x_wconf 84' lang='lat' dir='ltr'><strong>(Maurus</strong></span> <span class='ocrx_word' id='word_1_146' title='bbox 1628 2246 1852 2302; x_wconf 75' lang='lat' dir='ltr'><strong>Cwsena:</strong></span> <span class='ocrx_word' id='word_1_147' title='bbox 1880 2247 2037 2316; x_wconf 79' lang='lat' dir='ltr'><strong>episc.</strong></span> 
     </span>
    </p>
   </div>
   <div class='ocr_carea' id='block_1_24' title="bbox 430 2334 2039 2411">
    <p class='ocr_par' dir='ltr' id='par_1_24' title="bbox 430 2334 2039 2411">
     <span class='ocr_line' id='line_1_25' title="bbox 430 2334 2039 2411; baseline -0.007 -7"><span class='ocrx_word' id='word_1_148' title='bbox 430 2350 499 2404; x_wconf 85' lang='lat' dir='ltr'><strong>ad</strong></span> <span class='ocrx_word' id='word_1_149' title='bbox 530 2349 591 2404; x_wconf 88' lang='lat' dir='ltr'><strong>S.</strong></span> <span class='ocrx_word' id='word_1_150' title='bbox 626 2347 951 2411; x_wconf 76' lang='lat' dir='ltr'><strong>Martinam;</strong></span> <span class='ocrx_word' id='word_1_151' title='bbox 982 2359 1206 2397; x_wconf 69' lang='lat' dir='ltr'><strong>censeas.</strong></span> <span class='ocrx_word' id='word_1_152' title='bbox 1236 2342 1262 2395; x_wconf 87' lang='grc'><strong>1</strong></span> <span class='ocrx_word' id='word_1_153' title='bbox 1290 2341 1481 2395; x_wconf 75' lang='lat' dir='ltr'><strong>concil.</strong></span> <span class='ocrx_word' id='word_1_154' title='bbox 1516 2339 1719 2406; x_wconf 55' lang='lat' dir='ltr'><strong>Latet,</strong></span> <span class='ocrx_word' id='word_1_155' title='bbox 1748 2356 1885 2393; x_wconf 90' lang='lat' dir='ltr'><strong>anno</strong></span> <span class='ocrx_word' id='word_1_156' title='bbox 1911 2334 2039 2409; x_wconf 76' lang='grc'><strong>649)</strong></span> 
     </span>
    </p>
   </div>
   <div class='ocr_carea' id='block_1_25' title="bbox 435 2430 2036 2512">
    <p class='ocr_par' dir='ltr' id='par_1_25' title="bbox 435 2430 2036 2512">
     <span class='ocr_line' id='line_1_26' title="bbox 435 2430 2036 2512; baseline -0.007 -16"><span class='ocrx_word' id='word_1_157' title='bbox 435 2440 788 2512; x_wconf 87' lang='lat' dir='ltr'><strong>apostolatui,</strong></span> <span class='ocrx_word' id='word_1_158' title='bbox 834 2446 895 2491; x_wconf 88' lang='lat' dir='ltr'><strong>ut</strong></span> <span class='ocrx_word' id='word_1_159' title='bbox 943 2435 1142 2501; x_wconf 88' lang='lat' dir='ltr'><strong>nostri,</strong></span> <span class='ocrx_word' id='word_1_160' title='bbox 1187 2448 1339 2488; x_wconf 90' lang='lat' dir='ltr'><strong>more</strong></span> <span class='ocrx_word' id='word_1_161' title='bbox 1385 2432 1568 2497; x_wconf 91' lang='lat' dir='ltr'><strong>solito,</strong></span> <span class='ocrx_word' id='word_1_162' title='bbox 1612 2430 2036 2489; x_wconf 82' lang='lat' dir='ltr'><strong>sollicitudinem</strong></span> 
     </span>
    </p>
   </div>
   <div class='ocr_carea' id='block_1_26' title="bbox 430 2524 2036 2606">
    <p class='ocr_par' dir='ltr' id='par_1_26' title="bbox 430 2524 2036 2606">
     <span class='ocr_line' id='line_1_27' title="bbox 430 2524 2036 2606; baseline -0.008 -16"><span class='ocrx_word' id='word_1_163' title='bbox 430 2548 627 2606; x_wconf 74' lang='lat' dir='ltr'><strong>gerere</strong></span> <span class='ocrx_word' id='word_1_164' title='bbox 679 2528 999 2602; x_wconf 82' lang='lat' dir='ltr'><strong>dignemini,</strong></span> <span class='ocrx_word' id='word_1_165' title='bbox 1047 2530 1199 2597; x_wconf 87' lang='lat' dir='ltr'><strong>juxta</strong></span> <span class='ocrx_word' id='word_1_166' title='bbox 1258 2535 1497 2580; x_wconf 82' lang='lat' dir='ltr'><strong>vestram</strong></span> <span class='ocrx_word' id='word_1_167' title='bbox 1553 2524 2036 2595; x_wconf 86' lang='lat' dir='ltr'><strong>prudentissimam</strong></span> 
     </span>
    </p>
   </div>
   <div class='ocr_carea' id='block_1_27' title="bbox 430 2614 2034 2695">
    <p class='ocr_par' dir='ltr' id='par_1_27' title="bbox 430 2614 2034 2695">
     <span class='ocr_line' id='line_1_28' title="bbox 430 2614 2034 2695; baseline -0.007 -16"><span class='ocrx_word' id='word_1_168' title='bbox 430 2623 783 2695; x_wconf 84' lang='lat' dir='ltr'><strong>sapientiam,</strong></span> <span class='ocrx_word' id='word_1_169' title='bbox 813 2635 931 2691; x_wconf 66' lang='lat' dir='ltr'><strong>qua:</strong></span> <span class='ocrx_word' id='word_1_170' title='bbox 956 2618 1207 2672; x_wconf 89' lang='lat' dir='ltr'><strong>omnibus</strong></span> <span class='ocrx_word' id='word_1_171' title='bbox 1228 2616 1349 2671; x_wconf 90' lang='lat' dir='ltr'><strong>luce</strong></span> <span class='ocrx_word' id='word_1_172' title='bbox 1374 2616 1579 2671; x_wconf 88' lang='lat' dir='ltr'><strong>clarius</strong></span> <span class='ocrx_word' id='word_1_173' title='bbox 1607 2614 1889 2669; x_wconf 82' lang='lat' dir='ltr'><strong>manifesta</strong></span> <span class='ocrx_word' id='word_1_174' title='bbox 1918 2622 2034 2669; x_wconf 90' lang='lat' dir='ltr'><strong>est:</strong></span> 
     </span>
    </p>
   </div>
   <div class='ocr_carea' id='block_1_28' title="bbox 431 2711 2037 2792">
    <p class='ocr_par' dir='ltr' id='par_1_28' title="bbox 431 2711 2037 2792">
     <span class='ocr_line' id='line_1_29' title="bbox 431 2711 2037 2792; baseline -0.007 -18"><span class='ocrx_word' id='word_1_175' title='bbox 431 2723 561 2792; x_wconf 85' lang='lat' dir='ltr'><strong>quia</strong></span> <span class='ocrx_word' id='word_1_176' title='bbox 587 2717 902 2789; x_wconf 85' lang='lat' dir='ltr'><strong>apostolicis</strong></span> <span class='ocrx_word' id='word_1_177' title='bbox 930 2723 1109 2768; x_wconf 85' lang='lat' dir='ltr'><strong>vestra</strong></span> <span class='ocrx_word' id='word_1_178' title='bbox 1134 2712 1414 2767; x_wconf 83' lang='lat' dir='ltr'><strong>beatitudo</strong></span> <span class='ocrx_word' id='word_1_179' title='bbox 1433 2711 1740 2766; x_wconf 82' lang='lat' dir='ltr'><strong>visceribus</strong></span> <span class='ocrx_word' id='word_1_180' title='bbox 1765 2716 2037 2765; x_wconf 69' lang='lat' dir='ltr'><strong>commota</strong></span> 
     </span>
    </p>
   </div>
   <div class='ocr_carea' id='block_1_29' title="bbox 434 2800 2038 2884">
    <p class='ocr_par' dir='ltr' id='par_1_29' title="bbox 434 2800 2038 2884">
     <span class='ocr_line' id='line_1_30' title="bbox 434 2800 2038 2884; baseline -0.006 -20"><span class='ocrx_word' id='word_1_181' title='bbox 434 2809 746 2884; x_wconf 78' lang='lat' dir='ltr'><strong>(Deusdedit</strong></span> <span class='ocrx_word' id='word_1_182' title='bbox 782 2806 1120 2861; x_wconf 77' lang='lat' dir='ltr'><strong>Cataritanus</strong></span> <span class='ocrx_word' id='word_1_183' title='bbox 1168 2821 1254 2873; x_wconf 85' lang='lat' dir='ltr'><strong>ep.</strong></span> <span class='ocrx_word' id='word_1_184' title='bbox 1288 2803 1356 2856; x_wconf 83' lang='lat' dir='ltr'><strong>ad</strong></span> <span class='ocrx_word' id='word_1_185' title='bbox 1402 2802 1462 2858; x_wconf 91' lang='lat' dir='ltr'><strong>S.</strong></span> <span class='ocrx_word' id='word_1_186' title='bbox 1518 2800 1827 2873; x_wconf 78' lang='lat' dir='ltr'><strong>Martinam)</strong></span> <span class='ocrx_word' id='word_1_187' title='bbox 1876 2810 2038 2868; x_wconf 80' lang='lat' dir='ltr'><strong>super</strong></span> 
     </span>
    </p>
   </div>
   <div class='ocr_carea' id='block_1_30' title="bbox 429 2893 2038 2964">
    <p class='ocr_par' dir='ltr' id='par_1_30' title="bbox 429 2893 2038 2964">
     <span class='ocr_line' id='line_1_31' title="bbox 429 2893 2038 2964; baseline -0.006 -7"><span class='ocrx_word' id='word_1_188' title='bbox 429 2901 783 2957; x_wconf 86' lang='lat' dir='ltr'><strong>tribulatione</strong></span> <span class='ocrx_word' id='word_1_189' title='bbox 829 2909 1036 2964; x_wconf 90' lang='lat' dir='ltr'><strong>nostra,</strong></span> <span class='ocrx_word' id='word_1_190' title='bbox 1081 2910 1180 2949; x_wconf 92' lang='lat' dir='ltr'><strong>nos</strong></span> <span class='ocrx_word' id='word_1_191' title='bbox 1212 2910 1403 2949; x_wconf 90' lang='lat' dir='ltr'><strong>omnes</strong></span> <span class='ocrx_word' id='word_1_192' title='bbox 1435 2894 1656 2949; x_wconf 83' lang='lat' dir='ltr'><strong>hortata</strong></span> <span class='ocrx_word' id='word_1_193' title='bbox 1703 2904 1808 2960; x_wconf 90' lang='lat' dir='ltr'><strong>est,</strong></span> <span class='ocrx_word' id='word_1_194' title='bbox 1838 2893 1904 2949; x_wconf 92' lang='lat' dir='ltr'><strong>ad</strong></span> <span class='ocrx_word' id='word_1_195' title='bbox 1937 2894 2038 2948; x_wconf 84' lang='lat' dir='ltr'><strong>tui-</strong></span> 
     </span>
    </p>
   </div>
   <div class='ocr_carea' id='block_1_31' title="bbox 429 2986 2032 3058">
    <p class='ocr_par' dir='ltr' id='par_1_31' title="bbox 429 2986 2032 3058">
     <span class='ocr_line' id='line_1_32' title="bbox 429 2986 2032 3058; baseline -0.006 -9"><span class='ocrx_word' id='word_1_196' title='bbox 429 2994 639 3049; x_wconf 88' lang='lat' dir='ltr'><strong>tionem</strong></span> <span class='ocrx_word' id='word_1_197' title='bbox 671 2992 956 3047; x_wconf 83' lang='lat' dir='ltr'><strong>catholicae</strong></span> <span class='ocrx_word' id='word_1_198' title='bbox 1002 2998 1055 3044; x_wconf 90' lang='lat' dir='ltr'><strong>et</strong></span> <span class='ocrx_word' id='word_1_199' title='bbox 1082 2986 1398 3058; x_wconf 71' lang='lat' dir='ltr'><strong>apostolica:</strong></span> <span class='ocrx_word' id='word_1_200' title='bbox 1444 2986 1710 3041; x_wconf 76' lang='lat' dir='ltr'><strong>Ecclesiae</strong></span> <span class='ocrx_word' id='word_1_201' title='bbox 1760 2987 1814 3040; x_wconf 91' lang='lat' dir='ltr'><strong>in</strong></span> <span class='ocrx_word' id='word_1_202' title='bbox 1862 2999 2032 3040; x_wconf 91' lang='lat' dir='ltr'><strong>unum</strong></span> 
     </span>
    </p>
   </div>
   <div class='ocr_carea' id='block_1_32' title="bbox 432 3076 2037 3151">
    <p class='ocr_par' dir='ltr' id='par_1_32' title="bbox 432 3076 2037 3151">
     <span class='ocr_line' id='line_1_33' title="bbox 432 3076 2037 3151; baseline -0.007 -8"><span class='ocrx_word' id='word_1_203' title='bbox 432 3087 759 3151; x_wconf 89' lang='lat' dir='ltr'><strong>convenire,</strong></span> <span class='ocrx_word' id='word_1_204' title='bbox 808 3092 865 3139; x_wconf 82' lang='lat' dir='ltr'><strong>et</strong></span> <span class='ocrx_word' id='word_1_205' title='bbox 907 3083 976 3137; x_wconf 83' lang='lat' dir='ltr'><strong>de</strong></span> <span class='ocrx_word' id='word_1_206' title='bbox 1028 3090 1215 3135; x_wconf 79' lang='lat' dir='ltr'><strong>nostra</strong></span> <span class='ocrx_word' id='word_1_207' title='bbox 1258 3080 1617 3148; x_wconf 82' lang='lat' dir='ltr'><strong>Oppressione</strong></span> <span class='ocrx_word' id='word_1_208' title='bbox 1666 3076 1931 3132; x_wconf 90' lang='lat' dir='ltr'><strong>canonice</strong></span> <span class='ocrx_word' id='word_1_209' title='bbox 1981 3085 2037 3132; x_wconf 89' lang='lat' dir='ltr'><strong>et</strong></span> 
     </span>
    </p>
   </div>
   <div class='ocr_carea' id='block_1_33' title="bbox 432 3167 2037 3241">
    <p class='ocr_par' dir='ltr' id='par_1_33' title="bbox 432 3167 2037 3241">
     <span class='ocr_line' id='line_1_34' title="bbox 432 3167 2037 3241; baseline -0.007 -6"><span class='ocrx_word' id='word_1_210' title='bbox 432 3179 767 3235; x_wconf 82' lang='lat' dir='ltr'><strong>unanimiter</strong></span> <span class='ocrx_word' id='word_1_211' title='bbox 793 3185 1053 3241; x_wconf 85' lang='lat' dir='ltr'><strong>tractare,</strong></span> <span class='ocrx_word' id='word_1_212' title='bbox 1081 3172 1209 3228; x_wconf 92' lang='lat' dir='ltr'><strong>dum</strong></span> <span class='ocrx_word' id='word_1_213' title='bbox 1237 3178 1453 3227; x_wconf 88' lang='lat' dir='ltr'><strong>constat</strong></span> <span class='ocrx_word' id='word_1_214' title='bbox 1479 3185 1573 3225; x_wconf 76' lang='lat' dir='ltr'><strong>vos</strong></span> <span class='ocrx_word' id='word_1_215' title='bbox 1595 3186 1699 3225; x_wconf 89' lang='lat' dir='ltr'><strong>una</strong></span> <span class='ocrx_word' id='word_1_216' title='bbox 1729 3185 1853 3225; x_wconf 92' lang='lat' dir='ltr'><strong>cum</strong></span> <span class='ocrx_word' id='word_1_217' title='bbox 1875 3167 2037 3223; x_wconf 88' lang='lat' dir='ltr'><strong>beato</strong></span> 
     </span>
    </p>
   </div>
   <div class='ocr_carea' id='block_1_34' title="bbox 429 3260 2035 3340">
    <p class='ocr_par' dir='ltr' id='par_1_34' title="bbox 429 3260 2035 3340">
     <span class='ocr_line' id='line_1_35' title="bbox 429 3260 2035 3340; baseline -0.01 -13"><span class='ocrx_word' id='word_1_218' title='bbox 429 3272 598 3328; x_wconf 88' lang='lat' dir='ltr'><strong>Paulo</strong></span> <span class='ocrx_word' id='word_1_219' title='bbox 637 3268 888 3340; x_wconf 88' lang='lat' dir='ltr'><strong>apostolo</strong></span> <span class='ocrx_word' id='word_1_220' title='bbox 917 3266 1111 3322; x_wconf 89' lang='lat' dir='ltr'><strong>eadem</strong></span> <span class='ocrx_word' id='word_1_221' title='bbox 1155 3262 1619 3332; x_wconf 86' lang='lat' dir='ltr'><strong>compassibiliter</strong></span> <span class='ocrx_word' id='word_1_222' title='bbox 1654 3261 1873 3316; x_wconf 86' lang='lat' dir='ltr'><strong>dicere:</strong></span> <span class='ocrx_word' id='word_1_223' title='bbox 1907 3260 2035 3324; x_wconf 85' lang='lat' dir='ltr'><strong>Quis</strong></span> 
     </span>
    </p>
   </div>
   <div class='ocr_carea' id='block_1_35' title="bbox 428 3352 2031 3433">
    <p class='ocr_par' dir='ltr' id='par_1_35' title="bbox 428 3352 2031 3433">
     <span class='ocr_line' id='line_1_36' title="bbox 428 3352 2031 3433; baseline -0.011 -14"><span class='ocrx_word' id='word_1_224' title='bbox 428 3362 744 3433; x_wconf 79' lang='lat' dir='ltr'><strong>inﬁrmatur,</strong></span> <span class='ocrx_word' id='word_1_225' title='bbox 772 3369 821 3415; x_wconf 83' lang='lat' dir='ltr'><strong>et</strong></span> <span class='ocrx_word' id='word_1_226' title='bbox 866 3374 957 3429; x_wconf 81' lang='lat' dir='ltr'><strong>ego</strong></span> <span class='ocrx_word' id='word_1_227' title='bbox 978 3372 1087 3410; x_wconf 69' lang='lat' dir='ltr'><strong>non</strong></span> <span class='ocrx_word' id='word_1_228' title='bbox 1136 3354 1414 3425; x_wconf 77' lang='lat' dir='ltr'><strong>inﬁrmor?</strong></span> <span class='ocrx_word' id='word_1_229' title='bbox 1452 3354 1587 3421; x_wconf 66' lang='lat' dir='ltr'><strong>Qui;</strong></span> <span class='ocrx_word' id='word_1_230' title='bbox 1624 3352 2031 3415; x_wconf 70' lang='lat' dir='ltr'><strong>scandalizatur,</strong></span> 
     </span>
    </p>
   </div>
   <div class='ocr_carea' id='block_1_36' title="bbox 430 3440 2039 3525">
    <p class='ocr_par' dir='ltr' id='par_1_36' title="bbox 430 3440 2039 3525">
     <span class='ocr_line' id='line_1_37' title="bbox 430 3440 2039 3525; baseline -0.009 -16"><span class='ocrx_word' id='word_1_231' title='bbox 430 3465 476 3510; x_wconf 83' lang='lat' dir='ltr'><strong>et</strong></span> <span class='ocrx_word' id='word_1_232' title='bbox 504 3470 606 3508; x_wconf 87' lang='lat' dir='ltr'><strong>non</strong></span> <span class='ocrx_word' id='word_1_233' title='bbox 636 3468 731 3525; x_wconf 85' lang='lat' dir='ltr'><strong>ego</strong></span> <span class='ocrx_word' id='word_1_234' title='bbox 773 3466 901 3504; x_wconf 87' lang='lat' dir='ltr'><strong>uror</strong></span> <span class='ocrx_word' id='word_1_235' title='bbox 931 3448 999 3520; x_wconf 69' lang='grc' dir='ltr'><strong>(1τί</strong></span> <span class='ocrx_word' id='word_1_236' title='bbox 1031 3446 1153 3501; x_wconf 85' lang='lat' dir='ltr'><strong>Cor.</strong></span> <span class='ocrx_word' id='word_1_237' title='bbox 1180 3462 1236 3499; x_wconf 64' lang='grc' dir='ltr'>ιι</span> <span class='ocrx_word' id='word_1_238' title='bbox 1256 3488 1269 3511; x_wconf 91' lang='grc'>,</span> <span class='ocrx_word' id='word_1_239' title='bbox 1299 3443 1431 3515; x_wconf 53' lang='grc' dir='ltr'><strong>ἢθγῖ</strong></span> <span class='ocrx_word' id='word_1_240' title='bbox 1476 3453 1782 3514; x_wconf 85' lang='lat' dir='ltr'><strong>satagentes</strong></span> <span class='ocrx_word' id='word_1_241' title='bbox 1822 3456 1891 3496; x_wconf 91' lang='lat' dir='ltr'><strong>ne</strong></span> <span class='ocrx_word' id='word_1_242' title='bbox 1936 3440 2039 3494; x_wconf 84' lang='lat' dir='ltr'><strong>ali-</strong></span> 
     </span>
    </p>
   </div>
   <div class='ocr_carea' id='block_1_37' title="bbox 433 3532 2033 3619">
    <p class='ocr_par' dir='ltr' id='par_1_37' title="bbox 433 3532 2033 3619">
     <span class='ocr_line' id='line_1_38' title="bbox 433 3532 2033 3619; baseline -0.011 -16"><span class='ocrx_word' id='word_1_243' title='bbox 433 3564 540 3619; x_wconf 87' lang='lat' dir='ltr'><strong>qua</strong></span> <span class='ocrx_word' id='word_1_244' title='bbox 581 3546 651 3600; x_wconf 91' lang='lat' dir='ltr'><strong>de</strong></span> <span class='ocrx_word' id='word_1_245' title='bbox 680 3543 786 3609; x_wconf 90' lang='lat' dir='ltr'><strong>his,</strong></span> <span class='ocrx_word' id='word_1_246' title='bbox 831 3557 951 3612; x_wconf 77' lang='lat' dir='ltr'><strong>qua:</strong></span> <span class='ocrx_word' id='word_1_247' title='bbox 982 3540 1139 3594; x_wconf 87' lang='lat' dir='ltr'><strong>vobis</strong></span> <span class='ocrx_word' id='word_1_248' title='bbox 1181 3536 1404 3593; x_wconf 70' lang='lat' dir='ltr'><strong>credita:</strong></span> <span class='ocrx_word' id='word_1_249' title='bbox 1432 3545 1580 3601; x_wconf 85' lang='lat' dir='ltr'><strong>sunt,</strong></span> <span class='ocrx_word' id='word_1_250' title='bbox 1616 3532 2033 3589; x_wconf 88' lang='lat' dir='ltr'><strong>rationabilibus</strong></span> 
     </span>
    </p>
   </div>
   <div class='ocr_carea' id='block_1_38' title="bbox 431 3625 2034 3703">
    <p class='ocr_par' dir='ltr' id='par_1_38' title="bbox 431 3625 2034 3703">
     <span class='ocr_line' id='line_1_39' title="bbox 431 3625 2034 3703; baseline -0.012 -6"><span class='ocrx_word' id='word_1_251' title='bbox 431 3641 625 3699; x_wconf 91' lang='lat' dir='ltr'><strong>ovibus</strong></span> <span class='ocrx_word' id='word_1_252' title='bbox 648 3652 680 3691; x_wconf 88' lang='lat' dir='ltr'><strong>a</strong></span> <span class='ocrx_word' id='word_1_253' title='bbox 702 3634 891 3691; x_wconf 87' lang='lat' dir='ltr'><strong>bestiis</strong></span> <span class='ocrx_word' id='word_1_254' title='bbox 906 3630 1178 3703; x_wconf 79' lang='lat' dir='ltr'><strong>capiatur.</strong></span> <span class='ocrx_word' id='word_1_255' title='bbox 1200 3630 1352 3694; x_wconf 79' lang='lat' dir='ltr'><strong>Ideo,</strong></span> <span class='ocrx_word' id='word_1_256' title='bbox 1372 3639 1526 3699; x_wconf 89' lang='lat' dir='ltr'><strong>pater</strong></span> <span class='ocrx_word' id='word_1_257' title='bbox 1546 3626 1879 3693; x_wconf 80' lang='lat' dir='ltr'><strong>beatissime,</strong></span> <span class='ocrx_word' id='word_1_258' title='bbox 1907 3625 2034 3696; x_wconf 88' lang='lat' dir='ltr'><strong>quia</strong></span> 
     </span>
    </p>
   </div>
   <div class='ocr_carea' id='block_1_39' title="bbox 430 3723 2035 3818">
    <p class='ocr_par' dir='ltr' id='par_1_39' title="bbox 430 3723 2035 3818">
     <span class='ocr_line' id='line_1_40' title="bbox 430 3723 2035 3818; baseline -0.015 -25"><span class='ocrx_word' id='word_1_259' title='bbox 430 3748 648 3806; x_wconf 87' lang='lat' dir='ltr'><strong>semper</strong></span> <span class='ocrx_word' id='word_1_260' title='bbox 676 3739 1058 3784; x_wconf 83' lang='lat' dir='ltr'><strong>antecessores</strong></span> <span class='ocrx_word' id='word_1_261' title='bbox 1089 3723 1289 3789; x_wconf 89' lang='lat' dir='ltr'><strong>nostri,</strong></span> <span class='ocrx_word' id='word_1_262' title='bbox 1323 3731 1377 3777; x_wconf 90' lang='lat' dir='ltr'><strong>et</strong></span> <span class='ocrx_word' id='word_1_263' title='bbox 1398 3736 1498 3775; x_wconf 89' lang='lat' dir='ltr'><strong>nos</strong></span> <span class='ocrx_word' id='word_1_264' title='bbox 1535 3735 1562 3773; x_wconf 90' lang='lat' dir='ltr'><strong>a</strong></span> <span class='ocrx_word' id='word_1_265' title='bbox 1602 3727 1778 3773; x_wconf 83' lang='lat' dir='ltr'><strong>vestra</strong></span> <span class='ocrx_word' id='word_1_266' title='bbox 1811 3727 2035 3818; x_wconf 77' lang='lat' dir='ltr'><strong>aposto-</strong></span> 
     </span>
    </p>
   </div>
   <div class='ocr_carea' id='block_1_40' title="bbox 428 3813 2033 3882">
    <p class='ocr_par' dir='ltr' id='par_1_40' title="bbox 428 3813 2033 3882">
     <span class='ocr_line' id='line_1_41' title="bbox 428 3813 2033 3882; baseline -0.012 0"><span class='ocrx_word' id='word_1_267' title='bbox 428 3828 534 3882; x_wconf 87' lang='lat' dir='ltr'><strong>lica</strong></span> <span class='ocrx_word' id='word_1_268' title='bbox 584 3828 771 3879; x_wconf 90' lang='lat' dir='ltr'><strong>sancta</strong></span> <span class='ocrx_word' id='word_1_269' title='bbox 804 3819 935 3874; x_wconf 85' lang='lat' dir='ltr'><strong>sede</strong></span> <span class='ocrx_word' id='word_1_270' title='bbox 964 3816 1228 3871; x_wconf 82' lang='lat' dir='ltr'><strong>auxilium</strong></span> <span class='ocrx_word' id='word_1_271' title='bbox 1260 3813 1566 3876; x_wconf 86' lang='lat' dir='ltr'><strong>hausimus,</strong></span> <span class='ocrx_word' id='word_1_272' title='bbox 1613 3820 1669 3863; x_wconf 92' lang='lat' dir='ltr'><strong>et</strong></span> <span class='ocrx_word' id='word_1_273' title='bbox 1715 3813 1886 3862; x_wconf 84' lang='lat' dir='ltr'><strong>nostri</strong></span> <span class='ocrx_word' id='word_1_274' title='bbox 1938 3821 2033 3862; x_wconf 86' lang='lat' dir='ltr'><strong>vos</strong></span> 
     </span>
    </p>
   </div>
   <div class='ocr_carea' id='block_1_41' title="bbox 431 3900 2034 3977">
    <p class='ocr_par' dir='ltr' id='par_1_41' title="bbox 431 3900 2034 3977">
     <span class='ocr_line' id='line_1_42' title="bbox 431 3900 2034 3977; baseline -0.01 -6"><span class='ocrx_word' id='word_1_275' title='bbox 431 3929 618 3972; x_wconf 89' lang='lat' dir='ltr'><strong>curam</strong></span> <span class='ocrx_word' id='word_1_276' title='bbox 646 3911 847 3965; x_wconf 86' lang='lat' dir='ltr'><strong>habere</strong></span> <span class='ocrx_word' id='word_1_277' title='bbox 872 3907 1215 3977; x_wconf 81' lang='lat' dir='ltr'><strong>agnovimus,</strong></span> <span class='ocrx_word' id='word_1_278' title='bbox 1253 3900 1534 3972; x_wconf 77' lang='lat' dir='ltr'><strong>praefatam</strong></span> <span class='ocrx_word' id='word_1_279' title='bbox 1580 3900 1932 3970; x_wconf 70' lang='lat' dir='ltr'><strong>apostolicam</strong></span> <span class='ocrx_word' id='word_1_280' title='bbox 1979 3909 2034 3955; x_wconf 84' lang='lat' dir='ltr'><strong>et</strong></span> 
     </span>
    </p>
   </div>
   <div class='ocr_carea' id='block_1_42' title="bbox 435 3990 2029 4065">
    <p class='ocr_par' dir='ltr' id='par_1_42' title="bbox 435 3990 2029 4065">
     <span class='ocr_line' id='line_1_43' title="bbox 435 3990 2029 4065; baseline -0.009 -4"><span class='ocrx_word' id='word_1_281' title='bbox 435 4018 706 4061; x_wconf 81' lang='lat' dir='ltr'><strong>summam</strong></span> <span class='ocrx_word' id='word_1_282' title='bbox 730 3998 1043 4065; x_wconf 84' lang='lat' dir='ltr'><strong>expetimus</strong></span> <span class='ocrx_word' id='word_1_283' title='bbox 1070 3996 1233 4065; x_wconf 85' lang='lat' dir='ltr'><strong>juxta</strong></span> <span class='ocrx_word' id='word_1_284' title='bbox 1272 4006 1539 4047; x_wconf 90' lang='lat' dir='ltr'><strong>canonum</strong></span> <span class='ocrx_word' id='word_1_285' title='bbox 1572 3990 1788 4047; x_wconf 84' lang='lat' dir='ltr'><strong>decreta</strong></span> <span class='ocrx_word' id='word_1_286' title='bbox 1820 3992 2029 4059; x_wconf 90' lang='lat' dir='ltr'><strong>sedem,</strong></span> 
     </span>
    </p>
   </div>
   <div class='ocr_carea' id='block_1_43' title="bbox 437 4085 2033 4157">
    <p class='ocr_par' dir='ltr' id='par_1_43' title="bbox 437 4085 2033 4157">
     <span class='ocr_line' id='line_1_44' title="bbox 437 4085 2033 4157; baseline -0.009 -3"><span class='ocrx_word' id='word_1_287' title='bbox 437 4108 499 4154; x_wconf 88' lang='lat' dir='ltr'><strong>ut</strong></span> <span class='ocrx_word' id='word_1_288' title='bbox 547 4095 677 4151; x_wconf 91' lang='lat' dir='ltr'><strong>inde</strong></span> <span class='ocrx_word' id='word_1_289' title='bbox 726 4088 985 4147; x_wconf 75' lang='lat' dir='ltr'><strong>auxiiium</strong></span> <span class='ocrx_word' id='word_1_290' title='bbox 1045 4087 1346 4157; x_wconf 85' lang='lat' dir='ltr'><strong>capiamus,</strong></span> <span class='ocrx_word' id='word_1_291' title='bbox 1404 4085 1544 4139; x_wconf 91' lang='lat' dir='ltr'><strong>unde</strong></span> <span class='ocrx_word' id='word_1_292' title='bbox 1599 4085 2033 4154; x_wconf 68' lang='lat' dir='ltr'><strong>prtedeccssores</strong></span> 
     </span>
    </p>
   </div>
   <div class='ocr_carea' id='block_1_44' title="bbox 434 4177 2033 4248">
    <p class='ocr_par' dir='ltr' id='par_1_44' title="bbox 434 4177 2033 4248">
     <span class='ocr_line' id='line_1_45' title="bbox 434 4177 2033 4248; baseline -0.008 -3"><span class='ocrx_word' id='word_1_293' title='bbox 434 4189 605 4246; x_wconf 87' lang='lat' dir='ltr'><strong>nostri</strong></span> <span class='ocrx_word' id='word_1_294' title='bbox 645 4183 1018 4240; x_wconf 84' lang='lat' dir='ltr'><strong>ordinationes</strong></span> <span class='ocrx_word' id='word_1_295' title='bbox 1046 4188 1105 4234; x_wconf 90' lang='lat' dir='ltr'><strong>et</strong></span> <span class='ocrx_word' id='word_1_296' title='bbox 1148 4179 1405 4248; x_wconf 77' lang='lat' dir='ltr'><strong>dogmata</strong></span> <span class='ocrx_word' id='word_1_297' title='bbox 1436 4184 1599 4245; x_wconf 81' lang='lat' dir='ltr'><strong>atque</strong></span> <span class='ocrx_word' id='word_1_298' title='bbox 1625 4177 2033 4233; x_wconf 86' lang='lat' dir='ltr'><strong>sublevationes</strong></span> 
     </span>
    </p>
   </div>
   <div class='ocr_carea' id='block_1_45' title="bbox 435 4269 2031 4353">
    <p class='ocr_par' dir='ltr' id='par_1_45' title="bbox 435 4269 2031 4353">
     <span class='ocr_line' id='line_1_46' title="bbox 435 4269 2031 4353; baseline -0.011 -14"><span class='ocrx_word' id='word_1_299' title='bbox 435 4290 717 4353; x_wconf 86' lang='lat' dir='ltr'><strong>ceperunt.</strong></span> <span class='ocrx_word' id='word_1_300' title='bbox 748 4276 829 4331; x_wconf 85' lang='lat' dir='ltr'><strong>Ad</strong></span> <span class='ocrx_word' id='word_1_301' title='bbox 850 4290 975 4330; x_wconf 90' lang='lat' dir='ltr'><strong>cam</strong></span> <span class='ocrx_word' id='word_1_302' title='bbox 1002 4287 1215 4343; x_wconf 84' lang='lat' dir='ltr'><strong>quoque</strong></span> <span class='ocrx_word' id='word_1_303' title='bbox 1244 4269 1403 4341; x_wconf 88' lang='lat' dir='ltr'><strong>quasi</strong></span> <span class='ocrx_word' id='word_1_304' title='bbox 1435 4269 1503 4323; x_wconf 85' lang='lat' dir='ltr'><strong>ad</strong></span> <span class='ocrx_word' id='word_1_305' title='bbox 1534 4278 1763 4323; x_wconf 89' lang='lat' dir='ltr'><strong>matrem</strong></span> <span class='ocrx_word' id='word_1_306' title='bbox 1795 4272 2031 4324; x_wconf 87' lang='lat' dir='ltr'><strong>recurri-</strong></span> 
     </span>
    </p>
   </div>
   <div class='ocr_carea' id='block_1_46' title="bbox 435 4362 2030 4441">
    <p class='ocr_par' dir='ltr' id='par_1_46' title="bbox 435 4362 2030 4441">
     <span class='ocr_line' id='line_1_47' title="bbox 435 4362 2030 4441; baseline -0.01 -8"><span class='ocrx_word' id='word_1_307' title='bbox 435 4390 577 4438; x_wconf 90' lang='lat' dir='ltr'><strong>mus,</strong></span> <span class='ocrx_word' id='word_1_308' title='bbox 602 4371 805 4441; x_wconf 91' lang='lat' dir='ltr'><strong>utejus</strong></span> <span class='ocrx_word' id='word_1_309' title='bbox 824 4367 1092 4423; x_wconf 83' lang='lat' dir='ltr'><strong>uberibus</strong></span> <span class='ocrx_word' id='word_1_310' title='bbox 1126 4364 1449 4427; x_wconf 80' lang='lat' dir='ltr'><strong>nutriantur,</strong></span> <span class='ocrx_word' id='word_1_311' title='bbox 1499 4362 1756 4431; x_wconf 87' lang='lat' dir='ltr'><strong>quoniam</strong></span> <span class='ocrx_word' id='word_1_312' title='bbox 1786 4376 1892 4416; x_wconf 90' lang='lat' dir='ltr'><strong>non</strong></span> <span class='ocrx_word' id='word_1_313' title='bbox 1930 4377 2030 4432; x_wconf 92' lang='lat' dir='ltr'><strong>po-</strong></span> 
     </span>
    </p>
   </div>
   <div class='ocr_carea' id='block_1_47' title="bbox 436 4453 2031 4523">
    <p class='ocr_par' dir='ltr' id='par_1_47' title="bbox 436 4453 2031 4523">
     <span class='ocr_line' id='line_1_48' title="bbox 436 4453 2031 4523; baseline -0.008 -2"><span class='ocrx_word' id='word_1_314' title='bbox 436 4476 545 4523; x_wconf 91' lang='lat' dir='ltr'><strong>test</strong></span> <span class='ocrx_word' id='word_1_315' title='bbox 577 4473 748 4518; x_wconf 86' lang='lat' dir='ltr'><strong>mater</strong></span> <span class='ocrx_word' id='word_1_316' title='bbox 766 4458 1019 4514; x_wconf 88' lang='lat' dir='ltr'><strong>oblivisci</strong></span> <span class='ocrx_word' id='word_1_317' title='bbox 1052 4454 1315 4511; x_wconf 83' lang='lat' dir='ltr'><strong>infantem</strong></span> <span class='ocrx_word' id='word_1_318' title='bbox 1346 4469 1525 4509; x_wconf 90' lang='lat' dir='ltr'><strong>suum.</strong></span> <span class='ocrx_word' id='word_1_319' title='bbox 1554 4453 1641 4510; x_wconf 86' lang='lat' dir='ltr'><strong>Sic</strong></span> <span class='ocrx_word' id='word_1_320' title='bbox 1661 4466 1716 4508; x_wconf 93' lang='lat' dir='ltr'><strong>et</strong></span> <span class='ocrx_word' id='word_1_321' title='bbox 1743 4469 1837 4507; x_wconf 83' lang='lat' dir='ltr'><strong>vos</strong></span> <span class='ocrx_word' id='word_1_322' title='bbox 1864 4454 2031 4509; x_wconf 87' lang='lat' dir='ltr'><strong>nolite</strong></span> 
     </span>
    </p>
   </div>
   <div class='ocr_carea' id='block_1_48' title="bbox 435 4546 2033 4615">
    <p class='ocr_par' dir='ltr' id='par_1_48' title="bbox 435 4546 2033 4615">
     <span class='ocr_line' id='line_1_49' title="bbox 435 4546 2033 4615; baseline -0.009 -1"><span class='ocrx_word' id='word_1_323' title='bbox 435 4558 684 4614; x_wconf 85' lang='lat' dir='ltr'><strong>oblivisci</strong></span> <span class='ocrx_word' id='word_1_324' title='bbox 720 4569 820 4608; x_wconf 90' lang='lat' dir='ltr'><strong>nos</strong></span> <span class='ocrx_word' id='word_1_325' title='bbox 859 4552 1013 4605; x_wconf 80' lang='lat' dir='ltr'><strong>vobis</strong></span> <span class='ocrx_word' id='word_1_326' title='bbox 1057 4549 1405 4611; x_wconf 81' lang='lat' dir='ltr'><strong>commissos,</strong></span> <span class='ocrx_word' id='word_1_327' title='bbox 1458 4547 1713 4615; x_wconf 78' lang='lat' dir='ltr'><strong>quoniam</strong></span> <span class='ocrx_word' id='word_1_328' title='bbox 1746 4560 1856 4600; x_wconf 86' lang='lat' dir='ltr'><strong>non</strong></span> <span class='ocrx_word' id='word_1_329' title='bbox 1900 4546 2033 4601; x_wconf 75' lang='lat' dir='ltr'><strong>levi—</strong></span> 
     </span>
    </p>
   </div>
   <div class='ocr_carea' id='block_1_49' title="bbox 432 4638 2027 4709">
    <p class='ocr_par' dir='ltr' id='par_1_49' title="bbox 432 4638 2027 4709">
     <span class='ocr_line' id='line_1_50' title="bbox 432 4638 2027 4709; baseline -0.008 -3"><span class='ocrx_word' id='word_1_330' title='bbox 432 4652 533 4706; x_wconf 88' lang='lat' dir='ltr'><strong>bus</strong></span> <span class='ocrx_word' id='word_1_331' title='bbox 560 4665 658 4703; x_wconf 89' lang='lat' dir='ltr'><strong>nos</strong></span> <span class='ocrx_word' id='word_1_332' title='bbox 688 4644 901 4701; x_wconf 87' lang='lat' dir='ltr'><strong>inimici</strong></span> <span class='ocrx_word' id='word_1_333' title='bbox 948 4643 1119 4697; x_wconf 86' lang='lat' dir='ltr'><strong>nostri</strong></span> <span class='ocrx_word' id='word_1_334' title='bbox 1160 4642 1579 4709; x_wconf 78' lang='lat' dir='ltr'><strong>iin&#39;plic:ivertiri‘t</strong></span> <span class='ocrx_word' id='word_1_335' title='bbox 1621 4638 2027 4707; x_wconf 85' lang='lat' dir='ltr'><strong>afflictionibus,</strong></span> 
     </span>
    </p>
   </div>
   <div class='ocr_carea' id='block_1_50' title="bbox 504 4772 2023 4853">
    <p class='ocr_par' dir='ltr' id='par_1_50' title="bbox 504 4772 2023 4853">
     <span class='ocr_line' id='line_1_51' title="bbox 504 4772 2023 4853; baseline -0.012 -14"><span class='ocrx_word' id='word_1_336' title='bbox 504 4795 533 4820; x_wconf 70' lang='grc'>⁸</span> <span class='ocrx_word' id='word_1_337' title='bbox 569 4783 827 4853; x_wconf 80' lang='lat' dir='ltr'><strong>Epistola.</strong></span> <span class='ocrx_word' id='word_1_338' title='bbox 860 4780 992 4853; x_wconf 52' lang='lat' dir='ltr'><strong>Haec</strong></span> <span class='ocrx_word' id='word_1_339' title='bbox 1020 4775 1377 4853; x_wconf 75' lang='lat' dir='ltr'><strong>epistolasub</strong></span> <span class='ocrx_word' id='word_1_340' title='bbox 1405 4775 1623 4853; x_wconf 77' lang='lat' dir='ltr'><strong>nomine</strong></span> <span class='ocrx_word' id='word_1_341' title='bbox 1646 4772 1925 4853; x_wconf 73' lang='lat' dir='ltr'><strong>Athanasii</strong></span> <span class='ocrx_word' id='word_1_342' title='bbox 1956 4773 2023 4853; x_wconf 70' lang='lat' dir='ltr'><strong>ad</strong></span> 
     </span>
    </p>
   </div>
   <div class='ocr_carea' id='block_1_51' title="bbox 438 4846 2022 4921">
    <p class='ocr_par' dir='ltr' id='par_1_51' title="bbox 438 4846 2022 4921">
     <span class='ocr_line' id='line_1_52' title="bbox 438 4846 2022 4921; baseline -0.01 -10"><span class='ocrx_word' id='word_1_343' title='bbox 438 4846 676 4911; x_wconf 79' lang='lat' dir='ltr'><strong>Felicem</strong></span> <span class='ocrx_word' id='word_1_344' title='bbox 708 4869 771 4906; x_wconf 82' lang='lat' dir='ltr'><strong>ex</strong></span> <span class='ocrx_word' id='word_1_345' title='bbox 805 4847 1627 4921; x_wconf 30' lang='lat' dir='ltr'><strong>synodoAlexandrina-scripta</strong></span> <span class='ocrx_word' id='word_1_346' title='bbox 1654 4846 1722 4899; x_wconf 86' lang='lat' dir='ltr'><strong>ab</strong></span> <span class='ocrx_word' id='word_1_347' title='bbox 1754 4846 2022 4921; x_wconf 76' lang='lat' dir='ltr'><strong>episcopis</strong></span> 
     </span>
    </p>
   </div>
   <div class='ocr_carea' id='block_1_52' title="bbox 437 4917 2019 4995">
    <p class='ocr_par' dir='ltr' id='par_1_52' title="bbox 437 4917 2019 4995">
     <span class='ocr_line' id='line_1_53' title="bbox 437 4917 2019 4995; baseline -0.01 -12"><span class='ocrx_word' id='word_1_348' title='bbox 437 4927 657 4995; x_wconf 60' lang='lat' dir='ltr'><strong>IEgypti</strong></span> <span class='ocrx_word' id='word_1_349' title='bbox 678 4966 693 4988; x_wconf 91' lang='lat'><strong>,</strong></span> <span class='ocrx_word' id='word_1_350' title='bbox 723 4917 1038 4982; x_wconf 71' lang='lat' dir='ltr'><strong>Thebaidis,</strong></span> <span class='ocrx_word' id='word_1_351' title='bbox 1072 4930 1124 4973; x_wconf 90' lang='lat' dir='ltr'><strong>et</strong></span> <span class='ocrx_word' id='word_1_352' title='bbox 1154 4917 1450 4995; x_wconf 62' lang='lat' dir='ltr'><strong>i.iby:r,_de</strong></span> <span class='ocrx_word' id='word_1_353' title='bbox 1481 4917 1582 4995; x_wconf 79' lang='lat' dir='ltr'><strong>ﬁde</strong></span> <span class='ocrx_word' id='word_1_354' title='bbox 1605 4925 1853 4995; x_wconf 49' lang='lat' dir='ltr'><strong>siis-poeta</strong></span> <span class='ocrx_word' id='word_1_355' title='bbox 1886 4923 1968 4967; x_wconf 85' lang='lat' dir='ltr'><strong>est</strong></span> <span class='ocrx_word' id='word_1_356' title='bbox 1996 4917 2019 4945; x_wconf 82' lang='grc'>¹</span> 
     </span>
    </p>
   </div>
   <div class='ocr_carea' id='block_1_53' title="bbox 437 4985 2018 5067">
    <p class='ocr_par' dir='ltr' id='par_1_53' title="bbox 437 4985 2018 5067">
     <span class='ocr_line' id='line_1_54' title="bbox 437 4985 2018 5067; baseline -0.013 -13"><span class='ocrx_word' id='word_1_357' title='bbox 437 4985 719 5064; x_wconf 62' lang='grc' dir='ltr'><strong>ιυιῖίέμιόιι</strong></span> <span class='ocrx_word' id='word_1_358' title='bbox 742 4998 851 5067; x_wconf 64' lang='lat' dir='ltr'><strong>pot:</strong></span> <span class='ocrx_word' id='word_1_359' title='bbox 879 4999 1143 5059; x_wconf 77' lang='lat' dir='ltr'><strong>tempore.</strong></span> <span class='ocrx_word' id='word_1_360' title='bbox 1168 4985 1275 5052; x_wconf 78' lang='lat' dir='ltr'><strong>quo</strong></span> <span class='ocrx_word' id='word_1_361' title='bbox 1297 4987 1621 5067; x_wconf 56' lang='lat' dir='ltr'><strong>Athanasius</strong></span> <span class='ocrx_word' id='word_1_362' title='bbox 1650 4985 1773 5051; x_wconf 76' lang='lat' dir='ltr'><strong>fuga</strong></span> <span class='ocrx_word' id='word_1_363' title='bbox 1802 4988 2018 5067; x_wconf 74' lang='lat' dir='ltr'><strong>elapsus</strong></span> 
     </span>
    </p>
   </div>
   <div class='ocr_carea' id='block_1_54' title="bbox 436 5059 2014 5129">
    <p class='ocr_par' dir='ltr' id='par_1_54' title="bbox 436 5059 2014 5129">
     <span class='ocr_line' id='line_1_55' title="bbox 436 5059 2014 5129; baseline -0.011 -4"><span class='ocrx_word' id='word_1_364' title='bbox 436 5072 489 5125; x_wconf 83' lang='lat' dir='ltr'><strong>in</strong></span> <span class='ocrx_word' id='word_1_365' title='bbox 516 5059 716 5124; x_wconf 75' lang='lat' dir='ltr'><strong>&#39;eretno</strong></span> <span class='ocrx_word' id='word_1_366' title='bbox 748 5065 989 5117; x_wconf 76' lang='lat' dir='ltr'><strong>lutitanat</strong></span> <span class='ocrx_word' id='word_1_367' title='bbox 1018 5103 1030 5124; x_wconf 92' lang='lat'><strong>,</strong></span> <span class='ocrx_word' id='word_1_368' title='bbox 1076 5075 1253 5129; x_wconf 78' lang='lat' dir='ltr'><strong>quove</strong></span> <span class='ocrx_word' id='word_1_369' title='bbox 1280 5075 1398 5112; x_wconf 84' lang='lat' dir='ltr'><strong>eum</strong></span> <span class='ocrx_word' id='word_1_370' title='bbox 1429 5059 1864 5129; x_wconf 15' lang='lat' dir='ltr'><strong>Liberioiomnes</strong></span> <span class='ocrx_word' id='word_1_371' title='bbox 1895 5059 2014 5124; x_wconf 89' lang='lat' dir='ltr'><strong>epi-</strong></span> 
     </span>
    </p>
   </div>
   <div class='ocr_carea' id='block_1_55' title="bbox 435 5128 2018 5209">
    <p class='ocr_par' dir='ltr' id='par_1_55' title="bbox 435 5128 2018 5209">
     <span class='ocr_line' id='line_1_56' title="bbox 435 5128 2018 5209; baseline -0.009 -15"><span class='ocrx_word' id='word_1_372' title='bbox 435 5143 584 5209; x_wconf 74' lang='lat' dir='ltr'><strong>scopi</strong></span> <span class='ocrx_word' id='word_1_373' title='bbox 606 5135 901 5190; x_wconf 78' lang='lat' dir='ltr'><strong>orthodoxi</strong></span> <span class='ocrx_word' id='word_1_374' title='bbox 920 5174 934 5197; x_wconf 91' lang='lat'><strong>,</strong></span> <span class='ocrx_word' id='word_1_375' title='bbox 964 5132 1181 5209; x_wconf 63' lang='lat' dir='ltr'><strong>decreto</strong></span> <span class='ocrx_word' id='word_1_376' title='bbox 1215 5132 1552 5209; x_wconf 57' lang='lat' dir='ltr'><strong>imperatoris</strong></span> <span class='ocrx_word' id='word_1_377' title='bbox 1575 5140 1627 5209; x_wconf 78' lang='lat' dir='ltr'><strong>et</strong></span> <span class='ocrx_word' id='word_1_378' title='bbox 1648 5128 2018 5181; x_wconf 77' lang='lat' dir='ltr'><strong>Mediolanen-</strong></span> 
     </span>
    </p>
   </div>
   <div class='ocr_carea' id='block_1_56' title="bbox 434 5200 2015 5267">
    <p class='ocr_par' dir='ltr' id='par_1_56' title="bbox 434 5200 2015 5267">
     <span class='ocr_line' id='line_1_57' title="bbox 434 5200 2015 5267; baseline -0.008 -4"><span class='ocrx_word' id='word_1_379' title='bbox 434 5200 901 5267; x_wconf 67' lang='lat' dir='ltr'><strong>siS&#39;concilialiuli,</strong></span> <span class='ocrx_word' id='word_1_380' title='bbox 933 5202 1150 5256; x_wconf 83' lang='lat' dir='ltr'><strong>sedibus</strong></span> <span class='ocrx_word' id='word_1_381' title='bbox 1179 5205 1291 5253; x_wconf 75' lang='lat' dir='ltr'><strong>suis</strong></span> <span class='ocrx_word' id='word_1_382' title='bbox 1324 5200 1591 5251; x_wconf 74' lang='lat' dir='ltr'><strong>exturbari</strong></span> <span class='ocrx_word' id='word_1_383' title='bbox 1623 5209 1799 5261; x_wconf 79' lang='lat' dir='ltr'><strong>erant,</strong></span> <span class='ocrx_word' id='word_1_384' title='bbox 1837 5212 2015 5265; x_wconf 88' lang='lat' dir='ltr'><strong>nequc</strong></span> 
     </span>
    </p>
   </div>
   <div class='ocr_carea' id='block_1_57' title="bbox 433 5269 2011 5347">
    <p class='ocr_par' dir='ltr' id='par_1_57' title="bbox 433 5269 2011 5347">
     <span class='ocr_line' id='line_1_58' title="bbox 433 5269 2011 5347; baseline -0.006 -17"><span class='ocrx_word' id='word_1_385' title='bbox 433 5281 607 5343; x_wconf 80' lang='lat' dir='ltr'><strong>locus,</strong></span> <span class='ocrx_word' id='word_1_386' title='bbox 637 5292 813 5347; x_wconf 80' lang='lat' dir='ltr'><strong>neque</strong></span> <span class='ocrx_word' id='word_1_387' title='bbox 843 5282 1051 5347; x_wconf 81' lang='lat' dir='ltr'><strong>tempus</strong></span> <span class='ocrx_word' id='word_1_388' title='bbox 1081 5269 1553 5347; x_wconf 40' lang='lat' dir='ltr'><strong>cogeiitjjehsynodi</strong></span> <span class='ocrx_word' id='word_1_389' title='bbox 1585 5283 1707 5347; x_wconf 54' lang='lat' dir='ltr'><strong>esse</strong></span> <span class='ocrx_word' id='word_1_390' title='bbox 1745 5271 2011 5347; x_wconf 68' lang='lat' dir='ltr'><strong>potuerit:</strong></span> 
     </span>
    </p>
   </div>
   <div class='ocr_carea' id='block_1_58' title="bbox 435 5338 2010 5418">
    <p class='ocr_par' dir='ltr' id='par_1_58' title="bbox 435 5338 2010 5418">
     <span class='ocr_line' id='line_1_59' title="bbox 435 5338 2010 5418; baseline -0.006 -15"><span class='ocrx_word' id='word_1_391' title='bbox 435 5362 547 5403; x_wconf 88' lang='lat' dir='ltr'><strong>tum</strong></span> <span class='ocrx_word' id='word_1_392' title='bbox 580 5338 738 5418; x_wconf 73' lang='lat' dir='ltr'><strong>quod</strong></span> <span class='ocrx_word' id='word_1_393' title='bbox 760 5350 862 5401; x_wconf 88' lang='lat' dir='ltr'><strong>hac</strong></span> <span class='ocrx_word' id='word_1_394' title='bbox 896 5338 1130 5418; x_wconf 75' lang='lat' dir='ltr'><strong>epistola</strong></span> <span class='ocrx_word' id='word_1_395' title='bbox 1158 5338 1233 5418; x_wconf 62' lang='lat' dir='ltr'><strong>nil</strong></span> <span class='ocrx_word' id='word_1_396' title='bbox 1260 5338 1495 5418; x_wconf 74' lang='lat' dir='ltr'><strong>Felicem</strong></span> <span class='ocrx_word' id='word_1_397' title='bbox 1537 5338 1776 5418; x_wconf 54' lang='lat' dir='ltr'><strong>scripta,</strong></span> <span class='ocrx_word' id='word_1_398' title='bbox 1832 5338 2010 5418; x_wconf 72' lang='lat' dir='ltr'><strong>ipsum</strong></span> 
     </span>
    </p>
   </div>
   <div class='ocr_carea' id='block_1_59' title="bbox 433 5410 2004 5487">
    <p class='ocr_par' dir='ltr' id='par_1_59' title="bbox 433 5410 2004 5487">
     <span class='ocr_line' id='line_1_60' title="bbox 433 5410 2004 5487; baseline -0.007 -13"><span class='ocrx_word' id='word_1_399' title='bbox 433 5410 670 5475; x_wconf 76' lang='lat' dir='ltr'><strong>Felicem</strong></span> <span class='ocrx_word' id='word_1_400' title='bbox 696 5421 769 5473; x_wconf 88' lang='lat' dir='ltr'><strong>de</strong></span> <span class='ocrx_word' id='word_1_401' title='bbox 797 5433 893 5472; x_wconf 86' lang='lat' dir='ltr'><strong>sua</strong></span> <span class='ocrx_word' id='word_1_402' title='bbox 926 5410 1093 5487; x_wconf 78' lang='lat' dir='ltr'><strong>ipsius</strong></span> <span class='ocrx_word' id='word_1_403' title='bbox 1112 5410 1765 5487; x_wconf 33' lang='lat' dir='ltr'><strong>ordiiiatione‘certiorem</strong></span> <span class='ocrx_word' id='word_1_404' title='bbox 1792 5410 2004 5487; x_wconf 71' lang='lat' dir='ltr'><strong>reddat.</strong></span> 
     </span>
    </p>
   </div>
   <div class='ocr_carea' id='block_1_60' title="bbox 428 5480 2008 5559">
    <p class='ocr_par' dir='ltr' id='par_1_60' title="bbox 428 5480 2008 5559">
     <span class='ocr_line' id='line_1_61' title="bbox 428 5480 2008 5559; baseline -0.008 -12"><span class='ocrx_word' id='word_1_405' title='bbox 428 5490 511 5547; x_wconf 87' lang='lat' dir='ltr'><strong>An</strong></span> <span class='ocrx_word' id='word_1_406' title='bbox 541 5491 859 5559; x_wconf 88' lang='lat' dir='ltr'><strong>rescriptum</strong></span> <span class='ocrx_word' id='word_1_407' title='bbox 888 5480 1087 5542; x_wconf 73' lang='lat' dir='ltr'><strong>Felicis</strong></span> <span class='ocrx_word' id='word_1_408' title='bbox 1106 5484 1349 5538; x_wconf 87' lang='lat' dir='ltr'><strong>&#39;fortasse</strong></span> <span class='ocrx_word' id='word_1_409' title='bbox 1362 5480 1572 5537; x_wconf 77' lang='lat' dir='ltr'><strong>eodem</strong></span> <span class='ocrx_word' id='word_1_410' title='bbox 1598 5480 1813 5536; x_wconf 84' lang='lat' dir='ltr'><strong>defectu</strong></span> <span class='ocrx_word' id='word_1_411' title='bbox 1847 5481 2008 5535; x_wconf 93' lang='lat' dir='ltr'><strong>labo-</strong></span> 
     </span>
    </p>
   </div>
   <div class='ocr_carea' id='block_1_61' title="bbox 499 5599 2018 5670">
    <p class='ocr_par' dir='ltr' id='par_1_61' title="bbox 499 5599 2018 5670">
     <span class='ocr_line' id='line_1_62' title="bbox 499 5599 2018 5670; baseline -0.009 -5"><span class='ocrx_word' id='word_1_412' title='bbox 499 5614 512 5642; x_wconf 82' lang='lat'>&#39;</span> <span class='ocrx_word' id='word_1_413' title='bbox 540 5610 621 5664; x_wconf 78' lang='lat' dir='ltr'><strong>Ad</strong></span> <span class='ocrx_word' id='word_1_414' title='bbox 651 5608 818 5663; x_wconf 80' lang='lat' dir='ltr'><strong>maias</strong></span> <span class='ocrx_word' id='word_1_415' title='bbox 838 5605 1397 5660; x_wconf 42' lang='lat' dir='ltr'><strong>:memtoris‘merces</strong></span> <span class='ocrx_word' id='word_1_416' title='bbox 1422 5600 1524 5657; x_wconf 85' lang='lat' dir='ltr'><strong>bas</strong></span> <span class='ocrx_word' id='word_1_417' title='bbox 1572 5602 1765 5668; x_wconf 77' lang='lat' dir='ltr'><strong>ineptas</strong></span> <span class='ocrx_word' id='word_1_418' title='bbox 1796 5599 2018 5670; x_wconf 66' lang='lat' dir='ltr'><strong>farragi-</strong></span> 
     </span>
    </p>
   </div>
   <div class='ocr_carea' id='block_1_62' title="bbox 424 5672 2010 5754">
    <p class='ocr_par' dir='ltr' id='par_1_62' title="bbox 424 5672 2010 5754">
     <span class='ocr_line' id='line_1_63' title="bbox 424 5672 2010 5754; baseline -0.01 -13"><span class='ocrx_word' id='word_1_419' title='bbox 424 5682 509 5741; x_wconf 85' lang='lat' dir='ltr'><strong>nis</strong></span> <span class='ocrx_word' id='word_1_420' title='bbox 530 5678 842 5754; x_wconf 85' lang='lat' dir='ltr'><strong>quisquilias</strong></span> <span class='ocrx_word' id='word_1_421' title='bbox 875 5675 1137 5731; x_wconf 89' lang='lat' dir='ltr'><strong>Baronius</strong></span> <span class='ocrx_word' id='word_1_422' title='bbox 1164 5673 1362 5745; x_wconf 85' lang='lat' dir='ltr'><strong>aliique</strong></span> <span class='ocrx_word' id='word_1_423' title='bbox 1614 5673 1716 5731; x_wconf 84' lang='lat' dir='ltr'><strong>viri</strong></span> <span class='ocrx_word' id='word_1_424' title='bbox 1738 5672 2010 5742; x_wconf 69' lang='lat' dir='ltr'><strong>ablegant.</strong></span> 
     </span>
    </p>
   </div>
   <div class='ocr_carea' id='block_1_63' title="bbox 2143 1410 3741 1490">
    <p class='ocr_par' dir='ltr' id='par_1_63' title="bbox 2143 1410 3741 1490">
     <span class='ocr_line' id='line_1_64' title="bbox 2143 1410 3741 1490; baseline 0.008 -25"><span class='ocrx_word' id='word_1_425' title='bbox 2143 1419 2195 1465; x_wconf 90' lang='lat' dir='ltr'><strong>et</strong></span> <span class='ocrx_word' id='word_1_426' title='bbox 2239 1410 2487 1482; x_wconf 89' lang='lat' dir='ltr'><strong>quotidie</strong></span> <span class='ocrx_word' id='word_1_427' title='bbox 2520 1412 2701 1469; x_wconf 90' lang='lat' dir='ltr'><strong>facere</strong></span> <span class='ocrx_word' id='word_1_428' title='bbox 2740 1414 3062 1485; x_wconf 92' lang='lat' dir='ltr'><strong>moliuntur,</strong></span> <span class='ocrx_word' id='word_1_429' title='bbox 3093 1424 3150 1473; x_wconf 93' lang='lat' dir='ltr'><strong>et</strong></span> <span class='ocrx_word' id='word_1_430' title='bbox 3174 1414 3617 1490; x_wconf 82' lang='lat' dir='ltr'><strong>apprehendere,</strong></span> <span class='ocrx_word' id='word_1_431' title='bbox 3648 1432 3741 1480; x_wconf 91' lang='lat' dir='ltr'><strong>aut</strong></span> 
     </span>
    </p>
   </div>
   <div class='ocr_carea' id='block_1_64' title="bbox 2142 1502 3740 1586">
    <p class='ocr_par' dir='ltr' id='par_1_64' title="bbox 2142 1502 3740 1586">
     <span class='ocr_line' id='line_1_65' title="bbox 2142 1502 3740 1586; baseline 0.009 -29"><span class='ocrx_word' id='word_1_432' title='bbox 2142 1502 2302 1559; x_wconf 90' lang='lat' dir='ltr'><strong>ferris</strong></span> <span class='ocrx_word' id='word_1_433' title='bbox 2338 1521 2439 1561; x_wconf 90' lang='lat' dir='ltr'><strong>nos</strong></span> <span class='ocrx_word' id='word_1_434' title='bbox 2482 1507 2782 1579; x_wconf 79' lang='lat' dir='ltr'><strong>constringi</strong></span> <span class='ocrx_word' id='word_1_435' title='bbox 2825 1510 3100 1566; x_wconf 88' lang='lat' dir='ltr'><strong>minantur</strong></span> <span class='ocrx_word' id='word_1_436' title='bbox 3131 1511 3463 1586; x_wconf 78' lang='lat' dir='ltr'><strong>(Stephanus</strong></span> <span class='ocrx_word' id='word_1_437' title='bbox 3492 1510 3740 1571; x_wconf 77' lang='lat' dir='ltr'><strong>Dorensis</strong></span> 
     </span>
    </p>
   </div>
   <div class='ocr_carea' id='block_1_65' title="bbox 2146 1596 3740 1678">
    <p class='ocr_par' dir='ltr' id='par_1_65' title="bbox 2146 1596 3740 1678">
     <span class='ocr_line' id='line_1_66' title="bbox 2146 1596 3740 1678; baseline 0.011 -29"><span class='ocrx_word' id='word_1_438' title='bbox 2146 1596 2216 1649; x_wconf 83' lang='lat' dir='ltr'><strong>ad</strong></span> <span class='ocrx_word' id='word_1_439' title='bbox 2243 1598 2479 1652; x_wconf 86' lang='lat' dir='ltr'><strong>eumdem</strong></span> <span class='ocrx_word' id='word_1_440' title='bbox 2508 1616 2696 1672; x_wconf 81' lang='lat' dir='ltr'><strong>papam</strong></span> <span class='ocrx_word' id='word_1_441' title='bbox 2725 1617 2865 1656; x_wconf 84' lang='lat' dir='ltr'><strong>cons.</strong></span> <span class='ocrx_word' id='word_1_442' title='bbox 2900 1601 2933 1656; x_wconf 80' lang='grc'>2</span> <span class='ocrx_word' id='word_1_443' title='bbox 2965 1605 3195 1677; x_wconf 78' lang='lat' dir='ltr'><strong>ejusdem</strong></span> <span class='ocrx_word' id='word_1_444' title='bbox 3233 1607 3466 1678; x_wconf 75' lang='lat' dir='ltr'><strong>synodi),</strong></span> <span class='ocrx_word' id='word_1_445' title='bbox 3496 1608 3600 1663; x_wconf 90' lang='lat' dir='ltr'><strong>nisi</strong></span> <span class='ocrx_word' id='word_1_446' title='bbox 3646 1624 3740 1665; x_wconf 82' lang='lat' dir='ltr'><strong>e0-</strong></span> 
     </span>
    </p>
   </div>
   <div class='ocr_carea' id='block_1_66' title="bbox 2073 1690 3742 1787">
    <p class='ocr_par' dir='ltr' id='par_1_66' title="bbox 2073 1690 3742 1787">
     <span class='ocr_line' id='line_1_67' title="bbox 2073 1690 3742 1787; baseline 0.01 -46"><span class='ocrx_word' id='word_1_447' title='bbox 2073 1727 2120 1787; x_wconf 80' lang='grc' dir='ltr'><strong>Β</strong></span> <span class='ocrx_word' id='word_1_448' title='bbox 2151 1705 2267 1743; x_wconf 94' lang='lat' dir='ltr'><strong>rum</strong></span> <span class='ocrx_word' id='word_1_449' title='bbox 2294 1690 2697 1747; x_wconf 91' lang='lat' dir='ltr'><strong>consentiamus</strong></span> <span class='ocrx_word' id='word_1_450' title='bbox 2724 1692 3003 1750; x_wconf 87' lang='lat' dir='ltr'><strong>erroribus</strong></span> <span class='ocrx_word' id='word_1_451' title='bbox 3031 1714 3043 1749; x_wconf 88' lang='lat'>:</span> <span class='ocrx_word' id='word_1_452' title='bbox 3067 1697 3209 1768; x_wconf 91' lang='lat' dir='ltr'><strong>quod</strong></span> <span class='ocrx_word' id='word_1_453' title='bbox 3228 1715 3566 1770; x_wconf 86' lang='lat' dir='ltr'><strong>nequaquam</strong></span> <span class='ocrx_word' id='word_1_454' title='bbox 3589 1700 3742 1757; x_wconf 83' lang='lat' dir='ltr'><strong>vobis</strong></span> 
     </span>
    </p>
   </div>
   <div class='ocr_carea' id='block_1_67' title="bbox 2149 1784 3743 1865">
    <p class='ocr_par' dir='ltr' id='par_1_67' title="bbox 2149 1784 3743 1865">
     <span class='ocr_line' id='line_1_68' title="bbox 2149 1784 3743 1865; baseline 0.008 -29"><span class='ocrx_word' id='word_1_455' title='bbox 2149 1784 2475 1839; x_wconf 89' lang='lat' dir='ltr'><strong>inconsultis</strong></span> <span class='ocrx_word' id='word_1_456' title='bbox 2522 1800 2684 1856; x_wconf 81' lang='lat' dir='ltr'><strong>agere</strong></span> <span class='ocrx_word' id='word_1_457' title='bbox 2734 1789 3136 1858; x_wconf 63' lang='lat' dir='ltr'><strong>praesumimus.</strong></span> <span class='ocrx_word' id='word_1_458' title='bbox 3181 1789 3495 1849; x_wconf 89' lang='lat' dir='ltr'><strong>Canonibus</strong></span> <span class='ocrx_word' id='word_1_459' title='bbox 3540 1792 3743 1865; x_wconf 89' lang='lat' dir='ltr'><strong>quippe</strong></span> 
     </span>
    </p>
   </div>
   <div class='ocr_carea' id='block_1_68' title="bbox 2139 1875 3743 1953">
    <p class='ocr_par' dir='ltr' id='par_1_68' title="bbox 2139 1875 3743 1953">
     <span class='ocr_line' id='line_1_69' title="bbox 2139 1875 3743 1953; baseline 0.007 -23"><span class='ocrx_word' id='word_1_460' title='bbox 2139 1875 2477 1947; x_wconf 89' lang='lat' dir='ltr'><strong>jubentibus,</strong></span> <span class='ocrx_word' id='word_1_461' title='bbox 2510 1878 2712 1949; x_wconf 88' lang='lat' dir='ltr'><strong>absque</strong></span> <span class='ocrx_word' id='word_1_462' title='bbox 2742 1879 2989 1937; x_wconf 81' lang='lat' dir='ltr'><strong>Romano</strong></span> <span class='ocrx_word' id='word_1_463' title='bbox 3021 1898 3118 1938; x_wconf 90' lang='lat' dir='ltr'><strong>nos</strong></span> <span class='ocrx_word' id='word_1_464' title='bbox 3142 1882 3210 1939; x_wconf 93' lang='lat' dir='ltr'><strong>de</strong></span> <span class='ocrx_word' id='word_1_465' title='bbox 3232 1885 3533 1953; x_wconf 89' lang='lat' dir='ltr'><strong>majoribus</strong></span> <span class='ocrx_word' id='word_1_466' title='bbox 3560 1884 3743 1941; x_wconf 89' lang='lat' dir='ltr'><strong>causis</strong></span> 
     </span>
    </p>
   </div>
   <div class='ocr_carea' id='block_1_69' title="bbox 2144 1969 3743 2048">
    <p class='ocr_par' dir='ltr' id='par_1_69' title="bbox 2144 1969 3743 2048">
     <span class='ocr_line' id='line_1_70' title="bbox 2144 1969 3743 2048; baseline 0.007 -26"><span class='ocrx_word' id='word_1_467' title='bbox 2144 1970 2274 2023; x_wconf 86' lang='lat' dir='ltr'><strong>nihil</strong></span> <span class='ocrx_word' id='word_1_468' title='bbox 2306 1969 2504 2025; x_wconf 88' lang='lat' dir='ltr'><strong>debere</strong></span> <span class='ocrx_word' id='word_1_469' title='bbox 2532 1970 2832 2028; x_wconf 88' lang='lat' dir='ltr'><strong>decernere</strong></span> <span class='ocrx_word' id='word_1_470' title='bbox 2866 1973 3142 2043; x_wconf 84' lang='lat' dir='ltr'><strong>pontifice.</strong></span> <span class='ocrx_word' id='word_1_471' title='bbox 3172 1975 3409 2046; x_wconf 85' lang='lat' dir='ltr'><strong>ideoque</strong></span> <span class='ocrx_word' id='word_1_472' title='bbox 3440 1977 3507 2032; x_wconf 86' lang='lat' dir='ltr'><strong>ad</strong></span> <span class='ocrx_word' id='word_1_473' title='bbox 3538 1992 3743 2048; x_wconf 78' lang='lat' dir='ltr'><strong>propo-</strong></span> 
     </span>
    </p>
   </div>
   <div class='ocr_carea' id='block_1_70' title="bbox 2142 2060 3743 2134">
    <p class='ocr_par' dir='ltr' id='par_1_70' title="bbox 2142 2060 3743 2134">
     <span class='ocr_line' id='line_1_71' title="bbox 2142 2060 3743 2134; baseline 0.004 -19"><span class='ocrx_word' id='word_1_474' title='bbox 2142 2060 2304 2115; x_wconf 83' lang='lat' dir='ltr'><strong>situm</strong></span> <span class='ocrx_word' id='word_1_475' title='bbox 2338 2071 2707 2126; x_wconf 82' lang='lat' dir='ltr'><strong>recurrentes,</strong></span> <span class='ocrx_word' id='word_1_476' title='bbox 2742 2073 2795 2118; x_wconf 93' lang='lat' dir='ltr'><strong>et</strong></span> <span class='ocrx_word' id='word_1_477' title='bbox 2833 2063 2903 2119; x_wconf 93' lang='lat' dir='ltr'><strong>ad</strong></span> <span class='ocrx_word' id='word_1_478' title='bbox 2941 2064 3187 2119; x_wconf 78' lang='lat' dir='ltr'><strong>bravium</strong></span> <span class='ocrx_word' id='word_1_479' title='bbox 3235 2076 3618 2134; x_wconf 78' lang='lat' dir='ltr'><strong>properantes,</strong></span> <span class='ocrx_word' id='word_1_480' title='bbox 3644 2082 3743 2123; x_wconf 76' lang='lat' dir='ltr'><strong>ve—</strong></span> 
     </span>
    </p>
   </div>
   <div class='ocr_carea' id='block_1_71' title="bbox 2140 2155 3743 2232">
    <p class='ocr_par' dir='ltr' id='par_1_71' title="bbox 2140 2155 3743 2232">
     <span class='ocr_line' id='line_1_72' title="bbox 2140 2155 3743 2232; baseline 0.005 -24"><span class='ocrx_word' id='word_1_481' title='bbox 2140 2164 2270 2209; x_wconf 82' lang='lat' dir='ltr'><strong>strae</strong></span> <span class='ocrx_word' id='word_1_482' title='bbox 2302 2155 2621 2226; x_wconf 81' lang='lat' dir='ltr'><strong>apostolicae</strong></span> <span class='ocrx_word' id='word_1_483' title='bbox 2665 2156 2811 2212; x_wconf 82' lang='lat' dir='ltr'><strong>sedis</strong></span> <span class='ocrx_word' id='word_1_484' title='bbox 2848 2157 3207 2226; x_wconf 88' lang='lat' dir='ltr'><strong>imploramus</strong></span> <span class='ocrx_word' id='word_1_485' title='bbox 3236 2158 3501 2216; x_wconf 80' lang='lat' dir='ltr'><strong>auxilium</strong></span> <span class='ocrx_word' id='word_1_486' title='bbox 3538 2174 3553 2214; x_wconf 87' lang='lat'><strong>:</strong></span> <span class='ocrx_word' id='word_1_487' title='bbox 3592 2162 3743 2232; x_wconf 85' lang='lat' dir='ltr'><strong>quia,</strong></span> 
     </span>
    </p>
   </div>
   <div class='ocr_carea' id='block_1_72' title="bbox 2145 2247 3746 2327">
    <p class='ocr_par' dir='ltr' id='par_1_72' title="bbox 2145 2247 3746 2327">
     <span class='ocr_line' id='line_1_73' title="bbox 2145 2247 3746 2327; baseline 0.006 -26"><span class='ocrx_word' id='word_1_488' title='bbox 2145 2254 2202 2301; x_wconf 92' lang='lat' dir='ltr'><strong>ut</strong></span> <span class='ocrx_word' id='word_1_489' title='bbox 2230 2247 2535 2314; x_wconf 86' lang='lat' dir='ltr'><strong>credimus,</strong></span> <span class='ocrx_word' id='word_1_490' title='bbox 2566 2264 2673 2304; x_wconf 93' lang='lat' dir='ltr'><strong>non</strong></span> <span class='ocrx_word' id='word_1_491' title='bbox 2705 2249 2955 2320; x_wconf 83' lang='lat' dir='ltr'><strong>despexit</strong></span> <span class='ocrx_word' id='word_1_492' title='bbox 3003 2251 3144 2307; x_wconf 81' lang='lat' dir='ltr'><strong>Deus</strong></span> <span class='ocrx_word' id='word_1_493' title='bbox 3176 2268 3373 2321; x_wconf 87' lang='lat' dir='ltr'><strong>preces</strong></span> <span class='ocrx_word' id='word_1_494' title='bbox 3408 2268 3537 2309; x_wconf 85' lang='lat' dir='ltr'><strong>cum</strong></span> <span class='ocrx_word' id='word_1_495' title='bbox 3570 2256 3746 2327; x_wconf 82' lang='lat' dir='ltr'><strong>lacry—</strong></span> 
     </span>
    </p>
   </div>
   <div class='ocr_carea' id='block_1_73' title="bbox 2143 2337 3744 2408">
    <p class='ocr_par' dir='ltr' id='par_1_73' title="bbox 2143 2337 3744 2408">
     <span class='ocr_line' id='line_1_74' title="bbox 2143 2337 3744 2408; baseline 0.006 -17"><span class='ocrx_word' id='word_1_496' title='bbox 2143 2337 2246 2393; x_wconf 88' lang='lat' dir='ltr'><strong>mis</strong></span> <span class='ocrx_word' id='word_1_497' title='bbox 2272 2338 2375 2395; x_wconf 83' lang='lat' dir='ltr'><strong>sibi</strong></span> <span class='ocrx_word' id='word_1_498' title='bbox 2423 2340 2638 2395; x_wconf 84' lang='lat' dir='ltr'><strong>oblatas</strong></span> <span class='ocrx_word' id='word_1_499' title='bbox 2690 2354 2971 2396; x_wconf 72' lang='lat' dir='ltr'><strong>seniorum</strong></span> <span class='ocrx_word' id='word_1_500' title='bbox 3018 2358 3265 2408; x_wconf 86' lang='lat' dir='ltr'><strong>suorum,</strong></span> <span class='ocrx_word' id='word_1_501' title='bbox 3306 2344 3405 2399; x_wconf 89' lang='lat' dir='ltr'><strong>sed</strong></span> <span class='ocrx_word' id='word_1_502' title='bbox 3424 2346 3523 2400; x_wconf 69' lang='grc' dir='ltr'><strong>-ου</strong></span> <span class='ocrx_word' id='word_1_503' title='bbox 3565 2345 3618 2400; x_wconf 91' lang='lat' dir='ltr'><strong>id</strong></span> <span class='ocrx_word' id='word_1_504' title='bbox 3649 2361 3744 2402; x_wconf 86' lang='lat' dir='ltr'><strong>vos</strong></span> 
     </span>
    </p>
   </div>
   <div class='ocr_carea' id='block_1_74' title="bbox 2141 2431 3747 2509">
    <p class='ocr_par' dir='ltr' id='par_1_74' title="bbox 2141 2431 3747 2509">
     <span class='ocr_line' id='line_1_75' title="bbox 2141 2431 3747 2509; baseline 0.006 -24"><span class='ocrx_word' id='word_1_505' title='bbox 2141 2431 2686 2503; x_wconf 83' lang='lat' dir='ltr'><strong>praedecessoresque</strong></span> <span class='ocrx_word' id='word_1_506' title='bbox 2704 2444 2944 2503; x_wconf 84' lang='lat' dir='ltr'><strong>vestros,</strong></span> <span class='ocrx_word' id='word_1_507' title='bbox 2972 2437 3303 2506; x_wconf 73' lang='lat' dir='ltr'><strong>apostoticos</strong></span> <span class='ocrx_word' id='word_1_508' title='bbox 3324 2438 3587 2494; x_wconf 83' lang='lat' dir='ltr'><strong>videlicet</strong></span> <span class='ocrx_word' id='word_1_509' title='bbox 3613 2454 3747 2509; x_wconf 68' lang='lat' dir='ltr'><strong>prae-</strong></span> 
     </span>
    </p>
   </div>
   <div class='ocr_carea' id='block_1_75' title="bbox 2146 2522 3747 2602">
    <p class='ocr_par' dir='ltr' id='par_1_75' title="bbox 2146 2522 3747 2602">
     <span class='ocr_line' id='line_1_76' title="bbox 2146 2522 3747 2602; baseline 0.007 -25"><span class='ocrx_word' id='word_1_510' title='bbox 2146 2522 2320 2590; x_wconf 88' lang='lat' dir='ltr'><strong>sules,</strong></span> <span class='ocrx_word' id='word_1_511' title='bbox 2352 2525 2402 2579; x_wconf 82' lang='lat' dir='ltr'><strong>in</strong></span> <span class='ocrx_word' id='word_1_512' title='bbox 2432 2526 2767 2580; x_wconf 91' lang='lat' dir='ltr'><strong>summitatis</strong></span> <span class='ocrx_word' id='word_1_513' title='bbox 2795 2541 2922 2582; x_wconf 88' lang='lat' dir='ltr'><strong>arca</strong></span> <span class='ocrx_word' id='word_1_514' title='bbox 2950 2530 3253 2595; x_wconf 89' lang='lat' dir='ltr'><strong>constituit,</strong></span> <span class='ocrx_word' id='word_1_515' title='bbox 3287 2532 3638 2602; x_wconf 91' lang='lat' dir='ltr'><strong>omniumque</strong></span> <span class='ocrx_word' id='word_1_516' title='bbox 3660 2547 3747 2588; x_wconf 88' lang='lat' dir='ltr'><strong>ec-</strong></span> 
     </span>
    </p>
   </div>
   <div class='ocr_carea' id='block_1_76' title="bbox 2141 2617 3743 2695">
    <p class='ocr_par' dir='ltr' id='par_1_76' title="bbox 2141 2617 3743 2695">
     <span class='ocr_line' id='line_1_77' title="bbox 2141 2617 3743 2695; baseline 0.006 -22"><span class='ocrx_word' id='word_1_517' title='bbox 2141 2617 2429 2673; x_wconf 85' lang='lat' dir='ltr'><strong>clesiarum</strong></span> <span class='ocrx_word' id='word_1_518' title='bbox 2452 2621 2533 2674; x_wconf 91' lang='lat' dir='ltr'><strong>eis</strong></span> <span class='ocrx_word' id='word_1_519' title='bbox 2556 2635 2742 2674; x_wconf 79' lang='lat' dir='ltr'><strong>curam</strong></span> <span class='ocrx_word' id='word_1_520' title='bbox 2777 2620 2976 2677; x_wconf 88' lang='lat' dir='ltr'><strong>habere</strong></span> <span class='ocrx_word' id='word_1_521' title='bbox 3006 2625 3292 2695; x_wconf 59' lang='lat' dir='ltr'><strong>praeepit,</strong></span> <span class='ocrx_word' id='word_1_522' title='bbox 3339 2636 3398 2679; x_wconf 90' lang='lat' dir='ltr'><strong>ut</strong></span> <span class='ocrx_word' id='word_1_523' title='bbox 3424 2626 3588 2680; x_wconf 84' lang='lat' dir='ltr'><strong>nobis</strong></span> <span class='ocrx_word' id='word_1_524' title='bbox 3612 2642 3743 2682; x_wconf 84' lang='lat' dir='ltr'><strong>suc-</strong></span> 
     </span>
    </p>
   </div>
   <div class='ocr_carea' id='block_1_77' title="bbox 2138 2712 3741 2788">
    <p class='ocr_par' dir='ltr' id='par_1_77' title="bbox 2138 2712 3741 2788">
     <span class='ocr_line' id='line_1_78' title="bbox 2138 2712 3741 2788; baseline 0.006 -23"><span class='ocrx_word' id='word_1_525' title='bbox 2138 2712 2391 2776; x_wconf 85' lang='lat' dir='ltr'><strong>curratis,</strong></span> <span class='ocrx_word' id='word_1_526' title='bbox 2424 2726 2630 2781; x_wconf 78' lang='lat' dir='ltr'><strong>nosque</strong></span> <span class='ocrx_word' id='word_1_527' title='bbox 2659 2722 2899 2780; x_wconf 87' lang='lat' dir='ltr'><strong>tuentes,</strong></span> <span class='ocrx_word' id='word_1_528' title='bbox 2925 2716 3011 2769; x_wconf 90' lang='lat' dir='ltr'><strong>cui</strong></span> <span class='ocrx_word' id='word_1_529' title='bbox 3042 2730 3205 2771; x_wconf 88' lang='lat' dir='ltr'><strong>omne</strong></span> <span class='ocrx_word' id='word_1_530' title='bbox 3236 2717 3618 2787; x_wconf 83' lang='lat' dir='ltr'><strong>episcoporum</strong></span> <span class='ocrx_word' id='word_1_531' title='bbox 3646 2719 3741 2788; x_wconf 79' lang='lat' dir='ltr'><strong>jn-</strong></span> 
     </span>
    </p>
   </div>
   <div class='ocr_carea' id='block_1_78' title="bbox 2138 2801 3740 2869">
    <p class='ocr_par' dir='ltr' id='par_1_78' title="bbox 2138 2801 3740 2869">
     <span class='ocr_line' id='line_1_79' title="bbox 2138 2801 3740 2869; baseline 0.008 -14"><span class='ocrx_word' id='word_1_532' title='bbox 2138 2801 2339 2856; x_wconf 89' lang='lat' dir='ltr'><strong>dicium</strong></span> <span class='ocrx_word' id='word_1_533' title='bbox 2368 2813 2452 2857; x_wconf 90' lang='lat' dir='ltr'><strong>est</strong></span> <span class='ocrx_word' id='word_1_534' title='bbox 2477 2803 2854 2869; x_wconf 86' lang='lat' dir='ltr'><strong>commissum,</strong></span> <span class='ocrx_word' id='word_1_535' title='bbox 2890 2806 3123 2863; x_wconf 91' lang='lat' dir='ltr'><strong>liberare</strong></span> <span class='ocrx_word' id='word_1_536' title='bbox 3152 2809 3220 2865; x_wconf 91' lang='lat' dir='ltr'><strong>ab</strong></span> <span class='ocrx_word' id='word_1_537' title='bbox 3265 2811 3511 2868; x_wconf 89' lang='lat' dir='ltr'><strong>hostibus</strong></span> <span class='ocrx_word' id='word_1_538' title='bbox 3539 2812 3740 2869; x_wconf 80' lang='lat' dir='ltr'><strong>nostris</strong></span> 
     </span>
    </p>
   </div>
   <div class='ocr_carea' id='block_1_79' title="bbox 2142 2892 3739 2973">
    <p class='ocr_par' dir='ltr' id='par_1_79' title="bbox 2142 2892 3739 2973">
     <span class='ocr_line' id='line_1_80' title="bbox 2142 2892 3739 2973; baseline 0.008 -28"><span class='ocrx_word' id='word_1_539' title='bbox 2142 2909 2249 2948; x_wconf 89' lang='lat' dir='ltr'><strong>non</strong></span> <span class='ocrx_word' id='word_1_540' title='bbox 2274 2894 2574 2965; x_wconf 80' lang='lat' dir='ltr'><strong>negligatis.</strong></span> <span class='ocrx_word' id='word_1_541' title='bbox 2607 2892 2740 2951; x_wconf 87' lang='lat' dir='ltr'><strong>Nam</strong></span> <span class='ocrx_word' id='word_1_542' title='bbox 2778 2897 2983 2953; x_wconf 86' lang='lat' dir='ltr'><strong>scimus</strong></span> <span class='ocrx_word' id='word_1_543' title='bbox 3013 2900 3068 2952; x_wconf 91' lang='lat' dir='ltr'><strong>in</strong></span> <span class='ocrx_word' id='word_1_544' title='bbox 3102 2899 3320 2956; x_wconf 14' lang='lat' dir='ltr'><strong>‘Nicmna</strong></span> <span class='ocrx_word' id='word_1_545' title='bbox 3348 2918 3542 2972; x_wconf 79' lang='lat' dir='ltr'><strong>magna</strong></span> <span class='ocrx_word' id='word_1_546' title='bbox 3570 2918 3739 2973; x_wconf 82' lang='lat' dir='ltr'><strong>syno-</strong></span> 
     </span>
    </p>
   </div>
   <div class='ocr_carea' id='block_1_80' title="bbox 2140 2983 3740 3061">
    <p class='ocr_par' dir='ltr' id='par_1_80' title="bbox 2140 2983 3740 3061">
     <span class='ocr_line' id='line_1_81' title="bbox 2140 2983 3740 3061; baseline 0.008 -24"><span class='ocrx_word' id='word_1_547' title='bbox 2140 2983 2210 3037; x_wconf 91' lang='lat' dir='ltr'><strong>do</strong></span> <span class='ocrx_word' id='word_1_548' title='bbox 2231 2995 2604 3041; x_wconf 79' lang='lat' dir='ltr'><strong>trecentorum</strong></span> <span class='ocrx_word' id='word_1_549' title='bbox 2626 2988 2934 3045; x_wconf 82' lang='lat' dir='ltr'><strong>octodecim</strong></span> <span class='ocrx_word' id='word_1_550' title='bbox 2960 2990 3369 3061; x_wconf 69' lang='lat' dir='ltr'><strong>episcoporum,</strong></span> <span class='ocrx_word' id='word_1_551' title='bbox 3390 2994 3462 3048; x_wconf 88' lang='lat' dir='ltr'><strong>ab</strong></span> <span class='ocrx_word' id='word_1_552' title='bbox 3484 2994 3740 3050; x_wconf 80' lang='lat' dir='ltr'><strong>omnibus</strong></span> 
     </span>
    </p>
   </div>
   <div class='ocr_carea' id='block_1_81' title="bbox 2139 3077 3740 3155">
    <p class='ocr_par' dir='ltr' id='par_1_81' title="bbox 2139 3077 3740 3155">
     <span class='ocr_line' id='line_1_82' title="bbox 2139 3077 3740 3155; baseline 0.007 -25"><span class='ocrx_word' id='word_1_553' title='bbox 2139 3077 2480 3133; x_wconf 83' lang='lat' dir='ltr'><strong>concorditer</strong></span> <span class='ocrx_word' id='word_1_554' title='bbox 2511 3095 2635 3137; x_wconf 87' lang='lat' dir='ltr'><strong>esse</strong></span> <span class='ocrx_word' id='word_1_555' title='bbox 2662 3084 3004 3148; x_wconf 87' lang='lat' dir='ltr'><strong>roboratum,</strong></span> <span class='ocrx_word' id='word_1_556' title='bbox 3038 3099 3143 3138; x_wconf 92' lang='lat' dir='ltr'><strong>non</strong></span> <span class='ocrx_word' id='word_1_557' title='bbox 3172 3083 3376 3141; x_wconf 86' lang='lat' dir='ltr'><strong>debere</strong></span> <span class='ocrx_word' id='word_1_558' title='bbox 3405 3084 3607 3155; x_wconf 77' lang='lat' dir='ltr'><strong>absque</strong></span> <span class='ocrx_word' id='word_1_559' title='bbox 3626 3085 3740 3142; x_wconf 72' lang='grc' dir='ltr'><strong>Βο-</strong></span> 
     </span>
    </p>
   </div>
   <div class='ocr_carea' id='block_1_82' title="bbox 2139 3169 3733 3248">
    <p class='ocr_par' dir='ltr' id='par_1_82' title="bbox 2139 3169 3733 3248">
     <span class='ocr_line' id='line_1_83' title="bbox 2139 3169 3733 3248; baseline 0.01 -29"><span class='ocrx_word' id='word_1_560' title='bbox 2139 3169 2285 3221; x_wconf 90' lang='lat' dir='ltr'><strong>mani</strong></span> <span class='ocrx_word' id='word_1_561' title='bbox 2335 3170 2609 3239; x_wconf 84' lang='lat' dir='ltr'><strong>pontificis</strong></span> <span class='ocrx_word' id='word_1_562' title='bbox 2656 3173 2928 3229; x_wconf 89' lang='lat' dir='ltr'><strong>sententia</strong></span> <span class='ocrx_word' id='word_1_563' title='bbox 2969 3174 3197 3230; x_wconf 86' lang='lat' dir='ltr'><strong>concilia</strong></span> <span class='ocrx_word' id='word_1_564' title='bbox 3242 3175 3733 3248; x_wconf 70' lang='lat' dir='ltr'><strong>celebrarii&#39;Socr.,</strong></span> 
     </span>
    </p>
   </div>
   <div class='ocr_carea' id='block_1_83' title="bbox 2139 3259 3739 3341">
    <p class='ocr_par' dir='ltr' id='par_1_83' title="bbox 2139 3259 3739 3341">
     <span class='ocr_line' id='line_1_84' title="bbox 2139 3259 3739 3341; baseline 0.01 -29"><span class='ocrx_word' id='word_1_565' title='bbox 2139 3259 2175 3313; x_wconf 86' lang='grc' dir='ltr'><strong>ι.</strong></span> <span class='ocrx_word' id='word_1_566' title='bbox 2207 3275 2265 3326; x_wconf 83' lang='grc' dir='ltr'><strong>ιι,</strong></span> <span class='ocrx_word' id='word_1_567' title='bbox 2300 3279 2415 3331; x_wconf 85' lang='lat' dir='ltr'><strong>cap.</strong></span> <span class='ocrx_word' id='word_1_568' title='bbox 2446 3263 2481 3320; x_wconf 92' lang='lat'><strong>8</strong></span> <span class='ocrx_word' id='word_1_569' title='bbox 2506 3274 2564 3319; x_wconf 91' lang='lat' dir='ltr'><strong>et</strong></span> <span class='ocrx_word' id='word_1_570' title='bbox 2603 3267 2707 3333; x_wconf 77' lang='lat' dir='ltr'><strong>l7;</strong></span> <span class='ocrx_word' id='word_1_571' title='bbox 2750 3267 2902 3335; x_wconf 59' lang='lat' dir='ltr'><strong>Sora,</strong></span> <span class='ocrx_word' id='word_1_572' title='bbox 2933 3274 2969 3322; x_wconf 91' lang='grc' dir='ltr'><strong><em>ι.</em></strong></span> <span class='ocrx_word' id='word_1_573' title='bbox 3005 3284 3083 3334; x_wconf 83' lang='grc' dir='ltr'><strong>ιη,</strong></span> <span class='ocrx_word' id='word_1_574' title='bbox 3117 3285 3165 3323; x_wconf 85' lang='lat' dir='ltr'><strong>c.</strong></span> <span class='ocrx_word' id='word_1_575' title='bbox 3192 3269 3285 3341; x_wconf 84' lang='lat'><strong>9),</strong></span> <span class='ocrx_word' id='word_1_576' title='bbox 3311 3285 3418 3325; x_wconf 77' lang='lat' dir='ltr'><strong>nec</strong></span> <span class='ocrx_word' id='word_1_577' title='bbox 3447 3272 3739 3340; x_wconf 71' lang='lat' dir='ltr'><strong>episcopos</strong></span> 
     </span>
    </p>
   </div>
   <div class='ocr_carea' id='block_1_84' title="bbox 2136 3350 3735 3428">
    <p class='ocr_par' dir='ltr' id='par_1_84' title="bbox 2136 3350 3735 3428">
     <span class='ocr_line' id='line_1_85' title="bbox 2136 3350 3735 3428; baseline 0.008 -25"><span class='ocrx_word' id='word_1_578' title='bbox 2136 3350 2408 3419; x_wconf 80' lang='lat' dir='ltr'><strong>damnari,</strong></span> <span class='ocrx_word' id='word_1_579' title='bbox 2440 3354 2565 3411; x_wconf 88' lang='lat' dir='ltr'><strong>licet</strong></span> <span class='ocrx_word' id='word_1_580' title='bbox 2592 3358 2711 3413; x_wconf 65' lang='lat' dir='ltr'><strong>haec</strong></span> <span class='ocrx_word' id='word_1_581' title='bbox 2732 3369 2791 3414; x_wconf 90' lang='lat' dir='ltr'><strong>et</strong></span> <span class='ocrx_word' id='word_1_582' title='bbox 2821 3359 2926 3414; x_wconf 90' lang='lat' dir='ltr'><strong>alia</strong></span> <span class='ocrx_word' id='word_1_583' title='bbox 2950 3375 3114 3428; x_wconf 85' lang='lat' dir='ltr'><strong>quam</strong></span> <span class='ocrx_word' id='word_1_584' title='bbox 3146 3362 3299 3426; x_wconf 64' lang='lat' dir='ltr'><strong>piura</strong></span> <span class='ocrx_word' id='word_1_585' title='bbox 3332 3360 3638 3416; x_wconf 84' lang='lat' dir='ltr'><strong>necessaria</strong></span> <span class='ocrx_word' id='word_1_586' title='bbox 3660 3361 3735 3415; x_wconf 87' lang='lat' dir='ltr'><strong>ab</strong></span> 
     </span>
    </p>
   </div>
   <div class='ocr_carea' id='block_1_85' title="bbox 2139 3445 3734 3521">
    <p class='ocr_par' dir='ltr' id='par_1_85' title="bbox 2139 3445 3734 3521">
     <span class='ocr_line' id='line_1_86' title="bbox 2139 3445 3734 3521; baseline 0.005 -22"><span class='ocrx_word' id='word_1_587' title='bbox 2139 3445 2435 3512; x_wconf 67' lang='lat' dir='ltr'><strong>hrcreticis,</strong></span> <span class='ocrx_word' id='word_1_588' title='bbox 2465 3451 2554 3516; x_wconf 90' lang='lat' dir='ltr'><strong>qui</strong></span> <span class='ocrx_word' id='word_1_589' title='bbox 2594 3465 2695 3503; x_wconf 88' lang='lat' dir='ltr'><strong>nos</strong></span> <span class='ocrx_word' id='word_1_590' title='bbox 2721 3449 2961 3518; x_wconf 87' lang='lat' dir='ltr'><strong>quotidie</strong></span> <span class='ocrx_word' id='word_1_591' title='bbox 2999 3448 3267 3505; x_wconf 82' lang='lat' dir='ltr'><strong>infestant</strong></span> <span class='ocrx_word' id='word_1_592' title='bbox 3291 3460 3345 3504; x_wconf 92' lang='lat' dir='ltr'><strong>et</strong></span> <span class='ocrx_word' id='word_1_593' title='bbox 3382 3451 3609 3521; x_wconf 86' lang='lat' dir='ltr'><strong>pcrdene</strong></span> <span class='ocrx_word' id='word_1_594' title='bbox 3652 3453 3734 3507; x_wconf 87' lang='lat' dir='ltr'><strong>ni-</strong></span> 
     </span>
    </p>
   </div>
   <div class='ocr_carea' id='block_1_86' title="bbox 2137 3536 3735 3614">
    <p class='ocr_par' dir='ltr' id='par_1_86' title="bbox 2137 3536 3735 3614">
     <span class='ocr_line' id='line_1_87' title="bbox 2137 3536 3735 3614; baseline 0.006 -25"><span class='ocrx_word' id='word_1_595' title='bbox 2137 3545 2343 3601; x_wconf 91' lang='lat' dir='ltr'><strong>tuntur,</strong></span> <span class='ocrx_word' id='word_1_596' title='bbox 2379 3547 2435 3589; x_wconf 92' lang='lat' dir='ltr'><strong>ut</strong></span> <span class='ocrx_word' id='word_1_597' title='bbox 2466 3536 2675 3593; x_wconf 76' lang='lat' dir='ltr'><strong>facilius</strong></span> <span class='ocrx_word' id='word_1_598' title='bbox 2708 3553 2807 3593; x_wconf 91' lang='lat' dir='ltr'><strong>nos</strong></span> <span class='ocrx_word' id='word_1_599' title='bbox 2836 3554 3032 3608; x_wconf 89' lang='lat' dir='ltr'><strong>capere</strong></span> <span class='ocrx_word' id='word_1_600' title='bbox 3058 3540 3286 3608; x_wconf 75' lang='lat' dir='ltr'><strong>possint,</strong></span> <span class='ocrx_word' id='word_1_601' title='bbox 3312 3541 3434 3597; x_wconf 72' lang='lat' dir='ltr'><strong>sint</strong></span> <span class='ocrx_word' id='word_1_602' title='bbox 3466 3543 3735 3614; x_wconf 81' lang='lat' dir='ltr'><strong>synodica</strong></span> 
     </span>
    </p>
   </div>
   <div class='ocr_carea' id='block_1_87' title="bbox 2135 3628 3738 3701">
    <p class='ocr_par' dir='ltr' id='par_1_87' title="bbox 2135 3628 3738 3701">
     <span class='ocr_line' id='line_1_88' title="bbox 2135 3628 3738 3701; baseline 0.006 -20"><span class='ocrx_word' id='word_1_603' title='bbox 2135 3628 2369 3696; x_wconf 80' lang='lat' dir='ltr'><strong>capitula</strong></span> <span class='ocrx_word' id='word_1_604' title='bbox 2403 3628 2646 3696; x_wconf 87' lang='lat' dir='ltr'><strong>incensa,</strong></span> <span class='ocrx_word' id='word_1_605' title='bbox 2677 3630 2937 3700; x_wconf 85' lang='lat' dir='ltr'><strong>nobisque</strong></span> <span class='ocrx_word' id='word_1_606' title='bbox 2977 3631 3214 3687; x_wconf 85' lang='lat' dir='ltr'><strong>sublata.</strong></span> <span class='ocrx_word' id='word_1_607' title='bbox 3238 3632 3362 3701; x_wconf 62' lang='lat' dir='ltr'><strong>Qua</strong></span> <span class='ocrx_word' id='word_1_608' title='bbox 3400 3635 3473 3688; x_wconf 84' lang='lat' dir='ltr'><strong>de</strong></span> <span class='ocrx_word' id='word_1_609' title='bbox 3506 3649 3595 3700; x_wconf 80' lang='lat' dir='ltr'><strong>re,</strong></span> <span class='ocrx_word' id='word_1_610' title='bbox 3630 3635 3738 3692; x_wconf 88' lang='lat' dir='ltr'><strong>hac</strong></span> 
     </span>
    </p>
   </div>
   <div class='ocr_carea' id='block_1_88' title="bbox 2137 3718 3739 3791">
    <p class='ocr_par' dir='ltr' id='par_1_88' title="bbox 2137 3718 3739 3791">
     <span class='ocr_line' id='line_1_89' title="bbox 2137 3718 3739 3791; baseline 0.009 -21"><span class='ocrx_word' id='word_1_611' title='bbox 2137 3718 2355 3772; x_wconf 88' lang='lat' dir='ltr'><strong>inventa</strong></span> <span class='ocrx_word' id='word_1_612' title='bbox 2400 3720 2691 3775; x_wconf 89' lang='lat' dir='ltr'><strong>occasione</strong></span> <span class='ocrx_word' id='word_1_613' title='bbox 2741 3720 3133 3791; x_wconf 76' lang='lat' dir='ltr'><strong>indifferenter,</strong></span> <span class='ocrx_word' id='word_1_614' title='bbox 3181 3724 3332 3779; x_wconf 89' lang='lat' dir='ltr'><strong>omni</strong></span> <span class='ocrx_word' id='word_1_615' title='bbox 3378 3726 3637 3785; x_wconf 85' lang='lat' dir='ltr'><strong>canonica</strong></span> <span class='ocrx_word' id='word_1_616' title='bbox 3680 3735 3739 3785; x_wconf 87' lang='lat' dir='ltr'><strong>et</strong></span> 
     </span>
    </p>
   </div>
   <div class='ocr_carea' id='block_1_89' title="bbox 2135 3814 3730 3891">
    <p class='ocr_par' dir='ltr' id='par_1_89' title="bbox 2135 3814 3730 3891">
     <span class='ocr_line' id='line_1_90' title="bbox 2135 3814 3730 3891; baseline 0.004 -22"><span class='ocrx_word' id='word_1_617' title='bbox 2135 3814 2432 3883; x_wconf 80' lang='lat' dir='ltr'><strong>apostolica</strong></span> <span class='ocrx_word' id='word_1_618' title='bbox 2462 3817 2764 3886; x_wconf 83' lang='lat' dir='ltr'><strong>postposita</strong></span> <span class='ocrx_word' id='word_1_619' title='bbox 2790 3818 3142 3885; x_wconf 80' lang='lat' dir='ltr'><strong>auctoritate,</strong></span> <span class='ocrx_word' id='word_1_620' title='bbox 3172 3835 3273 3877; x_wconf 84' lang='lat' dir='ltr'><strong>nos</strong></span> <span class='ocrx_word' id='word_1_621' title='bbox 3304 3822 3353 3874; x_wconf 90' lang='lat' dir='ltr'><strong>vi</strong></span> <span class='ocrx_word' id='word_1_622' title='bbox 3396 3836 3432 3875; x_wconf 83' lang='lat' dir='ltr'><strong>a</strong></span> <span class='ocrx_word' id='word_1_623' title='bbox 3472 3820 3730 3891; x_wconf 86' lang='lat' dir='ltr'><strong>propriis,</strong></span> 
     </span>
    </p>
   </div>
   <div class='ocr_carea' id='block_1_90' title="bbox 2135 3904 3734 3984">
    <p class='ocr_par' dir='ltr' id='par_1_90' title="bbox 2135 3904 3734 3984">
     <span class='ocr_line' id='line_1_91' title="bbox 2135 3904 3734 3984; baseline 0.007 -26"><span class='ocrx_word' id='word_1_624' title='bbox 2135 3904 2289 3959; x_wconf 87' lang='lat' dir='ltr'><strong>vobis</strong></span> <span class='ocrx_word' id='word_1_625' title='bbox 2316 3906 2659 3975; x_wconf 88' lang='lat' dir='ltr'><strong>inconsultis,</strong></span> <span class='ocrx_word' id='word_1_626' title='bbox 2682 3908 2872 3965; x_wconf 86' lang='lat' dir='ltr'><strong>illicite</strong></span> <span class='ocrx_word' id='word_1_627' title='bbox 2897 3910 3179 3980; x_wconf 79' lang='lat' dir='ltr'><strong>expellunt</strong></span> <span class='ocrx_word' id='word_1_628' title='bbox 3202 3911 3425 3968; x_wconf 75' lang='lat' dir='ltr'><strong>sedibus</strong></span> <span class='ocrx_word' id='word_1_629' title='bbox 3452 3927 3464 3964; x_wconf 91' lang='lat'><strong>:</strong></span> <span class='ocrx_word' id='word_1_630' title='bbox 3488 3926 3734 3984; x_wconf 73' lang='lat' dir='ltr'><strong>ovesque</strong></span> 
     </span>
    </p>
   </div>
   <div class='ocr_carea' id='block_1_91' title="bbox 2136 3998 3731 4077">
    <p class='ocr_par' dir='ltr' id='par_1_91' title="bbox 2136 3998 3731 4077">
     <span class='ocr_line' id='line_1_92' title="bbox 2136 3998 3731 4077; baseline 0.008 -27"><span class='ocrx_word' id='word_1_631' title='bbox 2136 3998 2296 4053; x_wconf 87' lang='lat' dir='ltr'><strong>nobis</strong></span> <span class='ocrx_word' id='word_1_632' title='bbox 2326 4012 2352 4051; x_wconf 88' lang='lat' dir='ltr'><strong>a</strong></span> <span class='ocrx_word' id='word_1_633' title='bbox 2393 3998 2614 4055; x_wconf 88' lang='lat' dir='ltr'><strong>Christo</strong></span> <span class='ocrx_word' id='word_1_634' title='bbox 2640 4000 2871 4057; x_wconf 88' lang='lat' dir='ltr'><strong>Domino</strong></span> <span class='ocrx_word' id='word_1_635' title='bbox 2918 4004 3219 4073; x_wconf 87' lang='lat' dir='ltr'><strong>apostolica</strong></span> <span class='ocrx_word' id='word_1_636' title='bbox 3251 4004 3578 4060; x_wconf 86' lang='lat' dir='ltr'><strong>commissas</strong></span> <span class='ocrx_word' id='word_1_637' title='bbox 3596 4021 3731 4077; x_wconf 67' lang='lat' dir='ltr'><strong>gra-</strong></span> 
     </span>
    </p>
   </div>
   <div class='ocr_carea' id='block_1_92' title="bbox 2134 4080 3733 4168">
    <p class='ocr_par' dir='ltr' id='par_1_92' title="bbox 2134 4080 3733 4168">
     <span class='ocr_line' id='line_1_93' title="bbox 2134 4080 3733 4168; baseline 0.006 -23"><span class='ocrx_word' id='word_1_638' title='bbox 2134 4080 2230 4155; x_wconf 88' lang='lat' dir='ltr'><strong>tia,</strong></span> <span class='ocrx_word' id='word_1_639' title='bbox 2258 4090 2541 4160; x_wconf 83' lang='lat' dir='ltr'><strong>invadunt,</strong></span> <span class='ocrx_word' id='word_1_640' title='bbox 2580 4094 2839 4163; x_wconf 78' lang='lat' dir='ltr'><strong>gradibus</strong></span> <span class='ocrx_word' id='word_1_641' title='bbox 2856 4096 3096 4165; x_wconf 42' lang='lat' dir='ltr'><strong>,privant,</strong></span> <span class='ocrx_word' id='word_1_642' title='bbox 3144 4106 3199 4152; x_wconf 90' lang='lat' dir='ltr'><strong>et</strong></span> <span class='ocrx_word' id='word_1_643' title='bbox 3242 4097 3387 4167; x_wconf 89' lang='lat' dir='ltr'><strong>quod</strong></span> <span class='ocrx_word' id='word_1_644' title='bbox 3430 4099 3733 4168; x_wconf 82' lang='lat' dir='ltr'><strong>pessimum</strong></span> 
     </span>
    </p>
   </div>
   <div class='ocr_carea' id='block_1_93' title="bbox 2134 4183 3733 4257">
    <p class='ocr_par' dir='ltr' id='par_1_93' title="bbox 2134 4183 3733 4257">
     <span class='ocr_line' id='line_1_94' title="bbox 2134 4183 3733 4257; baseline 0.006 -22"><span class='ocrx_word' id='word_1_645' title='bbox 2134 4192 2238 4246; x_wconf 70' lang='lat' dir='ltr'><strong>est.</strong></span> <span class='ocrx_word' id='word_1_646' title='bbox 2270 4191 2325 4237; x_wconf 90' lang='lat' dir='ltr'><strong>et</strong></span> <span class='ocrx_word' id='word_1_647' title='bbox 2353 4184 2605 4239; x_wconf 81' lang='lat' dir='ltr'><strong>omnibus</strong></span> <span class='ocrx_word' id='word_1_648' title='bbox 2632 4183 2959 4241; x_wconf 81' lang='lat' dir='ltr'><strong>Christianis</strong></span> <span class='ocrx_word' id='word_1_649' title='bbox 2988 4187 3196 4257; x_wconf 72' lang='lat' dir='ltr'><strong>legibus</strong></span> <span class='ocrx_word' id='word_1_650' title='bbox 3213 4187 3523 4254; x_wconf 71' lang='lat' dir='ltr'><strong>inimicum,</strong></span> <span class='ocrx_word' id='word_1_651' title='bbox 3556 4188 3733 4244; x_wconf 78' lang='lat' dir='ltr'><strong>inter-</strong></span> 
     </span>
    </p>
   </div>
   <div class='ocr_carea' id='block_1_94' title="bbox 2137 4275 3729 4351">
    <p class='ocr_par' dir='ltr' id='par_1_94' title="bbox 2137 4275 3729 4351">
     <span class='ocr_line' id='line_1_95' title="bbox 2137 4275 3729 4351; baseline 0.004 -22"><span class='ocrx_word' id='word_1_652' title='bbox 2137 4275 2303 4331; x_wconf 84' lang='lat' dir='ltr'><strong>ﬁcere</strong></span> <span class='ocrx_word' id='word_1_653' title='bbox 2334 4278 2631 4333; x_wconf 84' lang='lat' dir='ltr'><strong>decertant.</strong></span> <span class='ocrx_word' id='word_1_654' title='bbox 2668 4278 2775 4335; x_wconf 80' lang='lat' dir='ltr'><strong>Vos</strong></span> <span class='ocrx_word' id='word_1_655' title='bbox 2812 4294 2943 4350; x_wconf 80' lang='lat' dir='ltr'><strong>ergo</strong></span> <span class='ocrx_word' id='word_1_656' title='bbox 2987 4280 3070 4351; x_wconf 93' lang='lat' dir='ltr'><strong>(ut</strong></span> <span class='ocrx_word' id='word_1_657' title='bbox 3111 4294 3329 4350; x_wconf 88' lang='lat' dir='ltr'><strong>semper</strong></span> <span class='ocrx_word' id='word_1_658' title='bbox 3374 4291 3574 4337; x_wconf 75' lang='lat' dir='ltr'><strong>vestra:</strong></span> <span class='ocrx_word' id='word_1_659' title='bbox 3613 4281 3729 4337; x_wconf 85' lang='lat' dir='ltr'><strong>sedi</strong></span> 
     </span>
    </p>
   </div>
   <div class='ocr_carea' id='block_1_95' title="bbox 2136 4370 3725 4443">
    <p class='ocr_par' dir='ltr' id='par_1_95' title="bbox 2136 4370 3725 4443">
     <span class='ocr_line' id='line_1_96' title="bbox 2136 4370 3725 4443; baseline 0.005 -22"><span class='ocrx_word' id='word_1_660' title='bbox 2136 4378 2338 4423; x_wconf 80' lang='lat' dir='ltr'><strong>sanctae</strong></span> <span class='ocrx_word' id='word_1_661' title='bbox 2381 4370 2718 4427; x_wconf 84' lang='lat' dir='ltr'><strong>consuetudo</strong></span> <span class='ocrx_word' id='word_1_662' title='bbox 2762 4371 2881 4443; x_wconf 88' lang='lat' dir='ltr'><strong>fuit)</strong></span> <span class='ocrx_word' id='word_1_663' title='bbox 2931 4373 3365 4443; x_wconf 86' lang='lat' dir='ltr'><strong>periclitantibus</strong></span> <span class='ocrx_word' id='word_1_664' title='bbox 3412 4373 3725 4442; x_wconf 89' lang='lat' dir='ltr'><strong>subvenite,</strong></span> 
     </span>
    </p>
   </div>
   <div class='ocr_carea' id='block_1_96' title="bbox 2137 4465 3728 4536">
    <p class='ocr_par' dir='ltr' id='par_1_96' title="bbox 2137 4465 3728 4536">
     <span class='ocr_line' id='line_1_97' title="bbox 2137 4465 3728 4536; baseline 0.006 -25"><span class='ocrx_word' id='word_1_665' title='bbox 2137 4476 2428 4530; x_wconf 88' lang='lat' dir='ltr'><strong>oppressos</strong></span> <span class='ocrx_word' id='word_1_666' title='bbox 2457 4465 2735 4531; x_wconf 89' lang='lat' dir='ltr'><strong>roborato,</strong></span> <span class='ocrx_word' id='word_1_667' title='bbox 2764 4466 3035 4521; x_wconf 76' lang='lat' dir='ltr'><strong>tribuistis</strong></span> <span class='ocrx_word' id='word_1_668' title='bbox 3076 4481 3294 4520; x_wconf 76' lang='lat' dir='ltr'><strong>manum</strong></span> <span class='ocrx_word' id='word_1_669' title='bbox 3328 4465 3616 4536; x_wconf 72' lang='lat' dir='ltr'><strong>porrigite,</strong></span> <span class='ocrx_word' id='word_1_670' title='bbox 3648 4476 3728 4521; x_wconf 85' lang='lat' dir='ltr'><strong>ta-</strong></span> 
     </span>
    </p>
   </div>
   <div class='ocr_carea' id='block_1_97' title="bbox 2136 4553 3726 4627">
    <p class='ocr_par' dir='ltr' id='par_1_97' title="bbox 2136 4553 3726 4627">
     <span class='ocr_line' id='line_1_98' title="bbox 2136 4553 3726 4627; baseline 0.003 -20"><span class='ocrx_word' id='word_1_671' title='bbox 2136 4553 2314 4623; x_wconf 87' lang='lat' dir='ltr'><strong>liaque</strong></span> <span class='ocrx_word' id='word_1_672' title='bbox 2366 4556 2667 4623; x_wconf 88' lang='lat' dir='ltr'><strong>prohibete,</strong></span> <span class='ocrx_word' id='word_1_673' title='bbox 2717 4565 2771 4611; x_wconf 86' lang='lat' dir='ltr'><strong>et</strong></span> <span class='ocrx_word' id='word_1_674' title='bbox 2814 4558 2962 4627; x_wconf 80' lang='lat' dir='ltr'><strong>leges</strong></span> <span class='ocrx_word' id='word_1_675' title='bbox 2994 4557 3274 4626; x_wconf 86' lang='lat' dir='ltr'><strong>imponite,</strong></span> <span class='ocrx_word' id='word_1_676' title='bbox 3329 4566 3385 4611; x_wconf 81' lang='lat' dir='ltr'><strong>ut</strong></span> <span class='ocrx_word' id='word_1_677' title='bbox 3426 4557 3726 4627; x_wconf 86' lang='lat' dir='ltr'><strong>apostolica</strong></span> 
     </span>
    </p>
   </div>
   <div class='ocr_carea' id='block_1_98' title="bbox 2132 4641 3724 4718">
    <p class='ocr_par' dir='ltr' id='par_1_98' title="bbox 2132 4641 3724 4718">
     <span class='ocr_line' id='line_1_99' title="bbox 2132 4641 3724 4718; baseline 0.004 -20"><span class='ocrx_word' id='word_1_678' title='bbox 2132 4641 2396 4713; x_wconf 90' lang='lat' dir='ltr'><strong>doctrina,</strong></span> <span class='ocrx_word' id='word_1_679' title='bbox 2429 4660 2549 4718; x_wconf 72' lang='lat' dir='ltr'><strong>qua:</strong></span> <span class='ocrx_word' id='word_1_680' title='bbox 2582 4648 2632 4701; x_wconf 93' lang='lat' dir='ltr'><strong>in</strong></span> <span class='ocrx_word' id='word_1_681' title='bbox 2660 4645 2774 4702; x_wconf 76' lang='lat' dir='ltr'><strong>Deo</strong></span> <span class='ocrx_word' id='word_1_682' title='bbox 2798 4657 2903 4714; x_wconf 89' lang='lat' dir='ltr'><strong>est,</strong></span> <span class='ocrx_word' id='word_1_683' title='bbox 2933 4648 3041 4703; x_wconf 91' lang='lat' dir='ltr'><strong>cito</strong></span> <span class='ocrx_word' id='word_1_684' title='bbox 3070 4647 3135 4703; x_wconf 93' lang='lat' dir='ltr'><strong>ad</strong></span> <span class='ocrx_word' id='word_1_685' title='bbox 3164 4650 3440 4704; x_wconf 90' lang='lat' dir='ltr'><strong>victoriam</strong></span> <span class='ocrx_word' id='word_1_686' title='bbox 3465 4648 3724 4718; x_wconf 88' lang='lat' dir='ltr'><strong>judicium</strong></span> 
     </span>
    </p>
   </div>
   <div class='ocr_carea' id='block_1_99' title="bbox 2127 4781 3719 4855">
    <p class='ocr_par' dir='ltr' id='par_1_99' title="bbox 2127 4781 3719 4855">
     <span class='ocr_line' id='line_1_100' title="bbox 2127 4781 3719 4855; baseline 0.006 -24"><span class='ocrx_word' id='word_1_687' title='bbox 2127 4789 2231 4855; x_wconf 86' lang='lat' dir='ltr'><strong>ret,</strong></span> <span class='ocrx_word' id='word_1_688' title='bbox 2265 4782 2353 4835; x_wconf 89' lang='lat' dir='ltr'><strong>alii</strong></span> <span class='ocrx_word' id='word_1_689' title='bbox 2379 4782 2645 4855; x_wconf 61' lang='lat' dir='ltr'><strong>judicent.</strong></span> <span class='ocrx_word' id='word_1_690' title='bbox 2690 4781 2842 4855; x_wconf 66' lang='lat' dir='ltr'><strong>Illam</strong></span> <span class='ocrx_word' id='word_1_691' title='bbox 2872 4783 3158 4849; x_wconf 87' lang='lat' dir='ltr'><strong>epistolam</strong></span> <span class='ocrx_word' id='word_1_692' title='bbox 3182 4826 3195 4848; x_wconf 94' lang='lat'><strong>,</strong></span> <span class='ocrx_word' id='word_1_693' title='bbox 3229 4785 3384 4854; x_wconf 87' lang='lat' dir='ltr'><strong>cujus</strong></span> <span class='ocrx_word' id='word_1_694' title='bbox 3416 4783 3719 4855; x_wconf 83' lang='lat' dir='ltr'><strong>fragmenta</strong></span> 
     </span>
    </p>
   </div>
   <div class='ocr_carea' id='block_1_100' title="bbox 2126 4848 3717 4921">
    <p class='ocr_par' dir='ltr' id='par_1_100' title="bbox 2126 4848 3717 4921">
     <span class='ocr_line' id='line_1_101' title="bbox 2126 4848 3717 4921; baseline 0.006 -19"><span class='ocrx_word' id='word_1_695' title='bbox 2126 4851 2225 4903; x_wconf 89' lang='lat' dir='ltr'><strong>sub</strong></span> <span class='ocrx_word' id='word_1_696' title='bbox 2249 4853 2467 4906; x_wconf 71' lang='lat' dir='ltr'><strong>nomine</strong></span> <span class='ocrx_word' id='word_1_697' title='bbox 2490 4848 2684 4908; x_wconf 79' lang='lat' dir='ltr'><strong>Felicis</strong></span> <span class='ocrx_word' id='word_1_698' title='bbox 2701 4848 3195 4908; x_wconf 73' lang='lat' dir='ltr'><strong>inChalCedoncnsi</strong></span> <span class='ocrx_word' id='word_1_699' title='bbox 3223 4848 3458 4910; x_wconf 71' lang='lat' dir='ltr'><strong>concilio</strong></span> <span class='ocrx_word' id='word_1_700' title='bbox 3480 4848 3717 4921; x_wconf 53' lang='lat' dir='ltr'><strong>e&#39;xstant,</strong></span> 
     </span>
    </p>
   </div>
   <div class='ocr_carea' id='block_1_101' title="bbox 2124 4921 3709 4997">
    <p class='ocr_par' dir='ltr' id='par_1_101' title="bbox 2124 4921 3709 4997">
     <span class='ocr_line' id='line_1_102' title="bbox 2124 4921 3709 4997; baseline 0.003 -23"><span class='ocrx_word' id='word_1_701' title='bbox 2124 4936 2151 4997; x_wconf 69' lang='grc' dir='ltr'><strong>ξι</strong></span> <span class='ocrx_word' id='word_1_702' title='bbox 2184 4921 2362 4997; x_wconf 84' lang='lat' dir='ltr'><strong>Felice</strong></span> <span class='ocrx_word' id='word_1_703' title='bbox 2401 4927 2641 4997; x_wconf 82' lang='lat' dir='ltr'><strong>secundo</strong></span> <span class='ocrx_word' id='word_1_704' title='bbox 2673 4927 2931 4997; x_wconf 87' lang='lat' dir='ltr'><strong>scriptam</strong></span> <span class='ocrx_word' id='word_1_705' title='bbox 2975 4925 3174 4991; x_wconf 85' lang='lat' dir='ltr'><strong>fuisse,</strong></span> <span class='ocrx_word' id='word_1_706' title='bbox 3226 4926 3557 4982; x_wconf 85' lang='lat' dir='ltr'><strong>doctissimis</strong></span> <span class='ocrx_word' id='word_1_707' title='bbox 3586 4930 3709 4996; x_wconf 91' lang='lat' dir='ltr'><strong>qui-</strong></span> 
     </span>
    </p>
   </div>
   <div class='ocr_carea' id='block_1_102' title="bbox 2122 4991 3710 5064">
    <p class='ocr_par' dir='ltr' id='par_1_102' title="bbox 2122 4991 3710 5064">
     <span class='ocr_line' id='line_1_103' title="bbox 2122 4991 3710 5064; baseline 0.004 -19"><span class='ocrx_word' id='word_1_708' title='bbox 2122 4991 2345 5048; x_wconf 83' lang='lat' dir='ltr'><strong>busdam</strong></span> <span class='ocrx_word' id='word_1_709' title='bbox 2378 4996 2505 5048; x_wconf 83' lang='lat' dir='ltr'><strong>viris</strong></span> <span class='ocrx_word' id='word_1_710' title='bbox 2531 4991 2841 5050; x_wconf 76' lang='lat' dir='ltr'><strong>auctoribus</strong></span> <span class='ocrx_word' id='word_1_711' title='bbox 2867 5037 2882 5062; x_wconf 89' lang='lat'><strong>,</strong></span> <span class='ocrx_word' id='word_1_712' title='bbox 2931 4997 3301 5052; x_wconf 75' lang='lat' dir='ltr'><strong>existimatum</strong></span> <span class='ocrx_word' id='word_1_713' title='bbox 3345 5010 3464 5064; x_wconf 82' lang='lat' dir='ltr'><strong>est,</strong></span> <span class='ocrx_word' id='word_1_714' title='bbox 3510 4991 3617 5051; x_wconf 74' lang='lat' dir='ltr'><strong>hac</strong></span> <span class='ocrx_word' id='word_1_715' title='bbox 3641 4997 3710 5052; x_wconf 92' lang='lat' dir='ltr'><strong>de</strong></span> 
     </span>
    </p>
   </div>
   <div class='ocr_carea' id='block_1_103' title="bbox 2122 5067 3709 5137">
    <p class='ocr_par' dir='ltr' id='par_1_103' title="bbox 2122 5067 3709 5137">
     <span class='ocr_line' id='line_1_104' title="bbox 2122 5067 3709 5137; baseline 0.004 -22"><span class='ocrx_word' id='word_1_716' title='bbox 2122 5078 2280 5137; x_wconf 64' lang='lat' dir='ltr'><strong>enim</strong></span> <span class='ocrx_word' id='word_1_717' title='bbox 2312 5107 2325 5125; x_wconf 84' lang='lat'><strong><em>.</em></strong></span> <span class='ocrx_word' id='word_1_718' title='bbox 2377 5068 2519 5134; x_wconf 87' lang='lat' dir='ltr'><strong>quod</strong></span> <span class='ocrx_word' id='word_1_719' title='bbox 2572 5068 2888 5134; x_wconf 68' lang='lat' dir='ltr'><strong>praedictum</strong></span> <span class='ocrx_word' id='word_1_720' title='bbox 2951 5069 3315 5137; x_wconf 63' lang='lat' dir='ltr'><strong>fragmentum</strong></span> <span class='ocrx_word' id='word_1_721' title='bbox 3374 5072 3424 5122; x_wconf 91' lang='lat' dir='ltr'><strong>in</strong></span> <span class='ocrx_word' id='word_1_722' title='bbox 3468 5067 3709 5130; x_wconf 73' lang='lat' dir='ltr'><strong>concilio</strong></span> 
     </span>
    </p>
   </div>
   <div class='ocr_carea' id='block_1_104' title="bbox 2120 5132 3719 5209">
    <p class='ocr_par' dir='ltr' id='par_1_104' title="bbox 2120 5132 3719 5209">
     <span class='ocr_line' id='line_1_105' title="bbox 2120 5132 3719 5209; baseline 0.004 -22"><span class='ocrx_word' id='word_1_723' title='bbox 2120 5132 2583 5209; x_wconf 28' lang='lat' dir='ltr'><strong>Chalcedonensi,’</strong></span> <span class='ocrx_word' id='word_1_724' title='bbox 2603 5147 2707 5190; x_wconf 91' lang='lat' dir='ltr'><strong>act.</strong></span> <span class='ocrx_word' id='word_1_725' title='bbox 2748 5140 2769 5209; x_wconf 72' lang='grc'><strong>1</strong></span> <span class='ocrx_word' id='word_1_726' title='bbox 2801 5146 2855 5209; x_wconf 79' lang='lat' dir='ltr'><strong>ct</strong></span> <span class='ocrx_word' id='word_1_727' title='bbox 2884 5132 3309 5209; x_wconf 66' lang='lat' dir='ltr'><strong>apud&#39;Cyrillum</strong></span> <span class='ocrx_word' id='word_1_728' title='bbox 3338 5141 3387 5192; x_wconf 90' lang='lat' dir='ltr'><strong>in</strong></span> <span class='ocrx_word' id='word_1_729' title='bbox 3412 5154 3506 5209; x_wconf 84' lang='lat' dir='ltr'><strong>sua</strong></span> <span class='ocrx_word' id='word_1_730' title='bbox 3531 5140 3719 5209; x_wconf 71' lang='lat' dir='ltr'><strong>apolo~</strong></span> 
     </span>
    </p>
   </div>
   <div class='ocr_carea' id='block_1_105' title="bbox 2123 5206 3710 5279">
    <p class='ocr_par' dir='ltr' id='par_1_105' title="bbox 2123 5206 3710 5279">
     <span class='ocr_line' id='line_1_106' title="bbox 2123 5206 3710 5279; baseline 0.006 -22"><span class='ocrx_word' id='word_1_731' title='bbox 2123 5208 2204 5274; x_wconf 71' lang='grc' dir='ltr'><strong>εἰη</strong></span> <span class='ocrx_word' id='word_1_732' title='bbox 2257 5218 2375 5276; x_wconf 86' lang='lat' dir='ltr'><strong>post</strong></span> <span class='ocrx_word' id='word_1_733' title='bbox 2423 5210 2701 5275; x_wconf 82' lang='lat' dir='ltr'><strong>epistolam</strong></span> <span class='ocrx_word' id='word_1_734' title='bbox 2744 5206 2870 5263; x_wconf 88' lang='lat' dir='ltr'><strong>Julii</strong></span> <span class='ocrx_word' id='word_1_735' title='bbox 2918 5206 3401 5279; x_wconf 47' lang='lat' dir='ltr'><strong>papm&#39;attexatur.</strong></span> <span class='ocrx_word' id='word_1_736' title='bbox 3445 5207 3550 5265; x_wconf 85' lang='lat' dir='ltr'><strong>Sed</strong></span> <span class='ocrx_word' id='word_1_737' title='bbox 3589 5222 3710 5266; x_wconf 85' lang='lat' dir='ltr'><strong>eam</strong></span> 
     </span>
    </p>
   </div>
   <div class='ocr_carea' id='block_1_106' title="bbox 2122 5278 3706 5351">
    <p class='ocr_par' dir='ltr' id='par_1_106' title="bbox 2122 5278 3706 5351">
     <span class='ocr_line' id='line_1_107' title="bbox 2122 5278 3706 5351; baseline 0.006 -23"><span class='ocrx_word' id='word_1_738' title='bbox 2122 5279 2444 5351; x_wconf 79' lang='lat' dir='ltr'><strong>sententiam</strong></span> <span class='ocrx_word' id='word_1_739' title='bbox 2470 5294 2533 5332; x_wconf 89' lang='lat' dir='ltr'><strong>ex</strong></span> <span class='ocrx_word' id='word_1_740' title='bbox 2563 5288 2884 5347; x_wconf 85' lang='lat' dir='ltr'><strong>argumento</strong></span> <span class='ocrx_word' id='word_1_741' title='bbox 2912 5278 2968 5335; x_wconf 86' lang='lat' dir='ltr'><strong>et</strong></span> <span class='ocrx_word' id='word_1_742' title='bbox 2998 5282 3152 5351; x_wconf 81' lang='lat' dir='ltr'><strong>titulo</strong></span> <span class='ocrx_word' id='word_1_743' title='bbox 3180 5278 3425 5348; x_wconf 88' lang='lat' dir='ltr'><strong>ejusdem</strong></span> <span class='ocrx_word' id='word_1_744' title='bbox 3456 5282 3706 5351; x_wconf 58' lang='lat' dir='ltr'><strong>epistola</strong></span> 
     </span>
    </p>
   </div>
   <div class='ocr_carea' id='block_1_107' title="bbox 2121 5348 3702 5420">
    <p class='ocr_par' dir='ltr' id='par_1_107' title="bbox 2121 5348 3702 5420">
     <span class='ocr_line' id='line_1_108' title="bbox 2121 5348 3702 5420; baseline 0.006 -21"><span class='ocrx_word' id='word_1_745' title='bbox 2121 5348 2492 5417; x_wconf 74' lang='lat' dir='ltr'><strong>redarguimus</strong></span> <span class='ocrx_word' id='word_1_746' title='bbox 2543 5364 2702 5415; x_wconf 81' lang='lat' dir='ltr'><strong>supra</strong></span> <span class='ocrx_word' id='word_1_747' title='bbox 2748 5351 2796 5403; x_wconf 92' lang='lat' dir='ltr'><strong>in</strong></span> <span class='ocrx_word' id='word_1_748' title='bbox 2842 5356 2988 5407; x_wconf 88' lang='lat' dir='ltr'><strong>notis</strong></span> <span class='ocrx_word' id='word_1_749' title='bbox 3013 5352 3079 5408; x_wconf 89' lang='lat' dir='ltr'><strong>ad</strong></span> <span class='ocrx_word' id='word_1_750' title='bbox 3110 5349 3144 5403; x_wconf 72' lang='grc'><strong>4</strong></span> <span class='ocrx_word' id='word_1_751' title='bbox 3188 5348 3702 5420; x_wconf 40' lang='lat' dir='ltr'><strong>epistolam—Felicis</strong></span> 
     </span>
    </p>
   </div>
   <div class='ocr_carea' id='block_1_108' title="bbox 2120 5420 2801 5487">
    <p class='ocr_par' dir='ltr' id='par_1_108' title="bbox 2120 5420 2801 5487">
     <span class='ocr_line' id='line_1_109' title="bbox 2120 5420 2801 5487; baseline 0.007 -16"><span class='ocrx_word' id='word_1_752' title='bbox 2120 5420 2299 5487; x_wconf 89' lang='lat' dir='ltr'><strong>primi.</strong></span> <span class='ocrx_word' id='word_1_753' title='bbox 2357 5421 2554 5475; x_wconf 71' lang='lat' dir='ltr'><strong>Seven.</strong></span> <span class='ocrx_word' id='word_1_754' title='bbox 2601 5421 2801 5476; x_wconf 76' lang='lat' dir='ltr'><strong>Bimus.</strong></span> 
     </span>
    </p>
   </div>
   <div class='ocr_carea' id='block_1_109' title="bbox 2200 5602 3711 5682">
    <p class='ocr_par' dir='ltr' id='par_1_109' title="bbox 2200 5602 3711 5682">
     <span class='ocr_line' id='line_1_110' title="bbox 2200 5602 3711 5682; baseline 0.008 -26"><span class='ocrx_word' id='word_1_755' title='bbox 2200 5604 2219 5682; x_wconf 68' lang='grc' dir='ltr'><em>ξ</em></span> <span class='ocrx_word' id='word_1_756' title='bbox 2250 5602 2477 5682; x_wconf 60' lang='grc' dir='ltr'><strong>βτεθρι</strong></span> <span class='ocrx_word' id='word_1_757' title='bbox 2508 5606 2629 5661; x_wconf 77' lang='lat' dir='ltr'><strong>alite</strong></span> <span class='ocrx_word' id='word_1_758' title='bbox 2671 5620 2860 5663; x_wconf 82' lang='lat' dir='ltr'><strong>omnes</strong></span> <span class='ocrx_word' id='word_1_759' title='bbox 2886 5612 3090 5663; x_wconf 68' lang='grc' dir='ltr'><strong>ηαντοῦ</strong></span> <span class='ocrx_word' id='word_1_760' title='bbox 3136 5610 3394 5682; x_wconf 67' lang='grc' dir='ltr'><strong>κόμματος</strong></span> <span class='ocrx_word' id='word_1_761' title='bbox 3425 5625 3493 5668; x_wconf 77' lang='lat' dir='ltr'><strong>ex</strong></span> <span class='ocrx_word' id='word_1_762' title='bbox 3515 5609 3711 5669; x_wconf 73' lang='lat' dir='ltr'><strong>eadem</strong></span> 
     </span>
    </p>
   </div>
   <div class='ocr_carea' id='block_1_110' title="bbox 2122 5672 2742 5747">
    <p class='ocr_par' dir='ltr' id='par_1_110' title="bbox 2122 5672 2742 5747">
     <span class='ocr_line' id='line_1_111' title="bbox 2122 5672 2742 5747; baseline -0.003 -17"><span class='ocrx_word' id='word_1_763' title='bbox 2122 5672 2347 5732; x_wconf 71' lang='lat' dir='ltr'><strong>officina</strong></span> <span class='ocrx_word' id='word_1_764' title='bbox 2372 5676 2742 5747; x_wconf 39' lang='lat' dir='ltr'><strong>‘depnanptc.</strong></span> 
     </span>
    </p>
   </div>
  </div>
