4150 6176
398 190 469 247 l8
1612 193 1972 257 EPISTOLE
2008 194 2097 261 8⁸1⁸
2134 197 2478 261 DECRETA.
3627 222 3695 278 η

390 307 695 405 perducitis
713 307 892 365 valeat
908 318 1183 405 nostrum,
1200 326 1408 385 nosque
1431 314 1820 389 (apostolorum
1844 321 1990 389 prin-
2016 322 2070 381 Α
2094 322 2543 390 oppressionibus
2562 332 2619 379 et
2643 325 2926 397 angustiis,
2955 327 3029 383 ita
3047 342 3147 387 nos
3172 328 3404 387 liberare
3424 332 3683 405 digneris.

385 402 513 471 cipe
556 401 890 471 sttﬁ‘ragante
933 404 1115 476 Petro)
1173 408 1242 462 ab
1281 408 1691 465 imminentibus
1735 414 1992 482 periculis

389 491 650 548 liberare.
687 494 941 549 Novimus
972 512 1207 568 namque
1254 500 1307 553 in
1353 501 1461 570 jam
1511 503 1729 570 prmfata
1774 504 1990 559 Niczena

389 587 607 657 synodo
626 586 715 658 (Et
739 592 958 644 habetur
979 592 1033 645 in
1050 593 1270 662 epistola
1291 596 1432 649 decr.
1457 595 1588 651 Julii
1604 609 1783 653 contra
1808 599 1993 655 Orien-

394 679 528 733 tales
552 696 645 750 pro
669 680 985 748 Athanasio,
1010 700 1057 737 c.
1091 684 1145 755 7)
1174 689 1504 756 generaliter
1529 705 1649 745 esse
1684 691 1987 761 decretum,

395 781 456 824 ut
481 771 657 826 nullus
696 774 901 842 passim
946 791 1191 847 Vageque
1238 780 1547 848 episcopos,
1591 792 1683 837 aut
1731 798 1993 853 praesum-

391 865 537 933 ptive
564 864 832 933 lacerare,
861 876 954 922 aut
982 884 1263 933 accusare,
1294 883 1348 927 et
1379 875 1467 943 qui
1500 890 1605 930 non
1654 887 1778 931 sunt
1830 888 1991 933 recta:

385 953 533 1018 ﬁdei,
567 959 649 1011 vel
695 958 852 1012 bona:
900 960 1045 1026 vitae,
1078 962 1166 1016 vel
1204 964 1365 1018 clarae
1408 968 1866 1036 conversationis,
1897 982 1992 1025 aut

383 1045 651 1103 infamare
675 1058 1004 1117 prasamat:
1032 1051 1129 1107 sed
1162 1055 1332 1123 prius,
1359 1055 1407 1109 si
1428 1072 1555 1127 erga
1588 1061 1874 1129 episcopos
1903 1061 1991 1117 vel

385 1148 639 1196 auctores
686 1141 952 1199 Ecclesia:
988 1145 1277 1216 quisquam
1315 1163 1534 1205 causam
1582 1151 1851 1215 habuerit,
1894 1170 1990 1208 eos

382 1246 507 1286 cum
534 1234 804 1289 eltaritate
832 1248 1119 1293 mansuete
1139 1242 1454 1307 conveniat,
1483 1252 1538 1296 ut
1566 1245 1635 1299 ab
1660 1246 1740 1300 eis
1773 1248 1987 1313 vulnus,

386 1327 533 1382 unde
562 1326 760 1395 agitur,
795 1338 945 1383 recte
982 1341 1205 1385 sanetur
1236 1349 1252 1388 :
1300 1342 1391 1387 aut
1421 1334 1557 1405 ipse,
1588 1336 1637 1389 si
1679 1352 1837 1392 secus
1865 1356 1989 1409 ege-

383 1418 483 1485 rit,
516 1429 797 1476 accusator
818 1425 1345 1480 excommmticetur.
1376 1427 1531 1495 Quod
1567 1431 1614 1484 si
1650 1430 1720 1484 ab
1745 1433 1826 1486 eis
1854 1432 1988 1488 nihil

390 1514 623 1570 valuerit
654 1527 803 1573 recte
844 1519 1150 1590 percipere,
1185 1531 1314 1577 tunc
1344 1524 1519 1592 primo
1546 1539 1787 1578 summos
1832 1526 1991 1580 adeat

380 1610 666 1678 primates,
714 1620 771 1665 et
819 1612 943 1681 ipsi,
991 1622 1236 1683 tempore
1280 1631 1541 1686 congruo,
1590 1619 1850 1674 canonice
1894 1634 1989 1675 eos

2096 412 2227 467 Nam
2255 414 2355 469 fuit
2378 430 2594 483 semper
2617 427 2807 473 vestra:
2830 429 3031 475 sanctze
3050 430 3107 476 et
3133 425 3448 491 apostolica:
3480 428 3593 484 sedi
3629 430 3691 485 li-

2093 506 2294 572 centia,
2321 506 2517 573 injuste
2552 507 2835 565 danntatos
2863 512 2947 565 vel
2973 516 3487 584 excommunicatos,
3509 530 3691 588 potes-

2097 597 2263 652 tative
2307 612 2399 651 sua
2443 601 2763 657 auctoritate
2794 603 3115 669 restituere;
3155 617 3212 661 et
3254 622 3345 662 sua
3379 610 3460 665 eis
3506 614 3689 669 omnia

2096 688 2343 753 reddere,
2376 700 2430 745 et
2471 692 2617 757 illos,
2647 694 2737 762 qui
2769 710 2863 751 eos
2894 696 3418 768 condemnaverunt,
3472 714 3565 760 aut
3595 722 3691 761 ex—

2095 784 2654 850 communicaverunt,
2676 789 2977 855 apostolico
3002 792 3187 860 punire
3212 794 3493 865 privilegio
3511 842 3526 865 ,
3548 800 3691 856 sicut

2095 873 2258 927 etiam
2284 876 2482 930 nostris
2503 886 2557 931 et
2581 880 2946 936 anterioribus
2972 883 3326 951 cognovimus
3350 897 3528 943 actum
3554 900 3692 947 tem-

2099 965 2339 1032 poribus.
2374 966 2545 1023 Porro
2575 979 2628 1024 et
2653 972 2753 1037 ipsi
2785 972 3060 1039 primates,
3090 976 3180 1043 qui
3214 978 3593 1048 episcoporum
3634 995 3691 1040 et

2095 1070 2426 1113 summorum
2455 1061 2946 1119 ecclesiasticarum
2980 1068 3317 1135 negotiorum
3341 1086 3533 1126 causas
3562 1091 3683 1130 sus-

2093 1150 2277 1218 cipere
2307 1150 2525 1213 debent.
2554 1154 2605 1209 in
2637 1156 2856 1221 pra-lixa
2906 1156 3123 1213 Nicaena
3153 1162 3363 1230 synodo
3384 1174 3508 1219 sunt
3530 1166 3689 1221 dinu-

2094 1244 2309 1308 merati,
2335 1258 2401 1296 ne
2431 1245 2483 1299 in
2514 1255 2788 1313 posterum
2820 1250 3100 1305 contentio
3127 1266 3192 1306 ex
3221 1252 3323 1308 boc
3362 1258 3617 1312 oriretur.
3644 1259 3689 1315 Ο

2093 1334 2436 1392 sanctissime
2469 1347 2625 1407 pater
2650 1348 2860 1408 patrum
2894 1340 3067 1411 (Idem
3107 1342 3320 1415 Sergius
3368 1348 3526 1416 episc.
3569 1366 3691 1405 mea:

2090 1426 2231 1495 cit),
2256 1428 2515 1485 abseittde
2538 1429 2923 1499 blaspbetnias,
2951 1443 3007 1488 et
3029 1434 3341 1501 jactantiam
3369 1440 3693 1510 vaniloquo-

2093 1526 2234 1582 ‘rum,
2261 1528 2316 1575 et
2344 1520 2714 1575 insidiantium
2748 1524 3141 1593 infestationes,
3167 1541 3268 1582 nos
3288 1539 3340 1581 et
3362 1527 3561 1585 fratres
3591 1547 3691 1586 no-

2092 1621 2235 1665 stros
2270 1614 2711 1681 opprimentium,
2744 1626 2907 1685 atque
2955 1617 3183 1685 perdere
3232 1619 3553 1688 Volcatium,
3597 1624 3687 1693 qui

381 1715 686 1759 convocare
711 1704 987 1761 debebunt
1027 1707 1217 1779 (Ibid,,
1251 1725 1299 1763 ο,
1333 1711 1448 1779 17),
1482 1710 1584 1777 Qui
1632 1712 1677 1766 si
1732 1723 1826 1767 au;
1871 1714 1984 1768 suis
2014 1699 2064 1762 B
2091 1705 2157 1759 ad
2188 1720 2303 1770 vos,
2332 1707 2485 1774 quasi
2517 1708 2585 1760 ad
2611 1716 2773 1776 caput
2792 1710 3156 1779 confugimus,
3194 1720 3253 1767 ut
3281 1719 3462 1767 vestro
3486 1714 3691 1769 suil'ulti

382 1795 550 1851 rebus
578 1797 887 1867 exspoliatl,
934 1808 1029 1853 aut
1056 1816 1085 1853 a
1139 1803 1373 1871 propriis
1403 1804 1627 1859 sedibus
1667 1804 1848 1874 ejecti,
1894 1818 1988 1861 aut

381 1889 733 1957 essulantes,
769 1894 855 1947 vel
898 1896 1144 1963 oppressi
1170 1904 1260 1949 aut
1292 1897 1474 1966 inique
1505 1900 1714 1952 tractati
1748 1899 1983 1968 fuerint,

378 1981 561 2052 primo
581 1993 862 2049 eruantur,
879 1995 933 2038 et
954 1986 1216 2042 canonice
1239 1992 1596 2044 restituantur
1619 1988 1808 2061 (Ibid.,
1830 2009 1877 2044 ε.
1904 1991 1982 2062 8),

379 2083 548 2145 atque
605 2078 788 2130 omnia
840 2078 941 2133 sibi
1005 2080 1214 2134 sublata
1281 2082 1632 2151 integerrime
1662 2084 1743 2137 eis
1778 2083 1985 2153 legibus

381 2166 679 2221 reddantur
696 2167 892 2238 (Hadr.
926 2169 1049 2225 coll.
1078 2172 1172 2241 55)
1201 2188 1214 2225 :
1240 2174 1499 2241 quoniam
1531 2175 1843 2243 priusquam
1870 2174 1986 2230 haec

377 2257 607 2330 ﬂant(nt
636 2260 689 2311 in
722 2260 982 2327 praedicnt
995 2262 1350 2316 constitutum
1374 2276 1457 2318 est
1480 2265 1875 2335 concilio),nec
1895 2281 1986 2321 ca-

376 2350 575 2404 nonice
601 2352 914 2416 convocari,
940 2367 1041 2407 nec
1063 2354 1080 2386 ⁸
1107 2354 1361 2423 distingui
1387 2371 1414 2406 a
1441 2372 1709 2426 quoquam
1734 2368 1981 2426 possunt,

372 2443 630 2511 quoniam
657 2458 758 2498 nec
782 2444 964 2499 muli
990 2444 1134 2514 leges
1150 2444 1271 2498 haec
1287 2446 1405 2501 fieri
1422 2450 1760 2516 permittunt,
1783 2461 1983 2518 quanto

376 2535 549 2604 magis
578 2534 994 2591 ecclesiastica!
1024 2537 1287 2593 Similiter
1315 2550 1370 2593 et
1408 2554 1436 2593 a
1468 2541 1794 2609 supradictis
1818 2542 1983 2610 patri-

375 2628 478 2683 bus
499 2639 580 2687 est
596 2629 880 2685 deﬁnitum
905 2641 1291 2695 consonanter,
1323 2642 1381 2686 ut
1404 2634 1449 2687 si
1465 2636 1743 2705 quisquam
1768 2638 1979 2705 episco-

375 2734 593 2789 porum,
625 2730 720 2777 aut
745 2722 1311 2792 metropolitanorum,
1345 2734 1435 2778 aut
1463 2726 1973 2796 comprovinciales,

373 2813 459 2867 vel
489 2813 702 2882 judices
729 2796 1015 2883 suspectos
1041 2815 1310 2884 habuerit,
1342 2826 1575 2871 vestram
1599 2830 1839 2873 sanctam
1869 2820 1977 2875 Ro—

370 2922 589 2962 manam
603 2907 915 2977 interpellet
928 2909 1110 2964 sedem
1123 2951 1136 2974 ,
1152 2909 1240 2963 cui
1258 2910 1326 2964 ab
1349 2911 1468 2978 ipso
1485 2911 1715 2965 Domino
1740 2922 1975 2981 potestas

372 2999 571 3068 ligandi
594 3016 657 3055 ac
682 3000 927 3055 solvendi
952 2999 1167 3072 (Matth.
1188 3000 1328 3071 XVI)
1351 3002 1576 3070 speciali
1596 3013 1679 3057 est
1699 3005 1979 3075 privilegio

2093 1798 2297 1853 auxilio
2348 1798 2663 1863 liberemur,
2711 1809 2768 1855 et
2836 1800 2988 1855 vobis
3053 1801 3314 1873 nobisque
3369 1803 3689 1859 commissas

2091 1889 2293 1947 Christi
2324 1906 2455 1946 oves
2478 1907 2505 1944 a
2539 1892 2789 1960 luporum
2819 1908 2936 1959 ore,
2969 1894 3199 1950 Domino
3237 1896 3684 1963 adminiculante,

2091 1994 2381 2050 antequam
2409 1982 2796 2053 deglutiantur,
2824 1985 3139 2053 eripiamur.
3168 1984 3280 2041 Nec
3307 1987 3453 2040 enim
3494 1988 3577 2042 fas
3603 1995 3689 2043 est

2089 2073 2178 2145 (S.
2208 2074 2470 2131 Martinus
2508 2092 2645 2145 papa
2666 2075 2901 2147 ibidem),
2929 2075 3230 2144 snpplicutn
3266 2078 3573 2146 apostolica:
3601 2094 3688 2136 se-

2088 2166 2175 2222 dis
2191 2167 2417 2235 scripto,
2444 2179 2535 2223 aut
2560 2168 2677 2224 sine
2706 2170 2911 2237 scripto
2935 2183 3123 2237 preces
3145 2170 3356 2225 oblatas
3381 2171 3683 2240 despicere,

2090 2258 2184 2313 sed
2216 2259 2297 2329 (ut
2319 2258 2605 2325 cttndecet,
2639 2270 2695 2313 ut
2729 2260 3065 2328 privilegium
3096 2270 3289 2317 vestra:
3311 2262 3456 2315 sedis
3488 2262 3597 2334 est)
3630 2272 3685 2317 et

2088 2365 2187 2406 nos
2213 2359 2270 2406 et
2290 2351 2367 2405 illi
2394 2350 2781 2405 canonicaliter
2809 2366 3172 2407 convocemur
3193 2391 3211 2420 ,
3241 2358 3296 2407 et
3334 2362 3459 2408 ante
3488 2369 3586 2408 vos
3613 2354 3685 2410 de

2090 2443 2292 2497 nostris
2318 2442 2716 2512 objectionibus
2759 2444 3019 2499 canonice
3056 2459 3178 2499 cum
3218 2444 3367 2500 omni
3417 2446 3697 2515 probitate-

2085 2546 2485 2602 concertemus,
2519 2536 2659 2593 sicut
2689 2536 3118 2605 praedecessores
3158 2538 3329 2593 nostri
3361 2554 3527 2607 penes
3555 2556 3679 2597 ves-

2089 2637 2201 2683 tros
2224 2628 2477 2685 iecerunt
2502 2638 2899 2697 antecessores,
2922 2640 2978 2685 et
3002 2632 3141 2687 sicut
3169 2633 3430 2687 canonica
3460 2635 3512 2688 in
3538 2649 3681 2703 prte-

2084 2721 2228 2777 dicta
2243 2732 2425 2778 sancta
2440 2725 2651 2795 synodo
2672 2725 2868 2779 docent
2885 2726 3147 2791 instituta,
3175 2735 3230 2782 et
3251 2728 3418 2783 veluti
3443 2729 3642 2797 palliati
3659 2730 3680 2761 ³

2082 2815 2232 2869 verbi
2267 2832 2361 2884 per
2391 2818 2751 2872 ventilabrnm
2777 2819 3053 2873 canonica:
3083 2820 3533 2887 examinationis;
3564 2824 3675 2891 ple—

2086 2922 2210 2963 nam
2236 2908 2606 2977 purgationem
2634 2910 2685 2963 in
2708 2911 2978 2964 communi
3000 2912 3363 2967 consistentes
3384 2912 3674 2981 auditorio,

2083 2998 2151 3053 de
2183 3001 2408 3053 maturis
2432 3008 2488 3055 et
2508 3002 2907 3056 enutrientibus
2951 3004 3230 3059 catholicae
3261 3005 3521 3061 Ecclesia:
3543 3007 3677 3077 dog-

372 3106 540 3161 super
567 3092 701 3147 alios
738 3106 1023 3148 concessa.
1058 3092 1176 3162 Ipsa
1222 3094 1368 3148 enim
1398 3093 1641 3165 (Sergius
1680 3095 1839 3166 Cypri
1882 3114 1969 3167 ep.
2002 3080 2046 3143 C
2080 3094 2333 3159 matibus,
2365 3110 2486 3163 qua:
2513 3096 2835 3150 confirmant
2863 3112 2959 3152 cor
2986 3097 3244 3164 hominis,
3276 3115 3369 3168 per
3391 3101 3676 3170 participa-

375 3186 447 3239 sd
476 3185 519 3241 T
526 3187 802 3241 haedorum
833 3204 1045 3257 papam,
1079 3205 1225 3243 cans.
1274 3188 1311 3241 2
1347 3190 1533 3243 consil.
1584 3189 1969 3263 Lateranensis)

378 3279 769 3336 ﬁrmamentum
792 3297 822 3335 a
851 3282 966 3337 Deo
989 3284 1150 3337 fixum
1175 3292 1229 3337 et
1251 3284 1527 3339 immobile
1551 3285 1811 3353 percepit,
1836 3299 1973 3353 quo-

368 3375 517 3429 niam
547 3374 717 3444 ipsam
746 3375 977 3431 formam
1019 3378 1400 3432 universorum
1433 3377 1712 3432 titulorum
1749 3379 1971 3433 lucidis-

366 3467 587 3533 sintam,
614 3468 876 3523 Dominus
890 3469 1047 3523 .lesus
1072 3468 1321 3524 Christus
1350 3481 1586 3525 vestram
1615 3472 1967 3541 apostolicam

365 3558 651 3616 constituit
690 3560 901 3615 sedem.
933 3559 1053 3629 ipsa
1098 3571 1183 3616 est
1225 3561 1367 3615 enim
1416 3576 1573 3615 sacer
1600 3563 1621 3593 ⁸
1649 3570 1858 3629 vertex,
1910 3564 1965 3619 in

365 3666 477 3720 quo
500 3665 693 3705 otnnes
736 3650 993 3706 Ecclesiae
1026 3661 1330 3715 vertuntur,
1373 3660 1768 3717 sustentantur,
1818 3653 1963 3709 rele-

366 3750 584 3797 vantur.
600 3750 629 3781 ι
651 3743 717 3797 Et
746 3743 885 3798 sicut
910 3742 967 3797 in
983 3742 1200 3797 Christo
1221 3743 1539 3808 Christiani,
1558 3754 1612 3798 et
1640 3746 1689 3797 in
1717 3753 1885 3813 petra,
1910 3744 1965 3799 id

365 3844 450 3889 est
474 3834 717 3902 Christo,
761 3834 975 3897 Petrus,
1007 3834 1154 3890 Petri
1200 3846 1531 3890 renovantur
1552 3834 1831 3889 Ecclesiae.
1882 3838 1961 3891 Tu

363 3926 593 3980 esenitn
622 3924 787 3997 (sicut
811 3926 1066 3980 .divinum
1093 3927 1363 3981 veraciter
1400 3934 1630 3980 testatur
1660 3926 1957 3996 eloquium)

366 4015 583 4081 Petrus,
613 4026 669 4071 et
690 4032 850 4085 super
864 4016 1274 4072 fundamentum
1302 4028 1448 4070 tuum
1472 4017 1728 4071 Ecclesiae
1755 4019 1963 4071 colum-

366 4122 474 4169 nae,
502 4107 555 4161 id
580 4117 686 4174 est,
709 4109 970 4181 episcopi,
1002 4111 1094 4179 qui
1123 4109 1418 4163 Ecclesium
1442 4110 1735 4173 sustinere,
1763 4119 1817 4163 et
1840 4125 1963 4178 pro-

365 4199 507 4268 priis
531 4199 768 4255 humeris
804 4210 1015 4269 portare
1045 4201 1268 4264 debent,
1305 4200 1402 4254 tibi
1448 4211 1573 4256 sunt
1603 4199 1961 4267 conﬁrmata),

365 4293 575 4363 tibique
598 4294 774 4350 claves
800 4295 947 4364 regni
974 4296 1239 4349 cmlorum
1267 4296 1562 4360 commisit,
1604 4304 1767 4363 atque
1797 4294 1963 4364 ligare

364 4399 423 4443 et
485 4388 699 4443 solvere
753 4388 1075 4458 potestative
1114 4404 1233 4459 qua:
1292 4389 1345 4442 in
1400 4398 1543 4443 terra
1609 4397 1664 4442 et
1712 4388 1765 4441 in
1807 4388 1962 4444 ctelis

2084 3184 2283 3239 tionem
2319 3194 2664 3255 paternarum
2692 3202 3089 3257 consequamur
3111 3189 3534 3246 institutionum.
3554 3194 3669 3247 An-

2081 3275 2241 3345 tiquis
2267 3277 2411 3333 enim
2443 3277 2641 3347 regulis
2670 3276 2815 3347 (PP.
2854 3279 2966 3347 Afr.
3002 3280 3057 3334 in
3100 3296 3184 3346 ep.
3234 3280 3303 3333 ad
3344 3280 3673 3336 Theodorum

2082 3387 2291 3438 papam,
2316 3388 2457 3425 cons.
2492 3370 2528 3424 2
2553 3388 2700 3426 conc.
2730 3371 2929 3437 Later.,
2957 3390 3043 3426 an.
3076 3374 3182 3428 649
3207 3375 3465 3443 celebrati)
3488 3378 3668 3431 sanci-

2080 3471 2191 3515 tum
2213 3470 2321 3529 est,
2350 3471 2412 3517 ut
2441 3463 2699 3531 quidquid
2727 3464 2968 3533 quamvis
2995 3466 3050 3518 in
3076 3468 3318 3530 remotis,
3342 3476 3437 3522 aut
3465 3468 3669 3538 longin-

2075 3556 2195 3626 quis
2223 3557 2412 3627 positis
2440 3558 2736 3626 provinciis
2761 3574 2926 3627 super
2953 3560 3330 3628 episcoporum
3397 3561 3667 3630 querelis,

2073 3659 2165 3703 aut
2188 3650 2625 3705 accusationibus
2640 3660 2913 3720 ageretur,
2932 3666 3037 3705 non
3056 3653 3204 3720 prius
3224 3653 3562 3709 tractandum
3582 3655 3668 3709 vel

2070 3740 2445 3810 accipiendum
2469 3750 2636 3802 esset.
2660 3758 2820 3810 quam
2846 3742 2913 3795 ad
2934 3744 3177 3796 notitiam
3202 3744 3357 3797 almae
3379 3746 3525 3799 sedis
3547 3760 3666 3801 ves—

2072 3844 2167 3890 traa
2197 3833 2388 3889 fuisset
2416 3834 2740 3899 deductum,
2774 3842 2833 3886 ut
2862 3834 3020 3903 hujus
3072 3836 3414 3900 auctoritate,
3448 3837 3470 3869 ‘
3512 3840 3666 3906 juxta

2069 3944 2187 3998 quae
2208 3929 2421 3993 fuisset,
2439 3928 2803 3995 pronuntiatio
2817 3926 3198 3990 inﬁrmaretur,
3217 3936 3308 3980 aut
3326 3930 3665 3985 ﬁrmaretur:

2069 4021 2301 4089 indeque
2333 4027 2613 4074 sumerent
2644 4033 2915 4084 normam,
2937 4017 3080 4074 unde
3101 4018 3363 4073 Ecclesia:
3384 4035 3668 4090 sumpsere

2070 4112 2475 4182 praedicationis
2506 4111 2785 4166 exordium
2805 4152 2819 4176 ,
2853 4125 2954 4164 nec
2984 4112 3183 4179 passim
3213 4112 3282 4165 ab
3328 4112 3661 4167 insidiatori-

2072 4207 2174 4260 bus
2219 4206 2488 4259 columnte
2548 4212 2927 4259 everterentur
2974 4204 3253 4258 Ecclesiae.
3307 4204 3525 4259 Certum
3579 4215 3663 4261 est

2069 4299 2250 4363 enim,
2295 4297 2472 4351 eidem
2506 4305 2711 4351 sanctae
2737 4296 2852 4349 sedi
2883 4304 3106 4357 vestrm,
3147 4294 3201 4349 in
3232 4296 3493 4351 honorem
3537 4296 3665 4351 bea-

2073 4389 2265 4444 tissimi
2298 4389 2466 4453 Petri,
2493 4397 2706 4456 patrum
2734 4388 2953 4443 decreta
2988 4388 3311 4457 peculiarem
3357 4389 3663 4445 decrevisse
3756 4460 3761 4463 Α

363 4488 494 4539 aut
546 4478 761 4551 (limit.
819 4479 985 4548 XVI),
1037 4480 1413 4550 promulgavit.
1482 4479 1564 4533 Tu
1617 4479 1959 4549 profanarum
1994 4468 2426 4537 Dreverentiam
2470 4481 2597 4545 Dei,
2652 4495 2748 4549 pro
2778 4480 2943 4535 rebus
2982 4479 3316 4549 inquirendis
3368 4489 3529 4550 atque
3559 4481 3659 4535 de-

366 4573 657 4628 bat-asiam
677 4614 694 4639 ,
722 4584 777 4630 et
804 4574 1172 4643 impetitorum
1195 4615 1210 4640 ,
1244 4582 1404 4643 atque
1432 4574 1672 4627 omnium
1699 4574 1961 4627 infestan-

363 4666 503 4719 tiutn
570 4666 879 4735 depositor,
937 4675 993 4721 ut
1042 4666 1296 4737 princeps
1342 4674 1396 4720 et
1438 4664 1658 4731 doctor,
1690 4676 1960 4735 caputque

361 4762 610 4812 omnium
647 4758 963 4813 orthodoxae
1004 4758 1288 4823 doctrinae,
1338 4768 1393 4813 et
1438 4758 1794 4813 immaculata:
1838 4758 1961 4813 tidei

361 4849 575 4908 existis.
630 4850 795 4921 Igitur
832 4866 903 4907 ne
943 4851 1239 4921 despicias,
1286 4860 1459 4920 pater,
1486 4859 1700 4904 tuorum
1750 4859 1961 4918 patrum

358 4941 646 5013 pietatem,
676 4945 982 5014 bonamque
1011 4946 1391 5000 intentionem.
1440 4942 1509 4998 Et
1550 4944 1689 4998 sicut
1736 4944 1833 5009 illi,
1868 4959 1961 5013 pa-

358 5047 474 5093 sres
504 5046 559 5093 et
584 5038 1014 5107 prmdecessores
1049 5046 1267 5092 nostros
1296 5051 1325 5089 a
1368 5036 1551 5091 multis
1590 5036 1962 5091 liberaverunt

433 5251 462 5279 ἰ
492 5241 560 5297 Et
588 5244 741 5299 sicut.
777 5243 1085 5313 Legendum
1114 5243 1367 5297 videtur:
1398 5241 1464 5295 Et
1495 5241 1635 5296 sicut
1660 5242 1713 5295 in
1737 5240 1957 5295 Christo

355 5314 680 5380 Christiani,
714 5317 786 5370 ita
817 5327 872 5370 et
905 5320 955 5368 in
988 5325 1158 5383 petra.
1194 5314 1245 5367 id
1276 5322 1379 5375 est,
1408 5314 1595 5375 Petro,
1625 5323 1958 5383 renowntur

354 5385 663 5449 Wia:
702 5397 762 5447 ω
790 5387 867 5445 sit
883 5382 1100 5451 saltans,
1144 5385 1406 5445 Rontana:
1436 5383 1697 5445 Ecclesia:
1739 5382 1959 5452 pontiﬁ-

430 5526 449 5559 ⁸
483 5520 648 5585 Forte
676 5523 949 5594 Distringi.

425 5596 543 5652 ’Sic
565 5595 738 5652 Graeci
765 5588 919 5652 πὸλόν
948 5598 1049 5652 ἀπο
1076 5600 1172 5652 τοῦ
1198 5594 1392 5657 πολεῖν,
1422 5604 1599 5661 neque
1622 5604 1687 5647 ex
1719 5588 1825 5661 hoc
1850 5596 1969 5659 ety.

354 5684 448 5725 mo
478 5682 675 5737 arguas
701 5667 893 5725 Latine
920 5670 1175 5738 scriptam
1208 5666 1388 5737 potius
1417 5659 1539 5718 esse
1564 5676 1726 5730 quam
1754 5659 1969 5717 Graece.

2069 4574 2429 4630 tarminandis
2449 4616 2464 4639 ,
2493 4588 2614 4643 quas
2644 4573 2875 4627 sollicite
2903 4572 3062 4627 decet
3086 4614 3100 4638 ,
3147 4574 3400 4643 justeque
3427 4574 3496 4627 ab
3544 4575 3661 4643 ipso

2066 4668 2357 4740 praesulem
2391 4665 2692 4721 examinari
2723 4664 2923 4720 vertice
2953 4665 3254 4734 apostolico
3274 4708 3288 4733 ,
3317 4667 3471 4735 cujus
3511 4668 3663 4722 solli.

2064 4759 2248 4816 citudo
2279 4774 2493 4827 semper
2523 4756 2620 4810 fuit
2646 4766 2701 4811 et
2728 4768 2833 4823 εει,
2871 4766 2977 4810 tam
3011 4756 3148 4810 mala
3179 4757 3459 4826 damnare,
3502 4774 3664 4829 quam

2065 4854 2297 4923 probare
2347 4848 2635 4904 laudantia.
2712 4848 2976 4914 Quocirca
3040 4848 3403 4904 humillimum
3478 4860 3663 4907 vestro

2062 4945 2365 5014 apostolico
2393 4940 2613 4996 culmini
2647 4940 3024 5009 persolventes
3051 4940 3403 5011 obsequium,
3437 4953 3496 4997 ut
3546 4944 3662 5011 ipse

2062 5037 2321 5093 Dominus
2350 5034 2643 5104 prmcepit,
2701 5042 2757 5089 et
2801 5044 3113 5088 sanctorum
3160 5034 3375 5091 decreta
3450 5046 3661 5105 patrum

2065 5256 2206 5307 cem,
2236 5240 2280 5294 si
2309 5239 2435 5309 quid
2468 5238 2519 5293 in
2552 5238 2769 5292 caeteris
2800 5236 3049 5293 ccclesiis
3076 5236 3321 5292 vitiatum
3350 5245 3441 5290 aut
3465 5235 3661 5309 depra-

2067 5322 2246 5367 vatum
2280 5312 2383 5374 sit,
2430 5324 2525 5365 sua
2558 5312 2885 5365 auctoritate
2916 5317 2972 5364 et
3000 5322 3161 5376 posse
3186 5317 3235 5363 et
3269 5309 3467 5363 debere
3495 5308 3665 5363 corri—

2065 5399 2215 5455 gere.
2259 5383 2458 5438 Savsn.
2503 5380 2708 5437 Bmws.

2145 5516 2169 5549 ³
2193 5516 2334 5549 ..οι-Ιιὶ

2145 5516 2169 5549 ,
2321 5517 2334 5529 .

2145 5588 2166 5619 ⁸
2193 5516 2498 5659 3:32am
2522 5586 2704 5660 {uisset
2729 5582 3084 5657 pronuntiatio
3107 5583 3268 5655 facta,
3296 5584 3669 5658 “ﬁrmaretur.
