4150 6176
460 217 527 274 is
1644 187 1956 259 samaras
1991 184 2199 247 rem
2234 182 2417 243 pars
2455 182 2521 240 ιι.
3684 180 3753 238 ιθ

455 335 770 389 statuerunt
790 366 805 392 ,
858 336 980 380 cum
1024 318 1284 392 lacrymis
1313 315 1652 389 suggerimus
1680 354 1696 380 ,
1747 308 1892 382 quod
1932 305 2050 361 sine
2082 307 2129 368 Α
2154 300 2241 356 die
2272 300 2339 354 17
2368 294 2725 392 kalendarum
2753 290 3120 392 Augustarum
3143 289 3164 321 ²
3186 328 3203 355 ,
3247 286 3556 392 indictionis
3582 304 3748 363 quar-

456 424 658 496 gemitu
697 418 876 475 cordis
915 416 1146 470 reticere
1186 427 1292 466 non
1324 411 1617 465 valeamus.
1669 405 1803 461 Nam
1838 404 1889 455 in
1931 410 2050 496 tan-

461 492 574 573 tum
605 531 633 570 a
663 508 1102 586 persecutoribus
1134 514 1335 559 sancta:
1368 504 1461 558 Dei
1500 500 1746 556 ecclesia:
1773 538 1788 563 ,
1822 492 2052 550 nostris-

458 625 566 680 que
611 585 845 662 inimicis
896 596 1309 667 persequimur,
1358 604 1419 650 ut
1463 595 1633 664 magis
1689 604 1791 645 nos
1853 585 2054 680 tmdeat

462 676 668 763 vivere,
704 709 862 764 quam
890 691 1049 745 mori.
1096 688 1253 745 Unde
1281 704 1395 759 pra:
1427 685 1680 740 omnibus
1726 682 1959 735 fatemur
2001 676 2056 729 in

462 798 670 845 tantum
701 800 796 837 cor
827 797 948 854 esse
978 787 1222 834 nostrum
1254 778 1595 831 vulneratum
1637 770 1844 842 (Victor
1873 766 2052 823 Carth.

462 886 517 937 in
547 900 629 951 ep.
663 879 733 932 ad
765 876 1093 931 Theodorum
1120 871 1359 943 papam),
1402 879 1460 924 ut
1494 866 1872 937 prOpheticum
1906 861 2056 915 illum

463 980 737 1048 planetum
785 979 1107 1039 exoptemus
1135 1009 1149 1033 ,
1198 966 1481 1020 dicentes:
1540 961 1667 1026 Quis
1712 958 1854 1010 dabit
1902 952 2060 1024 capiti

464 1081 640 1125 nostro
672 1082 854 1137 aquam
879 1104 892 1129 ,
915 1073 1014 1117 .aut
1042 1060 1207 1115 oculis
1237 1060 1427 1113 nostris
1458 1060 1649 1127 fontem
1690 1053 2052 1121 lacrumarum,

464 1174 520 1217 ut
549 1168 804 1222 sedentes,
836 1159 1094 1227 ploremus
1124 1154 1207 1207 die
1235 1170 1295 1206 ac
1326 1161 1472 1205 nocte
1501 1148 1721 1219 (Jerem.
1753 1143 1878 1215 tt)?
1919 1141 2060 1196 Ecce

469 1256 614 1312 enim
639 1251 876 1307 Ecclesia
904 1249 995 1303 Dei
1022 1264 1125 1303 non
1156 1246 1348 1302 leviter
1374 1248 1741 1314 perturbatur,
1764 1237 2059 1291 columna:-

470 1364 574 1418 que
601 1347 718 1415 ejus
750 1343 910 1397 nimis
943 1342 1298 1403 infestantur,
1343 1344 1502 1405 atque
1542 1349 1570 1386 a
1603 1331 1782 1403 pravis
1818 1325 2059 1383 amoveri

468 1437 782 1493 hominibus
811 1436 1074 1488 nituntur.
1140 1429 1571 1485 Christianorum
1615 1439 1747 1478 vero
1790 1433 1954 1475 voces
1997 1430 2062 1470 ac

468 1530 703 1601 gemitus
730 1527 1109 1597 episcoporum
1142 1524 1299 1592 longe
1326 1520 1539 1588 lateque
1567 1521 1863 1577 resonant,
1903 1508 2060 1564 novi-

469 1632 611 1678 tates
632 1623 940 1689 insurgunt,
965 1616 1253 1672 calumnim
1278 1620 1552 1676 crescunt,
1578 1606 1885 1678 persecutio
1908 1617 2061 1673 gras-

2152 401 2243 457 tm,
2271 400 2511 445 nostram
2540 386 2917 447 humilitatem,
2948 381 3128 436 divina
3152 380 3351 450 gratia,
3377 395 3475 435 suo
3501 380 3583 454 (ut
3608 396 3746 451 prae-

2154 483 2323 553 cepit)
2354 496 2578 536 munere
2612 476 2978 547 praeveniente
2999 515 3013 537 ,
3063 474 3263 527 vestris
3309 473 3514 527 sanctis
3544 489 3607 529 ac
3638 475 3747 530 Deo

2157 576 2337 646 dignis
2378 573 2628 644 precibus
2658 570 2712 624 iu
2752 578 2939 623 sancta
2972 567 3215 621 Romana
3237 565 3258 595 ³
3289 565 3534 620 Ecclesia
3578 566 3751 635 ponti-

2158 669 2325 724 ﬁcalis
2362 667 2583 721 honoris
2612 662 2890 733 accepisse
2917 659 3386 716 consecrationem
3427 670 3483 715 et
3513 659 3710 715 stolam
3735 677 3749 715 :

2160 764 2213 817 in
2239 778 2345 832 quo
2376 759 2651 830 dignitatis
2678 756 2893 827 fastigio
2914 796 2930 822 ,
2975 763 3033 809 ut
3060 769 3088 808 a
3124 755 3232 808 Deo
3260 753 3637 822 omnipotente
3669 767 3754 809 re-

2158 871 2348 926 gamur
2377 854 2646 907 altissimo
2670 890 2685 917 ,
2728 862 2783 904 et
2814 863 2844 902 a
2874 847 3030 901 malis
3060 845 3312 900 omnibus
3339 844 3665 912 liberemur,
3695 854 3754 901 ut

2161 964 2267 1003 non
2301 946 2643 1002 sacerdotale
2671 958 2868 997 nomen
2902 950 3127 1007 tantum,
3181 937 3278 994 sed
3309 937 3506 993 Chrisu
3539 938 3752 994 Domini

2162 1046 2256 1099 Dei
2287 1044 2458 1099 nostri
2492 1048 2808 1112 protegente
2831 1036 3057 1101 auxilio,
3080 1044 3135 1089 et
3155 1035 3407 1090 meritum
3432 1033 3749 1102 habeamus,

2159 1137 2356 1191 vestris
2386 1134 2591 1188 sanctis
2621 1146 2683 1186 ac
2713 1130 2824 1185 Deo
2854 1126 3285 1199 acceptabilibus
3332 1141 3432 1181 nos
3472 1140 3754 1182 commen-

2161 1228 2353 1283 dantes
2380 1225 2719 1281 orationibus
2744 1265 2759 1290 ,
2812 1221 3087 1293 poscimus
3112 1261 3126 1284 ,
3174 1228 3440 1290 quatenus
3464 1226 3520 1275 et
3555 1220 3754 1276 vestris

2162 1318 2639 1391 dcprecatiouibus
2685 1333 2785 1387 pro
2830 1316 2985 1370 nobis
3016 1314 3083 1369 ad
3113 1315 3280 1370 Deum
3313 1312 3505 1369 effusis
3537 1314 3753 1382 muniti,

2163 1424 2217 1469 et
2247 1411 2644 1467 eruditionibus
2694 1408 2851 1463 bonis
2897 1407 3190 1472 instructi,
3240 1405 3389 1472 digni
3428 1404 3750 1473 efﬁciamur,

2163 1520 2285 1561 cum
2314 1504 2460 1557 omni
2494 1502 2650 1555 nobis
2672 1499 2873 1570 populo
2891 1496 3203 1553 Christiano
3229 1498 3544 1560 commisso,
3575 1497 3755 1563 illaesi,

2164 1596 2375 1665 protegi
2428 1593 2737 1648 velamento
2784 1590 2993 1645 divino.
3067 1588 3148 1644 Ad
3203 1588 3579 1644 salutationem
3627 1602 3757 1659 ergo

470 1722 622 1770 satur
649 1755 662 1778 ,
707 1710 945 1783 perditio
987 1709 1047 1762 ﬁt
1091 1708 1432 1778 populorum.
1491 1704 1740 1757 Vestrum
1773 1706 1860 1753 est
1888 1696 2049 1762 enim,

2166 1697 2360 1743 vestra:
2402 1694 2607 1740 sanctze
2648 1694 2702 1740 et
2752 1681 3089 1737 honoranda:
3136 1681 3470 1748 paternitatis
3512 1681 3631 1736 vice
3658 1696 3759 1736 no-

468 1806 626 1860 nobis
649 1818 864 1858 manum
894 1799 1197 1871 porrigere,
1223 1798 1346 1867 quia
1372 1795 1529 1848 vobis
1551 1790 1827 1847 commissi
1849 1800 2056 1842 sumus.

469 1898 723 1952 Vestrum
754 1905 835 1950 est
867 1909 965 1948 nos
987 1892 1281 1947 defendere
1298 1898 1459 1958 atque
1490 1887 1752 1947 liberare;
1784 1890 2060 1936 nostrum-

468 2005 574 2058 que
611 1999 691 2042 est
719 2004 748 2041 a
786 1984 938 2039 vobis
968 1982 1233 2037 auxilium
1264 1987 1558 2047 expetere,
1612 1973 1814 2027 vestris
1868 1984 2063 2041 parere

464 2079 817 2151 jnssionihus.
855 2077 970 2130 Prze
998 2075 1164 2127 nimio
1188 2087 1317 2141 ergo
1339 2070 1530 2124 dolore
1561 2076 1615 2122 et
1632 2064 1854 2135 gemitu,
1880 2062 2063 2117 omnia

469 2187 591 2241 qua:
623 2168 779 2223 nobis
810 2169 1037 2227 instant,
1060 2176 1112 2218 et
1147 2179 1247 2217 nos
1282 2163 1562 2223 iulestant,
1594 2160 1610 2190 ‘
1638 2156 1948 2213 necessario
1979 2169 2065 2209 ree

470 2259 719 2324 cordari,
771 2258 1035 2326 Vobisque
1088 2256 1397 2325 signiﬁcare
1441 2251 1744 2320 nequimus.
1806 2248 1932 2303 Ideo
1980 2247 2063 2300 al-

470 2368 617 2406 mum
650 2358 891 2405 vestrum
922 2361 1214 2402 exoramus
1242 2344 1639 2414 apostolatum.
1690 2350 1749 2395 ut
1775 2354 1938 2412 super
1980 2339 2066 2393 his

468 2444 641 2513 legem
668 2483 682 2507 ,
732 2455 851 2510 qua:
898 2439 952 2492 in
998 2446 1295 2492 memorata
1327 2435 1543 2489 Nicmna
1575 2431 1784 2504 synodo
1824 2440 1908 2486 est
1941 2445 2067 2500 pro-

468 2535 727 2603 mulgata,
764 2533 893 2585 licet
924 2529 1303 2598 praedictorum
1336 2526 1716 2581 insidiatorum
1747 2534 1802 2579 et
1833 2523 2064 2577 aliorum

470 2627 736 2682 malorum
781 2623 1060 2678 hominum
1102 2622 1185 2694 (ut
1230 2620 1440 2674 facilius
1477 2621 1798 2689 episcopos,
1856 2616 2066 2685 Deique

469 2719 750 2774 ministros
782 2717 1006 2770 valeant
1050 2709 1370 2783 illaqueare)
1402 2711 1793 2780 depravatione
1838 2713 1912 2762 sit
1949 2706 2064 2761 suf-

468 2812 676 2875 locata,
710 2807 975 2875 reparetis
1002 2825 1014 2857 :
1057 2814 1112 2860 et
1141 2820 1259 2875 quia
1291 2805 1605 2859 necessaria
1635 2800 1749 2855 fore
1776 2800 2066 2869 cognosci-

471 2904 541 2956 tis
560 2944 572 2967 ,
608 2911 807 2955 vestrae
837 2906 1035 2953 sancta!
1065 2897 1210 2951 sedis
1235 2880 1560 2950 auctoritate
1602 2908 1700 2947 nos
1729 2900 2067 2962 cunctosque

470 2991 672 3045 fratres
710 2988 1014 3043 informetis
1039 3027 1054 3049 ,
1102 2995 1162 3040 ut
1200 2987 1467 3040 malorum
1501 2983 1728 3037 insidias
1756 2982 2059 3047 hominum,

2165 1790 2275 1833 stra
2297 1819 2312 1843 ,
2344 1778 2366 1808 "
2412 1776 2763 1832 Benedictum
2792 1775 3050 1829 humilem
3077 1781 3324 1829 vestrum
3359 1772 3579 1829 fratrem
3599 1814 3616 1840 ,
3658 1788 3758 1828 no-

2165 1879 2337 1924 strum
2392 1869 2749 1937 episcopum,
2811 1877 2866 1922 et
2915 1865 3285 1920 Alexandrum
3345 1865 3755 1936 presbyterum,

2166 1959 2476 2029 Crispinum
2508 1973 2722 2029 quoque
2751 1956 3038 2013 diaconum
3068 1998 3084 2021 ,
3143 1966 3354 2011 vestros
3394 1955 3630 2013 famulos
3658 1957 3759 2012 de-

2165 2054 2508 2119 stinavimus,
2537 2068 2673 2123 quos
2705 2050 3042 2120 postulamus
3070 2051 3305 2105 celerius
3336 2052 3491 2107 nobis
3518 2068 3546 2104 a
3580 2061 3759 2107 vestra

2166 2145 2500 2201 beatitudine
2542 2143 2811 2212 persolvi,
2852 2151 2910 2195 ut
2940 2141 3137 2196 vestris
3163 2142 3631 2197 cohortationibus
3675 2158 3765 2197 ro-

2167 2238 2365 2304 borati,
2388 2249 2443 2293 et
2465 2236 2661 2291 vestris
2687 2236 2887 2307 regulis
2917 2234 3214 2299 informati,
3247 2235 3482 2291 inimicis
3510 2236 3764 2293 videlicet

2168 2335 2499 2404 compressis
2520 2374 2534 2399 ,
2580 2332 2646 2387 ad
2675 2332 2925 2404 proprias
2959 2330 3254 2399 prudenter
3284 2330 3550 2387 consolati
3581 2331 3764 2388 valea-

2168 2444 2288 2483 mus
2319 2428 2590 2482 Ecclesias
2617 2434 2743 2480 ante
2774 2427 3032 2490 hiemem,
3066 2424 3177 2479 Deo
3204 2423 3459 2493 pr0pitio,
3493 2438 3760 2481 remeare.

2169 2520 2422 2576 Vestrum
2452 2530 2540 2575 est
2568 2522 2787 2589 quippe,
2821 2527 2973 2587 pater
3002 2516 3369 2582 sanctissime,
3398 2518 3660 2572 canonica
3683 2516 3767 2573 di-

2168 2614 2455 2667 strictione
2484 2610 2647 2683 (Vide
2678 2612 2833 2679 ﬁnem
2869 2608 3093 2663 Victoris
3121 2609 3349 2681 ejusdem
3377 2609 3633 2682 epistolis)
3658 2610 3768 2665 sol-

2169 2704 2338 2768 licite,
2363 2704 2743 2758 ecclesiastica:
2767 2702 2967 2772 regulae
2993 2700 3427 2767 adversantibus,
3444 2712 3499 2757 et
3524 2700 3758 2759 fratrum

2170 2796 2574 2852 insidiatoribus
2605 2796 2827 2851 obviare
2852 2837 2867 2861 ,
2918 2810 3018 2851 nec
3047 2795 3362 2864 permittere
3393 2797 3602 2852 noviter
3630 2796 3760 2866 dici,

2169 2888 2313 2959 quod
2364 2902 2573 2958 patrum
2626 2887 3017 2943 venerabilium
3062 2888 3364 2943 auctoritas
3401 2890 3624 2944 omnino
3652 2904 3763 2945 non

2170 2980 2401 3035 censuit.
2447 2979 2555 3034 Nos
2585 2981 2727 3035 enim
2755 2979 2987 3034 humiles
3014 2982 3181 3035 corde
3203 3022 3217 3045 ,
3263 2995 3384 3051 qua:
3423 2992 3569 3037 reeta
3611 2989 3762 3048 sunt,

471 3091 651 3137 vestra
685 3081 802 3134 l'ulti
834 3078 1163 3132 auctoritate
1184 3118 1199 3142 ,
1246 3075 1402 3130 illaesi
1425 3116 1439 3141 ,
1482 3074 1712 3128 Domino
1741 3071 2059 3142 cpitulante,
2090 3064 2137 3128 C
2169 3075 2458 3145 adjuvaute
2494 3073 2744 3141 Domino,
2777 3076 3073 3143 sapientes,
3104 3091 3212 3130 uno
3236 3075 3455 3131 vinculo
3479 3073 3765 3130 cbaritatis

471 3174 705 3229 evadere
753 3172 1070 3225 valeamus:
1120 3170 1241 3239 quia
1294 3185 1399 3223 non
1448 3178 1531 3223 est
1576 3167 1797 3229 ovium,
1847 3164 2068 3220 insidias

471 3268 722 3336 luporum
757 3264 1059 3335 praevidere
1084 3260 1272 3335 (Coac.
1299 3277 1353 3315 ιιι
1391 3261 1541 3315 Rom.
1575 3261 1669 3314 sub
1700 3256 2065 3329 Symmacho),

472 3359 569 3413 sed
614 3369 887 3427 pastorum
914 3365 1019 3411 est.
1065 3355 1278 3411 Scimus
1311 3354 1454 3407 enim
1488 3351 1572 3421 (ut
1613 3365 1829 3419 semper
1871 3359 2068 3404 vestrm

473 3453 619 3507 sedis
650 3451 909 3521 praesules
932 3491 945 3515 ,
980 3451 1157 3519 primo
1183 3447 1455 3516 apostoli,
1491 3444 1690 3501 deinde
1722 3456 2068 3498 successores

472 3558 659 3598 eorum
686 3540 951 3612 fecerunt)
981 3555 1078 3593 vos
1108 3539 1430 3593 universalis
1444 3537 1722 3598 Ecclesiae,
1751 3545 1805 3590 et
1834 3536 2069 3589 maxime

473 3633 853 3703 episeoporum
876 3673 891 3695 ,
933 3632 1024 3702 qui
1055 3633 1187 3684 oculi
1221 3641 1441 3699 propter
1468 3628 1985 3697 cootemplationem
2015 3634 2070 3681 et

472 3727 899 3797 Speculationem
919 3768 932 3790 ,
962 3732 1226 3778 vocantur
1251 3723 1496 3789 Domini,
1538 3738 1728 3776 curam
1758 3736 1971 3790 gerere,
2006 3735 2069 3775 ac

472 3819 541 3874 de
563 3818 899 3874 revelatione
921 3825 977 3871 et
1002 3816 1118 3884 lege
1140 3824 1321 3867 nostra
1349 3813 1567 3867 assidue
1587 3813 1824 3881 cogitare
1842 3811 2063 3877 debere,

471 3913 615 3963 sicut
640 3910 900 3977 scriptum
928 3924 940 3959 :
975 3905 1164 3957 Beatus
1194 3905 1270 3957 uir
1297 3905 1385 3966 qui
1424 3902 1701 3957 meditatur
1729 3904 1784 3956 in
1809 3904 1920 3976 lege
1948 3902 2062 3958 Do-

472 4000 599 4053 mini
642 3997 727 4051 die
765 4013 826 4050 ac
866 4007 1011 4050 nocte
1051 3995 1225 4067 (Psal.
1256 3995 1343 4064 1):
1382 4012 1502 4065 quae
1543 3996 1822 4051 meditatio
1857 3996 2068 4069 (Victor

473 4092 716 4161 Carthag.
752 4090 902 4161 epist.
938 4087 1052 4158 cit.)
1078 4103 1180 4141 non
1212 4089 1442 4143 lectione
1472 4103 1566 4157 per
1596 4087 1821 4159 ﬁguram
1851 4090 2064 4145 littera-

473 4198 591 4238 rum
645 4191 851 4235 tantum
894 4189 1224 4249 conspecta,
1273 4179 1366 4234 sed
1414 4179 1746 4235 exuberante
1799 4181 1851 4234 in
1909 4180 2069 4235 vobis

473 4272 677 4328 Christi
726 4273 940 4343 gratia,
1001 4273 1055 4325 in
1104 4280 1281 4327 vestra
1333 4273 1681 4341 cognoscitur
1729 4273 2068 4328 conscientia

474 4367 825 4424 immobilitcr
873 4365 1036 4419 insita
1065 4405 1081 4431 ,
1132 4372 1186 4418 et
1228 4364 1535 4419 nullatenus
1581 4365 1650 4419 de
1680 4374 1863 4420 vestro
1900 4365 2069 4421 corde

2172 3165 2448 3219 vobiscum
2479 3180 2662 3220 sumus
2693 3166 3006 3232 constricti,
3049 3181 3232 3221 veram
3263 3166 3424 3223 ﬁdem
3457 3182 3520 3222 ac
3550 3166 3767 3237 religio-

2173 3273 2294 3313 nem
2347 3256 2670 3312 catholicam
2727 3258 2780 3312 in
2826 3258 3075 3313 omnibus
3132 3260 3344 3313 fortiter
3394 3258 3765 3315 defensantes.

2173 3350 2477 3405 Studiosius
2511 3352 2690 3419 itaque
2740 3365 2769 3402 a
2796 3349 3111 3414 catholicis,
3162 3349 3427 3416 improbis
3465 3349 3635 3417 probe
3678 3363 3768 3403 re-

2174 3443 2370 3496 sistere
2396 3441 2732 3496 innitendum
2750 3450 2854 3503 est,
2882 3454 2948 3492 ne
2971 3445 3244 3505 torpentes
3267 3437 3471 3491 desidia
3497 3438 3764 3507 oppressi,

2170 3532 2342 3599 culpa:
2371 3530 2749 3584 taciturnitatis
2777 3538 3057 3582 teneamur
3083 3527 3302 3582 obnoxii
3333 3567 3349 3593 ,
3396 3540 3451 3583 et
3494 3530 3649 3600 quasi
3687 3531 3765 3584 fa-

2172 3637 2359 3675 vorem
2388 3617 2766 3689 impendentes
2805 3617 3139 3687 judicemur,
3167 3616 3296 3671 dum
3322 3617 3553 3674 adversa
3576 3619 3766 3675 catho-

2172 3713 2291 3767 licae
2318 3712 2441 3766 ﬁdei
2473 3710 2788 3781 prapulsare
2814 3710 3154 3781 negligimus.
3204 3707 3359 3765 Unde
3387 3710 3590 3765 dictum
3630 3719 3754 3768 est:

2170 3803 2450 3874 Negligere
2476 3803 2693 3873 quippe,
2729 3800 2855 3856 dmn
2901 3803 3075 3871 possis
3113 3800 3409 3857 deturbare
3448 3816 3760 3873 perversos,

2173 3895 2308 3950 nihil
2353 3896 2494 3950 aliud
2533 3907 2614 3950 est
2644 3910 2803 3966 quam
2832 3898 3034 3950 fovere.
3080 3893 3192 3950 Nec
3218 3903 3368 3950 caret
3393 3896 3649 3967 scrupulo
3676 3912 3766 3952 so-

2168 3990 2380 4045 cietatis
2406 3989 2663 4053 occultae,
2711 3988 2803 4058 qui
2834 3988 3120 4042 manifesto
3152 3987 3382 4043 facinori
3423 3986 3625 4044 desinit
3665 3988 3763 4044 ohe

2173 4085 2343 4138 viare.
2375 4084 2589 4155 Liquet,
2624 4085 2817 4139 doctor
2842 4084 3207 4151 sanctissime,
3235 4100 3508 4141 venenosa
3539 4101 3764 4157 serpen-

2172 4177 2304 4232 tium
2354 4178 2475 4233 sine
2522 4178 2867 4247 simplicitate
2919 4176 3113 4233 astutia
3165 4177 3294 4233 dum
3347 4177 3630 4234 manifesta
3678 4188 3767 4235 est

2173 4267 2361 4323 dolosa
2392 4267 2735 4323 inimicorum
2763 4267 2998 4323 fallacia.
3044 4268 3356 4325 Succurrite
3377 4311 3394 4337 ,
3428 4285 3760 4340 quzesumus,

2172 4362 2486 4431 oppressis,
2538 4361 2763 4416 liberate
2810 4378 2908 4415 nos
2956 4360 3026 4416 de
3065 4376 3230 4416 manu
3283 4363 3762 4431 persequentium,

480 4459 773 4514 recedente
800 4456 919 4527 lege
943 4455 1143 4510 Christi
1173 4456 1263 4509 Dei
1287 4456 1498 4510 Domini
1529 4468 1896 4524 sacrosancta,
1927 4461 2067 4511 sicut
2091 4444 2145 4505 D
2173 4461 2230 4506 ut
2256 4467 2379 4507 cum
2410 4453 2567 4508 beato
2595 4451 2696 4508 Job
2726 4453 2956 4509 cantetis
2982 4470 2995 4507 :
3032 4452 3330 4508 Benedictio
3362 4455 3580 4523 perituri
3607 4470 3763 4525 super

476 4552 530 4607 in
564 4552 775 4621 psalmo
803 4550 935 4604 dicit
985 4549 1286 4618 propheta:
1333 4548 1404 4603 0s
1441 4550 1574 4618 justi
1615 4552 1946 4603 meditabitur
1981 4566 2066 4603 sa-

474 4644 759 4712 pientiam,
810 4650 861 4696 et
900 4642 1078 4711 lingua
1104 4644 1217 4713 ejus
1254 4643 1486 4711 loquetur
1515 4643 1817 4714 judicium:
1857 4642 1941 4697 lea:
1969 4640 2068 4696 Dei

474 4733 586 4803 ejus
624 4734 679 4785 in
728 4734 882 4785 corde
928 4733 1097 4801 ipsius
1127 4731 1298 4802 (Psal.
1333 4734 1567 4801 xxxvi):
1607 4750 1710 4787 non
1752 4744 2061 4803 atramento,

470 4823 560 4877 sed
586 4824 774 4892 spiritu
818 4822 907 4875 Dei
942 4825 1037 4877 vivi
1084 4833 1249 4876 vestra
1279 4824 1331 4877 in
1358 4841 1551 4877 arcana
1580 4826 1875 4896 conscripta
1904 4843 1923 4892 ;
1975 4844 2065 4882 ne-

470 4933 568 4985 que
595 4917 648 4969 in
679 4914 872 4968 tabulis
905 4915 1153 4985 lapideis,
1203 4918 1292 4968 sed
1322 4916 1375 4969 in
1416 4916 1605 4971 tabulis
1636 4920 1806 4971 cordis
1833 4918 2063 4972 carnali-

471 5011 563 5064 bus
596 5008 662 5079 (ll
690 5008 808 5063 Cor.
839 5006 918 5078 ιιι)
948 5049 962 5073 ,
1016 5009 1153 5063 sicut
1198 5010 1494 5065 beatissimi
1547 5012 1774 5081 aposmli
1811 5013 1961 5067 Pauli
1990 5013 2059 5068 ad

472 5100 786 5155 Corinthios
834 5101 996 5152 missa
1045 5114 1143 5153 uos
1183 5100 1342 5154 docet
1383 5102 1631 5169 epistola.
1676 5102 1883 5169 Quibus
1922 5119 2060 5174 prte-

471 5194 679 5263 missis,
710 5192 1075 5264 signiﬁcamus
1107 5193 1217 5247 Deo
1245 5193 1456 5262 placita:
1486 5193 1795 5263 paternitati
1838 5206 2056 5266 vestrae,

541 5380 555 5409 ¹
593 5377 923 5433 Necessaria.

540 5470 559 5542 ξ
588 5468 745 5542 Anno
770 5470 899 5542 646.
927 5485 1035 5542 quo
1064 5458 1234 5539 magis
1261 5476 1521 5539 appareat
1546 5469 1700 5525 fucus
1744 5469 2061 5542 impostoris

464 5539 555 5609 qui
600 5538 719 5593 orbi
762 5541 932 5593 voluit
972 5538 1221 5596 illudere.

539 5650 558 5679 ³
603 5648 903 5705 Romanam
930 5648 1050 5705 loco
1076 5648 1515 5724 Carthaginensis
1559 5652 1856 5711 substituit.
1904 5652 2058 5712 Adde

2172 4561 2251 4598 me
2281 4546 2530 4607 veniebat.
2561 4554 2608 4598 et
2637 4561 2725 4599 cor
2752 4545 2921 4599 vidum
2944 4546 3237 4600 consolatus
3266 4562 3397 4600 sum.
3426 4545 3645 4601 Justitia
3681 4550 3766 4603 in-

2170 4636 2325 4689 dutus
2354 4652 2471 4690 sum
2497 4676 2512 4701 ,
2558 4646 2605 4691 et
2647 4637 2823 4692 uestiui
2862 4653 2973 4700 me,
3019 4638 3153 4690 sicut
3182 4638 3477 4692 uestimento
3507 4649 3553 4692 et
3582 4639 3763 4694 diade-

2168 4738 2337 4792 mate,
2369 4727 2574 4797 judicio
2602 4742 2733 4781 meo.
2788 4726 2987 4781 Oculus
3014 4728 3093 4796 {ui
3122 4744 3257 4782 cwco
3283 4769 3298 4794 ,
3351 4738 3397 4783 et
3428 4745 3516 4798 pes
3546 4729 3757 4795 clauda.

2169 4817 2327 4872 Pater
2360 4834 2500 4872 eram
2546 4834 2871 4887 pauperum,
2919 4827 2967 4872 et
3017 4835 3227 4873 causam
3255 4836 3410 4889 quant
3451 4823 3759 4891 nesciebam,
3828 4872 3843 4878 -

2167 4909 2560 4980 diligentissime
2606 4909 2993 4979 inuestigabam.
3050 4909 3385 4966 Conterebam
3434 4915 3601 4969 molas
3652 4916 3759 4968 ini-

2164 5001 2284 5068 qui,
2324 5013 2369 5055 et
2400 5000 2464 5055 de
2494 5001 2731 5056 dentibus
2762 5002 2782 5032 ³
2813 5016 2993 5055 eorum
3018 5002 3319 5073 auferebam
3370 5006 3600 5074 prwdam
3631 5003 3761 5075 (Job

2163 5092 2339 5164 xxvii)
2364 5134 2379 5160 ,
2426 5104 2481 5148 et
2511 5095 2740 5163 reliqua.
2805 5094 2917 5147 Nos
2942 5095 3088 5148 enim
3117 5112 3254 5165 quos
3283 5106 3372 5151 tua
3404 5095 3634 5151 maxima
3664 5113 3762 5155 ex-

2162 5198 2372 5263 Spectat
2413 5205 2542 5245 cura
2577 5187 2784 5260 (Innoc.
2827 5205 2909 5259 ep.
2945 5189 3014 5244 18
3042 5189 3112 5244 ad
3150 5192 3299 5248 Alex.
3333 5189 3760 5265 Antiochenam),

2167 5373 2309 5444 quod
2340 5372 2665 5428 Athanasius
2688 5373 3033 5431 Alexandriae
3060 5375 3366 5442 ordinatus,
3382 5378 3547 5434 credo
3573 5391 3766 5436 mense

2164 5445 2424 5501 Januario
2449 5460 2537 5499 an.
2569 5445 2695 5513 516,
2730 5447 3027 5502 indictione
3058 5448 3144 5501 14.

2234 5514 2256 5547 ⁸
2287 5516 2512 5592 Nomina
2542 5524 2759 5589 propria
2790 5518 3014 5577 mutavit
3044 5516 3336 5588 plagiarius
3364 5533 3433 5576 ne
3453 5518 3762 5592 deprehen-

2160 5587 2385 5644 deretur
2412 5590 2463 5642 in
2491 5588 2653 5645 furto.

2231 5658 2254 5689 ⁸
2284 5656 2456 5714 Illius.

2360 5676 2456 5715 ωε.
