4150 6176
400 320 471 376 17
1616 310 1975 368 EPISTOLIE
2012 310 2103 368 ET
2141 309 2484 367 DECRETA.
3635 309 3704 365 18

399 435 456 494 id
484 444 604 501 est,
657 446 847 489 omnes
880 427 1161 499 episcOpi.
1195 427 1467 499 praecipue
1496 435 1641 483 tuum
1682 429 1882 482 mereri
1912 426 2006 481 de-
2033 430 2084 488 A
2109 426 2487 496 episcOporum.
2516 453 2589 465 ---
2636 423 2821 480 XVIII.
2877 423 2958 478 De
3002 439 3102 478 non
3146 423 3484 479 terminandis
3529 424 3701 477 causis

400 527 603 584 bemus
642 523 922 594 judicium,
964 530 1021 576 et
1060 536 1167 575 non
1196 514 1275 575 ab
1321 519 1443 575 aliis
1485 519 1751 574 devorari.
1811 519 2003 573 Merito

409 633 548 689 ergo
599 632 696 671 nos
725 614 934 669 Domini
988 628 1147 667 causa
1189 612 1407 679 reSpicit
1448 610 1754 665 sacerdotes
1780 651 1795 674 ,
1844 613 1889 664 si
1934 609 2006 663 si-

412 710 583 767 lentio
627 708 903 761 faveamus
939 705 1117 759 errori
1161 702 1310 775 (Cwl.
1345 719 1428 771 ep.
1484 703 1510 756 1
1546 702 1614 755 ad
1643 701 1868 771 Gallos).
1920 702 2007 756 Si-

411 804 623 877 quidem
675 800 1045 869 corripiantur
1106 796 1445 865 bnjusmodi,
1514 811 1614 850 nec
1658 796 1727 849 sit
1772 795 2001 849 liberum

407 898 510 961 eis,
556 911 653 965 pro
681 894 962 947 volnntate
990 890 1167 945 facere
1205 890 1494 959 judicium.
1540 888 1763 941 Desinat
1796 885 2002 940 novitas

404 990 680 1047 incessere
711 996 1037 1043 vetustatem
1066 985 1108 1048 ⁸,
1133 984 1346 1039 desinat
1376 982 1737 1037 Ecclesiarum
1764 981 2002 1050 quietem

402 1080 719 1151 inquietudo
749 1081 986 1134 turbare.
1019 1076 1154 1132 Nam
1180 1085 1239 1130 ut
1264 1089 1454 1130 omnes
1482 1073 1888 1142 metrOpoIitani
1920 1072 2001 1127 vel

338 1176 351 1183 ’
401 1174 593 1243 reliqui
640 1171 885 1242 episcopi
916 1185 1014 1224 sua
1040 1169 1161 1223 odia
1207 1177 1299 1221 aut
1342 1168 1613 1222 vindictas
1664 1168 1717 1221 in
1762 1167 2003 1235 reliquos

411 1269 699 1337 episcopos
780 1277 1040 1339 exercere
1120 1266 1225 1317 n'on
1295 1262 1547 1326 valeant,
1625 1259 1746 1313 ideo
1826 1257 2002 1311 nomi-

406 1360 577 1414 natim
626 1358 678 1411 in
720 1354 935 1411 Nicaana
985 1353 1194 1424 synodo
1242 1351 1487 1423 expressi
1536 1361 1661 1405 sunt
1713 1351 1997 1420 primates,

407 1452 500 1522 qui
550 1449 787 1519 reliquos
820 1446 1113 1517 episcopos
1152 1445 1342 1500 audire
1368 1456 1421 1499 et
1464 1444 1713 1513 judicare
1742 1443 2001 1509 debeant,

408 1558 480 1598 ne
510 1542 618 1596 ulla
649 1540 795 1593 fraus
828 1539 881 1592 in
921 1536 1125 1607 judicio
1154 1536 1533 1607 episcopomm
1564 1536 1738 1605 possit
1770 1536 1998 1588 irruere.

406 1632 519 1687 Vos
548 1646 700 1701 ergo,
722 1630 812 1701 qui
846 1631 900 1683 in
928 1642 1138 1683 summa
1166 1627 1382 1697 specula
1413 1625 1585 1695 gratia
1613 1624 1710 1679 Dei
1740 1626 1871 1679 estis
1904 1638 1999 1693 po-

407 1730 519 1790 siti.
550 1727 831 1783 attendere
861 1740 959 1780 eos
987 1732 1043 1778 et
1072 1724 1383 1792 Opprimere
1410 1729 1662 1788 Oportet,
1693 1720 1783 1789 qui
1812 1720 1862 1771 in
1894 1718 2003 1771 fra-

2113 518 2468 587 episcoporum
2496 519 2683 586 absque
2714 517 3017 570 auctoritate
3050 515 3275 570 Romani
3324 517 3602 588 pontiﬁcis.
3629 547 3701 557 --

2108 608 2248 663 XIX.
2308 608 2369 664 Si
2404 611 2677 676 episcopus
2716 627 2744 661 a
2776 610 3320 678 comprovincialibus.
3353 611 3428 663 vel
3454 628 3487 663 a
3510 620 3701 662 metro-

2108 699 2337 769 politano
2382 701 2598 753 senserit
2646 716 2699 752 se
2749 701 3173 767 prtegravari.—
3207 698 3321 753 ΧΧ.
3372 699 3449 753 De
3481 699 3703 772 judiciis

2107 792 2488 859 episc0porum,
2512 800 2559 843 et
2584 790 2647 843 de
2672 801 2897 858 tempore
2922 807 3160 843 concesso
3185 793 3251 843 ad
3279 792 3701 862 prtrparandum,

2109 892 2156 936 et
2187 882 2617 950 comparandum.
2642 911 2715 921 ——
2742 880 2888 935 XXI.
2923 880 2997 934 De
3027 882 3295 952 judicibus
3342 891 3388 935 et
3437 890 3705 936 accusato-

2106 975 2267 1038 ribus,
2308 974 2485 1044 quales
2512 973 2726 1027 debeant
2755 990 2880 1027 esse.

2115 1110 2614 1166 Revcrcndissitnis
2643 1122 2802 1179 atque
2832 1109 3204 1164 dilectissimis
3234 1108 3515 1173 fratribus,
3541 1108 3707 1163 Atha-

2190 1203 2346 1257 nasio
2392 1212 2447 1257 et
2492 1203 2763 1257 universis
2812 1202 3230 1273 Egyptiorum,
3278 1200 3703 1269 Tbebaidorum,

2178 1296 2479 1367 Libyorutn
2506 1297 2800 1366 episeopis,
2829 1297 2881 1349 in
2906 1306 3089 1349 sancta
3109 1296 3472 1350 Alexandrina
3499 1296 3709 1367 synodo

2182 1388 2542 1459 Congregatis,
2571 1388 2717 1445 Felix
2747 1388 2901 1441 almae
2927 1388 3187 1441 Rmnanae
3216 1388 3361 1441 urbis
3390 1397 3444 1441 et
3492 1389 3708 1441 univer-

2178 1482 2307 1536 salis
2341 1482 2596 1536 Ecclesiae
2645 1484 2951 1550 episcopus,
2999 1491 3053 1534 et
3081 1492 3266 1535 sancta
3297 1481 3557 1551 synodus,
3587 1497 3707 1551 qute

2180 1573 2233 1626 in
2268 1573 2454 1627 urbem
2508 1572 2730 1629 Romam
2778 1573 3065 1637 convenit,
3100 1572 3151 1625 in
3186 1572 3414 1625 Domino
3445 1548 3711 1626 salutem.~

2179 1710 2396 1766 Sacram
2430 1720 2664 1763 vestram
2695 1709 3008 1780 synodicam
3041 1710 3327 1776 epistolam
3360 1751 3373 1775 ,
3424 1725 3523 1779 per
3562 1724 3688 1779 gra-

412 1830 524 1876 tres
552 1820 850 1875 seditiones
876 1826 931 1873 et
958 1816 1216 1871 seandala
1248 1817 1495 1870 excitant
1518 1814 1728 1885 (Steph.
1756 1810 2003 1866 Dorensis
2034 1814 2082 1873 B
2109 1804 2238 1858 tiam
2267 1804 2439 1857 saneti
2468 1804 2701 1872 Spiritus
2722 1844 2736 1866 ,
2782 1814 2835 1856 et
2863 1804 2974 1857 Deo
3007 1803 3264 1869 placitum
3300 1804 3536 1858 studium
3569 1818 3702 1857 con-

415 1914 488 1968 ad
513 1931 627 1983 syn.
661 1912 839 1966 Later.
873 1928 995 1964 ann.
1029 1909 1178 1979 619).
1212 1908 1445 1977 Ideoque
1472 1921 1782 1968 exoramus,
1818 1915 1876 1958 ut
1905 1905 2006 1957 mi-

410 2007 561 2064 nime
610 2005 929 2077 despiciatis
994 2002 1318 2058 humilitatis
1381 2009 1583 2055 nostrae
1649 2008 1707 2054 et
1765 1998 2008 2053 omnium

413 2100 766 2158 orientalium
814 2098 1242 2155 orthodosorum
1296 2095 1639 2150 sacerdotum
1687 2102 1742 2149 et
1779 2093 2012 2164 populo-

411 2210 535 2251 rum
562 2193 888 2249 afﬂictioues
916 2193 974 2259 ³,
1026 2200 1078 2246 et
1120 2188 1540 2261 deprecationes
1584 2203 1706 2242 cum
1756 2186 2010 2257 lacrymis

409 2287 624 2342 oblatas
647 2327 663 2351 ,
708 2283 802 2339 sed
832 2284 974 2337 sicut
1004 2281 1293 2336 luminaria
1327 2280 1583 2334 universo
1614 2276 1819 2332 mundo
1842 2316 1858 2343 ,
1890 2290 2013 2330 ver—

409 2379 537 2435 bum
569 2376 694 2432 vita:
727 2377 1032 2433 retinentes
1055 2419 1070 2441 ,
1118 2374 1461 2429 introductae
1487 2370 1811 2440 exstinguite
1855 2377 2008 2422 tene~

408 2470 538 2528 bras
602 2468 1122 2525 nefandissimorum
1181 2464 1604 2527 insidiatorum,
1675 2460 2010 2531 temporibus

408 2563 575 2618 etiam
604 2561 808 2615 nostris
842 2558 1147 2628 procaciter
1172 2555 1510 2625 germinatas
1536 2595 1551 2619 ,
1589 2566 1859 2621 quatenus
1892 2553 2011 2605 fun-

411 2656 557 2711 ditus
588 2655 855 2709 exstincta
890 2650 1204 2723 huiusmodi
1230 2649 1487 2717 caligine,
1518 2646 1712 2702 lucifer
1739 2646 1897 2699 nobis
1925 2659 2015 2699 re~

410 2748 697 2819 splendeat
730 2762 826 2816 per
859 2760 991 2809 vos,
1026 2742 1372 2796 sanctissime
1405 2750 1585 2808 pater,
1617 2748 1670 2792 et
1700 2736 2008 2806 dogmatica

412 2840 662 2897 definitio
691 2838 892 2906 ubique
922 2850 1114 2889 omnes
1143 2832 1622 2900 lmtilicans,quam
1654 2829 1877 2897 gloriosi
1910 2828 2013 2882 Ec-

412 2933 599 2989 clesiae
626 2938 831 2985 sancte
862 2938 1043 2998 patres
1087 2941 1184 2997 per
1212 2924 1428 2994 propria
1465 2924 1704 2991 piissima
1754 2921 2010 2989 dogmata

416 3024 469 3079 in
520 3032 740 3077 reterns:
788 3020 913 3075 vitae
972 3019 1182 3074 firmam
1236 3016 1616 3071 htereditatetn
1681 3014 2011 3085 praedicasse

417 3125 741 3175 ῐιοεευιιιιιτ.

2113 1900 2398 1966 scriptam,
2422 1906 2618 1949 vestrae
2649 1911 2678 1949 a
2705 1896 2814 1950 Deo
2848 1897 3181 1948 honoranda:
3208 1898 3513 1950 Sanctitatis
3538 1897 3708 1966 gratia

2111 1989 2348 2043 libenter
2398 1988 2780 2055 suscepimus,
2838 1996 3003 2055 atque
3063 1988 3331 2040 instanter
3383 1988 3435 2040 in
3493 1986 3706 2057 synodo

2112 2080 2331 2136 recitari
2360 2096 2453 2149 per
2485 2080 2692 2148 singula
2719 2078 2980 2145 jussimus
3001 2119 3016 2142 ,
3045 2087 3099 2131 et
3126 2092 3318 2132 omnes
3346 2077 3551 2130 intente
3581 2078 3704 2143 ejus

2113 2174 2372 2243 colligere
2404 2173 2566 2227 verba
2599 2170 2954 2241 praecepimus
2982 2188 2991 2221 :
3040 2185 3202 2238 super
3226 2184 3347 2239 qua:
3377 2169 3504 2222 dum
3536 2168 3708 2222 lactari

2113 2263 2473 2335 sperabamus
2522 2274 2577 2317 et
2620 2260 3013 2330 cupiebamus,
3060 2275 3212 2314 versa
3261 2268 3345 2313 est
3395 2261 3450 2313 in
3503 2258 3708 2312 luctum

2113 2359 2320 2413 cithara
2364 2368 2585 2423 nostra,
2629 2355 2873 2409 cantatio
2915 2354 2968 2407 in
3009 2353 3410 2423 plorationem,
3456 2361 3511 2406 ct
3550 2367 3713 2408 onme

2112 2454 2282 2508 totius
2310 2450 2505 2523 synodi
2551 2448 2805 2520 gaudium
2838 2448 2891 2501 in
2926 2460 3215 2501 maerorem
3258 2445 3583 2499 translatum
3623 2453 3708 2499 est

2114 2542 2256 2614 (Job.
2286 2541 2453 2612 xxx):
2496 2541 2620 2612 quia
2671 2554 2775 2595 n0n
2827 2538 3124 2600 decuerat,
3186 2546 3243 2590 ut
3285 2536 3337 2589 hi
3377 2536 3469 2605 qui
3506 2551 3706 2603 corpus

2114 2634 2315 2688 Christi
2366 2632 2605 2703 quotidie
2645 2632 2860 2701 pr0prio
2894 2628 3196 2683 conficiunt
3226 2644 3321 2681 ore
3347 2626 3433 2699 (S.
3471 2626 3621 2682 Hier.
3651 2627 3708 2680 in

2114 2743 2197 2795 ep.
2230 2729 2297 2779 ad
2328 2724 2699 2797 Nepotianum)
2723 2765 2738 2788 ,
2787 2731 2990 2777 tantam
3023 2730 3342 2790 paterentur
3374 2720 3711 2788 persecutio-
3746 2706 3749 2707 ν

2116 2832 2263 2880 nem,
2294 2820 2547 2887 quoniam
2585 2816 2844 2869 Dominus
2874 2814 3015 2867 Deus
3048 2826 3239 2867 nOSter
3268 2812 3497 2865 salutem
3527 2811 3709 2880 provi—

2115 2911 2252 2965 dens
2290 2910 2506 2977 generis
2548 2909 2799 2975 humani,
2845 2908 3120 2961 mandavit
3153 2905 3571 2976 persecutiones
3599 2918 3707 2956 non

2116 3002 2253 3064 fieri.
2290 3018 2463 3070 neque
2490 3000 2874 3055 ﬂuctuationes
2907 3000 3132 3063 inferri,
3163 2981 3262 3051 nec
3297 2997 3529 3051 invideri
3562 2995 3711 3049 labo-

2116 3095 2364 3149 rantibus
2419 3095 2471 3148 in
2526 3110 2657 3164 agro
2712 3094 3017 3157 dominico,
3078 3107 3252 3161 neque
3297 3090 3709 3157 diSpensatores

495 3208 818 3264 Incolumem
852 3215 906 3260 te
934 3213 989 3261 et
1027 3202 1426 3273 beneplacitum
1461 3202 1572 3256 Deo
1599 3200 1842 3273 (Sergius
1870 3198 1999 3270 ουρ,
2035 3185 2081 3249 C
2114 3190 2289 3258 magni
2330 3188 2470 3257 regis
2512 3188 2692 3241 vexari
2736 3194 2830 3241 aut
2877 3187 3098 3255 expelli.
3161 3184 3437 3251 Quiescile
3462 3224 3477 3248 ,
3536 3182 3711 3251 inquit

420 3318 506 3370 ep.
539 3301 609 3353 ad
636 3298 676 3354 Τ
680 3298 835 3353 Iteod.
866 3313 1055 3368 papam
1084 3311 1239 3366 supra
1264 3292 1377 3365 cit.)
1398 3334 1413 3358 ,
1462 3293 1804 3347 sanctissime
1845 3303 2007 3359 pater

415 3403 668 3463 patrum,
715 3398 961 3444 orantem
1000 3402 1097 3459 pro
1124 3385 1311 3451 nobis,
1351 3384 1614 3439 Dominus
1642 3382 1919 3438 custodiat
1954 3381 2008 3436 in

413 3501 614 3543 sevum.
658 3484 853 3540 Amen.

649 3618 671 3649 ³
697 3614 1035 3672 EPISTOLA
1079 3613 1101 3668 Ι
1145 3610 1412 3669 FELICIS
1460 3608 1667 3665 ΡΑΡᾸΕ
1708 3608 1773 3663 II.

453 3746 790 3790 RESCBIPTU!
831 3746 900 3785 AD
938 3741 1220 3784 EPISCOPOS
1261 3740 1312 3779 IN
1356 3736 1733 3779 ALEXANDBINA
1775 3732 1978 3775 SYNODO

1013 3834 1410 3877 CONGREGATOS.

491 3938 533 3994 Ι.
580 3938 651 3994 Ut
696 3953 840 3991 neruo
869 3936 1171 4005 episcopum
1206 3946 1359 4000 penes
1387 3928 1607 3982 arbitros
1633 3926 1903 3980 saeculares
1928 3940 2016 3977 ac—

419 4040 587 4087 cuset.
613 4059 685 4070 —
726 4028 789 4083 II.
839 4027 901 4084 Si
930 4026 1043 4096 quis
1072 4024 1319 4078 adversus
1350 4022 1651 4092 episc0pum
1680 4033 1889 4070 causam
1918 4016 2013 4069 Ita-

421 4124 613 4179 buerit.
646 4151 720 4162 —
761 4118 847 4174 111.
891 4117 969 4171 De
998 4116 1195 4170 eadem.
1229 4143 1299 4153 —
1342 4112 1430 4166 IV.
1483 4109 1560 4163 De
1588 4109 1842 4179 episcopis
1870 4105 2017 4159 rebus

422 4217 535 4272 suis
564 4212 864 4283 exspoliatis
888 4253 900 4276 ,
950 4222 1037 4264 aut
1062 4227 1094 4261 a
1119 4208 1236 4262 sede
1264 4206 1449 4275 pulsis.
1480 4234 1550 4243 —
1579 4201 1641 4255 V.
1696 4200 1926 4269 Infantes
1971 4208 2017 4252 et

422 4306 703 4377 sacrilegos
732 4303 800 4357 ad
827 4301 1173 4356 testimonium
1203 4313 1304 4350 non
1328 4292 1695 4348 admittendos.
1736 4320 1806 4330 ---
1831 4289 1922 4344 VI.
1957 4287 2017 4343 Si

425 4399 699 4463 episc0pus
746 4402 957 4447 uocatus
1000 4390 1067 4445 ad
1095 4388 1399 4453 concilium,
1434 4386 1511 4439 ire
1540 4400 1640 4437 non
1672 4381 1916 4451 potuerit.
1949 4408 2018 4419 —-

426 4489 544 4544 VII.
594 4486 670 4541 De
696 4487 866 4540 causis
893 4499 1008 4551 qua:
1037 4480 1231 4551 legibus
1258 4496 1361 4533 non
1389 4477 1717 4532 continentur
1737 4516 1751 4536 ,
1793 4474 1871 4526 vel
1900 4488 2020 4539 pro-

2115 3292 2301 3338 sancta
2331 3297 2521 3351 magna
2548 3280 2763 3335 Nicaena
2808 3280 3050 3351 synodus
3096 3279 3173 3347 (6,
3206 3287 3387 3348 quwst.
3420 3277 3498 3343 1),
3529 3284 3584 3328 et
3615 3290 3713 3328 no-

2116 3375 2210 3428 lite
2243 3374 2491 3443 persequi
2519 3388 2612 3426 eos
2626 3373 2715 3442 qui
2749 3372 2857 3426 Deo
2882 3370 3118 3439 perfecte
3146 3370 3477 3433 ministrant,
3507 3374 3563 3421 et
3591 3366 3709 3419 sin-

2115 3478 2240 3519 cera
2281 3464 2559 3518 voluntate
2592 3464 2683 3517 Dei
2724 3462 2944 3531 superni
2987 3460 3237 3514 mandata
3268 3458 3602 3522 custodiunt,
3648 3465 3705 3511 et

2118 3561 2322 3616 nostris
2369 3559 2577 3629 legibus
2608 3558 3006 3627 subjugantur;
3048 3556 3173 3624 quia
3221 3569 3332 3608 nec—
3362 3553 3558 3617 decet,
3607 3564 3709 3605 nec

2115 3652 2251 3705 ordo
2280 3651 2480 3720 patitur
2500 3691 2515 3712 ,
2554 3658 2611 3702 ut
2643 3647 2811 3717 iniqui
2836 3657 2891 3701 et
2917 3646 3197 3710 carnales,
3231 3643 3545 3712 spirituales
3576 3655 3708 3709 per-

2115 3750 2433 3812 sequantur.
2502 3738 2693 3792 Omnis
2743 3739 2887 3791 enim
2936 3738 3025 3806 qni
3074 3735 3281 3789 resistit
3325 3734 3513 3797 alicui,
3565 3746 3710 3785 nunc

2117 3833 2403 3895 vertendo,
2435 3845 2577 3885 nunc
2604 3828 2831 3883 celando
2860 3828 3169 3890 veritatem,
3218 3826 3482 3878 mentitur
3512 3822 3709 3876 adver-

2118 3940 2215 3981 sus
2263 3940 2418 3985 eum,
2468 3930 2657 3977 contra
2687 3934 2843 3987 quem
2876 3918 3071 3988 litigat.
3119 3917 3188 3970 Et
3226 3916 3316 3984 qui
3358 3915 3583 3968 infestus
3626 3923 3713 3969 est

2119 4015 2306 4080 alicui,
2333 4013 2515 4068 omnia
2548 4015 2690 4066 sicut
2716 4012 2888 4064 hOstis
2913 4010 3042 4079 agit,
3077 4015 3132 4061 et
3157 4007 3380 4074 insuper
3411 4004 3553 4072 loqui
3585 4018 3715 4057 con-

2122 4109 2315 4163 tendit.
2342 4108 2454 4162 Vos
2485 4106 2628 4159 enim
2657 4117 2963 4167 monemus,
2997 4100 3215 4164 fratres,
3249 4100 3303 4152 in
3333 4096 3571 4166 speculis
3595 4110 3717 4150 esse

2121 4201 2319 4255 debere
2343 4240 2358 4265 ,
2406 4208 2466 4252 ut
2505 4199 2557 4252 in
2583 4206 2841 4268 quantum
2873 4194 3128 4263 poteStis,
3177 4199 3232 4245 et
3260 4191 3521 4243 Dominus
3557 4188 3713 4241 auxi-

2122 4294 2251 4349 lium
2285 4290 2536 4355 dederit,
2593 4290 2790 4357 talibus
2823 4296 3005 4341 nostra
3033 4284 3329 4354 apostolica
3357 4322 3371 4345 ,
3425 4292 3715 4347 vestraque

2123 4384 2449 4439 auctoritate
2488 4382 2789 4447 resistatis,
2829 4392 2931 4432 nec
2959 4377 3245 4447 quisquam
3274 4382 3513 4428 vestrum
3544 4387 3575 4425 a
3607 4369 3716 4424 fra-

2124 4478 2224 4531 tris
2268 4476 2470 4529 auxilio
2512 4490 2571 4527 se
2616 4472 2938 4535 subtrahat,
2986 4468 3080 4522 sed
3133 4483 3228 4536 pro
3256 4466 3465 4520 viribus
3493 4471 3718 4533 praestet

431 4583 605 4637 hibita
630 4590 927 4635 noscuntur.
975 4606 1044 4616 --
1088 4573 1223 4629 VIII.
1272 4571 1349 4625 De
1378 4567 1795 4624 accusationibus
1826 4566 2023 4635 episco-
2048 4570 2103 4631 D
2128 4567 2537 4623 adminiculum.
2589 4564 2886 4631 Quoniam,
2921 4562 3047 4615 licet
3074 4561 3229 4630 pauci
3263 4559 3406 4620 sitis,
3442 4557 3485 4608 si
3521 4554 3716 4608 unani—

428 4690 637 4747 porum,
660 4682 707 4727 et
735 4687 907 4725 rerum
936 4683 1147 4722 suarum
1178 4665 1467 4719 ablaturum
1495 4660 2023 4729 redintegratione.—

423 4766 524 4826 1X.
585 4765 777 4832 Quibus
828 4780 931 4816 non
979 4762 1127 4815 liceat
1181 4774 1463 4822 accusare,
1521 4755 1601 4809 vel
1640 4753 2024 4821 testiﬁcari._

432 4861 502 4916 Χ.
537 4858 611 4913 De
642 4858 819 4912 eadem
844 4872 919 4911 re.
950 4884 1021 4894 -—
1066 4850 1161 4906 XI.
1193 4850 1268 4903 De
1294 4848 1528 4919 personis
1554 4856 1930 4899 accusatorum.
1955 4872 2024 4883 —

431 4953 547 5010 XII.
597 4952 672 5005 De
717 4949 1022 5021 primatibus
1064 4956 1110 4999 et
1158 4942 1591 5008 metropolitanis.
1636 4966 1707 4980 ——-
1752 4936 1891 4992 XIII.
1947 4934 2023 4990 De

431 5046 847 5103 accusationibus
877 5042 1266 5113 episcOporum,
1314 5046 1362 5089 et
1400 5033 1743 5105 ineptitudine
1776 5046 2025 5083 accusan-

432 5142 583 5193 tium.
610 5167 680 5178 —
710 5135 851 5191 XIV.
891 5133 991 5200 Qui
1026 5147 1128 5184 non
1158 5128 1375 5183 debeant
1402 5124 1605 5179 admitti
1634 5124 1702 5176 ad
1743 5121 2029 5175 accusatio-

434 5245 572 5283 nem.
590 5257 660 5268 —
684 5226 802 5282 XV.
833 5222 914 5276 De
944 5220 1118 5275 eadem
1144 5234 1219 5272 re.
1238 5247 1309 5259 —
1335 5216 1476 5272 XVI.
1509 5214 1686 5269 Licere
1712 5214 1765 5265 in
1793 5211 2030 5265 ecclesia-

432 5322 578 5377 sticis
603 5318 843 5389 negotiis,
874 5315 1013 5368 dicta
1040 5326 1193 5366 causa
1222 5320 1267 5363 et
1309 5310 1490 5379 finita,
1524 5305 1781 5362 recedere.
1815 5303 1954 5373 quod
1976 5302 2032 5356 in

434 5413 774 5470 swcularibus
826 5425 929 5463 non
980 5406 1117 5461 licet.
1158 5432 1227 5444 —-
1273 5400 1436 5458 XVII.
1491 5398 1569 5453 De
1615 5394 2030 5452 accusationibus

510 5599 527 5629 ¹
560 5593 707 5651 Citat
743 5593 886 5647 hunc
926 5589 1098 5644 locum
1130 5586 1285 5641 Vinc.
1315 5581 1646 5650 Lirinensis,
1674 5596 1741 5635 ex
1765 5593 1927 5649 supra
1956 5577 2032 5634 ci-

437 5675 559 5726 tata
596 5659 928 5721 Calestinil
972 5674 1123 5730 papae
1172 5657 1421 5730 epistola.
1494 5724 1507 5730 _
1667 5720 1697 5730 _
1832 5720 1845 5730 _
1894 5656 1899 5661 '

520 5720 559 5770 ἶ
580 5720 808 5793 Nomina
849 5720 1170 5803 SOpbronii,
1208 5720 1539 5798 Apollinaris
1579 5730 1635 5779 et
1664 5720 1849 5777 Severi
1883 5733 2030 5776 rese-

2128 4677 2243 4717 tnes
2275 4660 2480 4714 fueritis
2509 4700 2523 4723 ,
2570 4657 2879 4711 nullatenus
2905 4694 2919 4716 ,
2960 4652 3169 4722 justitia
3197 4650 3550 4719 sulfragante,
3599 4646 3706 4701 Do-

2128 4755 2279 4809 mino
2328 4765 2541 4822 quoque
2586 4764 2741 4819 opem
2797 4747 3042 4807 ferente,
3111 4742 3541 4811 superabimini,
3589 4738 3716 4808 quia

2130 4843 2395 4915 funiculus
2435 4841 2631 4909 triplex
2655 4839 2861 4910 diﬁicile
2890 4837 3151 4903 rumpitur
3178 4833 3401 4906 (Ercles.
3437 4833 3537 4902 tv).
3583 4830 3719 4886 Nam

2128 4936 2171 4989 si
2229 4934 2428 4990 officiis
2485 4934 2837 4987 saacularibus
2884 4931 3117 4983 lnnnana
3178 4928 3265 4981 lex
3318 4926 3571 4980 subvenit
3621 4924 3720 4996 (S.

2134 5028 2288 5099 Greg.
2321 5043 2404 5092 ep.
2438 5025 2543 5079 1Ξο
2576 5026 2664 5077 lib.
2700 5023 2831 5091 vn),
2873 5030 3078 5090 quanto
3109 5020 3281 5088 magis
3330 5015 3720 5072 ecclesiasticis

2127 5130 2184 5175 et
2218 5118 2430 5173 Domini
2471 5114 2849 5172 sacerdotibus
2877 5153 2891 5176 ,
2944 5112 3291 5179 maximeque
3343 5105 3723 5178 pontificibus,

2130 5212 2224 5282 qui
2259 5210 2474 5281 pupillae
2505 5210 2787 5264 oculorum
2823 5207 3034 5261 Domini
3069 5211 3453 5270 nuncupantur
3478 5239 3491 5262 ,
3540 5197 3723 5252 divina

2134 5313 2297 5372 atque
2337 5300 2604 5358 catholica
2639 5301 2731 5355 lex
2770 5296 3055 5366 suffragari
3093 5293 3296 5347 debet!
3356 5289 3441 5342 Ait
3471 5289 3612 5344 enim
3643 5289 3728 5343 di-

2135 5393 2320 5448 vinum
2350 5394 2417 5447 de
2445 5393 2716 5464 episcopis
2741 5388 3015 5460 eloquium
3046 5403 3059 5437 :
3104 5382 3205 5448 Qui
3235 5397 3321 5436 vos
3353 5382 3536 5453 tangit,
3572 5380 3733 5450 tangit

2137 5580 2248 5634 cuit
2288 5579 2414 5633 falsa
2424 5582 2554 5635 rius.

2218 5650 2239 5682 ³
2264 5650 2474 5707 Falsum
2498 5660 2553 5705 et
2575 5649 2714 5705 hanc
2739 5659 2957 5716 quoque
2983 5643 3335 5703 meritissimo
3358 5638 3478 5710 iure
3506 5637 3730 5695 dixeris.
