4150 6176
454 292 520 354 19
1668 288 1983 348 SANILTUS
2016 292 2046 346 F

2153 288 2217 345 IX
2259 288 2441 345 PAPA
2480 290 2543 345 ΙΙ.
3667 296 3739 352 9.0

452 412 711 484 pupillam
738 412 875 466 oculi
903 412 1005 466 mei
1035 412 1281 483 (Zachar.
1322 410 1407 480 tt).
1457 404 1524 464 Et
1550 410 1595 464 si
1624 410 1917 465 saeculares
1946 410 2049 466 bu-
2070 412 2127 472 Α
2227 408 2315 464 IV.
2356 410 2413 464 Si
2444 406 2564 478 quis
2591 410 2977 481 episcoporum
3006 410 3170 467 fuerit
3213 411 3331 466 suis
3355 409 3519 464 rebus
3544 424 3740 481 exspo-

454 518 613 559 mana
655 504 1027 573 multipliciter
1067 502 1424 571 explorantur
1467 501 1722 558 homines
1764 502 1922 569 lege,
1987 511 2043 557 et

455 597 847 665 requisitiones
888 603 1051 665 atque
1094 596 1327 650 induciae
1354 597 1375 628 ι
1409 596 1529 665 ejus
1560 598 1853 651 multorum
1887 610 2043 650 men-

452 688 593 744 sium
622 687 1029 754 conceduntur,
1078 702 1147 741 ne
1195 687 1395 756 injuste
1422 687 1786 759 damnentur:
1838 693 2046 757 quanto

450 779 625 850 magis
654 780 945 849 episc0pis,
978 778 1068 848 qui
1096 779 1462 847 proximiores
1490 787 1617 834 sunt
1641 780 1770 845 Deo,
1795 788 1851 834 et
1878 792 2047 848 super

452 873 553 928 hos
596 873 916 938 constituti,
976 872 1248 943 positique
1288 869 1342 926 in
1378 872 1591 928 caelesti
1634 872 1863 939 militia,
1922 884 2047 942 quae

449 967 749 1036 impensius
802 965 1152 1035 ponderanda
1202 974 1314 1033 est,
1372 973 1613 1035 tempora
1664 973 1792 1020 sunt
1836 977 2042 1021 concc-

450 1062 626 1118 deuda
660 1062 832 1115 multo
855 1060 1117 1131 ampliora
1140 1102 1154 1125 ,
1203 1075 1273 1115 ne
1312 1076 1342 1115 a
1370 1060 1692 1131 quibusdam
1727 1069 2042 1132 graventur,

450 1153 867 1223 Opprimantur,
913 1154 996 1208 vel
1052 1153 1233 1208 subito
1281 1153 1657 1208 damnentur!
1718 1153 2044 1223 Incipiamus

450 1260 581 1315 ergo
606 1244 818 1317 (Innoc.
851 1261 934 1313 ep.
962 1244 1048 1313 Ξ),
1087 1245 1377 1314 adjuvante
1407 1244 1521 1300 Deo
1542 1287 1558 1310 ,
1586 1252 1642 1301 et
1667 1253 1857 1300 sancto
1881 1246 2043 1300 Petro

449 1340 735 1408 apostolo,
789 1354 885 1407 per
924 1354 1085 1409 quem
1133 1339 1474 1409 apostolatus
1517 1349 1571 1393 et
1607 1339 1951 1409 episcopatus
1989 1339 2043 1392 in

446 1431 665 1486 Christo
715 1432 882 1502 erepit
935 1431 1259 1498 exordium,
1332 1431 1591 1501 quoniam
1663 1432 1845 1501 plures
1897 1446 2045 1501 saepe

448 1533 791 1579 emerserunt
829 1538 1006 1578 causae
1032 1566 1048 1592 ,
1102 1539 1223 1593 qurc
1267 1524 1323 1577 in
1363 1521 1691 1592 quibusdam
1733 1537 1840 1576 non
1886 1530 2045 1577 erant

449 1632 627 1671 causae
653 1658 668 1681 ,
707 1615 801 1671 sed
840 1615 1109 1671 crimina:
1150 1616 1273 1685 quia
1326 1616 1499 1683 magis
1543 1624 1602 1667 ut
1638 1614 2000 1685 comperimus
2024 1656 2040 1682 ,

450 1707 753 1777 iniquitate,
799 1721 957 1776 quam
982 1707 1245 1761 cbaritate
1270 1704 1528 1761 fratribus
1571 1714 1695 1759 sunt
1740 1705 2039 1774 impositae;

2149 504 2334 568 liatns,
2371 512 2463 557 aut
2510 516 2538 557 a
2581 518 2675 559 sua
2713 505 2941 561 ecclesia
2978 506 3029 559 vi
3072 512 3166 559 aut
3208 505 3406 559 timore
3447 504 3740 575 expulsus,

2145 594 2293 665 quod
2321 596 2467 649 omni
2497 594 2807 651 Christiano
2849 597 3052 651 nomini
3091 607 3174 651 est
3204 598 3505 663 inimicum,
3535 605 3750 669 oportet

2146 694 2201 740 et
2250 685 2408 741 decet
2444 686 2867 757 'episc0porum
2916 690 3251 759 propositum
3306 702 3526 758 semper
3574 690 3751 759 prima

2147 775 2327 831 fronte
2367 777 2598 844 cedere,
2632 787 2692 834 ut
2729 780 2910 834 omnia
2938 795 3059 850 qua:
3106 780 3155 835 ei
3183 780 3367 848 ablata
3389 790 3535 848 sunt,
3566 790 3754 851 potes-

2147 870 2241 923 tati
2265 871 2380 940 ejus
2410 871 2658 941 legaliter
2686 873 2999 939 reddantur,
3024 881 3078 928 et
3104 873 3302 945 praesul
3326 874 3473 944 prius
3497 875 3753 930 restitua-

2149 968 2254 1027 tur,
2285 970 2341 1015 et
2384 973 2568 1032 postea
2616 978 2723 1018 non
2769 964 2976 1030 statim,
3007 965 3103 1020 sed
3142 965 3232 1019 diu
3282 973 3341 1020 et
3377 980 3479 1036 per
3510 966 3751 1035 spatiosa

2152 1064 2398 1125 tempora
2429 1057 2543 1111 suis
2592 1059 2914 1129 potestative
2942 1058 3251 1127 dispositis,
3278 1068 3335 1114 et
3359 1059 3425 1114 ad
3457 1074 3609 1114 suam
3648 1075 3752 1117 ne-
3782 1088 3785 1093 -

2147 1150 2455 1202 cessitatem
2486 1152 2822 1219 prteparatis,
2856 1151 2922 1205 ad
2956 1159 3173 1222 tempus
3193 1152 3373 1207 veniat
3398 1152 3465 1207 ad
3492 1166 3748 1207 causam:

2148 1247 2201 1293 et
2246 1240 2290 1294 si
2330 1240 2477 1310 juste
2512 1243 2687 1297 visum
2733 1242 2936 1309 fuerit,
2968 1234 3376 1300 accusatoribus
3420 1244 3750 1316 respondeat

2147 1331 2261 1386 suis
2285 1330 2326 1384 ⁸.

2219 1422 2283 1478 ν.
2318 1423 2457 1479 Nulli
2480 1424 2665 1481 infami
2691 1429 2779 1500 (ea:
2802 1429 3026 1500 Am’ano)
3056 1437 3219 1500 atque
3241 1431 3508 1502 sacrilego
3528 1431 3597 1488 de
3612 1446 3750 1503 quo-

2146 1528 2377 1584 cumque
2405 1516 2560 1571 liceat
2593 1520 2812 1587 negotio
2843 1520 3103 1576 adversus
3134 1523 3447 1593 religiosum
3477 1524 3744 1579 Christia-

2148 1622 2297 1674 num,
2319 1609 2566 1678 quamvis
2593 1610 2817 1667 humilis
2840 1613 3167 1684 servilisque
3194 1629 3422 1685 persona
3455 1616 3561 1679 sit,
3593 1616 3745 1672 testi-

2146 1701 2387 1754 monium
2409 1700 2612 1767 dicere,
2648 1717 2748 1757 nec
2776 1702 2847 1758 de
2884 1705 3124 1773 qualibet
3148 1720 3235 1771 re,
3266 1705 3514 1773 actione,
3539 1715 3633 1761 aut
3656 1707 3746 1762 in-

452 1807 507 1856 et
534 1807 592 1855 ut
620 1800 686 1855 de
714 1808 911 1855 caetero
944 1798 1250 1854 sollicitudo
1276 1800 1346 1853 sit
1373 1814 1441 1853 ne
1466 1798 1592 1852 talia
1620 1798 1906 1862 eveniant,
1947 1811 2041 1851 ca-
2070 1803 2121 1865 Β
2149 1791 2445 1860 scriptione
2473 1791 2836 1848 Christianum
2863 1795 3149 1865 impetere.

451 1891 619 1960 pitula
649 1890 895 1961 quaedam
958 1906 986 1944 a
1016 1889 1218 1945 sanctis
1275 1890 1517 1959 patribus
1575 1896 1682 1942 tam
1719 1890 1771 1942 in
1823 1888 2042 1943 Nicmna

452 1984 661 2057 synodo
687 2028 701 2051 ,
748 1999 908 2056 quam
937 1994 994 2040 et
1016 1984 1070 2039 in
1107 1986 1204 2038 bac
1235 1984 1365 2039 sede
1393 1983 1707 2046 constituta,
1740 1996 2040 2053 ponamus,

453 2078 648 2149 quibus
693 2075 893 2133 fratres
937 2086 992 2131 et
1035 2077 1349 2146 coepiscopi
1394 2075 1567 2128 nostri
1618 2071 1769 2142 fulti,
1820 2073 2043 2129 insidias

461 2172 825 2234 inimicorum,
856 2169 1149 2223 auxiliante
1178 2169 1427 2230 Domino,
1458 2167 1676 2221 valeant
1710 2166 1961 2235 evadere,
1990 2175 2046 2223 et

454 2265 617 2331 prout
656 2260 915 2314 Dominus
960 2273 1121 2328 posse
1168 2257 1421 2323 dederit,
1479 2257 1822 2327 paucioribus
1864 2257 2045 2312 verbis

450 2360 723 2405 tantorum
773 2349 1038 2403 malorum
1099 2348 1373 2403 imitemur
1419 2346 1801 2416 compendium
1872 2345 2046 2416 (Idem

450 2456 589 2513 papa
612 2457 694 2510 ep.
724 2440 799 2511 7),
823 2450 877 2496 et
902 2439 1130 2496 strictim
1149 2481 1163 2505 ,
1206 2452 1325 2509 quas
1349 2439 1402 2492 in
1430 2438 1706 2492 volumine
1743 2436 2043 2492 litterarum

453 2526 757 2590 vestrarum
784 2533 1168 2603 comperimus,
1186 2541 1563 2595 retractemus,
1578 2537 1632 2585 et
1652 2531 1756 2583 alia
1784 2528 2044 2584 nonnulla

449 2626 705 2684 instantis
732 2629 993 2697 temporis
1010 2627 1332 2694 necessaria,
1360 2634 1517 2696 prout
1540 2625 2041 2695 petitis,ponamns.

520 2718 561 2773 Ι.
634 2720 730 2774 Est
794 2732 1028 2788 namque
1094 2716 1371 2790 synodicis
1438 2716 1715 2773 decretum
1786 2717 2046 2772 institutis

448 2813 650 2890 (Carth.
678 2829 757 2879 Ill,
782 2830 827 2867 c.
859 2812 914 2877 9;
946 2809 1123 2866 Milev.
1154 2811 1243 2876 19,
1271 2814 1457 2883 Agam.
1484 2810 1635 2874 Ann,
1660 2810 1856 2883 etc.)ut
1884 2824 2047 2866 nemo

450 2909 761 2977 episcopum
822 2920 986 2976 penes
1042 2905 1332 2960 saeculares
1384 2904 1618 2960 arbitros
1664 2913 1913 2971 accuset,
1948 2903 2045 2960 sed

450 2999 591 3068 apud
622 3011 862 3052 summos
896 2995 1172 3066 primates.

523 3088 586 3144 ll.
629 3088 689 3145 Si
717 3090 835 3161 quis
864 3088 1132 3144 adversus
1158 3087 1469 3157 episcopum
1511 3101 1731 3142 causam
1761 3086 2038 3155 habuerit,

2216 1881 2307 1937 VI.
2334 1884 2388 1938 Si
2418 1884 2536 1954 quis
2560 1886 2849 1954 episc0pus
2873 1887 3113 1955 legitime
3140 1897 3448 1953 accusatus,
3476 1896 3531 1943 et
3558 1903 3750 1959 supra-

2146 1974 2296 2029 dicto
2322 1976 2517 2031 ordine
2548 1977 2613 2030 ad
2643 1978 2937 2033 concilium
2976 1979 3238 2034 canonice
3262 1985 3595 2034 convocatus
3631 1980 3747 2034 fue-

2146 2067 2250 2132 rit,
2283 2066 2486 2135 absque
2526 2068 2633 2122 ulla
2678 2068 3041 2137 trepidatione
3084 2070 3164 2125 ire
3204 2069 3457 2136 debebit;
3484 2078 3542 2125 et
3577 2071 3623 2125 si
3666 2069 3749 2127 ire

2148 2174 2254 2214 non
2294 2162 2533 2230 potuerit
2558 2161 2755 2233 (Hadr.
2779 2178 2829 2217 c.
2856 2162 2938 2234 5),
2970 2177 3070 2234 pro
3114 2178 3176 2218 se
3207 2164 3445 2234 legatum
3478 2163 3548 2219 ad
3578 2178 3749 2235 syno-

2148 2250 2275 2305 dum
2308 2251 2505 2305 mittat.

2226 2342 2333 2398 Vll.
2361 2344 2531 2399 Nullae
2556 2359 2738 2401 causa:
2762 2359 2791 2399 a
2812 2345 3087 2416 judicibus
3112 2345 3495 2403 ecclesiasticis
3522 2346 3750 2402 audien-

2150 2446 2238 2491 tur
2265 2436 2463 2507 (Idem,
2502 2455 2549 2492 ε.
2586 2438 2696 2509 Il),
2723 2454 2844 2510 quae
2871 2439 3079 2510 legibus
3106 2454 3213 2494 non
3248 2439 3635 2508 continentur,
3661 2438 3751 2497 vel

2148 2543 2269 2598 quae
2298 2529 2589 2598 prohibita:
2617 2544 2739 2585 esse
2771 2542 3089 2585 noscuntur.

2220 2622 2360 2678 VIII.
2412 2624 2468 2679 Si
2514 2628 2638 2694 quis
2665 2625 2827 2680 aliter
2850 2641 2958 2680 non
2986 2625 3320 2696 acquieverit
3343 2665 3360 2692 ,
3391 2626 3494 2681 nisi
3526 2636 3587 2681 ut
3628 2627 3746 2697 epi-

2150 2729 2374 2786 sc0pum
2405 2726 2625 2772 accuset
2648 2759 2663 2784 ,
2692 2730 2858 2787 supra
2904 2726 3085 2772 taxato
3116 2719 3219 2772 hoc
3251 2728 3441 2774 tenore
3470 2733 3630 2788 agere
3652 2717 3748 2773 de-

2150 2810 2317 2874 bebit,
2351 2811 2471 2880 quia
2502 2812 2657 2866 aliter
2684 2823 2799 2866 rata
2818 2828 2925 2867 non
2954 2822 3135 2882 potest
3161 2816 3433 2869 accusatio
3461 2814 3739 2868 exsistere.

2151 2903 2305 2958 Tunc
2337 2905 2516 2973 primo
2545 2906 2783 2960 accusati
2814 2920 3035 2960 causam
3067 2916 3351 2962 accusator
3382 2907 3520 2977 apud
3550 2908 3747 2977 prima.

2151 3003 2231 3051 tes
2279 2997 2538 3052 canonice
2580 2996 3011 3070 deferat(Carth.
3043 3014 3123 3065 Ill,
3151 2998 3227 3071 7).
3273 2998 3383 3054 Nec
3422 3015 3449 3052 a
3494 3013 3746 3055 commuo

2150 3091 2311 3144 nione
2339 3089 2688 3158 prohibeatur
2714 3102 3029 3156 accusatus,
3062 3090 3165 3145 nisi
3192 3092 3255 3145 ad
3288 3092 3750 3163 electorumjudi-

452 3196 558 3237 non
599 3184 745 3251 prius
776 3181 985 3251 aliquos
1013 3178 1298 3250 episcupos
1328 3180 1521 3245 adeat,
1544 3188 1600 3233 ut
1630 3194 1753 3233 eum
1782 3188 2039 3245 accuset,
2069 3182 2115 3244 C
2148 3184 2288 3237 ciunt
2332 3184 2593 3239 canonice
2634 3192 3000 3248 convocatus,
3044 3182 3186 3238 infra
3235 3195 3344 3239 tres
3379 3196 3472 3241 aut
3518 3199 3615 3241 sex
3662 3184 3749 3241 vel

449 3292 609 3347 quam
640 3276 974 3331 familiariter
996 3275 1046 3331 ei
1072 3289 1221 3330 suam
1246 3274 1447 3329 indicet
1474 3272 1750 3342 querelam
1770 3316 1785 3339 ,
1810 3283 1867 3328 et
1891 3273 1957 3326 ab
1978 3287 2045 3327 eo

398 3429 410 3442 ο
449 3368 755 3437 antjnstam
785 3366 1241 3431 emendationem,
1264 3374 1356 3420 aut
1380 3365 1755 3421 rationabilem
1780 3366 2047 3436 percipiat

448 3461 888 3526 excusationem,
922 3460 1036 3530 Ipsa
1070 3475 1170 3514 nos
1196 3461 1497 3514 instruente
1527 3460 1759 3514 veritate
1788 3476 1802 3510 :
1833 3457 1895 3514 Si
1922 3475 2044 3529 pec-

452 3553 641 3606 caverit
669 3552 723 3604 in
751 3560 796 3605 ιε
824 3549 984 3621 frater
1011 3560 1157 3615 tuus,
1188 3551 1315 3604 vade
1334 3593 1348 3615 ,
1378 3558 1427 3605 et
1467 3551 1670 3618 corripe
1697 3565 1812 3603 eum
1843 3550 1977 3603 inter
2000 3559 2047 3604 te

453 3655 501 3699 et
528 3644 697 3714 ipsum
720 3643 887 3697 solum
916 3640 1129 3714 (Matth.
1159 3641 1340 3711 xvm).
1372 3640 1433 3697 Si
1460 3652 1508 3697 te
1531 3642 1787 3708 audierit,
1817 3642 2047 3696 lucratus

449 3750 504 3790 es
540 3738 752 3805 fratrem
781 3739 946 3787 tuum.
996 3731 1054 3788 Si
1096 3742 1144 3786 te
1178 3749 1282 3786 non
1312 3733 1537 3787 audierit
1557 3775 1571 3797 ,
1601 3733 1788 3784 adhibe
1815 3732 1945 3785 duos
1972 3732 2050 3784 uel

451 3836 553 3880 tres
590 3832 753 3880 tecum
778 3844 790 3878 :
822 3832 869 3878 et
899 3823 942 3878 si
971 3839 1071 3877 non
1098 3824 1191 3876 hos
1218 3823 1462 3884 audierit,
1496 3823 1579 3875 dic
1626 3821 1869 3876 Ecclesia:
1890 3820 2045 3892 (Luc.

454 3922 615 3988 xvu),
648 3919 702 3972 id
728 3926 850 3981 est,
880 3931 1071 3971 accusa
1103 3931 1225 3971 eum
1260 3916 1528 3985 publice’,
1559 3926 1614 3973 et
1641 3933 1746 3973 non
1775 3918 1958 3988 prius,
1993 3929 2050 3976 et

452 4009 680 4081 reliqua.

528 4099 615 4154 lll.
645 4098 701 4156 Si
731 4099 851 4170 quis
880 4100 1197 4170 episcupum
1228 4107 1351 4170 post
1377 4098 1490 4155 haec
1518 4098 1743 4172 elegerit
1766 4115 2047 4170 accusare,

454 4193 681 4246 summis
712 4191 1034 4263 primatibus
1071 4193 1448 4262 episcOporum
1488 4202 1641 4247 suam
1683 4193 1884 4249 indicet
1924 4210 2052 4250 cau-

457 4299 597 4351 sam,
626 4295 679 4339 et
708 4299 816 4338 non
848 4283 1198 4339 smeularibns
1219 4325 1235 4349 ,
1257 4284 1348 4353 qui
1376 4286 1545 4354 magis
1573 4286 1639 4339 ad
1673 4301 1858 4354 pacem
1890 4302 2049 4356 quam

458 4374 525 4432 ad
551 4376 812 4447 judicium
835 4391 929 4431 eos
962 4386 1212 4431 revocent
1241 4376 1592 4447 (Carth.tv,c.
1612 4377 2052 4449 26).utcharitas

458 4470 511 4524 in
546 4468 798 4523 omnibus
825 4476 878 4523 et
924 4467 993 4522 ab
1020 4467 1271 4523 omnibus
1300 4468 1651 4524 custodiatur.
1687 4469 1741 4525 Si
1794 4473 2053 4541 primates

2112 3338 2118 3345 .
2151 3272 2333 3341 plures
2379 3287 2594 3327 menses
2636 3288 2734 3343 pro
2774 3274 2888 3328 suis
2926 3275 3187 3329 rationem
3219 3275 3530 3331 redditurus
3563 3278 3751 3332 venire

2150 3363 2443 3419 distulerit.
2468 3366 2622 3433 Quod
2652 3367 2695 3420 si
2726 3366 2957 3435 probare
2988 3367 3238 3434 potuerit.
3263 3366 3405 3433 quod
3426 3380 3531 3419 non
3558 3366 3747 3421 nolue-

2152 3456 2255 3518 rit,
2286 3455 2382 3509 sed
2435 3471 2540 3508 tton
2585 3457 2818 3523 potuerit
2847 3454 3067 3517 venire,
3102 3452 3229 3505 nihil
3276 3454 3326 3508 ei
3374 3455 3612 3508 nocebit.
3649 3455 3747 3511 Ille

2150 3560 2302 3610 vero,
2332 3547 2422 3614 qui
2450 3546 2501 3599 vi
2524 3554 2616 3599 aut
2647 3547 2841 3599 timore
2867 3560 2897 3598 a
2928 3544 3061 3599 sede
3084 3544 3269 3612 pulsus
3287 3586 3304 3611 ,
3327 3552 3424 3600 aut
3446 3546 3559 3599 suis
3584 3547 3746 3601 rebus

2150 3638 2481 3708 exspoliatus
2516 3638 2692 3702 fuerit,
2727 3653 2833 3690 non
2882 3637 3028 3705 prius
3052 3647 3275 3691 vocetur
3318 3638 3384 3691 ad
3430 3637 3694 3709 synodum
3728 3680 3743 3704 ,

2150 3748 2310 3800 quam
2356 3732 2404 3785 ei
2436 3729 2615 3799 omnia
2658 3730 2866 3800 legibus
2906 3729 3361 3798 redintegrantur.
3417 3730 3483 3785 Et
3540 3730 3746 3788 tamdiu

2152 3826 2205 3877 in
2230 3824 2358 3878 sede
2386 3823 2602 3893 propria
2632 3822 2853 3893 paciflce
2890 3831 2946 3877 et
2996 3823 3315 3892 poteStative
3340 3834 3532 3878 cuncta
3563 3824 3746 3893 dispo-

2152 3929 2287 3973 nens
2341 3915 2575 3971 resideat
2605 3915 2783 3986 (Rom.
2831 3931 2897 3982 v,
2944 3917 3039 3970 sub
3079 3913 3438 3987 Symmacho),
3487 3917 3746 3985 quamdiu

2151 4008 2411 4078 expulsus
2439 4006 2527 4062 vel
2558 4007 2890 4078 exspoliatus
2931 4020 3119 4061 carere
3149 4011 3297 4061 visus
3334 4016 3419 4063 est
3464 4009 3625 4063 rebus
3650 4009 3740 4079 (ὅ,

2152 4118 2238 4172 qn.
2262 4102 2328 4167 2;
2354 4111 2397 4155 et
2436 4102 2489 4154 in
2516 4101 2705 4155 decret.
2735 4098 2873 4165 Ivo.,
2908 4100 2995 4154 lib.
3023 4115 3182 4167 xutt,
3215 4117 3265 4167 q.
3291 4100 3371 4170 3).
3396 4100 3531 4155 Cum
3564 4111 3743 4155 autem

2154 4194 2220 4247 ad
2258 4193 2517 4263 judicium
2554 4193 2801 4258 venerit,
2831 4193 2875 4247 si
2919 4194 3146 4246 voluerit
3190 4200 3245 4248 et
3293 4207 3515 4248 necesse
3546 4193 3742 4260 fuerit,

2155 4286 2384 4340 inducite
2409 4286 2459 4340 ei
2497 4284 2698 4354 petenti
2725 4300 2752 4338 a
2785 4284 3028 4354 patribus
3054 4284 3382 4350 constitutas,
3410 4283 3615 4352 absque
3645 4285 3746 4337 im-

2157 4378 2465 4445 pedimento
2512 4374 2902 4441 concedantur,
2936 4382 2989 4427 et
3030 4372 3237 4443 judices
3282 4388 3312 4426 a
3359 4388 3417 4427 se
3461 4373 3620 4428 electi
3653 4377 3747 4427 tri-

2152 4468 2409 4533 buantur,
2444 4476 2501 4520 ut
2527 4466 2579 4520 in
2624 4469 2742 4521 loco
2772 4465 2914 4520 unde
2943 4475 3028 4520 est
3066 4465 3158 4518 ille
3182 4466 3270 4532 qui
3300 4472 3622 4529 accusatur,
3651 4472 3747 4518 aut

459 4559 537 4633 (5,
567 4580 654 4632 qu.
676 4560 734 4631 2)
754 4569 1097 4615 accusatores
1117 4562 1499 4632 epise0porum
1520 4578 1640 4617 cum
1663 4564 1742 4618 eis
1765 4566 2051 4633 pacilicare
2074 4564 2128 4624 Ι)
2154 4562 2199 4615 si
2245 4559 2373 4614 alibi
2404 4558 2631 4627 alicujus
2661 4557 2968 4611 temerariae
3009 4556 3367 4609 multitudinis
3405 4557 3509 4608 vim
3541 4566 3748 4610 metue-

460 4651 796 4707 familiariter
833 4652 1055 4707 minime
1088 4654 1391 4722 potuerint,
1412 4663 1520 4707 tum
1545 4662 1787 4723 tempore
1812 4655 2050 4726 legitimo

461 4758 556 4799 eos
578 4745 642 4799 ad
674 4746 939 4815 synodum
968 4745 1227 4800 canonice
1250 4754 1598 4799 convocatam
1616 4787 1629 4810 ,
1656 4760 1760 4800 non
1784 4746 1917 4802 infra
1949 4764 2051 4802 an-

455 4848 609 4910 gusta
655 4847 932 4907 tempora,
966 4839 1227 4892 canonice
1273 4848 1608 4904 convocent,
1648 4846 1702 4895 et
1748 4855 1855 4895 non
1904 4843 2051 4911 prius

460 4944 622 5003 quam
651 4929 730 4985 eis
767 4944 861 4998 per
893 4930 1095 4997 scripta
1125 4929 1426 4999 signiﬁcent
1458 4929 1582 5001 quid
1613 4933 1691 4987 eis
1718 4936 2009 5004 opponitur
2035 4980 2049 5005 ,

461 5034 517 5078 ut
540 5022 607 5077 ad
639 5022 1045 5089 responsionem
1078 5023 1367 5091 prmparati
1394 5022 1702 5078 adveniant.
1728 5024 1861 5079 Nam
1890 5026 1935 5080 si
1961 5038 2052 5084 aut

461 5118 510 5171 vi
542 5113 779 5187 (Concil.
824 5113 1048 5168 Roman.
1083 5126 1146 5179 v,
1176 5114 1267 5166 sub
1319 5114 1680 5185 Symmacho),
1722 5124 1815 5171 aut
1859 5117 2053 5175 timore

458 5206 637 5278 ejecti,
662 5216 754 5263 aut
773 5207 886 5262 suis
915 5203 1075 5261 rebus
1103 5206 1386 5277 exspoliati
1418 5206 1636 5274 fuerint,
1667 5223 1766 5263 nec
1794 5212 2055 5267 canonice

460 5301 673 5356 evocari
700 5296 767 5354 ad
793 5295 1057 5371 synodum
1092 5304 1316 5367 possunt
1338 5338 1354 5365 ,
1386 5313 1484 5353 nec
1514 5298 1847 5369 respondere
1879 5316 2049 5355 aemu-

462 5388 529 5447 lis
559 5386 778 5458 debent,
818 5400 1104 5462 antequam
1148 5390 1409 5446 canonice
1440 5390 1825 5459 restituantur,
1859 5401 1914 5447 et
1956 5407 2051 5448 sua

459 5485 540 5540 eis
569 5484 747 5538 omnia
777 5484 1020 5554 legaliter
1052 5484 1368 5541 reddantur.

534 5601 553 5632 ⁸
587 5597 702 5651 Eis.

535 5670 556 5701 ¹
578 5666 746 5721 Tunc.

536 5737 555 5769 ⁸
590 5736 972 5811 Episcoporum
994 5741 1329 5813 prtepoaitum
1360 5745 1561 5819 semper
1584 5745 1751 5819 prima
1769 5748 1939 5821 fronte
1953 5745 2058 5804 sol-

2153 4656 2243 4721 rit,
2278 4655 2453 4708 locum
2482 4652 2581 4706 sibi
2625 4665 2923 4720 c0ngruum
2953 4650 3150 4719 eligat,
3181 4663 3289 4716 quo
3318 4648 3521 4718 absque
3551 4650 3746 4705 timore

2154 4762 2301 4811 suos,
2334 4747 2378 4798 si
2412 4744 2710 4798 necessitas
2737 4744 3043 4810 exposcerit
3072 4780 3085 4804 ,
3116 4746 3282 4793 testes
3307 4738 3506 4793 habere
3545 4737 3741 4808 (Coac.

2155 4840 2319 4912 Afric.
2351 4854 2400 4893 c.
2430 4838 2547 4904 30),
2579 4844 2633 4891 et
2662 4836 2863 4905 absque
2894 4831 3280 4902 impedimento
3305 4846 3455 4885 suam
3486 4833 3745 4888 canonice

2155 4933 2477 4988 sententiam
2516 4929 2673 4984 ﬁnire
2702 4928 2908 4991 valeat,
2939 4926 3063 4997 quia
3100 4924 3267 4979 multa
3310 4940 3407 4995 per
3442 4925 3745 4994 snbreptio-

2158 5038 2280 5080 nem
2310 5024 2527 5079 evenire
2553 5021 2750 5077 solent.

2227 5116 2319 5172 IX.
2365 5116 2433 5172 Ut
2472 5113 2826 5179 testificandi,
2856 5113 2945 5167 vel
2986 5111 3271 5167 accusandi
3321 5110 3538 5166 licentia
3577 5108 3743 5165 dene-

2156 5219 2310 5280 getnr
2336 5208 2420 5263 his
2447 5208 2539 5277 qui
2574 5206 2895 5261 Christiana:
2922 5203 3199 5273 religionis
3228 5212 3283 5259 et
3308 5201 3539 5257 nominis
3569 5201 3743 5272 digni-

2150 5307 2342 5363 tatem,
2370 5307 2426 5353 et
2458 5312 2569 5352 suze
2615 5296 2751 5366 legis
2775 5295 2860 5351 vel
2900 5297 2981 5351 sui
3030 5294 3294 5366 prepositi
3330 5308 3612 5361 normam,
3648 5303 3743 5352 aut

2153 5392 2473 5464 regulariter
2522 5388 2811 5458 prohibita,
2870 5388 3212 5460 neglexerint
3249 5386 3507 5458 (Arrianus
3534 5387 3589 5440 in
3628 5402 3673 5440 c.
3705 5385 3735 5443 l

2155 5487 2234 5541 tit.
2264 5486 2320 5550 7,
2348 5484 2381 5536 l.
2418 5498 2505 5537 xvr
2527 5481 2655 5537 Cod.
2682 5480 2936 5553 Theod.).

2153 5601 2349 5655 licitum
2397 5615 2540 5663 esse;
2578 5599 2655 5653 vel
2701 5607 2932 5653 sanctum
2974 5598 3289 5670 propositum
3328 5610 3526 5669 semper
3576 5597 3742 5667 prima

2156 5672 2332 5742 fronte,
2353 5671 2604 5742 incedere.

2184 5788 2194 5819 ι
2270 5742 2290 5773 ⁸
2322 5741 2387 5799 Et
2413 5741 2553 5801 idem
2579 5740 2806 5799 habetur
2836 5740 2888 5799 in
2919 5738 3310 5808 decretisJulii,
3333 5753 3382 5795 c.
3412 5737 3503 5797 35.
