4150 6176
416 257 479 314 ii
1630 248 1989 309 EPISTOLE

2120 262 2121 265 ‘
2159 250 2502 310 DECRETA.
3649 260 3719 316 22

486 370 553 427 Χ.
602 368 828 426 Multum
863 365 1147 435 derogatio
1178 365 1433 435 pravalet
1463 365 1679 435 quando
1707 366 2017 438 derogatori
2042 368 2094 429 Α
2124 367 2248 435 legi,
2272 378 2538 438 raptores,
2568 371 2814 435 veneﬁci,
2848 372 3102 439 adulteri,
3136 385 3187 429 et
3218 376 3307 447 qui
3334 382 3544 447 raptum
3574 377 3716 433 iece-

413 464 660 531 creditur
686 460 863 535 (Trip.
892 473 982 524 ιιι,
1009 458 1076 522 8;
1110 473 1173 517 ετ
1220 455 1373 512 Socr.
1435 473 1471 523 ι,
1533 459 1595 513 51
1624 458 1666 528 ).
1704 458 1827 513 Ideo
1854 458 2016 514 variis

412 552 901 613 detractationibus
920 560 1084 621 atque
1109 548 1540 606 accusationibus
1559 563 1665 604 non
1692 548 1848 605 decet
1870 550 2017 605 labe-

418 649 610 706 factari
637 645 943 717 primatem,
973 643 1070 698 sed
1100 644 1271 713 magis
1293 651 1503 712 patrum
1544 642 1743 711 regulis
1767 642 2015 697 roborari

422 743 602 815 (Dant.
648 756 732 811 ep.
781 738 852 793 ad
898 735 1141 808 Illyricos
1178 735 1319 804 apud
1343 733 1621 798 Theodon,
1655 749 1717 799 ιι,
1744 733 1871 804 εει).
1904 733 2014 789 Nec

414 838 573 892 facile
606 841 701 889 aut
742 830 1112 888 indifferenter
1136 830 1414 898 suscipere
1463 828 1838 882 accusationes
1880 843 2015 896 prae-

409 937 618 989 sumat,
646 924 864 979 dicente
904 923 1133 976 Domino
1160 938 1173 974 :
1204 918 1327 973 Non
1383 920 1635 987 suspicias
1669 934 1840 972 vocem
1869 934 2013 971 men-

409 1018 550 1072 dacii
590 1015 786 1087 (Exod.
822 1014 994 1079 xxiv);
1022 1012 1114 1068 sed
1144 1012 1290 1082 prius
1319 1010 1547 1080 probare
1568 1011 1726 1065 debet
1751 1010 2015 1079 suspicio-

412 1126 536 1166 nem
564 1120 619 1163 et
645 1122 865 1163 causam
886 1146 899 1171 ,
926 1113 1021 1159 aut
1064 1118 1169 1173 quo
1198 1103 1381 1158 animo
1417 1102 1520 1157 hoc
1546 1102 1703 1156 faciat
1728 1142 1743 1167 ,
1771 1112 1824 1156 et
1861 1110 2012 1170 post-

412 1201 632 1255 modum
664 1199 943 1266 suspicerc
972 1214 987 1251 :
1040 1195 1165 1266 quia
1194 1195 1438 1250 veritatis
1468 1194 1855 1265 professionem
1887 1193 2009 1266 (An.

413 1295 468 1348 in
497 1293 592 1348 lib.
626 1308 660 1346 ν
701 1291 847 1348 Sent.
890 1288 1072 1356 Pauli,
1107 1290 1187 1343 tit.
1220 1289 1322 1355 15,
1357 1298 1485 1343 sent.
1515 1289 1549 1343 2
1574 1288 1612 1356 ),
1647 1288 2015 1358 propinquita-

418 1388 526 1451 tis,
572 1383 882 1445 inimicitias,
937 1382 1181 1447 timoris,
1219 1382 1423 1435 amoris
1454 1422 1467 1445 ,
1496 1380 1605 1435 odii
1647 1389 1701 1435 et
1747 1380 2014 1451 cupidita-

421 1477 493 1530 tis
522 1474 748 1535 intentio
778 1471 1044 1542 impedire
1071 1512 1086 1539 ,
1109 1481 1161 1527 et
1188 1469 1413 1527 adversa
1463 1470 1724 1525 fratribus
1773 1471 2013 1540 irrogare

420 1572 588 1720 salici:
619 1663 875 1718 Persona
905 1659 1139 1731 (Hadr.,
1174 1660 1210 1713 4
1250 1670 1298 1713 et
1331 1656 1434 1730 15)
1466 1659 1837 1713 accusantium
1880 1658 2011 1712 tales

2121 464 2259 528 rint,
2292 464 2376 518 vel
2423 462 2617 519 falsum
2660 466 3024 522 testimonium
3066 470 3335 538 dixerint,
3366 485 3462 527 seu
3514 472 3602 542 qui
3646 472 3711 526 ad

2119 554 2404 625 sortilegos
2449 570 2741 628 magosqne
2796 561 3168 616 concurrerint
3199 562 3395 633 (Hadr.
3427 564 3548 618 coll.
3580 563 3710 634 65),

2119 647 2428 702 nullatenus
2483 649 2548 703 ad
2615 654 3018 708 accusationem
3068 653 3150 707 vel
3219 655 3285 708 ad
3346 656 3711 711 testimonium

2116 748 2277 794 erunt
2305 741 2643 796 admittendi.

2191 832 2330 887 XVI.
2371 834 2481 889 Nec
2520 835 2592 889 ita
2626 836 2677 889 in
2710 837 3097 892 ecclesiasticis
3124 838 3393 908 agendum
3434 847 3518 894 est
3549 855 3715 911 nego-

2118 924 2227 990 tiis,
2264 924 2403 981 sicut
2445 927 2497 980 in
2539 928 2889 982 srecularihus
2919 927 2939 999 (
2970 927 3028 983 S.
3060 927 3162 982 Leo
3183 970 3197 994 ,
3231 946 3310 998 ep.
3342 930 3460 996 54).
3494 930 3625 984 Nam
3661 931 3713 985 in

2118 1017 2472 1072 saecularibus
2504 1029 2785 1089 postquam
2825 1021 3036 1089 legibus
3064 1029 3285 1075 vocatus
3314 1022 3557 1088 venerit,
3587 1030 3641 1077 et
3661 1022 3714 1076 in

2116 1108 2236 1163 foro
2268 1108 2548 1165 decertare
2589 1113 2815 1181 coeperit
2844 1112 3038 1181 aliquis
3076 1154 3090 1177 ,
3126 1127 3232 1165 non
3280 1112 3406 1167 licet
3436 1123 3561 1167 ante
3590 1128 3715 1182 per-

2117 1214 2291 1257 actam
2346 1219 2561 1259 causam
2619 1206 2928 1260 recedere:
2998 1206 3051 1259 in
3106 1205 3492 1260 ecclesiasticis
3538 1220 3669 1260 vero
3701 1244 3714 1269 ,

2116 1292 2257 1347 dicta
2288 1310 2471 1361 causa,
2506 1296 2761 1351 recedere
2804 1298 2962 1362 licet,
2996 1297 3040 1350 si
3073 1311 3296 1352 necesse
3334 1296 3515 1365 fuerit,
3548 1306 3639 1351 aut
3666 1298 3711 1352 si

2116 1400 2176 1439 se
2207 1388 2527 1455 prmgrat'ari
2557 1386 2769 1442 viderit.

2188 1474 2351 1530 XVII.
2394 1476 2617 1544 Quoties
2649 1479 2937 1549 episcOpus
2965 1478 3161 1550 (Hadr.
3204 1479 3301 1548 27)
3343 1494 3505 1550 super
3553 1480 3717 1536 certis

2116 1578 2406 1623 accusatur
2448 1570 2798 1637 criminibus,
2824 1572 2871 1625 si
2922 1573 3057 1627 tales
3100 1572 3297 1628 fuerint
3325 1582 3671 1630 accusatores
3703 1617 3716 1639 ,

2116 1659 2206 1727 qui
2232 1660 2374 1728 juste
2402 1662 2731 1717 etcanonice
2752 1664 2920 1733 recipi
2951 1664 3201 1728 debeant,
3232 1665 3473 1735 legitima
3506 1667 3557 1720 in
3590 1682 3720 1737 syn-

412 1770 536 1811 esse
587 1755 823 1817 debent,
855 1767 1082 1823 quarum
1133 1749 1269 1805 ﬁdcs
1314 1758 1369 1805 et
1417 1750 1760 1804 conversatio
1802 1760 1858 1804 et
1905 1753 2014 1803 vita
2043 1765 2093 1824 Β
2122 1751 2247 1815 odo,
2279 1766 2377 1805 suo
2418 1752 2469 1805 in
2495 1760 2739 1821 tempore
2765 1767 3111 1825 congregata,
3163 1757 3231 1812 ab
3260 1758 3509 1812 omnibus
3558 1772 3721 1813 cano-

417 1844 712 1916 probahilis
744 1854 798 1900 et
820 1844 1024 1913 absque
1051 1842 1477 1912 reprehensione
1502 1844 1606 1908 sit,
1640 1851 1694 1897 et
1721 1857 1840 1911 quae
1866 1843 2016 1897 omni

412 1946 637 1993 careant
681 1935 1039 2006 suspicione:
1072 1934 1199 2004 quia
1247 1942 1304 1989 et
1351 1934 1481 1999 hoc,
1512 1943 1563 1987 te
1602 1940 1909 2003 praesente,
1960 1941 2017 1987 ut

414 2031 557 2086 bene
585 2030 748 2094 nosti,
774 2030 828 2083 in
852 2027 1068 2082 Nicena
1102 2026 1313 2098 synodo
1332 2066 1346 2090 ,
1379 2035 1599 2095 propter
1622 2026 1887 2081 malorum
1919 2025 2016 2079 ho—

420 2125 633 2179 minum
663 2122 1056 2177 infestationem
1085 2162 1099 2186 ,
1127 2121 1195 2175 ab
1227 2118 1481 2174 omnibus
1502 2117 1788 2173 difﬁuitum
1818 2126 1922 2185 est,
1954 2117 2019 2171 li-

414 2228 507 2273 cet
529 2230 814 2285 pravorum
834 2214 1111 2270 hominum
1134 2214 1348 2269 insidiis
1369 2213 1478 2268 sint
1495 2213 1608 2267 haec
1632 2223 1687 2267 et
1709 2211 1813 2266 alia
1836 2228 2017 2283 quam-

426 2311 584 2381 plura
615 2309 792 2363 deleta
824 2310 863 2362 ⁸.

490 2398 603 2454 ΧΠ.
646 2398 911 2453 Primates
938 2398 1048 2463 illi,
1080 2407 1135 2453 et
1174 2412 1282 2452 non
1327 2397 1419 2451 alii
1459 2396 1604 2461 sint,
1636 2411 1799 2467 quam
1844 2397 1895 2451 in
1926 2396 2017 2451 Ni-

416 2508 570 2548 cazna
610 2491 821 2563 synodo
847 2500 974 2547 sunt
1013 2490 1316 2546 constituti.
1346 2489 1558 2560 Reliqui
1590 2504 1755 2555 vero,
1784 2490 1874 2560 qui
1906 2505 2021 2546 me-

419 2585 659 2655 tropoles
690 2593 875 2640 tenent
900 2584 1060 2640 sedes
1086 2583 1282 2656 (Hadr.
1307 2583 1429 2637 coll.
1475 2581 1595 2654 25),
1622 2582 2018 2652 archiepiscopi

416 2690 707 2740 vocantur.
738 2690 790 2733 et
822 2692 929 2733 non
957 2678 1233 2747 primates,
1267 2677 1411 2731 salva
1440 2676 1492 2729 in
1522 2677 1776 2729 omnibus
1803 2683 2018 2745 aposto-

419 2772 539 2827 lica:
568 2770 713 2826 sedis
733 2771 1019 2840 dignitate,
1052 2785 1171 2839 quae
1202 2768 1252 2823 ei
1280 2769 1347 2823 ab
1376 2769 1491 2836 ipso
1520 2767 1749 2821 Domino
1779 2775 1862 2821 est
1890 2780 2017 2821 con-

418 2878 594 2927 cessa,
623 2871 679 2917 et
708 2874 893 2931 postea
920 2878 949 2916 a
987 2862 1189 2916 sanctis
1216 2862 1457 2930 patribus
1483 2860 1755 2915 roborata.

490 2956 631 3012 XIII.
675 2956 856 3011 Primo
888 2970 1103 3025 semper
1126 2952 1299 3026 (Idem
1334 2968 1381 3005 c.
1416 2950 1506 3022 15)
1532 2953 1584 3005 in
1621 2950 1772 3005 omni
1809 2951 2020 3017 episco-

422 3066 611 3120 porum
642 3048 1007 3113 accusatione,
1035 3048 1175 3113 vita,
1205 3061 1437 3116 persona
1476 3053 1533 3099 et
1562 3041 1902 3099 conversatio
1930 3058 2019 3097 ac-

2121 1842 2238 1896 nice
2264 1841 2533 1906 audiatur,
2560 1845 2649 1913 qui
2674 1852 2798 1898 sunt
2826 1846 2881 1899 in
2912 1846 3229 1914 provinciis,
3253 1848 3539 1917 episcopis.
3563 1849 3719 1916 Quod

2119 1933 2163 1986 si
2216 1933 2439 2002 legitimi
2490 1949 2596 1988 non
2646 1934 2847 1990 fuerint
2892 1948 3267 2000 accusatores,
3300 1952 3405 1991 non
3458 1937 3712 2008 fatigetur

2118 2026 2403 2095 episcopus
2450 2043 2468 2079 :
2510 2027 2634 2096 quia
2693 2027 3003 2083 sacerdotes
3054 2029 3119 2082 ad
3172 2029 3582 2085 sacriﬁcandum
3628 2046 3722 2085 va-

2118 2132 2245 2173 care
2274 2118 2511 2183 debent,
2543 2135 2647 2173 non
2679 2120 2744 2173 ad
2770 2120 3107 2189 litigandum.
3135 2120 3244 2175 Nec
3276 2122 3385 2188 illi,
3416 2123 3507 2192 qui
3538 2123 3718 2177 throni

2122 2211 2212 2264 Dei
2243 2220 2502 2264 vocantur
2529 2210 2710 2283 (conc.
2752 2210 3035 2279 Tolet.x1,
3078 2229 3124 2265 c.
3171 2213 3250 2282 5),
3288 2228 3574 2281 pravorum
3624 2214 3721 2268 ho-

2118 2302 2321 2357 minum
2366 2302 2579 2356 insidiis
2609 2301 2813 2358 turbari
2857 2303 3101 2369 debent,
3155 2304 3248 2361 sed
3297 2304 3464 2360 libere
3502 2304 3720 2361 Christo

2127 2396 2354 2448 Domino
2381 2395 2651 2453 lamulari.

2194 2484 2377 2540 XVIII.
2401 2487 2736 2556 Quamquam
2756 2487 3308 2557 comprovincialibus
3326 2487 3598 2557 episcopis
3616 2503 3723 2544 una

2118 2592 2240 2631 cum
2294 2593 2483 2632 eorum
2536 2579 2987 2648 metropolitano,
3037 2594 3149 2633 suae
3189 2579 3481 2649 provincia:
3525 2595 3722 2637 causas

2119 2669 2496 2738 episcoporum
2548 2670 2709 2725 liceat
2758 2671 3085 2726 charitative
3126 2682 3179 2726 et
3218 2672 3562 2727 concorditer
3606 2673 3720 2744 agi-

2120 2771 2237 2819 tare
2259 2804 2273 2827 ,
2306 2779 2412 2817 non
2457 2773 2634 2818 tamen
2664 2765 2845 2834 (sicut
2889 2766 2940 2819 in
2980 2765 3238 2834 praedicta
3260 2809 3275 2833 ,
3314 2776 3365 2820 te
3413 2775 3679 2835 praesente
3704 2808 3719 2832 ,

2120 2855 2469 2909 constitutum
2497 2867 2580 2909 est
2610 2856 2988 2925 synodo)licet
3015 2856 3242 2911 delinire
3270 2856 3476 2925 absque
3491 2856 3721 2914 Romani

2122 2945 2391 3014 pontiﬁcis
2437 2948 2780 3001 auctoritate.
2827 2946 2982 3012 Quod
3025 2949 3069 3001 si
3110 2962 3264 3002 secus
3314 2964 3344 3002 a
3390 2949 3714 3019 quibusdam

2123 3044 2505 3105 prirsumptum
2538 3036 2705 3091 fuerit
2729 3078 2743 3102 ,
2766 3038 2869 3107 ipsi
2899 3037 2992 3106 qui
3040 3037 3141 3093 hoc
3170 3041 3412 3109 egerint,
3443 3054 3555 3095 sua:
3582 3055 3722 3110 pra:-

424 3140 723 3196 cusantium
753 3140 1077 3195 enucleatim
1118 3138 1420 3207 inquiratnr
1449 3154 1461 3189 :
1494 3144 1548 3191 et
1575 3136 1918 3205 postmodum
1955 3150 2019 3190 ea
2049 3137 2094 3201 C
2126 3127 2452 3195 sumptionis
2496 3129 2798 3198 suscipiant
2825 3129 3083 3184 damnum
3120 3150 3133 3187 :
3176 3141 3230 3186 et
3258 3132 3365 3195 illi,
3389 3134 3480 3201 qui
3529 3133 3598 3188 ab
3636 3133 3718 3188 eis

423 3248 548 3303 quas
586 3232 943 3301 objiciuntur,
994 3230 1222 3284 ﬁdeliter
1262 3238 1660 3297 pertractentur
1702 3244 1714 3281 :
1757 3228 2014 3297 quoniam

420 3324 559 3380 nihil
594 3324 749 3381 aliter
783 3324 900 3378 ﬁeri
931 3324 952 3356 ³
978 3321 1154 3387 debet,
1181 3322 1283 3375 nisi
1328 3322 1694 3390 impetitorum
1744 3321 1894 3390 prius
1932 3336 2016 3375 re-

418 3417 667 3487 quiratur
694 3415 832 3473 ﬁdes
855 3456 869 3477 ,
899 3428 1168 3485 personae,
1200 3417 1308 3466 vita
1340 3419 1397 3467 et
1438 3420 1591 3465 actus
1617 3411 1975 3465 discutiantur
2000 3429 2013 3464 :

418 3509 546 3577 quia
579 3523 686 3563 non
718 3506 902 3571 debet,
924 3520 1212 3575 pravorum
1233 3513 1325 3559 aut
1344 3504 1712 3557 insidiantium
1736 3502 2013 3558 hominum

422 3601 685 3673 pernicie,
718 3602 821 3655 vita
858 3598 1084 3654 lacerari
1111 3596 1500 3652 innocentium.
1546 3596 1687 3651 Sane
1716 3596 2015 3667 sazpissime

420 3695 553 3751 boni
599 3708 631 3747 a
670 3692 828 3747 malis
868 3698 1282 3760 persequuntur,
1314 3690 1404 3759 qui
1451 3703 1559 3742 non
1606 3698 1821 3743 cessant
1860 3687 2015 3741 suis’

418 3784 821 3843 calamitatibus
859 3782 980 3837 aliis
1019 3782 1300 3851 derogare.
1346 3780 1472 3835 Ideo
1501 3794 1847 3849 summopere
1885 3794 2013 3849 pro-

420 3875 713 3933 videndum
744 3884 826 3931 est
852 3889 920 3929 ne
943 3875 1057 3928 haec
1088 3872 1237 3928 ﬁant.

497 3966 835 4027 XIV.Nullus
851 3963 1253 4034 servus(Carth.
1272 3977 1367 4025 vn,
1395 3977 1441 4016 c.
1470 3961 1549 4031 2),
1568 3961 1744 4015 nullus
1766 3959 2013 4026 libertus,

424 4061 609 4119 nullus
635 4058 854 4123 inﬁdus,
881 4058 1061 4113 nullus
1087 4056 1407 4111 criminibus
1434 4056 1694 4119 irretitus,
1721 4055 1899 4109 nullus
1929 4071 2017 4110 ea.

423 4151 930 4216 Iumniator,nul|us
951 4149 1041 4219 qui
1062 4148 1360 4206 inimicitiis
1385 4147 1586 4210 studet,
1609 4146 1887 4217 nullusqui
1910 4146 2019 4202 frc-

424 4254 657 4315 quenter
678 4243 849 4314 litigat
874 4241 1069 4315 (Hadr.
1098 4242 1159 4298 ii
1178 4251 1225 4295 et
1246 4242 1335 4307 50,
1357 4256 1422 4295 ea;
1439 4239 1924 4309 Carthaginensibus
1938 4255 2013 4304 tv,

426 4339 521 4402 58,
538 4348 585 4392 et
613 4353 709 4402 vn,
740 4337 823 4405 2),
842 4348 897 4391 et
922 4336 985 4390 ad
1012 4335 1372 4391 accusandum
1398 4335 1482 4388 vel
1519 4333 1906 4388 detrahendum
1934 4342 2018 4388 est

427 4430 627 4494 facilis,
652 4430 791 4483 nulla
809 4427 1024 4485 infamis
1054 4441 1305 4497 persona,
1331 4427 1415 4480 vel
1443 4440 1657 4489 omnes,
1688 4440 1823 4493 quos
1847 4425 1912 4479 ad
1928 4440 2017 4480 ac-

2120 3233 2402 3288 perperam
2445 3220 2901 3276 excommunicati
2937 3232 3029 3275 aut
3064 3221 3303 3277 damnati
3332 3222 3552 3289 fuerint,
3586 3237 3717 3278 auc-

2119 3310 2333 3363 toritate
2366 3309 2524 3379 hujus
2553 3321 2753 3365 sanctae
2779 3312 2945 3379 sedis,
2972 3322 3024 3366 et
3051 3312 3193 3367 beati
3225 3313 3570 3382 praeceptoris
3593 3328 3721 3368 nos-

2117 3401 2183 3453 tri
2218 3399 2471 3469 clavigeri
2522 3400 2665 3456 Petri
2703 3411 2973 3472 potestate
3014 3405 3316 3470 solvantur,
3347 3416 3509 3475 atque
3558 3407 3717 3460 resti-

2122 3500 2363 3544 tuantur.
2398 3492 2516 3560 Ipse
2536 3495 2679 3547 enim
2694 3494 2768 3549 ait
2793 3496 3055 3559 Dominus
3087 3513 3101 3550 :
3135 3498 3486 3568 Quaecumque
3508 3500 3717 3554 solveris

2116 3601 2271 3654 super
2296 3598 2504 3653 terram,
2532 3598 2683 3642 erant
2705 3590 2874 3644 soluta
2898 3601 2943 3645 et
2970 3592 3025 3645 in
3050 3592 3190 3646 cwlis
3208 3593 3420 3660 (Matth.
3452 3593 3593 3666 ινι).

2188 3675 2327 3731 XIX.
2359 3678 2580 3743 Quoties
2598 3682 2835 3750 episcopi
2862 3698 2920 3736 se
2945 3700 2973 3736 a
3007 3685 3119 3738 suis
3143 3699 3260 3738 com
3270 3686 3715 3754 provincialibus,

2120 3770 2316 3841 (Hadr.
2350 3773 2382 3828 6
2412 3781 2456 3826 el
2481 3773 2571 3839 18,
2599 3789 2661 3827 ea:
2686 3790 2801 3826 can.
2834 3774 2868 3825 4
2906 3776 3007 3827 e17
3035 3792 3180 3827 conc.
3224 3777 3571 3848 Sardicensis)
3626 3779 3714 3833 vel

2117 3881 2147 3919 a
2178 3867 2594 3936 metropolitano
2626 3868 2930 3936 putaverint
2960 3870 3316 3938 przegravari,
3367 3880 3459 3923 aut
3485 3886 3581 3925 eos
3620 3885 3713 3925 su-

2118 3968 2333 4028 spectos
2363 3959 2680 4025 habuerint,
2706 3974 2828 4013 mox
2873 3960 3173 4014 Romanam
3207 3961 3479 4030 appellent
3507 3962 3713 4027 sedem,

2117 4050 2187 4104 ad
2217 4067 2375 4121 quam
2398 4067 2495 4107 eos
2524 4052 2729 4121 absque
2759 4053 2864 4106 ulla
2898 4052 3233 4117 detentione,
3265 4065 3355 4110 aut
3381 4068 3599 4109 suarum
3624 4071 3715 4112 re-

2118 4158 2237 4196 rum
2278 4142 2569 4205 ablatione,
2605 4142 2773 4197 libere
2811 4143 2888 4197 ire
2920 4143 3100 4198 liceat.
3129 4143 3196 4198 Et
3227 4144 3353 4199 dum
3397 4145 3714 4216 praedictam

2120 4233 2416 4288 Romanam
2443 4243 2669 4289 matrem
2684 4235 3070 4304 appellaverint
3097 4235 3418 4303 Ecclesium,
3443 4246 3533 4291 aut
3554 4238 3622 4292 ab
3650 4252 3714 4293 ea

2120 4341 2180 4381 se
2208 4327 2382 4381 audiri
2411 4328 2776 4397 exposcerint,
2794 4328 2972 4381 nullus
2995 4343 3088 4382 eos
3112 4330 3712 4398 autexcommunicare,

2121 4428 2212 4474 aut
2241 4435 2427 4475 eorum
2472 4421 2629 4474 sedes
2658 4421 2963 4489 subripere,
2995 4430 3087 4474 aut
3116 4435 3305 4475 eorum
3344 4437 3432 4477 res
3470 4422 3716 4489 auferre,

426 4520 666 4579 cusuda
707 4520 936 4575 crimina
977 4518 1187 4588 publica
1219 4518 1365 4587 leges
1414 4516 1641 4585 publica:
1672 4531 1779 4570 non
1821 4516 2013 4569 admit-
2042 4521 2095 4580 1)
2121 4524 2211 4566 aut
2240 4512 2473 4581 aliquam
2501 4513 2582 4565 eis
2612 4514 2716 4565 vim
2745 4511 2949 4565 inferre
2971 4523 3291 4589 praesumat,
3315 4520 3603 4582 antequam
3625 4528 3719 4567 eo-

427 4621 578 4678 tunt,
610 4613 993 4684 permittantur
1016 4610 1299 4681 episcopos
1328 4623 1616 4673 accusare;
1642 4609 1893 4677 quoniam
1926 4622 2019 4660 ac-

426 4716 706 4763 cusatores
744 4714 803 4762 et
825 4705 1217 4771 accusationes,
1253 4716 1388 4771 quas
1420 4702 1569 4771 leges
1598 4700 1777 4754 saeculi
1808 4714 1910 4754 non
1940 4715 2019 4755 re-

424 4800 667 4870 cipiunt,
696 4814 800 4869 qua
838 4797 1050 4851 ratione
1076 4793 1430 4850 sacerdotalis
1462 4807 1554 4846 eas
1590 4792 1831 4861 recipere
1858 4790 2022 4846 debet

424 4890 595 4955 ordo,
626 4890 871 4945 invenire
894 4902 1133 4959 nequeo,
1164 4902 1286 4941 cum
1320 4887 1432 4941 haec
1463 4894 1521 4940 et
1552 4885 1604 4938 in
1648 4885 1859 4937 Nicena
1888 4898 2018 4955 syn-

423 4983 535 5039 odo
579 4982 848 5054 prohibita
888 4982 1032 5046 sint,
1079 4988 1138 5037 et
1166 4980 1247 5035 illi
1289 4980 1460 5048 magis
1489 4978 1558 5031 ab
1603 4978 1749 5042 istis,
1784 4993 1891 5032 non
1934 4976 2022 5031 isti

424 5077 496 5132 ab
540 5076 647 5131 illis
672 5075 905 5145 iudicari
945 5073 1207 5138 debeant;
1239 5082 1293 5126 et
1333 5070 1608 5140 apostolus
1642 5069 1785 5124 dicat
1831 5087 1844 5123 :
1900 5069 2023 5140 Spi-

423 5169 631 5224 ritulis
662 5167 869 5241 judicat
896 5167 1066 5223 omnia
1087 5208 1101 5232 ,
1139 5167 1249 5237 ipse
1275 5180 1393 5219 vero
1436 5181 1469 5218 α
1503 5163 1701 5217 nomine
1732 5161 2018 5233 judicatur.

426 5259 505 5330 (II
533 5258 653 5315 Car.
682 5262 767 5329 ιι).

502 5350 619 5406 XV.
664 5351 935 5417 Hreretici,
962 5364 991 5404 a
1028 5349 1221 5421 quibus
1253 5348 1476 5411 nimium
1507 5344 1885 5416 opprimimur,
1917 5360 2023 5400 ex-

2127 4619 2246 4658 rum
2297 4618 2459 4657 causa
2510 4602 2738 4657 Romani
2783 4602 3049 4671 pontiﬁcis
3098 4605 3417 4657 auctoritate
3477 4602 3717 4657 ﬁniatur.

2126 4684 2279 4761 Q'uod
2307 4695 2537 4748 sialiter
2573 4709 2601 4749 a
2645 4708 2911 4763 quoquam
2946 4702 3330 4762 prtesumptum
3359 4694 3548 4759 fuerit,
3583 4693 3717 4748 nihil

2126 4788 2251 4852 erit,
2294 4787 2388 4841 sed
2424 4785 2629 4840 viribus
2676 4786 2899 4840 carebit.
2949 4784 3082 4839 Nam
3133 4800 3233 4841 nec
3282 4785 3385 4841 hoc.
3432 4801 3716 4856 perperam

2130 4879 2529 4949 prmsumimus,
2558 4880 2650 4934 sed
2682 4888 2733 4933 et
2752 4879 2928 4948 ipsum
2960 4879 3011 4932 in
3041 4879 3252 4934 Nica'na
3282 4880 3494 4950 synodo
3521 4880 3723 4935 consti-

2131 4981 2324 5037 tutum,
2340 4982 2394 5027 ct
2415 4983 2789 5027 antecessores
2817 4984 3031 5026 nostros
3050 4974 3250 5042 egisse,
3266 4975 3426 5039 bene,
3442 4973 3718 5041 Athanasi,

2127 5068 2267 5122 nosti
2294 5084 2308 5121 :
2341 5068 2595 5135 quoniam
2626 5067 2841 5137 quando
2869 5078 2923 5121 tu
2952 5075 3007 5121 et
3053 5069 3249 5124 Paulus
3270 5070 3723 5136 Constantinopo-

2127 5159 2350 5225 litanus,
2398 5160 2684 5229 Asclepius
2714 5158 2736 5193 δ
2758 5161 2919 5215 Gazae
2943 5204 2957 5225 ,
2990 5172 3043 5218 et
3084 5163 3356 5217 Lucianus
3387 5163 3723 5229 AdrianOpo—

2125 5250 2272 5317 lites,
2320 5251 2386 5305 ab
2425 5251 2789 5305 Orientalibus
2838 5253 3127 5324 episcopis,
3168 5252 3472 5308 inconsulto
3518 5259 3721 5308 sanctas

2128 5342 2404 5397 memoriae
2431 5341 2574 5396 Julio
2616 5343 3013 5411 praedecessore
3044 5353 3249 5409 nostro,
3280 5344 3516 5398 damnati
3550 5345 3682 5399 estis
3708 5386 3723 5411 ,

422 5444 956 5513 communicatione,
989 5439 1275 5499 homicidae
1299 5479 1313 5505 ,
1348 5438 1617 5503 maleﬁci,
1647 5436 1793 5492 fures
1816 5476 1831 5501 ,
1861 5436 2031 5491 sacri-
2128 5446 2181 5493 et
2218 5438 2284 5492 ad
2324 5453 2446 5493 eum
2496 5439 2649 5508 quasi
2695 5437 2761 5493 ad
2804 5440 2967 5494 totius
2993 5438 3138 5493 orbis
3174 5446 3337 5508 caput
3362 5438 3380 5510 (
3404 5447 3463 5494 ut
3505 5451 3726 5509 semper

509 5585 525 5617 ⁸
568 5583 667 5645 llic
713 5592 841 5643 nota
893 5581 1139 5653 quaedam
1181 5580 1400 5638 decreta
1451 5579 1506 5634 in
1557 5575 1774 5633 Nicaeus
1816 5576 2025 5649 synodo

422 5654 635 5714 deleta.

506 5726 529 5757 ¹
556 5723 717 5785 decet.

2202 5578 2222 5609 ³
2244 5578 2518 5633 calumniis
2544 5578 2671 5631 alios
2692 5576 2978 5645 denigrare.

2203 5648 2226 5681 δ
2258 5649 2535 5718 Asclephas
2563 5656 2611 5701 et
2638 5646 2849 5703 Lucius.
