4150 6176
417 210 489 267 93
1604 204 1919 262 SANCTUS
1960 203 2164 261 FELIX
2207 204 2384 260 PAPA
2425 202 2488 260 ll.
3646 202 3717 260 24

425 324 550 380 huic
588 321 705 378 sedi
741 329 945 378 sanctae
990 321 1198 377 licitum
1240 318 1339 375 fuit
1365 320 1385 390 )
1415 318 1736 389 confugistis
1760 360 1775 384 ,
1806 317 2022 388 cognita
2050 319 2107 381 Α
2129 317 2251 375 dice
2272 319 2556 374 charitatis
2577 331 2729 374 suam
2752 318 3064 377 desiderent
3091 333 3344 390 promere
3368 321 3714 377 sententiam.

423 432 610 475 eorum
642 416 877 486 nequitia
908 414 1073 486 (Trip.
1100 429 1170 477 tv,
1202 411 1290 479 15,
1322 428 1384 467 ex
1410 411 1535 467 Soz.
1570 428 1646 477 ιιι,
1672 410 1749 482 7),
1772 419 1826 465 et
1848 419 2024 465 vestra

422 509 630 580 iustitia
661 549 675 571 ,
704 522 800 561 vos
841 508 892 561 in
922 504 1359 561 communionem
1383 504 1651 574 suscepit,
1688 513 1742 558 et
1786 503 2026 557 omnium

425 611 668 656 vestrum
702 614 886 652 curam
911 611 1129 665 gerens,
1165 605 1383 665 propter
1413 596 1560 650 sedis
1591 596 1825 663 propritﬁ
1855 595 2031 664 digni—

434 701 624 757 tatem,
653 705 777 743 suas
805 688 1030 757 singulis
1072 687 1305 742 reddens
1343 687 1621 742 ecclesias.
1664 686 2032 741 Orientalibus

431 784 670 852 scripsit,
696 781 922 849 culpans
943 795 1059 841 eos.
1090 780 1233 850 quod
1268 796 1372 834 non
1414 790 1562 835 recte
1598 789 1927 835 tractassem
1953 780 2032 835 vi-

428 891 521 932 ros
550 876 907 942 iuculpabiles
936 875 1005 931 de
1026 876 1139 930 suis
1165 874 1412 931 eccle~iis
1442 877 1797 944 expellentes,
1828 885 1883 930 et
1905 891 2036 931 con-

428 972 611 1025 stituta
648 970 850 1024 Nico-ui
887 970 1100 1024 concilii
1132 971 1354 1023 minime
1382 980 1789 1025 conservantes.
1842 970 1885 1024 E
1915 968 2033 1038 qui-

432 1060 533 1115 bus
564 1061 630 1115 ad
655 1072 861 1116 certum
891 1061 1033 1115 diem
1066 1061 1356 1115 nonnullos
1380 1062 1591 1115 sibimet
1614 1062 1805 1116 adesse
1835 1076 2039 1130 praece-

433 1154 545 1224 pit,
580 1161 639 1207 ut
660 1154 728 1208 de
758 1154 952 1207 talilms
984 1155 1497 1224 praesuinptionibus
1521 1165 1721 1209 certam
1750 1153 2042 1209 redderent

434 1248 727 1311 rationem,
761 1256 817 1300 et.
848 1261 1030 1301 coram
1061 1248 1140 1302 eis
1176 1247 1513 1311 ostenderet,
1539 1247 1743 1316 justum
1778 1246 1851 1301 se
1877 1261 2042 1315 super

434 1341 515 1395 eis
553 1339 845 1408 protulisse
877 1339 1177 1394 decretum.
1208 1338 1601 1393 Interminatus
1627 1350 1710 1393 est
1736 1339 1898 1393 etiam
1933 1354 2039 1393 non

435 1431 561 1485 talia
592 1430 849 1497 deinceps
879 1428 1073 1483 fratres
1100 1444 1218 1483 esse
1254 1444 1529 1497 passuros,
1562 1439 1616 1484 et
1638 1431 1735 1483 nisi
1764 1429 1833 1482 ab
1860 1428 2044 1495 hujus-

436 1523 581 1576 modi
642 1522 1154 1591 praesumptionibus
1204 1534 1517 1588 cessarent,
1564 1538 1593 1577 a
1651 1522 1883 1593 propriis
1924 1538 2045 1578 esse

436 1614 699 1683 gradibus
730 1629 825 1667 eos
856 1628 1193 1668 recessuros.
1230 1614 1345 1667 Tali
1378 1613 1521 1669 enim
1554 1614 1711 1681 hujus
1739 1621 1939 1668 Sancta}
1962 1630 2049 1667 se-

2135 412 2226 466 llis
2251 427 2381 483 ergo
2410 420 2516 467 tam
2544 412 2794 483 legaliter
2818 412 2989 486 (Trip.
3020 429 3097 479 1x,
3132 413 3221 480 14,
3246 429 3310 468 ex
3334 412 3532 469 Theod.
3558 431 3612 479 v,
3634 412 3719 485 9),

2130 517 2292 571 quam
2317 513 2371 557 et
2413 504 2676 559 canonice
2712 504 2955 573 prolatis,
2986 505 3150 559 etiam
3193 508 3434 560 omnium
3465 504 3726 560 Christia-

2132 610 2325 648 norum
2372 597 2730 650 reverentiam
2780 595 3124 663 congaudere
3167 596 3729 666 deposcimus,spiri-

2135 686 2263 741 tuali
2296 688 2662 744 intercedente
2683 687 2982 744 dilectione
3011 699 3065 744 et
3085 690 3278 745 timore
3299 688 3602 756 dominico,
3632 706 3728 761 per

2135 797 2292 851 quem
2335 780 2569 834 humana
2618 792 2928 837 removetur
2975 781 3224 849 offensio,
3266 796 3323 838 et
3370 783 3727 839 ecclesiarum

2137 872 2422 926 aedificatio
2452 873 2783 941 prmpouitur
2804 874 3095 939 universis,
3124 883 3181 928 ut
3204 877 3373 944 magis
3403 876 3634 929 universi
3660 875 3729 930 ad

2139 964 2555 1019 aediﬁcationem
2591 964 2815 1020 fratrum
2846 967 3115 1034 laborent,
3145 983 3305 1034 quam
3336 968 3400 1022 ad
3430 969 3730 1023 damnatio—

2140 1073 2265 1127 nem
2287 1075 2301 1121 ;
2326 1060 2577 1128 quoniam
2602 1062 2678 1112 ait
2705 1060 2956 1114 dominus
2977 1079 2989 1113 :
3007 1059 3071 1114 In
3097 1066 3191 1115 hoc
3212 1076 3514 1133 cognoscent
3533 1079 3726 1129 omnes,

2140 1156 2262 1221 quia
2289 1151 2387 1205 mei
2414 1152 2533 1205 estis
2560 1153 2824 1224 discipuli,
2847 1155 2892 1207 si
2912 1154 3240 1209 dilectionem
3261 1155 3545 1210 habueritis
3572 1156 3733 1211 adin-

2141 1244 2300 1296 vicem
2332 1243 2514 1314 (Ioan.
2550 1248 2695 1314 χιιι).
2723 1244 2841 1299 .lam
2884 1246 3027 1301 enim
3075 1245 3303 1301 formam
3332 1247 3579 1303 dedimus
3604 1245 3738 1319 (Da-

2145 1352 2337 1402 masus,
2388 1337 2543 1403 epist.
2573 1336 2630 1403 2,
2656 1353 2718 1391 ex
2749 1336 2893 1408 Trip.
2923 1354 3006 1404 lx,
3034 1339 3120 1403 15;
3145 1354 3209 1392 ea:
3234 1338 3433 1394 Theod.
3466 1356 3519 1402 v,
3550 1341 3662 1410 10),
3685 1348 3740 1394 et

2145 1442 2174 1480 a
2210 1429 2704 1496 prmdeeeSStiribiis
2745 1430 2943 1489 nostris
2974 1437 3151 1484 datam
3196 1445 3322 1486 esse
3358 1432 3739 1501 cognovimus,

2149 1528 2206 1571 ut
2234 1519 2277 1571 si
2309 1519 2430 1589 quis
2453 1534 2512 1574 se
2534 1521 2813 1590 agnoverit
2833 1519 3220 1589 Christianum,
3248 1523 3373 1577 illud
3399 1534 3575 1579 servet
3598 1522 3741 1594 quod

2148 1608 2216 1661 ab
2270 1610 2535 1680 apostolis
2592 1613 2836 1666 noscitur
2885 1628 3007 1666 esse
3061 1614 3472 1682 contraditum,
3526 1616 3745 1670 dicente

438 1707 521 1762 dis
574 1708 856 1777 privilegio
905 1715 958 1760 tu
998 1717 1052 1760 et
1093 1706 1289 1760 fratres
1341 1706 1415 1759 tui
1462 1707 1708 1775 proprias
1758 1706 2042 1772 recepistis
2074 1702 2120 1762 B
2146 1702 2393 1768 apostolo
2436 1701 2648 1757 Paulo:
2683 1702 2744 1758 Si
2783 1704 2898 1773 quis
2944 1704 3085 1759 vobis
3130 1706 3508 1760 annuntiaverit
3558 1716 3745 1775 prceter

437 1799 719 1862 ecclesias,
745 1813 866 1852 cum
896 1797 1153 1852 omnibus
1182 1797 1286 1850 sibi
1323 1798 1746 1866 pertinentibus.
1780 1797 1873 1851 His
1901 1800 2046 1852 enim

440 1902 494 1949 et
544 1892 667 1945 aliis
691 1906 850 1961 quam
884 1890 1134 1960 plurimis
1163 1889 1504 1945 documentis
1535 1891 1878 1944 manifestum
1917 1900 1999 1944 est
2032 1931 2047 1955 ,

441 1985 651 2039 nullum
695 1984 980 2049 damnari,
1027 1993 1120 2036 aut
1169 1984 1282 2037 suis
1310 1982 1600 2050 exSpoliari
1647 1982 1807 2036 rebus
1850 1981 2051 2038 debere

438 2075 774 2144 episcopum,
808 2074 899 2143 qui
930 2073 1069 2125 hanc
1091 2083 1336 2126 sanctam
1368 2073 1553 2126 sedem
1587 2071 2044 2142 interpellaverit,

443 2173 537 2220 aut
572 2166 674 2219 sibi
702 2163 1121 2219 defensatricem
1152 2162 1469 2229 adsciverit,
1495 2163 1670 2217 donec
1696 2163 1957 2231 judicium
1983 2164 2051 2219 de

443 2273 511 2313 eo
535 2269 733 2311 nostrae
760 2256 1076 2327 aposmlicae
1121 2256 1460 2311 auctoritatis
1485 2255 1671 2327 (Mart.
1699 2256 1740 2321 l,
1764 2273 1992 2310 consess.
2015 2256 2051 2310 2

442 2364 585 2401 conc.
629 2346 868 2415 Later.),
903 2346 1004 2400 hoc
1055 2355 1158 2408 est,
1184 2347 1446 2415 principis
1493 2348 1860 2414 apostolorum
1906 2347 2052 2402 Petri

441 2446 724 2506 agnoscat.
746 2437 873 2507 quia
899 2436 1242 2515 solummodo
1262 2434 1511 2491 Christus
1532 2436 1690 2491 Jesus
1710 2438 1835 2491 huic
1850 2448 2051 2492 sanctae

442 2530 560 2584 sedi
591 2572 604 2595 ,
640 2529 691 2583 id
749 2537 865 2593 cst,
896 2530 1213 2599 apostolicae
1236 2571 1250 2595 ,
1284 2530 1461 2585 lacere
1506 2530 1816 2594 commisit,
1866 2539 2052 2598 utpote

445 2623 703 2693 quoniam
733 2622 882 2676 solus
907 2633 1070 2691 atque
1101 2638 1211 2692 pra:
1240 2622 1492 2676 omnibus
1516 2620 1775 2692 praefatus
1799 2624 2051 2692 princeps

444 2714 814 2785 apostolorum
848 2713 1093 2768 creditus
1131 2724 1236 2780 est,
1268 2723 1430 2783 atque
1472 2716 1755 2784 percipere
1795 2717 1993 2783 meruit
2022 2731 2052 2771 a

445 2822 575 2875 rege
641 2821 829 2875 regum
895 2805 1109 2861 Christo
1170 2806 1283 2861 Deo
1349 2806 1529 2861 claves
1585 2807 1736 2876 regni
1789 2807 2049 2862 calorum

455 2897 672 2968 (Matth.
700 2899 838 2968 xvi).

518 2989 640 3045 XX.
687 2992 761 3047 De
825 2990 1058 3046 induciis
1105 3005 1235 3045 vero
1284 2991 1660 3063 episcoporum
1709 2990 1801 3062 (In
1848 2992 2046 3047 decret.

2153 1792 2293 1861 quod
2336 1795 2645 1864 accepistis,
2694 1797 2969 1850 anathema
3021 1797 3086 1849 sit
3137 1795 3334 1866 (Galat.
3382 1798 3444 1867 t).
3497 1794 3748 1853 Christus

2152 1887 2297 1938 enim
2329 1885 2422 1939 Dei
2453 1884 2615 1949 filius,
2651 1888 2905 1942 Dominus
2929 1898 3133 1954 noster,
3152 1892 3388 1945 humano
3410 1892 3594 1960 generi
3620 1907 3745 1961 pro-

2154 1976 2268 2043 pria
2316 1976 2568 2043 passione
2608 1978 2837 2032 salutem
2878 1979 3252 2048 plenissimam
3301 1979 3649 2045 condonavit,
3690 1991 3747 2034 ut

2155 2078 2255 2118 nos
2283 2065 2536 2120 liberaret
2563 2064 2741 2135 (Rom.
2776 2066 2914 2138 vni).
2949 2068 3015 2122 Et
3059 2068 3105 2121 si
3140 2067 3284 2122 Deus
3309 2068 3364 2122 in
3404 2077 3609 2123 tantum
3650 2084 3749 2124 nos

2153 2156 2361 2224 dilexit,
2395 2167 2453 2211 ut
2483 2158 2648 2213 etiam
2673 2158 2894 2229 proprio
2926 2159 3038 2213 tilio
3080 2175 3185 2215 non
3220 2169 3491 2229 parceret,
3527 2161 3621 2215 sed
3652 2175 3748 2230 pro

2156 2248 2312 2302 nobis
2356 2248 2607 2303 omnibus
2638 2251 2786 2305 illum
2834 2250 3090 2314 traderet,
3129 2260 3185 2304 ut
3227 2265 3327 2305 nos
3356 2250 3654 2306 liberaret:
3689 2262 3748 2307 ut

2154 2340 2282 2410 quid
2309 2354 2408 2397 nos
2437 2356 2542 2395 non
2573 2341 2849 2411 diligimus
2877 2343 3091 2408 fratres,
3124 2352 3216 2396 aut
3245 2357 3342 2397 eos
3369 2352 3577 2398 temere
3603 2342 3749 2412 judi-

2155 2446 2359 2498 camus,
2401 2449 2521 2489 cum
2552 2435 2842 2505 praedictus
2868 2435 3011 2491 dicat
3053 2437 3329 2504 apostolus
3359 2453 3373 2490 :
3402 2436 3579 2492 Nolite
3597 2440 3747 2510 judi-

2157 2542 2273 2580 care
2301 2527 2535 2593 invicem,
2560 2529 2651 2583 sed
2682 2530 2777 2583 hoc
2803 2531 2968 2601 magis
2988 2531 3243 2601 judicate,
3274 2549 3337 2587 ne
3359 2534 3563 2599 ponatis
3584 2532 3749 2601 oﬂ'en-
3835 2578 3850 2590 .

2156 2618 2386 2674 diculum
2420 2623 2593 2691 fratri,
2622 2624 2702 2677 vel
2728 2624 3033 2679 scandalum
3057 2623 3234 2696 (Rom.
3264 2625 3397 2697 xiv).
3433 2625 3566 2681 Nam
3601 2627 3643 2681 si
3672 2626 3746 2682 illi

2156 2712 2246 2781 qui
2286 2712 2481 2768 fratres
2529 2714 2778 2786 diligunt,
2836 2733 2905 2773 ex
2949 2719 3059 2772 Deo
3114 2720 3223 2773 nati
3276 2728 3419 2786 sunt,
3459 2730 3515 2776 et
3561 2720 3746 2776 vident

2155 2801 2326 2858 Deum
2363 2807 2531 2877 :quid
2578 2824 2709 2877 ergo
2749 2820 2908 2864 erunt
2935 2810 3030 2876 illi,
3060 2811 3151 2881 qui
3198 2826 3293 2866 eos
3324 2824 3741 2883 persequuntur,

2155 2904 2211 2949 et
2253 2911 2349 2951 eos
2392 2896 2751 2964 detralieudo,
2800 2901 3180 2965 macltinando,
3214 2904 3538 2971 accusando,
3584 2902 3747 2958 infes—

2157 2989 2339 3055 tando,
2370 2991 2629 3047 damnare
2677 2994 3010 3049 moliuntur?
3052 2995 3107 3051 Si
3158 2996 3231 3051 illi
3273 2995 3366 3051 filii
3395 2996 3509 3061 Dei,
3557 2997 3745 3067 procul

444 3084 560 3140 Ivo.
592 3084 681 3137 lib.
708 3083 987 3153 tv),super
1014 3084 1208 3153 qulbus
1233 3083 1603 3149 ConSuluistis,
1631 3084 1878 3138 diversas
1905 3098 1933 3136 a
1965 3098 2057 3151 pa-
2083 3082 2128 3145 C
2159 3081 2322 3135 dubio
2354 3082 2405 3135 hi
2435 3082 2526 3137 filii
2560 3094 2684 3139 sunt
2729 3086 2948 3155 diaboli,
2986 3090 3076 3158 qui
3121 3103 3358 3160 semper,
3385 3090 3515 3144 sicut
3537 3091 3617 3145 leo
3660 3107 3749 3144 ru-

452 3178 627 3231 trihus
650 3176 863 3246 regulas
894 3176 1202 3230 invenimus
1230 3175 1525 3229 institutas.
1554 3173 1783 3242 Quidam
1816 3174 1957 3227 enim
1985 3174 2051 3228 ad

445 3269 758 3337 repellenda
793 3268 1165 3337 impetitorum
1199 3267 1651 3328 machinamenta.
1678 3276 1730 3320 et
1756 3280 1882 3320 suas
1916 3281 2052 3333 prae-

453 3359 722 3431 parandas
770 3359 1176 3429 responsiones,
1203 3368 1259 3413 et
1305 3367 1469 3413 testes
1521 3356 1961 3420 confirmandos,
2000 3364 2055 3409 et

448 3453 676 3513 consilia
706 3454 1086 3522 episcoporum
1117 3461 1280 3519 atque
1301 3451 1598 3504 amicorum
1623 3447 1936 3518 qua-renda.
1958 3462 2053 3501 an-

452 3560 579 3600 num
612 3554 706 3599 aut
734 3560 829 3600 sex
869 3545 1265 3599 mandaverunt
1293 3558 1510 3597 menses
1535 3526 1801 3605 concedi,
1833 3541 2049 3611 quidam

447 3649 628 3692 autem
674 3653 899 3697 annum.
955 3637 1007 3690 in
1056 3653 1164 3706 quo
1216 3635 1429 3703 plurimi
1477 3634 1829 3690 concordant.
1878 3633 2052 3687 Minus

449 3745 581 3784 vero
611 3728 771 3800 (Vide
798 3746 943 3784 conc.
977 3730 1159 3785 Carth.
1183 3745 1262 3790 ιιι,
1294 3746 1409 3797 cap.
1439 3728 1491 3796 7)
1526 3743 1684 3795 quam
1713 3741 1809 3778 sex
1838 3738 2050 3776 menses

449 3838 556 3878 non
583 3825 598 3853 ³
634 3825 829 3891 reperi.
859 3824 981 3891 quia
1013 3834 1069 3876 et
1099 3823 1250 3874 laicis
1284 3822 1399 3872 baro
1428 3818 1634 3870 indulta
1676 3825 1822 3877 sunt,
1848 3824 2049 3883 quanto

453 3916 625 3982 magis
655 3913 863 3965 Domini
892 3910 1300 3965 sacerdotibus!
1342 3908 1474 3962 Nam
1505 3917 1561 3962 et
1590 3923 1618 3961 a
1651 3906 1854 3961 nostris
1891 3915 2048 3961 ante-

450 4006 782 4068 cessoribus,
810 4012 971 4072 atque
1006 4002 1229 4069 reliquis
1259 4000 1464 4054 sanctis
1505 4000 1743 4068 patribus
1776 3998 2049 4053 multoties

450 4096 737 4151 inhibitum
761 4104 864 4160 est,
896 4110 961 4149 ne
992 4096 1110 4163 quis
1137 4092 1346 4148 Domini
1374 4091 1749 4146 sacerdotibus
1780 4089 2049 4144 detracta-

452 4187 627 4241 tiones
677 4186 911 4256 irroget;
940 4194 1141 4255 quanto
1171 4184 1342 4252 magis
1389 4183 1795 4241 accusationes.
1825 4198 1930 4236 non
1981 4196 2045 4236 ex

451 4277 638 4332 radice
655 4276 1230 4341 cliaritatisiirolatas’!
1261 4275 1556 4341 Quiescite,
1580 4273 1848 4344 inquiunt,
1872 4279 1927 4325 et
1953 4289 2049 4327 n0-

444 4369 539 4423 lite
570 4371 817 4439 persequi
843 4384 938 4423 eos
962 4409 978 4434 ,
1009 4369 1099 4436 qui
1129 4366 1368 4437 perfecte
1398 4367 1508 4421 Deo
1537 4367 1844 4420 ministrant
1870 4407 1883 4428 ,
1912 4379 2048 4435 quo-

2153 3172 2297 3242 giens
2318 3174 2523 3239 circuit,
2551 3191 2782 3245 quatrens
2809 3195 2958 3247 quem
2984 3181 3188 3234 devoret
3212 3181 3253 3252 (Ι
3281 3180 3397 3236 Pet.
3432 3184 3515 3252 v),
3546 3184 3615 3236 ita
3641 3181 3749 3236 fra-

2155 3270 2267 3316 tres
2297 3264 2670 3334 iusequuutur,
2705 3276 2763 3321 ut
2793 3270 3040 3338 perdant.
3064 3271 3163 3338 Qui
3194 3274 3607 3341 vero-adjuvare
3635 3272 3745 3325 fra-

2155 3362 2266 3408 tres
2299 3356 2592 3427 refugiuut.
2624 3360 2795 3429 majus
2825 3373 3165 3429 peccatorum
3190 3376 3329 3414 onus
3350 3363 3660 3431 acquirunt,
3689 3373 3746 3418 et.

2153 3445 2503 3503 fraternitatis
2551 3452 2748 3505 solatio
2795 3452 2874 3506 rei
2904 3452 3189 3506 exsistunt.
3242 3451 3354 3519 Vw,
3399 3453 3571 3523 inquit
3620 3471 3747 3525 pro-

2154 3540 2335 3609 pheta,
2381 3542 2468 3614 qui
2499 3552 2677 3611 potum
2715 3543 2805 3597 dat
2852 3545 3017 3599 amico
3066 3561 3182 3609 suo,
3236 3546 3439 3601 mittens
3480 3548 3549 3618 fel
3596 3565 3745 3603 suum

2155 3632 2336 3701 (Abac.
2367 3635 2453 3704 ιι).
2482 3633 2549 3688 Et
2590 3634 2783 3689 iterum
2834 3635 3271 3705 sapientissimus
3317 3637 3575 3693 Salomon
3619 3641 3741 3696 ait:

2153 3723 2410 3787 Quoniam
2456 3727 2543 3793 qui
2571 3726 2800 3795 loquitur
2842 3730 3039 3796 iniqua,
3090 3745 3193 3784 non
3234 3741 3399 3800 potest
3437 3733 3615 3798 latere,
3647 3749 3739 3786 nec

2152 3817 2401 3883 prtcteriet
2425 3818 2572 3871 illum
2604 3822 2882 3891 corripiens
2901 3823 3180 3893 judicium.
3208 3822 3273 3877 In
3301 3824 3727 3895 cogitationibus’

2150 3910 2285 3962 enim
2305 3910 2452 3981 impii
2468 3913 2802 3984 interrogatio
2830 3917 2925 3969 erit
2957 3933 3289 3971 :sermonum
3311 3927 3483 3971 autem
3504 3919 3646 3972 illius
3672 3920 3741 3972 ad

2151 3999 2316 4054 Deum
2346 4006 2599 4072 perveniet
2640 4008 2863 4072 auditio,
2904 4008 2973 4061 ad
3002 4010 3374 4080 correptionem
3418 4010 3742 4081 iniquitatum

2148 4093 2290 4147 illius
2319 4111 2338 4148 :
2365 4098 2607 4165 quoniam
2656 4100 2802 4154 auris
2839 4101 2942 4155 zeli
2987 4102 3130 4155 audit
3179 4103 3371 4165 omnia,
3413 4110 3459 4155 et
3489 4102 3741 4155 tumultus

2150 4192 2581 4242 murmurantium
2603 4206 2708 4245 non
2733 4191 3070 4247 abscondetur
3094 4192 3251 4266 (Sap.
3276 4192 3338 4261 ι).
3368 4193 3491 4248 Hinc
3520 4194 3661 4248 enim
3690 4192 3736 4247 si

2150 4277 2398 4345 ampleeti
2431 4281 2731 4336 voluissent
2758 4286 2977 4352 pr0prio
3007 4294 3062 4338 et
3095 4299 3228 4339 sano
3253 4299 3434 4348 sensu,
3463 4285 3527 4337 ad
3553 4299 3741 4355 repro-

2151 4366 2276 4422 bum
2308 4369 2531 4426 minime
2577 4373 2906 4439 laberentur,
2950 4375 3044 4430 sed
3080 4391 3174 4444 per
3207 4375 3297 4430 Dei
3335 4376 3582 4431 timorem
3631 4390 3742 4432 ser-

446 4478 569 4519 rum
609 4461 947 4516 orationibus
976 4472 1029 4515 et.
1061 4470 1276 4515 terrena
1310 4459 1452 4515 bella
1480 4460 1772 4521 sedantur,
1807 4467 1861 4511 et
1898 4472 2050 4513 rece-
2076 4455 2125 4514 D
2155 4474 2372 4515 mouum
2401 4479 2621 4517 suorum
2647 4477 3016 4534 prtecaveutes
3044 4466 3367 4527 custodiam,
3403 4467 3546 4537 piam
3579 4481 3741 4523 sanc-

447 4555 688 4611 dentium
713 4572 742 4608 a
774 4554 883 4609 Deo
910 4554 1224 4623 angelorum
1259 4553 1532 4622 pelluntur
1554 4551 1823 4610 incursus,
1849 4547 2048 4619 quique

448 4662 640 4704 omnes
670 4647 979 4714 daanones,
1003 4647 1096 4717 qui
1123 4647 1360 4714 corrupti
1388 4654 1541 4709 sunt,
1575 4658 1795 4713 precum
1818 4641 2047 4696 assidui-

450 4750 562 4797 tate
586 4739 920 4795 confundunt
952 4738 971 4811 (
1004 4737 1149 4805 Trip.
1174 4753 1247 4791 vit
1267 4778 1279 4800 ,
1310 4736 1393 4808 9).
1423 4736 1652 4791 lndueim
1680 4750 1909 4803 namque
1937 4749 2044 4789 non

447 4833 551 4889 sub
594 4840 818 4901 angusto
856 4840 1101 4898 tempore
1123 4870 1137 4894 ,
1171 4828 1267 4883 sed
1318 4829 1417 4883 sub
1446 4828 1606 4897 longo
1643 4827 1818 4894 spatio
1854 4840 2049 4881 conce-

454 4906 647 4983 denda:
676 4934 821 4989 sunt,
857 4931 914 4977 ut
943 4924 1182 4977 accusati
1205 4938 1265 4977 se
1297 4935 1597 4991 praeparare
1621 4960 1637 4985 ,
1668 4929 1721 4973 et
1762 4918 2045 4973 universos

445 5018 936 5077 communicatores
966 5016 1017 5070 in
1048 5016 1340 5087 provinciis
1365 5017 1569 5084 positos
1599 5012 1911 5077 convenire,
1938 5020 2045 5065 tes-

444 5121 529 5167 tes
557 5125 883 5182 prmparare,
911 5119 1072 5180 atque
1098 5117 1285 5163 contra
1318 5107 1665 5161 insidiatores
1702 5119 1761 5159 se
1808 5104 2043 5174 plcniter

446 5216 658 5257 armare
685 5202 918 5259 valeant.

526 5293 666 5347 XXI.
708 5295 928 5351 Judices
971 5292 1117 5349 enim
1163 5301 1218 5347 et
1259 5298 1606 5345 accusatores
1643 5302 1765 5343 esse
1820 5285 2038 5349 debent,

447 5383 539 5454 qui
575 5386 722 5437 utnni
752 5394 973 5441 careant
1010 5385 1318 5456 suspicione
1347 5381 1568 5454 (Πιτάνη
1599 5379 1717 5449 15).
1757 5386 1812 5434 et
1842 5392 1913 5432 ex
1942 5391 2029 5432 ra-

521 5521 535 5550 '
565 5520 741 5587 recipi.

519 5591 539 5621 ¹
560 5586 726 5658 Supra
742 5591 803 5665 _i_i_i
831 5592 1098 5663 principio
1127 5594 1286 5665 hujus
1313 5592 1431 5652 dec.
1458 5592 1547 5650 ubi
1573 5590 1839 5661 allegatur
1860 5586 2031 5647 Nicae-

443 5676 571 5718 nttm
599 5661 908 5716 concilium.

2150 4558 2325 4604 torum
2354 4550 2570 4607 Patrum
2600 4554 2971 4612 definitionem
3016 4558 3136 4611 sine
3162 4556 3390 4625 quadam
3424 4558 3738 4613 noeumeuti

2150 4642 2570 4709 praesumptione
2619 4646 2803 4716 utique
2844 4658 3231 4715 conserVarent
3266 4665 3279 4700 :
3313 4646 3569 4717 quoniam
3609 4639 3740 4704 dicit

2147 4746 2359 4788 sacrum
2390 4736 2667 4805 eloquium
2696 4755 2711 4793 ε
2740 4737 3025 4793 Consilium
3049 4739 3571 4795 bonumconservabit
3594 4750 3662 4806 te,
3691 4749 3738 4795 et

2148 4841 2289 4880 mens
2317 4827 2450 4881 bona
2476 4829 2729 4885 custodiet
2757 4841 2806 4886 te
2826 4831 3014 4904 (Prov.
3049 4832 3131 4903 ιι).
3160 4831 3274 4887 Non
3303 4834 3448 4888 enim
3480 4833 3547 4889 de
3577 4833 3738 4889 fonti-

2150 4916 2249 4972 bus
2278 4918 2521 4989 (Maurus
2553 4922 2809 4991 Cmsenas,
2840 4943 2920 4998 ep.
2951 4926 3005 4979 in
3036 4925 3412 4999 eotlem‘conc.)
3443 4927 3737 4982 salutiferis

2149 5010 2505 5078 Spiritualiter
2543 5014 2609 5069 ad
2655 5017 3071 5086 acquisitionem
3117 5029 3339 5072 mserum
3379 5019 3501 5072 vita:
3540 5032 3735 5086 proce-

2146 5104 2280 5159 dunt
2313 5106 2447 5161 tales
2489 5111 2866 5167 accusationes
2896 5123 2952 5167 et
2980 5113 3366 5178 detractiones,
3410 5120 3571 5181 atque
3614 5113 3736 5170 ideo

2144 5207 2517 5269 competenter
2548 5217 2646 5259 nos
2672 5204 2731 5258 Β.
2760 5203 2959 5260 Paulos
2988 5206 3306 5270 admonens,
3338 5207 3414 5261 ait
3448 5224 3461 5259 :
3496 5204 3618 5262 Non
3647 5209 3737 5263 de-

2146 5288 2259 5344 bere
2287 5293 2405 5363 plus
2432 5311 2632 5363 sapere,
2663 5314 2816 5366 quant
2860 5310 3059 5372 Oportet
3084 5316 3283 5368 sapere,
3326 5301 3416 5354 sed
3445 5318 3625 5371 sapere
3666 5304 3735 5357 ad

2144 5383 2467 5442 sobrietatem
2496 5388 2671 5460 (Rom.
2702 5392 2822 5465 xu).
2853 5393 2913 5449 Ιιι
2941 5395 3253 5451 definitione
3290 5395 3506 5465 pietatis
3532 5398 3732 5467 perdu-

2138 5518 2235 5647 anf’
2262 5519 2565 5649 g‘gtsdedit
2617 5528 2957 5586 Calaritanus
3013 5544 3166 5586 cons.
3218 5529 3255 5584 2
3322 5544 3478 5586 conc.
3545 5531 3727 5591 Later.
