4150 6176
370 273 446 329 es
1608 274 1970 333 EPISTOLIE
2009 276 2098 334 ET
2128 242 2477 335 occasu.
3600 281 3676 335 es

370 402 579 446 remus.
612 387 717 459 Qui
746 386 891 445 enim
932 386 1077 445 hanc
1106 396 1457 458 praetereunt,
1497 403 1602 444 non
1637 400 1842 446 tantum
1873 392 1973 462 ipsi
2000 394 2055 456 Α
2082 411 2175 448 nec
2197 395 2217 425 ³
2250 394 2623 449 vicissitudinis
2648 394 2996 450 obumbratio.
3031 394 3275 459 Portare,
3304 395 3519 462 fratres,
3550 394 3678 453 hor-

371 493 505 537 sunt
533 482 848 539 decidentes
876 496 905 534 a
935 481 1387 537 corroboratione
1426 497 1547 551 sua,
1588 483 1681 538 sed
1715 484 1975 553 insipien-

372 572 467 628 tite
494 588 611 629 sua:
635 573 1036 642 dereliquerunt
1061 573 1310 627 omnibus
1337 574 1678 637 memoriam,
1711 585 1767 630 ut
1793 576 1844 629 in
1866 576 1972 643 bis,

375 671 438 727 in
487 674 677 744 quibus
722 679 1103 739 peccaverunt.
1154 672 1377 725 minime
1424 670 1596 727 latere
1647 672 1969 739 potuissent.

379 762 563 818 Gloria
587 765 780 817 enimet
811 762 1119 817 contumelia
1145 763 1198 815 in
1224 762 1425 831 loquela
1450 772 1537 817 :et
1580 764 1633 816 in
1664 760 1841 833 lingua
1880 763 1974 816 lto-

375 859 547 922 minis,
577 874 729 911 casus
756 856 902 911 illius
925 867 998 911 est
1026 855 1253 927 (Eccles.
1279 856 1359 927 v).
1383 855 1616 926 ldquue
1646 858 1971 913 conveniens

372 959 477 1015 est,
511 949 652 1005 hanc
680 949 898 1020 quidem
931 948 1300 1004 ostensioncm
1334 948 1819 1019 reprehensionum
1852 950 1971 1004 illo-

377 1059 496 1099 rum
528 1044 731 1099 nostris
756 1042 968 1098 actibus
998 1043 1187 1103 inseri,
1222 1057 1290 1095 ne
1332 1042 1556 1097 ulterius
1578 1043 1687 1113 jam
1717 1043 1844 1098 talia
1878 1060 1970 1111 pa-

368 1136 604 1200 tiamini,
636 1134 1033 1189 seminantibus
1074 1133 1179 1188 illis
1225 1134 1429 1188 zizania
1474 1144 1529 1188 et
1567 1134 1839 1201 scandala,
1874 1134 1967 1189 sed

367 1227 545 1285 lzetari
587 1228 639 1281 in
672 1226 869 1281 officiis
911 1236 965 1281 et
992 1226 1331 1296 dogmatibus
1378 1229 1575 1282 vestris
1625 1229 1964 1284 mereamini.

369 1318 541 1391 Igitur
592 1319 919 1375 erubescant
950 1318 1101 1383 talia,
1148 1327 1205 1373 et
1236 1318 1579 1389 'hujusmodi
1630 1320 1965 1387 blaslthcmia

367 1410 699 1467 subtrahere
724 1410 1000 1474 festinent,
1033 1411 1080 1465 si
1110 1410 1383 1465 uoluerint
1409 1426 1439 1465 a
1485 1412 1808 1467 sacerdotali
1840 1426 1967 1466 nos-

371 1510 461 1558 tro
486 1504 716 1571 collegio
744 1503 1042 1573 segregari,
1085 1514 1139 1557 et
1179 1518 1207 1555 a
1239 1502 1529 1557 Christiani
1563 1504 1745 1574 pepuli
1788 1506 1966 1559 socie-

370 1607 482 1653 tate
510 1598 713 1653 divelli.
748 1597 902 1653 Licet
933 1614 1164 1668 namque
1190 1598 1256 1652 de
1296 1597 1378 1652 his
1407 1599 1558 1668 plura
1602 1610 1656 1654 et
1685 1616 1967 1669 perneces-

370 1692 539 1755 saria,
567 1707 686 1761 qua:
719 1693 773 1747 in
802 1692 1039 1747 decretis
1065 1691 1210 1747 sedis
1234 1693 1543 1761 apostolica:
1568 1702 1623 1746 et
1652 1694 1720 1746 ab
1747 1702 1965 1762 aposto-

2079 496 2257 542 tamur
2286 486 2425 561 (Jac.
2452 486 2513 559 l),
2542 488 2955 558 persecutiones
2981 498 3032 543 et
3058 488 3435 544 tribttlationes
3463 489 3673 559 patien-

2078 586 2181 644 ter,
2216 588 2271 633 ut
2300 580 2417 648 ejus
2459 580 2807 635 iuveniamini
2857 580 2976 639 lilii.
3005 595 3163 648 quem
3196 580 3438 651 quotidie
3460 590 3665 651 patrem

2074 673 2279 725 vocatis
2310 672 2477 726 Deum
2508 673 2562 727 in
2595 673 2749 728 emlis
2776 689 2790 738 ;
2822 682 2878 727 et
2915 673 2965 726 in
2996 687 3063 726 eo
3090 673 3317 727 vincatis
3344 675 3549 738 omnia,
3576 674 3668 744 qui

2076 774 2297 835 propter
2324 780 2423 819 nos
2450 767 2583 820 vicit
2609 766 2786 820 omnia
2815 784 2827 819 :
2863 765 2964 831 Qui
2986 767 3142 820 etiam
3181 767 3394 837 praprio
3422 768 3535 833 lilio
3572 784 3670 823 suo

2074 874 2177 912 non
2230 858 2477 927 pepercit,
2530 856 2621 911 sed
2665 875 2758 927 pro
2807 856 2952 911 nobis
2996 858 3231 911 omnibus
3267 858 3484 912 tradidit
3520 859 3671 913 illum

2073 949 2250 1020 (Rom.
2284 947 2429 1020 vni).
2462 947 2767 1003 lmitatores
2790 964 3004 1018 quoque
3029 948 3125 1003 Dei
3151 949 3406 1003 convenit
3436 948 3488 1003 in
3518 950 3668 1004 omni

2074 1044 2240 1098 verbo
2268 1052 2319 1097 et
2350 1058 2516 1113 opere
2548 1043 2747 1098 imitari
2781 1043 2947 1097 Deum
2974 1041 3264 1115 (Maximus
3306 1042 3667 1112 Aquileiensis,

2070 1154 2213 1191 cons.
2270 1138 2557 1203 deiusdem
2607 1153 2752 1191 conc.
2798 1136 2973 1191 Later.
3018 1152 3155 1190 anno
3192 1134 3299 1189 659
3345 1132 3659 1206 celebrati).

2072 1230 2303 1297 Ideoque
2352 1228 2479 1283 illud
2526 1237 2741 1298 oportet
2788 1242 2887 1282 nos
2931 1228 3132 1291 dicere,
3167 1226 3310 1297 quod
3350 1226 3465 1295 ipse
3494 1225 3562 1280 de
3604 1239 3665 1281 se

2070 1321 2346 1393 perhibuit
2374 1322 2636 1377 Dominus
2666 1339 2679 1375 :
2718 1319 2893 1373 Veniet
2925 1321 3163 1389 princeps
3203 1320 3359 1391 hujus
3386 1316 3589 1381 mundi,
3619 1325 3665 1371 et

2068 1416 2123 1469 in
2149 1432 2227 1469 me
2253 1415 2387 1468 nihil
2430 1415 2653 1468 inveniet
2681 1414 2861 1481 (Joan.
2893 1411 3026 1483 xxv).
3063 1411 3338 1468 Venerunt
3368 1420 3423 1465 et
3454 1409 3533 1464 illi
3574 1412 3665 1481 qui

2069 1524 2167 1563 vos
2204 1519 2257 1563 et
2284 1522 2383 1562 nos
2413 1516 2833 1581 persequuntur,
2863 1508 2985 1576 quia
3016 1521 3113 1560 vos
3139 1508 3258 1561 sine
3298 1504 3454 1559 nobis
3480 1518 3668 1575 perse-

2070 1602 2160 1671 qui
2212 1616 2318 1655 non
2354 1609 2607 1669 possunt,
2649 1600 2906 1669 quoniam
2946 1599 3101 1653 unius
3147 1598 3243 1653 Dei
3290 1596 3532 1652 membra
3576 1610 3667 1652 su-

2070 1709 2211 1758 mus,
2246 1703 2301 1749 et
2341 1708 2504 1747 unum
2537 1692 2679 1746 illius
2713 1692 3074 1746 sacerdOtium
3100 1690 3331 1761 perejus
3357 1689 3666 1744 sanctiﬁca-

364 1781 437 1838 lis
460 1798 756 1854 eorumque
782 1781 1213 1845 successoribus.
1247 1785 1448 1837 nostris
1472 1782 1723 1839 videlicet
1755 1785 1961 1854 prwdc-
1992 1794 2040 1854 Β
2071 1787 2272 1841 tionem
2304 1790 2618 1851 retinemus,
2652 1794 2705 1840 et
2734 1786 2785 1839 in
2830 1785 2985 1839 nobis
3012 1785 3079 1839 de
3127 1784 3243 1838 suis
3273 1783 3404 1838 nihil
3438 1782 3661 1838 invene-

366 1876 705 1937 cessoribus,
731 1884 926 1931 statuta
948 1876 1318 1941 inveniuntur,
1341 1876 1522 1931 dicere
1543 1887 1596 1931 et
1616 1878 1965 1934 conscribere

368 1969 761 2038 potuissemus,
798 1980 973 2024 tamen
1001 1969 1195 2024 melius
1226 1971 1380 2024 nobis
1409 1970 1580 2025 visum
1611 1980 1712 2033 est,
1770 1982 1829 2026 ut
1849 1975 1966 2042 cpi-

360 2059 563 2114 stolam
595 2062 841 2115 oratione
864 2060 1181 2115 claudamus
1211 2058 1411 2133 (Julius
1427 2068 1495 2115 ad
1522 2064 1789 2116 ecclesiam
1811 2052 1960 2119 Alea.

365 2151 522 2219 Trip.
551 2168 625 2216 tv,
654 2152 768 2219 29).
813 2152 950 2209 Dens
980 2154 1350 2224 omnipotens,
1384 2164 1437 2208 et
1470 2154 1629 2223 hujus
1658 2155 1965 2225 unigenitus

360 2244 511 2300 ﬁlius
561 2253 615 2299 et
658 2246 907 2301 Salvator
951 2254 1140 2301 noster
1180 2246 1340 2301 Jesus
1380 2245 1651 2312 Christus,
1686 2250 1786 2302 hoc
1815 2248 1966 2303 vobis

370 2338 580 2393 tribuat
622 2338 1054 2406 incitamentum,
1081 2349 1136 2393 ut
1161 2340 1410 2395 omnibus
1435 2341 1688 2396 fratribus
1705 2350 1759 2395 et
1780 2343 1963 2411 coepi-

359 2434 547 2499 sc0pis
575 2432 796 2498 nostris,
813 2432 1243 2503 quibuscumque
1264 2434 1696 2488 tribulationibus
1715 2436 1966 2490 laboran-

359 2524 530 2590 tibus,
565 2525 692 2579 totis
736 2526 1067 2580 succurratis
1101 2526 1325 2592 viribus,
1369 2536 1423 2582 et
1463 2543 1584 2582 cum
1630 2529 1709 2583 eis
1744 2544 1965 2600 compa-

357 2616 583 2684 tientes,
615 2631 832 2671 crucem
861 2616 1103 2687 ejusdem
1135 2618 1346 2673 Domini
1391 2618 1685 2675 Salvatoris
1714 2626 1960 2691 portetis,

356 2718 419 2763 ut
446 2710 562 2764 veri
592 2708 763 2779 ipsius
794 2709 1037 2780 discipuli
1058 2725 1240 2764 coram
1274 2712 1526 2766 omnibus
1549 2714 1876 2780 appareatis,
1904 2725 1965 2769 ut

358 2812 416 2855 et
448 2815 572 2861 vos,
610 2808 665 2855 et
692 2801 783 2870 qui
816 2800 1092 2855 vobiscum
1123 2811 1270 2866 sunt,
1302 2801 1390 2857 hic
1417 2811 1471 2857 et
1500 2805 1552 2857 in
1584 2802 1761 2859 futuro
1789 2807 1965 2875 possi-

356 2890 535 2946 deatis
561 2891 811 2958 meliora,
840 2909 955 2963 qua
976 2894 1157 2947 oculus
1180 2910 1282 2947 non
1308 2895 1457 2959 vidit,
1489 2912 1578 2949 nec
1604 2898 1655 2950 in
1682 2914 1771 2950 cor
1802 2901 1959 2953 homi-

357 2985 440 3037 nis
468 2986 829 3050 ascenderunt,
863 3001 980 3055 qua:
1023 2988 1336 3055 praeparavit
1373 2985 1511 3041 Deus
1544 2989 1873 3061 diligentibus
1908 3010 1962 3046 se

357 3078 406 3149 (l
436 3076 557 3134 Cor.
592 3078 673 3147 tt),
703 3094 800 3150 per
833 3081 1116 3135 Dominum
1161 3092 1402 3137 nostrum
1433 3082 1618 3138 Jesum
1657 3082 1955 3150 Christum,

2070 1888 2200 1934 runt
2228 1896 2241 1931 :
2266 1879 2389 1948 quia
2419 1876 2675 1947 quidquid
2714 1892 2921 1941 sumus,
2955 1877 3123 1945 gratia
3160 1874 3250 1929 Dei
3298 1890 3503 1940 sumus,
3536 1874 3664 1930 licet

2070 1982 2354 2041 propterea
2385 1970 2696 2025 Calumniari
2732 1982 2830 2022 nos
2857 1966 3303 2021 irrationabiliter
3328 1965 3655 2031 studuerint,

2065 2066 2209 2137 quod
2252 2064 2431 2120 facere
2475 2064 2654 2118 solent
2682 2061 2911 2128 inimici,
2940 2075 3090 2115 suam
3120 2075 3189 2115 ex
3234 2060 3335 2113 hoc
3377 2058 3661 2128 cooperire

2066 2159 2393 2214 dementiam
2448 2166 2822 2227 properantes,
2866 2162 3130 2225 quatenus
3181 2168 3277 2223 per
3320 2151 3659 2206 mendacium

2068 2254 2353 2307 veritatem
2420 2250 2632 2303 valeant
2684 2246 3031 2303 obumbrare.
3084 2244 3289 2313 Scripsi
3328 2243 3462 2297 enim
3495 2241 3657 2309 vobis,

2067 2341 2240 2412 inquit
2271 2342 2463 2396 beatus
2490 2339 2793 2409 apostolus,
2818 2354 2910 2407 per
2940 2336 3129 2390 multas
3166 2336 3445 2406 lacrymas,
3478 2351 3580 2388 non
3604 2344 3661 2389 ut

2066 2435 2463 2498 contristentini,
2505 2432 2594 2487 sed
2634 2442 2687 2485 ut
2735 2432 2933 2496 sciatis,
2958 2446 3109 2500 quant
3154 2429 3459 2482 charitalem
3498 2425 3663 2480 abun-

2066 2528 2280 2581 dantius
2312 2526 2470 2579 habeo
2501 2526 2553 2579 in
2584 2524 2722 2579 vobis
2750 2523 2790 2595 (Ι
2822 2522 2941 2578 Cor.
2973 2521 3052 2592 ιι).
3089 2522 3303 2577 Etenim
3325 2520 3661 2576 detrahenti-

2066 2620 2167 2676 bus
2239 2619 2531 2675 detrahere
2580 2617 2893 2689 (Deusdedit
2937 2616 3264 2672 Calaritanus
3310 2631 3393 2685 ep.
3447 2613 3659 2684 ibidem)

2067 2727 2173 2765 nou
2197 2724 2279 2766 εει
2306 2708 2556 2774 bonum)
2582 2718 2636 2764 ut
2668 2708 2857 2763 nonad
2881 2723 2941 2761 ea
2965 2722 3085 2777 qua:
3107 2706 3305 2775 scripta
3335 2712 3483 2769 sunt,
3510 2719 3661 2759 cont-

2065 2805 2219 2870 moti,
2271 2804 2483 2873 injuria:
2529 2810 2807 2857 certamen
2871 2800 3191 2853 efﬁciamus.
3240 2797 3356 2853 Non
3398 2797 3660 2853 debemus

2063 2897 2288 2952 omnino
2331 2897 2524 2949 timere
2567 2892 2919 2964 opprobritttn
2960 2890 3237 2945 hominum
3284 2887 3655 2956 (Martinusl,

2063 3007 2205 3045 cons.
2260 2990 2293 3044 5
2344 2988 2581 3058 ibidem),
2658 3000 2833 3055 neque
2896 2991 3083 3038 eorum
3148 2982 3660 3050 exprobratiouibus

2062 3084 2227 3148 vinci,
2250 3080 2508 3153 quoniam
2555 3081 2656 3134 hoc
2685 3078 2838 3132 nobis
2869 3076 3133 3130 Dominus
3153 3075 3309 3144 jubet
3336 3088 3433 3143 per
3463 3071 3657 3127 Isaiam

363 3191 467 3246 per
496 3194 651 3245 quem
681 3188 733 3233 et
761 3195 885 3234 cum
925 3197 1044 3253 quo.
1066 3184 1425 3252 omnipotenti
1460 3184 1572 3239 Deo
1611 3185 1756 3240 Patri
1786 3186 1955 3254 gloria
1984 3166 2031 3230 C
2064 3175 2410 3247 prOphetam,
2438 3173 2625 3229 dicens
2658 3189 2672 3225 :
2702 3172 2892 3224 Audite
2932 3186 3030 3232 me,
3075 3170 3163 3239 qui
3193 3169 3352 3234 scitis
3373 3168 3659 3239 judicium,

366 3268 427 3322 in
475 3270 671 3323 sarcula
703 3272 1053 3337 saeculorum,
1101 3288 1279 3329 amen.
1324 3275 1511 3329 Valere
1551 3292 1646 3331 vos
1672 3290 1823 3345 opto,
1854 3277 1959 3330 fra-

366 3368 481 3413 tres
529 3362 853 3417 charissimi.
899 3363 1029 3417 Data
1078 3365 1252 3419 idibus
1279 3366 1624 3434 Februarii,’
1666 3368 1863 3439 Agario
1907 3378 1961 3423 et

350 3451 578 3509 Juliano
605 3455 733 3510 vitis
764 3455 1088 3511 clarissimis
1118 3459 1454 3513 consulibus.

613 3595 954 3653 EPISTOLA
995 3597 1037 3653 ll
1091 3597 1354 3655 FELlClS
1394 3599 1597 3655 PAPIE
1638 3599 1682 3654 ll

445 3726 520 3767 AD
550 3726 762 3767 EOSDEI
795 3728 859 3767 ΕΤ
892 3729 960 3768 AD
991 3729 1251 3779 BELIQUOS
1281 3728 1467 3771 DOIINI
1496 3730 1855 3772 SACERDOTES.

349 3840 437 3897 De
468 3845 689 3913 patienti
714 3842 1013 3911 stt/ferentia
1033 3848 1445 3917 persecutionum
1470 3859 1517 3903 et
1548 3850 1954 3903 tribulationum.

346 3975 511 4031 Felix
562 3986 765 4033 sanctae
810 3978 1135 4034 universalis
1166 3979 1427 4037 Ecclesia:
1466 3998 1625 4053 papa,
1659 3994 1817 4055 atque
1861 3999 1957 4054 per

425 4071 659 4140 gratiam
697 4071 793 4126 Dei
821 4072 1102 4128 catholica:
1140 4085 1195 4129 et
1232 4077 1548 4144 apostolica:
1584 4077 1841 4132 Ecclesia:
1868 4095 1957 4137 ure

425 4164 516 4217 bis
539 4164 723 4218 Romae
748 4166 1057 4234 episcopus,
1088 4183 1192 4221 una
1213 4183 1343 4226 cum.
1362 4180 1550 4224 sancto
1572 4172 1807 4227 concilio
1830 4190 1955 4228 nos-

426 4266 519 4311 tro
548 4260 1115 4313 reverentissimorutn
1146 4263 1510 4328 sacerdotum,
1546 4264 1650 4318 huc
1676 4266 1951 4322 nobiscum

428 4350 872 4404 convenientium
909 4350 1195 4421 (Martinus
1218 4351 1247 4404 Ι
1280 4370 1414 4425 papa
1451 4356 1506 4408 in
1529 4358 1773 4425 synodica
1808 4374 1950 4416 conc.

424 4442 655 4511 Later.),
707 4442 761 4497 in
811 4443 1226 4501 confirmatione
1278 4446 1639 4516 piissimorum
1675 4450 1951 4505 catholicae

2066 3269 2291 3339 papulus
2313 3283 2479 3330 meus,
2504 3266 2556 3318 in
2579 3280 2792 3334 quorum
2811 3262 3052 3315 cordibus
3083 3264 3166 3313 lea:
3185 3275 3295 3312 mea
3318 3268 3392 3311 est
3407 3256 3539 3327 (Isa.
3558 3257 3655 3327 ιι).

2067 3360 2242 3414 Nolite
2284 3362 2463 3413 timere
2505 3356 2837 3429 approbrium
2881 3354 3169 3413 hominum,
3214 3360 3259 3404 et
3313 3348 3661 3418 blasphemias

2062 3468 2241 3506 eorum
2265 3468 2330 3504 tte
2369 3452 2591 3504 timentis
2615 3447 2787 3516 (Psal.
2822 3446 2995 3515 xutt).
3026 3441 3450 3497 Considerantcs
3495 3439 3657 3494 etiam

2061 3545 2203 3615 quod
2252 3544 2303 3597 iu
2337 3543 2544 3611 psalmo
2575 3539 2836 3609 scriptum
2865 3548 2950 3593 est
2985 3554 2998 3589 :
3036 3534 3222 3589 Nonne
3253 3531 3394 3587 Deus
3434 3532 3659 3602 requiret

2059 3637 2201 3691 ista?
2230 3635 2355 3705 Ipse
2386 3636 2519 3689 enim
2562 3633 2702 3686 novit
2736 3631 3038 3685 abscondita
3064 3627 3259 3693 cordis,
3288 3635 3335 3680 et
3378 3624 3650 3695 cogitatio-

2060 3745 2148 3783 nes
2176 3728 2361 3781 tulium
2382 3726 2666 3788 hominum,
2689 3724 2933 3794 quoniam
2958 3737 3104 3775 vante
3126 3729 3266 3774 sunt.
3310 3717 3455 3771 Vana
3481 3727 3655 3770 autent

2060 3821 2267 3875 locutus
2294 3829 2368 3873 est
2403 3818 2750 3887 unusquisque
2784 3816 2852 3868 ad
2890 3815 3183 3884 proximum
3211 3827 3385 3876 suum,
3391 3862 3415 3896 ι
3434 3820 3480 3863 et
3513 3808 3651 3862 labia

2059 3911 2243 3966 dolosa
2272 3913 2325 3965 in
2366 3910 2539 3975 corde,
2571 3919 2619 3963 et
2647 3908 2806 3962 corde
2833 3907 2990 3961 locuti
3033 3914 3151 3958 sunt
3193 3903 3352 3957 mala.
3396 3901 3502 3957 Sed
3544 3902 3654 3954 dis-

2060 4004 2241 4073 perde:
2269 4002 2507 4055 dominus
2534 4002 2770 4054 uniuersa
2794 3999 2932 4053 labia
2966 3997 3167 4060 dolosa,
3212 4003 3261 4048 et
3289 3994 3516 4065 linguam
3546 4006 3658 4045 ma-

2057 4096 2377 4167 gniloquam.
2420 4094 2520 4159 Qui
2561 4094 2827 4159 dixerunt,
2875 4090 3012 4144 labia
3040 4101 3215 4144 nostra
3256 4106 3288 4142 a
3321 4088 3463 4141 nobis
3494 4095 3657 4141 sunt:

2056 4191 2171 4259 quis
2202 4198 2374 4243 noster
2414 4188 2652 4241 dominus
2699 4197 2775 4240 est
2807 4183 2979 4255 (Psal.
3013 4184 3124 4254 xt)?
3168 4182 3300 4237 Nam
3348 4182 3392 4235 si
3439 4179 3555 4235 htec
3597 4179 3651 4234 in

2059 4283 2319 4336 memoria
2366 4280 2691 4344 retinerent,
2739 4278 2965 4332 minime
3005 4275 3070 4329 ad
3105 4284 3307 4328 tantam
3343 4270 3654 4342 prosilirent

2056 4374 2419 4445 iniquitatem.
2451 4373 2565 4428 Non
2590 4374 2732 4426 enim
2766 4370 3018 4443 (ejusdem
3044 4383 3192 4440 papa!
3219 4364 3392 4435 verba)
3413 4378 3507 4433 per
3529 4376 3651 4433 pro-

2054 4468 2289 4522 babilem
2338 4476 2390 4520 et
2431 4478 2710 4533 paternam
2747 4463 3047 4517 doctrinam
3082 4461 3182 4513 hoc
3214 4458 3435 4521 faciunt,
3468 4454 3561 4511 sed
3594 4464 3650 4507 ut

426 4533 686 4587 Ecclesia:
716 4533 1051 4605 dogmatum,
1086 4546 1143 4592 et
1184 4540 1515 4594 revelatione
1563 4555 1947 4610 Oppressorum
1976 4545 2032 4605 D
2055 4572 2207 4612 suam
2247 4565 2538 4611 exerceant
2579 4556 2631 4608 in
2673 4567 2867 4609 servos
2902 4554 2991 4607 Dei
3028 4550 3344 4605 vindictam.
3373 4546 3651 4611 Scriptum

422 4626 674 4691 fratrum,
697 4629 1146 4697 coepiscOporum
1192 4630 1446 4685 videlicet
1489 4643 1821 4695 nostrorum,
1856 4636 1945 4701 qui

418 4727 630 4772 rectam
658 4718 862 4774 Nicaeui
888 4720 1103 4774 concilii
1137 4731 1322 4775 tenent
1352 4721 1532 4786 fidem,
1562 4732 1618 4777 et
1641 4724 1729 4794 qui
1755 4723 1947 4781 fratres

420 4826 531 4863 non
585 4809 884 4877 infestant,
943 4812 1213 4867 universis
1267 4814 1639 4881 spiritualibus
1694 4816 1948 4871 fratribus

421 4905 649 4967 nostris,
684 4911 741 4958 et
767 4904 1429 4975 reliquis|injsacerdotali
1460 4907 1687 4978 collegio
1720 4909 1947 4963 Domino

416 4994 781 5062 consecratis,
816 5005 983 5066 atque
1024 4998 1169 5052 omni
1201 4998 1521 5068 plcnitudini
1567 4998 1825 5055 Ecclesia:
1852 5015 1947 5055 ca-

420 5089 657 5143 tholicze.

420 5203 607 5259 Gratia
636 5203 793 5258 vobis
819 5212 879 5260 et
905 5218 1008 5274 pax
1035 5206 1425 5275 multiplicetur
1454 5206 1507 5261 in
1544 5206 1940 5265 confortatione

339 5308 400 5353 et
426 5300 602 5353 sancti
631 5298 867 5366 Spiritus
892 5300 1275 5354 communione
1300 5310 1566 5370 quatenus
1603 5303 1655 5357 in
1687 5318 1752 5357 eo
1780 5305 1943 5372 proli-

336 5390 597 5455 cientes,
647 5406 677 5444 a
712 5391 882 5460 gloria
930 5392 985 5446 in
1034 5390 1299 5467 gloriam,
1330 5395 1538 5449 virtutes
1581 5396 1942 5450 annuntiemus

337 5486 490 5556 ejus,
522 5484 609 5551 qui
638 5484 704 5537 de
741 5484 962 5537 tenebris
989 5501 1082 5539 nos
1125 5484 1320 5538 vocavit
1345 5486 1400 5538 in
1441 5487 1745 5541 admirabile
1774 5488 1943 5541 lumen

336 5590 499 5628 suum
550 5572 592 5644 (l
616 5572 732 5628 Pet.
784 5574 869 5645 tt),
929 5576 1068 5645 apud
1112 5591 1262 5642 quem
1296 5591 1401 5629 non
1444 5586 1517 5630 est
1558 5579 1939 5649 transmutatio,

418 5693 436 5723 ι
461 5687 529 5760 ab
557 5688 856 5760 hujusmodi
884 5689 1202 5759 blasphemia
1218 5705 1272 5745 se
1295 5688 1413 5744 sub.

416 5763 438 5794 ⁸
463 5756 674 5814 Nomen
703 5758 906 5816 fictum.

2053 4664 2285 4718 namque
2325 4662 2407 4705 est
2439 4668 2450 4703 :
2483 4649 2581 4703 Via
2610 4648 2754 4702 stulti
2792 4655 2930 4701 recta
2978 4646 3031 4699 in
3062 4644 3228 4700 oculis
3256 4644 3388 4714 ejus.
3432 4637 3503 4692 Et
3530 4647 3651 4692 sunt

2051 4743 2167 4807 vite,
2206 4757 2323 4811 quae
2350 4742 2584 4795 videntur
2609 4740 2808 4795 homini
2839 4742 3007 4808 iusta',
3038 4737 3315 4791 novissima
3353 4744 3524 4787 autem
3563 4749 3645 4786 eu-

2052 4850 2167 4887 rum
2196 4833 2457 4889 deducunt
2484 4835 2551 4887 ad
2581 4846 2795 4889 mortem
2825 4832 3008 4903 (Prov.
3034 4846 3133 4897 xu,
3168 4829 3297 4898 λιν).
3343 4826 3453 4881 Nos
3496 4826 3640 4879 enim

2051 4929 2141 4996 qui
2188 4928 2303 4982 haec
2344 4929 2599 4999 patimur,
2642 4928 2846 4997 judicio
2878 4927 2969 4982 Dei
3018 4924 3203 4997 (Conc.
3250 4921 3404 4976 Rom.
3438 4934 3521 4986 ιιι,
3550 4918 3645 4973 sub

2053 5018 2390 5091 Symmacho)
2427 5023 2541 5075 haec
2577 5036 2856 5076 reservare
2885 5020 3168 5085 debemus,
3191 5018 3278 5087 qui
3320 5015 3497 5070 reddet
3530 5012 3646 5067 uni—

2050 5112 2233 5182 cuique
2274 5113 2551 5167 secundum
2606 5129 2764 5180 Opera
2792 5130 2888 5168 sua
2925 5110 3139 5185 (Jerem.
3182 5107 3297 5180 xv).
3331 5108 3430 5175 Qui
3476 5106 3637 5159 etiam

2051 5217 2149 5273 per
2193 5204 2469 5260 ministros
2517 5221 2648 5261 suos
2696 5207 2950 5272 intonuit,
2999 5205 3187 5260 dicens
3221 5220 3235 5257 :
3267 5200 3400 5254 Mihi
3440 5195 3636 5250 vindic-

2046 5308 2173 5365 tam,
2218 5317 2309 5371 ego
2356 5300 2635 5355 retribuam
2676 5301 2854 5373 (Rom.
2899 5303 3017 5370 xit).
3049 5298 3156 5353 Vos
3199 5295 3342 5350 enim
3391 5293 3441 5345 itt
3487 5298 3636 5344 recta

2049 5394 2177 5463 fide,
2210 5406 2265 5452 et
2296 5412 2426 5467 pura
2466 5413 2529 5453 ac
2556 5399 2696 5454 bona
2733 5396 3032 5452 succurrite
3061 5394 3336 5447 voluntate
3374 5386 3636 5451 vicissim,

2046 5503 2147 5543 nec
2175 5490 2368 5557 aliquis
2395 5505 2423 5543 a
2453 5492 2831 5561 supplemento
2859 5488 3043 5542 fratris
3064 5481 3351 5540 subtrahat
3376 5495 3596 5537 manum
3623 5498 3636 5534 :

2046 5581 2291 5649 quoniam
2320 5582 2373 5635 in
2402 5582 2519 5649 hoc,
2550 5583 2625 5637 ait
2656 5580 2937 5644 Dominus,
2963 5583 3267 5649 cognoscent
3296 5590 3494 5643 omnes,
3522 5574 3643 5644 quia

2118 5691 2141 5723 ³
2158 5694 2418 5749 momenti.

2045 5814 2079 5835 κέ
2118 5761 2139 5792 ⁵
2159 5772 2314 5819 utne.
