4150 6176
518 270 587 325 27
1708 264 2021 323 SANC'I'UB
2059 264 2265 323 FELIX
2308 265 2488 324 PAPA
2530 266 2595 323 li.
3668 222 3677 233 '
3737 276 3807 332 28

511 388 629 451 ,καί
657 387 778 442 estis
803 385 1069 457 discipuli,
1099 387 1147 439 si
1176 385 1501 439 dilectionem
1539 384 1825 438 habueritis
1862 383 1931 437 ad
1977 383 2111 437 invi:
2134 393 2183 457 Α
2212 384 2485 451 dentibus,
2514 386 2724 454 injuriae
2749 385 2992 441 iomitem
3041 384 3420 452 exhortemur,
3448 393 3503 441 et
3531 387 3807 457 pusillani-

516 495 625 534 σωκ
656 477 839 551 (locu.
874 478 1016 549 sui).
1040 476 1198 535 Unde
1226 486 1281 532 et
1303 477 1420 546 ipse
1450 491 1546 546 per
1582 475 1903 546 prophetam
1936 476 2113 546 loqui—

520 580 628 638 tur,
661 571 886 628 dicens:
917 570 1054 630 Ecce
1092 586 1247 639 quam
1274 570 1484 633 bonum,
1528 578 1575 623 et
1612 586 1763 639 quam
1796 569 2113 642 jucundum,

518 665 751 722 habitare
799 668 986 735 fratres
1027 664 1083 718 in
1130 680 1291 717 unum
1345 662 1520 736 (Psal.
1563 660 1792 733 cxxxu).
1834 661 2117 732 Spirituali

518 758 643 813 dico
675 755 903 829 (Paulus
928 753 1042 813 ΟΡ.
1067 772 1153 826 ep.
1187 754 1532 810 Monothelita
1558 754 1627 808 ad
1672 753 1998 808 Theodorum
2027 769 2119 821 pa-

521 866 639 921 pam
682 864 823 903 cons.
857 848 889 901 4
918 864 1066 903 conc.
1107 846 1312 918 Later.)
1358 846 1666 903 habitacula
1703 854 1757 901 et
1799 846 2116 913 concordia,

521 955 644 1011 qua!
688 939 742 993 in
777 939 890 994 Deo
915 947 1018 1001 est,
1063 947 1120 994 et
1150 940 1355 994 unitate
1403 937 1525 992 iidei
1569 937 1729 1007 hujus
1757 937 2116 1004 delectabilis,

524 1029 825 1086 secundum
858 1030 1141 1085 veritatem
1189 1029 1562 1092 inhabitaculi,
1595 1038 1747 1098 tquae
1785 1029 2037 1083 videlicet
2064 1028 2117 1083 in

524 1122 707 1177 Aaron
755 1122 925 1191 magis
969 1120 1352 1187 decorabatur,
1400 1130 1560 1190 atque
1599 1118 1989 1175 sacerdotalem
2035 1120 2118 1174 in.

524 1211 813 1268 duentibus
840 1212 1183 1284 dignitatem,
1215 1215 1354 1267 sicut
1382 1220 1714 1282 unguentum
1743 1226 1907 1282 super
1936 1222 2120 1281 caput,

524 1302 891 1375 principalem
913 1306 1249 1361 intellectum
1278 1306 1530 1375 irrigans,
1556 1314 1611 1360 et
1638 1320 1809 1375 usque
1850 1305 1918 1359 ad
1949 1305 2121 1377 ipsam

527 1405 827 1457 extremam
869 1399 1156 1454 scientiam
1183 1397 1480 1453 deducens.
1511 1398 1569 1452 In
1598 1401 1702 1452 hoc
1733 1398 1879 1452 enim
1913 1397 2125 1451 habita—

532 1490 659 1544 culo
702 1490 1136 1546 benedictionem
1176 1500 1231 1545 et
1260 1499 1521 1544 aeternam
1550 1490 1713 1543 vitam
1743 1488 1993 1557 promisit
2017 1488 2125 1542 Do-

529 1585 730 1639 minus.
765 1581 933 1652 Hujus
964 1596 1094 1651 ergo
1135 1580 1469 1652 prophetica:
1513 1579 1913 1635 vaticinationis
1952 1579 2123 1634 meri-

532 1691 643 1736 tum
692 1678 1110 1747 amplectentes,
1156 1676 1449 1732 fraternam
1499 1682 1821 1742 praesentem
1861 1673 2121 1746 syllabam

531 1772 908 1844 exposuimus,
932 1777 1118 1824 nostra
1143 1776 1363 1837 propter
1389 1766 1709 1821 charitntem
1739 1766 1961 1821 minime
1981 1780 2125 1834 quae-

532 1873 736 1928 rentes,
769 1869 861 1915 aut
902 1859 1207 1930 qumsituri.
1247 1858 1366 1913 Non
1407 1858 1549 1912 enim
1581 1856 1997 1913 detrahentibus
2026 1856 2124 1912 bo—

529 1974 658 2015 num
707 1965 793 2011 est
820 1953 1130 2018 detrahere,
1180 1961 1275 2006 aut
1320 1952 1462 2021 palo.
1515 1950 1812 2005 secundum
1843 1950 2120 2021 vulgarem

531 2049 790 2114 fabulam,
835 2056 1097 2102 excutere
1131 2046 1333 2113 palum.
1385 2043 1562 2098 Absit.
1611 2042 1728 2099 Non
1772 2051 1899 2098 sunt
1937 2052 2123 2097 nostra

533 2144 673 2198 ista:
708 2148 1042 2211 quapropter
1092 2138 1209 2193 haec
1256 2147 1467 2192 avertat
1510 2136 1786 2192 divinitas.
1830 2136 1949 2192 Non
2000 2145 2125 2194 sunt

531 2235 707 2291 edocti
744 2233 958 2287 habitus
997 2232 1169 2287 nostri
1214 2232 1285 2285 ita
1325 2230 1567 2294 vincere,
1620 2230 1715 2285 sed
1766 2231 1818 2284 in
1863 2231 2124 2301 patientia

529 2323 956 2395 longanimitatis
985 2331 1039 2378 et
1070 2321 1264 2392 spiritu
1301 2320 1656 2377 humilitatis:
1690 2322 1812 2392 quia
1856 2323 1997 2376 sient
2026 2336 2124 2393 per

530 2418 783 2476 duritiam
826 2416 1048 2471 minime
1080 2416 1162 2488 (ut
1192 2415 1508 2486 prophetice
1551 2414 1820 2487 dicamus)
1870 2425 2125 2486 purgatur

532 2510 726 2581 nigella
754 2508 917 2579 (Dan.
949 2507 1051 2580 ιιι),
1085 2508 1157 2563 ita
1188 2524 1287 2563 nec
1314 2508 1459 2576 pacis
1486 2518 1774 2578 separatus
1803 2506 2006 2563 fructus
2037 2508 2122 2562 in-

534 2604 854 2675 teiligentite
887 2618 982 2672 per
1016 2603 1366 2673 asperitatem
1392 2603 1735 2673 exprimitur.
1768 2603 1998 2672 Propter
2026 2602 2129 2658 hoc

533 2697 678 2752 enim
722 2706 777 2751 et
807 2695 1097 2751 verborum
1143 2695 1583 2764 supportavimus
1624 2695 1901 2765 colaphos,
1947 2704 2005 2749 ut
2041 2695 2125 2751 vel

536 2787 793 2859 paulatim
826 2786 1103 2842 valeamus
1132 2802 1254 2842 eum
1288 2787 1509 2849 imitari.
1552 2788 1642 2858 qui
1674 2798 1897 2858 propter
1925 2804 2025 2843 nos
2066 2803 2127 2845 se

536 2877 826 2934 humiliare
868 2877 1119 2947 dignatus
1162 2887 1266 2938 est.
1311 2887 1365 2933 et
1414 2887 1673 2937 extrema:
1717 2878 1856 2933 illius
1901 2879 2126 2934 ultionis

535 2986 633 3041 per
665 2972 802 3024 hanc
836 2970 1045 3040 plagam
1074 2969 1237 3025 verba
1266 2969 1620 3025 declinemus.
1655 2970 1951 3026 Audiamus
1972 2985 2123 3041 ergo,

533 3073 589 3119 et
623 3064 1025 3119 consentiamus
1048 3062 1314 3117 Ecclesia:
1368 3062 1595 3127 oratori,
1630 3063 1719 3132 qui
1764 3077 1858 3131 per
1888 3062 2124 3132 linguam

2220 477 2409 531 mitate
2434 476 2796 546 dijudicemur
2834 478 2901 533 ab
2924 492 3013 544 eo,
3046 478 3135 548 qui
3162 478 3342 533 omnia
3382 477 3449 532 ad
3489 479 3806 537 charitatem

2218 569 2454 640 dirigere
2479 569 2857 640 promulgavit.
2888 568 3176 625 Oravimus
3205 582 3335 624 vero
3365 580 3418 623 et
3447 578 3575 624 tunc
3610 573 3809 628 ostium

2217 663 2642 719 circumstantiae
2669 663 2826 718 labiis
2853 663 3054 717 nostris
3080 663 3304 731 imponi,
3326 671 3382 717 et
3412 663 3637 719 verbum
3668 664 3813 719 insoo

2219 758 2390 812 nitum
2435 757 2726 826 concipere
2773 757 2955 825 potius
3003 735 3164 826 quam
3196 756 3463 811 'verbum
3514 758 3806 815 sonabile:

2219 858 2273 903 et
2314 847 2417 903 hoc
2447 857 2624 902 tamen
2677 848 2806 902 mihi
2836 847 3039 904 donum
3093 856 3176 907 est
3218 863 3247 901 a
3287 847 3530 913 domino,
3566 859 3615 902 et
3643 853 3812 921 factus

2220 957 2333 995 sum
2354 944 2485 994 sicut
2516 942 2667 994 homo
2696 956 2799 994 nou
2825 940 3063 1006 audiens,
3098 950 3145 994 et
3174 956 3277 994 non
3306 940 3495 995 habens
3520 942 3575 995 in
3607 957 3693 996 ore
3719 958 3811 996 suo

2210 1033 2610 1103 redargutioues
2653 1030 2824 1103 (Psal.
2856 1030 3011 1103 xvu).
3058 1030 3166 1087 Sed
3220 1032 3342 1100 quia
3390 1041 3586 1103 tempus
3620 1042 3693 1087 est
3735 1034 3811 1087 lo-

2221 1126 2413 1195 quendi
2440 1140 2487 1179 et
2516 1136 2713 1197 tempus
2740 1126 2944 1180 tacendi
2968 1125 3193 1198 (Eccles.
3225 1125 3330 1197 In).
3355 1128 3540 1195 aperio
3562 1127 3806 1194 verbum,

2222 1226 2273 1272 et
2322 1218 2518 1272 claudo
2555 1218 2753 1272 ostium
2801 1232 2900 1287 per
2945 1219 3390 1285 taciturnitatem,
3441 1231 3812 1289 competenter

2225 1326 2459 1366 exorans
2496 1329 2507 1363 :
2543 1310 2780 1376 Domine,
2818 1310 2955 1366 labia
2995 1328 3109 1365 mea
3130 1312 3351 1382 aperiet,
3385 1320 3435 1365 et
3476 1310 3813 1380 respondeam

2224 1402 2653 1475 exprobrantibus
2697 1402 2827 1456 mihi
2861 1402 3067 1457 verbum
3108 1401 3282 1473 (Prol.
3317 1420 3368 1467 L,
3408 1402 3620 1475 cxvul).
3665 1403 3816 1459 Licet

2225 1496 2369 1549 enim
2419 1494 2796 1559 tacuissemus,
2842 1510 2950 1549 non
3006 1509 3222 1565 semper
3267 1503 3448 1550 tamen
3495 1496 3813 1563 tacebimus,

2226 1587 2575 1657 adaperiente
2603 1586 2758 1642 nobis
2785 1587 3005 1642 domino
3024 1587 3204 1642 claves
3228 1587 3399 1643 verbi.
3431 1586 3598 1657 igitur
3622 1588 3814 1643 directi

2228 1679 2281 1732 in
2312 1678 2563 1747 prmseuti
2608 1693 2639 1732 a
2679 1677 3013 1734 beatitudine
3057 1678 3412 1734 fraternitatis
3437 1690 3633 1735 vesme
3675 1694 3813 1750 apo-

2155 1780 2203 1840 Β
2228 1770 2461 1837 crisarii,
2496 1779 2617 1839 post
2639 1770 2833 1823 multas
2864 1769 3033 1825 iactas
3055 1769 3196 1825 inter
3228 1784 3327 1825 nos
3355 1770 3420 1825 de
3450 1771 3815 1827 ecclesiastica

2227 1862 2580 1932 requisitione
2608 1862 2953 1924 dissonantes
2984 1863 3489 1929 sermocinationes,
3528 1864 3581 1917 in
3612 1864 3719 1919 line
3746 1864 3815 1919 ad

2228 1955 2330 2010 hoc
2360 1965 2752 2026 pervenerunt,
2779 1957 3131 2010 admonentes
3155 1971 3254 2010 nos
3299 1965 3462 2026 atque
3524 1957 3807 2015 hortantes

2228 2048 2573 2118 interpretari
2601 2051 2757 2103 unius
2791 2049 2906 2103 veri
2934 2046 3135 2103 Christi
3168 2048 3264 2102 Dei
3310 2047 3483 2103 nostri
3518 2048 3817 2103 voluntatis

2228 2140 2581 2203 intellectum,
2616 2150 2776 2209 atque
2822 2139 3131 2208 hujusmodi
3167 2139 3666 2209 interpretationem
3721 2138 3819 2195 des

2226 2231 2429 2286 stinare
2460 2240 2655 2287 vestrae
2693 2231 3070 2287 sacratissima;
3114 2229 3470 2284 venerationi.
3500 2227 3609 2284 Noe
3633 2239 3816 2285 autem

2226 2333 2501 2394 acceptam
2550 2324 2809 2380 habentes
2850 2324 3006 2379 bonae
3049 2322 3392 2378 conscientiae
3432 2324 3817 2393 praedictorum

2226 2416 2613 2473 venerabilium
2650 2418 2889 2471 virorum
2932 2414 3375 2480 admmtitionem,
3422 2427 3818 2485 cognoscentes

2227 2521 2405 2565 autem
2452 2518 2508 2564 et
2564 2525 2682 2578 quae
2732 2507 3064 2578 principatus
3112 2507 3481 2576 apostolorum
3530 2507 3819 2562 summitas

2228 2604 2383 2658 docet
2407 2603 2450 2673 (Ι
2468 2602 2582 2657 Pet.
2617 2606 2720 2669 Ill),
2749 2611 2965 2672 paratos
2989 2617 3111 2657 esse
3133 2602 3198 2656 ad
3221 2602 3643 2656 satisfactionem
3667 2601 3817 2656 omni

2229 2696 2473 2765 poscenti
2500 2696 2723 2750 verbum
2749 2695 2816 2749 de
2861 2709 2979 2765 spe,
3008 2709 3131 2764 quas
3176 2694 3228 2747 in
3276 2695 3433 2748 nobis
3476 2702 3579 2760 est,
3615 2707 3815 2747 secun-

2226 2788 2353 2843 dum
2406 2788 2499 2842 Dei
2551 2789 2831 2854 timorem,
2878 2787 3457 2856 mansuetudinemque
3496 2787 3562 2840 ad
3615 2787 3813 2842 bonam

2228 2882 2506 2936 scientiam
2556 2888 2941 2951 temperantes,
2984 2896 3146 2949 super
3182 2879 3273 2934 tali
3316 2878 3690 2934 tantummodo
3732 2893 3821 2933 re-

2228 2974 2519 3042 quisitinne
2547 2984 2781 3028 mentem
2810 2983 3052 3031 nostram
3084 2988 3180 3043 per
3210 2973 3304 3026 has
3334 2971 3569 3042 syllabas
3593 2970 3823 3039 exponi-

2230 3081 2379 3127 mus,
2431 3064 2759 3133 superﬂuam
2812 3065 3255 3120 exercitationem
3304 3071 3360 3117 et
3410 3061 3820 3119 altercationem

535 3155 771 3226 Spiritus
797 3155 969 3210 sancti
996 3156 1143 3210 clara
1172 3170 1303 3209 voce
1344 3156 1636 3219 exclamat,
1668 3157 1857 3210 dicens
1884 3173 1899 3211 :
1935 3155 2126 3213 Omnia
2151 3161 2196 3223 ο
2232 3156 2543 3222 verborum,
2574 3164 2795 3226 propter
2821 3155 3124 3211 satietatem
3160 3165 3211 3213 et
3246 3153 3531 3223 praesentis
3563 3152 3823 3219 temporis

531 3248 673 3303 uobis
692 3248 748 3301 in
775 3246 1026 3301 charitale
1046 3248 1174 3316 ﬁant
1205 3247 1247 3316 (Ι
1275 3246 1393 3301 Cor.
1427 3244 1559 3316 xvi).
1616 3245 1760 3317 Ergo
1789 3248 1904 3302 sive
1928 3250 2125 3317 quaeri-

538 3355 680 3408 unus,
708 3342 824 3396 sive
856 3339 1228 3395 tantummodo
1251 3340 1504 3405 dicimus,
1548 3350 1603 3395 et
1632 3341 2008 3395 tantummodo
2034 3355 2129 3394 au,-

533 3434 738 3499 dimur,
781 3433 1017 3489 charitas
1069 3432 1391 3487 intercedat.
1447 3434 1549 3487 Ars
1589 3432 1765 3502 aliqua
1816 3434 2014 3488 existat
2060 3433 2127 3487 ad

536 3527 990 3595 compositionem
1041 3526 1349 3581 concordia:
1388 3527 1514 3585 boni
1564 3536 1619 3580 et
1670 3527 2124 3596 conjunctionem.

536 3619 764 3689 Oportet
806 3618 975 3684 enim,
1025 3615 1094 3672 de
1146 3618 1258 3673 Deo
1314 3619 1681 3687 quazrentibus
1733 3618 1891 3673 nobis
1935 3618 2130 3689 spiritu

537 3712 878 3767 rectitudinis
906 3712 1106 3767 mentis
1136 3720 1339 3766 nostrae
1368 3711 1778 3767 dinumerantes
1801 3711 2131 3767 intentiones

535 3807 794 3877 templum
841 3807 1064 3876 pacifice
1108 3809 1489 3863 inhabitarein
1522 3823 1643 3861 eum
1689 3818 1912 3876 propter
1944 3807 2129 3861 Domi-

538 3915 665 3952 num
695 3939 709 3964 ,
764 3901 856 3968 qui
914 3914 1008 3967 per
1056 3898 1372 3967 prophetam
1425 3898 1635 3951 locutus
1684 3907 1768 3953 est
1825 3916 1837 3952 :
1886 3899 2133 3966 Querens

538 4004 729 4057 qurere,
763 3996 812 4041 et
830 3987 972 4057 apud
1003 4005 1082 4063 me
1107 3988 1282 4043 habita
1308 3987 1439 4059 (Isa.
1468 4005 1579 4054 xxI,
1598 3990 1755 4059 juxta
1786 3988 1974 4058 LXX).
1999 3991 2136 4059 Spe-

540 4078 722 4133 culum
754 4079 899 4133 euim
930 4077 1082 4133 dedit
1110 4094 1210 4134 nos
1241 4080 1385 4133 Deus
1416 4080 1621 4150 populo
1669 4096 1789 4147 suo,
1835 4090 1890 4136 et
1918 4092 2135 4152 oportet

542 4183 662 4236 eos,
692 4169 783 4240 qui
829 4185 857 4222 a
891 4169 998 4225 Deo
1038 4179 1164 4225 sunt
1191 4171 1435 4241 deputati
1476 4172 1839 4227 sacerdotium
1885 4173 2133 4245 adipisci,

545 4259 623 4315 ita
666 4260 719 4317 in
768 4260 1075 4318 humilitate
1109 4278 1389 4333 gressuum
1439 4267 1634 4319 mentis
1680 4265 1979 4321 adinvicem
2016 4277 2136 4322 ten-

542 4350 699 4418 dere,
727 4359 785 4405 ut
811 4351 863 4405 in
895 4353 1090 4409 melius
1135 4354 1472 4410 aediﬁcentur
1504 4354 1579 4421 hi,
1605 4357 1695 4426 qui
1724 4356 1790 4412 ad
1838 4372 1937 4412 nos
1965 4360 2137 4429 respi-

544 4446 716 4509 ciunt,
763 4461 926 4516 quam
960 4447 1127 4518 (quod
1158 4448 1339 4503 dicere
1369 4449 1390 4482 ³
1416 4448 1581 4519 piget)
1613 4464 1708 4518 per
1756 4460 1995 4505 nostram
2027 4451 2139 4506 dis-

2232 3249 2684 3317 iucongruitatem
2709 3288 2722 3310 ,
2763 3247 3097 3305 declinantes
3147 3261 3210 3301 ac
3253 3255 3649 3316 prtecaventes,
3690 3242 3825 3299 nihil

2230 3343 2455 3399 omnino
2477 3342 2619 3407 aliud
2645 3342 3027 3412 intelligentes,
3052 3350 3143 3395 aut
3166 3340 3504 3408 proferentes
3520 3338 3602 3391 vel
3630 3335 3826 3391 dicen-

2234 3445 2333 3501 tes,
2366 3453 2524 3505 quam
2556 3436 2698 3504 quod
2730 3436 3036 3491 audivimus
3072 3442 3126 3487 et
3162 3431 3517 3500 cognovimus
3560 3444 3589 3483 a
3620 3430 3829 3486 sanctis

2233 3538 2287 3583 et
2318 3525 2713 3581 universalibus
2741 3525 2949 3593 magnis
2968 3522 3248 3593 apostolis,
3279 3536 3578 3591 eorumque
3607 3533 3829 3574 succes-

2234 3621 2470 3684 soribus,
2495 3626 2546 3672 et
2577 3628 2761 3688 patres
2806 3616 2974 3670 nostri
3016 3622 3409 3670 enarraverunt
3439 3612 3614 3679 nobis,
3650 3621 3706 3666 et
3730 3628 3830 3666 au-

2233 3711 2440 3766 dientes
2468 3708 2903 3778 praedicavimus,
2932 3707 2997 3762 ad
3028 3720 3321 3776 supernam
3351 3704 3641 3759 tendentes
3668 3717 3835 3759 voca-

2236 3804 2459 3863 tionem.
2492 3800 2749 3859 Nostrum
2790 3809 2873 3856 cst
2902 3799 3162 3865 studium,
3196 3798 3284 3852 ubi
3318 3797 3467 3869 pacis
3509 3795 3832 3861 constitutio

2234 3902 2416 3949 manet
2459 3894 2564 3957 his,
2596 3893 2687 3963 qui
2721 3893 2774 3946 in
2814 3892 2991 3946 stadio
3039 3890 3252 3961 pietatis
3296 3899 3441 3954 sunt,
3488 3889 3626 3944 bene
3668 3888 3833 3943 unica

2234 3986 2403 4056 gloria
2438 3983 2784 4039 intercessori
2816 3984 3067 4039 tribuitur
3098 3993 3151 4038 et
3174 3996 3394 4036 corona.
3425 3980 3537 4035 Deo
3570 3977 3833 4033 manifes-

2238 4082 2331 4134 tati
2380 4094 2588 4146 sumus,
2622 4079 2710 4149 qui
2738 4078 2944 4149 iudicat
2983 4076 3186 4141 omnia,
3221 4085 3276 4130 et
3326 4072 3666 4143 comprobat.
3707 4069 3828 4125 Non

2233 4173 2535 4242 jurgialiter
2559 4182 2788 4236 stamus,
2822 4186 2928 4224 non
2975 4168 3040 4223 ad
3083 4166 3570 4223 contradictionem
3601 4162 3830 4232 reSpici-

2239 4280 2397 4328 mus,
2454 4278 2553 4317 nec
2605 4265 2844 4317 favorem
2898 4262 3111 4315 inanem
3170 4254 3715 4327 amplectimurzscd
3777 4255 3834 4309 in

2240 4356 2405 4411 verbo
2438 4355 2529 4409 Dei
2565 4354 2864 4423 proposito,
2893 4350 3199 4423 hujusmodi
3229 4348 3598 4418 requisitionis
3624 4347 3836 4402 resolu-

2242 4448 2442 4502 tionem
2478 4448 2668 4501 iecisse
2692 4445 3083 4514 dignoscimur,
3106 4440 3439 4496 confidentes
3462 4441 3712 4510 quoniam
3738 4454 3835 4507 pa-

543 4542 784 4599 eordiam
827 4543 1075 4597 semitam
1110 4542 1303 4611 pedum
1331 4557 1519 4597 eorum
1552 4551 1864 4598 concutere.
1894 4543 1972 4598 Ad
2004 4559 2137 4598 con-
2163 4541 2217 4602 D
2244 4543 2319 4595 cis
2339 4540 2598 4595 Dominus
2621 4540 2763 4593 Deus
2793 4538 2857 4591 ad
2887 4537 3204 4591 alterutrum
3223 4541 3530 4587 nostrorum
3565 4530 3834 4587 unitatem

542 4635 783 4690 cordiam
816 4634 1140 4689 inclinemus
1166 4649 1265 4688 nos
1289 4636 1453 4703 ipsos,
1487 4633 1579 4689 'et
1600 4650 1762 4688 unum
1790 4635 1842 4688 in
1872 4634 2137 4691 charitate

544 4726 839 4795 sapiamus.
896 4726 1263 4780 Humilitatem
1315 4739 1655 4790 veneremur,
1701 4741 1798 4795 per
1834 4742 1996 4796 quam
2042 4741 2141 4796 apc

544 4817 809 4888 prehendi
858 4819 998 4872 solet
1044 4818 1275 4873 altitudo
1315 4818 1556 4888 spiritus.
1612 4818 1669 4874 Si
1716 4819 1860 4874 enim
1908 4821 2140 4889 amplius

545 4925 718 4979 usque
747 4908 925 4963 adhuc
951 4911 1397 4973 taciturnitatem,
1436 4925 1598 4979 quam
1629 4911 1920 4967 verborum
1948 4928 2142 4983 garru-

545 5002 754 5058 litatem
784 5000 1139 5070 ‘dileximus,
1186 5001 1289 5057 hoc
1319 5002 1535 5073 quidem
1580 5004 1720 5060 bene
1758 5003 1960 5061 habere
1990 5004 2139 5060 arbi-

546 5098 674 5153 trati
724 5109 933 5163 sumus,
975 5110 1043 5150 ne
1090 5094 1311 5165 scriptis
1348 5097 1546 5153 vestris
1580 5098 1861 5168 reciproca
1910 5113 2141 5169 respon-

617 5252 902 5329 fAl.Aqui,'
929 5252 999 5309 al.
1027 5251 1182 5324 quod.

615 5327 636 5356 ²
661 5326 816 5394 pudet

618 5394 639 5425 '
658 5405 718 5451 ut

2244 4645 2293 4689 et
2319 4633 2666 4688 dilectionem
2710 4630 3056 4686 conservabit
3076 4631 3127 4682 in
3159 4628 3331 4693 gloria
3361 4625 3476 4695 ejus
3508 4625 3837 4696 benigniSsi-

2243 4743 2343 4781 m;c
2394 4726 2713 4796 maiestatis.
2752 4724 2979 4779 Omnem
3023 4736 3144 4776 cum
3182 4728 3355 4774 vestra
3398 4717 3730 4772 beatitudine
3778 4718 3834 4771 in

2242 4818 2463 4873 Christo
2510 4817 2833 4871 existctttem
2898 4812 3314 4872 fraternitatem,
3364 4821 3468 4863 tam
3522 4822 3640 4874 nos,
3670 4821 3837 4877 quam

2243 4910 2332 4979 qui
2365 4908 2644 4963 nobiscum
2678 4916 2823 4973 sunt,
2856 4904 3081 4959 multum
3125 4901 3446 4956 salutamus.
3502 4900 3631 4953 Data
3663 4897 3696 4952 8
3733 4897 3836 4951 ita-

2243 5007 2386 5065 lend.
2417 5006 2758 5071 Novembris,
2783 5002 3101 5059 Philemone
3127 4999 3212 5056 ‘et
3241 4999 3417 5054 Attico
3443 4996 3573 5051 viris
3596 4992 3838 5048 clarissi-

2244 5102 2349 5156 mis
2374 5098 2709 5155 consulibus.

2316 5252 2339 5283 ⁸
2360 5252 2713 5308 dilexerimus.

2313 5326 2335 5356 ⁸
2355 5324 2502 5379 verba
2530 5322 2803 5393 invigilem_
2815 5327 2884 5376 et.

2316 5396 2339 5428 ⁸
2362 5393 2567 5451 Nomen
2600 5383 2752 5450 lastis
2776 5390 3035 5448 Romanis
3064 5383 3420 5458 incognitum.

1924 5624 2458 5706 «nam»
