4150 6176
470 218 537 279 31
1312 221 1403 281 DE
1438 219 1787 282 FAUSTINO
1823 221 1914 279 ET
1950 218 2390 281 MARCELLINO
2426 219 2983 281 PROLEGOMENA.‘
3700 222 3773 280 32

472 337 938 397 auctoritatemss.
965 337 1180 397 Thuan.
1204 348 1259 396 et
1283 338 1517 395 Vindob.
1542 337 1798 395 Faustino
1817 339 2077 395 asseritur
2104 348 2153 410 Α
2181 354 2500 407 cccuxxtv,
2549 354 2861 410 supremum
2910 341 3054 397 diem
3097 338 3356 397 clauserit
3399 348 3621 396 sanctus
3670 339 3776 396 Da-

474 430 564 488 bie
584 432 1135 503 libellus;exstatque
1152 440 1413 503 praiterea
1436 432 1490 486 in
1512 438 1727 487 vetusto
1752 433 1941 488 codice
1962 434 2074 487 Au-
2180 446 2397 497 masus;
2448 430 2552 487 hoc
2580 432 2702 503 ipso
2738 449 2883 488 anno
2915 433 3070 489 facile
3101 434 3315 489 oblatus
3340 433 3502 489 fuerit
3537 435 3683 489 idem
3713 435 3777 491 li-

472 524 844 597 giensi,quem
866 524 1097 594 inspexit
1120 522 1465 578 Mabillonins
1487 522 1872 595 (a).Scriptutn
1897 533 2074 580 autem
2179 523 2352 580 bellus
2386 542 2398 577 :
2439 531 2533 579 aut
2566 524 2784 591 saltem,
2817 532 2877 579 ut
2916 542 3037 580 cum
3061 526 3177 580 viro
3214 525 3428 582 erudito
3455 526 3649 596 loquar
3674 525 3772 598 (k),

475 617 752 673 existimat
779 614 982 671 codicis
1014 615 1158 670 illius
1177 614 1355 671 editor
1377 616 1515 670 inter
1542 632 1713 672 annos
1738 632 2002 673 cccaxxrx
2023 627 2078 672 et
2177 631 2321 671 anno
2354 616 2571 685 quidem
2611 631 2911 672 CCCLXXXII!
2956 626 3238 688 porrectus
3271 616 3402 683 fuit;
3452 618 3775 685 rescriptum

478 717 1173 795 cc.cax§x1,_.qu0jeuqur,e
1211 708 1854 795 scilieeugleqtbemjioli
1896 726 2078 766 versa-

476 780 638 879 ιεξιειέ
658 780 1547 887 ξεςεεείςιεξερεξιιξε
1944 804 2073 874 (ωε

754 871 1084 950 ἰιιῖιῖέῖιὶἷῆέ
1101 875 1391 965 allisa.de
1577 871 1704 967 quo,
1736 897 1930 968 inquit,
1953 871 2075 953 nata

402 1037 419 1053 .
461 988 946 1073 .fqugssetogcpsiq
960 988 1270 1073 gaudenda;
1284 989 1679 1073 confessionis;
1697 990 1819 1073 fidei
1855 992 2078 1063 ejusque

872 1059 1236 1168 Τιεςξιάοδῖειήι
1691 1065 1752 1143 et
1761 1059 2078 1146 auctoritate

464 1152 636 1229 'éiuni
660 1152 789 1229 esse
803 1152 1066 1229 adversus
1087 1152 1460 1230 Schismaticos
1482 1177 1820 1247 episcopum,
1845 1193 2075 1249 pronum

483 1280 570 1329 est
590 1274 925 1328 existimare.
966 1292 986 1327 ι

556 1362 644 1419 IV.
690 1382 709 1418 ι
745 1364 975 1435 Scripsit
999 1364 1163 1421 etiam
1198 1365 1490 1422 Faustinus
1521 1366 1738 1431 librum,
1782 1382 1941 1436 quem
1974 1366 2080 1422 Va-

486 1456 788 1513 lentiniano
815 1466 867 1513 et
897 1458 1127 1515 Arcadio
1158 1446 1593 1529 imperatoribus,
1639 1474 1737 1529 pro
1765 1459 2080 1514 defensione

487 1557 731 1614 suorum,
762 1562 884 1603 eum
912 1547 1227 1604 Marcellino
1255 1550 1484 1620 quodam
1515 1551 1831 1621 presbytero
1860 1550 2076 1606 obtulit.

488 1637 569 1694 Ex
593 1653 699 1709 quo
720 1640 1025 1695 ostenditur
1048 1640 1388 1697 Luciferiano
1406 1644 1683 1697 schismati
1704 1644 2075 1698 c0nsensisse:

2180 723 2311 762 vero
2341 707 2632 763 Theodosii
2656 707 2796 777 quod
2819 707 2884 763 ad
2908 709 3111 763 calcem
3147 708 3316 763 libelli
3342 716 3544 775 exstat,
3577 708 3644 762 ad
3674 707 3780 782 Cy-

2178 802 2391 871 neginm
2440 800 2751 872 praefectum
2781 803 3059 872 praetorio,
3090 816 3264 871 usque
3294 800 3361 855 ad
3398 801 3778 870 insequentem

2179 908 2379 946 annum
2427 907 2754 959 CCCLXXXIV,
2795 908 2903 961 quo
2939 890 3212 963 Cynegius
3255 906 3284 945 a
3316 890 3496 946 medio
3523 890 3780 947 Januario

2178 1002 2296 1041 eam
2328 985 2638 1055 dignitatem
2658 984 2888 1038 obtinuit
2916 982 3225 1055 (l),dill‘erri
3249 983 3473 1054 contigit
3499 999 3511 1035 :
3546 985 3779 1039 maxime

2181 1078 2504 1147 siejusmodi
2546 1077 2821 1147 negotium
2864 1076 3171 1131 nonnullam
3204 1090 3382 1129 causa:
3410 1075 3774 1144 cognitionem

2180 1171 2479 1240 requirere,
2525 1184 2624 1223 nec
2654 1167 2897 1238 expediri
2928 1167 2998 1222 de
3035 1167 3196 1236 plano
3225 1166 3425 1221 debere
3462 1164 3776 1237 imperatori

2180 1262 2352 1318 visum
2384 1261 2616 1317 fuisset:
2659 1276 2766 1330 quo
2797 1269 3004 1330 spectat
3053 1260 3090 1314 Ι.
3122 1276 3197 1325 Ix,
3235 1258 3262 1331 §
3308 1260 3359 1323 Ι,
3394 1258 3458 1312 D.
3503 1257 3566 1313 de
3614 1257 3775 1329 Ofﬁc.

2181 1374 2327 1431 proc.
2359 1358 2433 1412 lta
2465 1358 2578 1412 sive
2609 1372 2751 1411 anno
2782 1370 3109 1420 cccnxxxnt,
3138 1355 3252 1409 sive
3275 1367 3611 1412 cccuxxtv.
3640 1352 3782 1407 Mar-

2182 1451 2414 1506 cellinus
2436 1460 2488 1505 et
2515 1450 2810 1505 Faustinus
2838 1464 2994 1503 suum
3025 1449 3166 1503 hunc
3189 1447 3430 1502 libellum
3464 1463 3561 1516 pro
3592 1446 3784 1503 defen-

2182 1545 2335 1599 sione
2365 1542 2830 1599 Lttciferianorum
2859 1556 3037 1623 causa:
3065 1541 3426 1595 tradiderunt.

2254 1636 2321 1692 V.
2354 1635 2471 1691 Jnm
2516 1651 2647 1691 vero
2696 1651 2880 1691 sermo
2929 1635 3205 1690 habendus
3248 1633 3316 1689 de
3357 1632 3672 1702 prmfatione
3707 1633 3787 1689 ei-

487 1731 611 1801 quia
639 1731 895 1787 Hilarium
921 1732 1311 1789 Pictaviensem
1339 1745 1392 1788 et
1417 1736 1699 1789 Damasum
1723 1735 1873 1789 urbis
1898 1734 2085 1790 Romze
2115 1733 2163 1793 B
2191 1730 2313 1783 dem
2361 1729 2544 1783 libello
2593 1730 2843 1799 praefixa,
2901 1745 3020 1799 qua:
3053 1731 3104 1783 in
3153 1728 3467 1783 narratione
3506 1725 3783 1782 Ursiniani

487 1821 773 1891 episcopos
804 1822 856 1876 in
885 1838 1073 1879 eorum
1105 1824 1243 1879 libro
1270 1825 1483 1894 culpat;
1528 1825 1681 1896 quasi
1720 1826 1859 1881 male
1887 1840 2085 1881 consu-

488 1908 692 1966 luerint
725 1910 1003 1981 Ecclesiae,
1035 1914 1177 1984 quod
1221 1914 1663 1985 praevaricatores
1704 1919 1987 1988 episcopos
2032 1918 2085 1973 in

489 2004 927 2060 communionem
968 2015 1025 2060 et
1066 2008 1450 2071 sacerdotium,
1504 2010 1650 2078 pacis
1700 2009 2087 2081 recuperandae

488 2096 680 2167 gratia,
715 2098 1065 2166 recepissent.
1097 2098 1250 2165 Quod
1294 2098 1648 2155 aniferianis
1689 2102 1759 2155 ita
1788 2102 2085 2172 displicuit,

491 2188 738 2257 recipere
765 2189 1051 2259 episcopos
1078 2192 1167 2259 qui
1192 2190 1246 2246 in
1270 2191 1598 2249 Ariminensi
1621 2194 1853 2249 concilio
1874 2193 2089 2251 Arianis

491 2280 1041 2347 communicaverant,
1090 2296 1200 2352 quo
1246 2283 1409 2338 modo
1457 2282 1769 2341 Novatianis
1816 2295 2090 2356 apostatas

493 2374 839 2445 pmnitentes.
878 2393 897 2427 ι
941 2374 1117 2431 Verba
1169 2386 1294 2431 sunt
1339 2375 1603 2433 Gennadii
1632 2376 1727 2451 (c).
1762 2379 1837 2436 De
1867 2381 2092 2436 Marcel-

494 2462 609 2522 lino
637 2474 815 2520 autem
840 2466 962 2521 vide
992 2468 1068 2522 sis
1094 2468 1357 2524 incertum
1384 2481 1686 2537 auctorem,
1718 2473 1807 2542 qui
1836 2472 2089 2543 appendi-

496 2571 614 2612 cem
646 2555 713 2611 ad
745 2555 1010 2613 lsidorum
1045 2568 1101 2614 et
1128 2559 1459 2617 lldefonsum
1490 2564 1739 2634 apposuit
1781 2565 1881 2635 (ά).
1924 2564 2092 2619 Porro

498 2648 716 2705 libellus
758 2649 846 2704 hic
882 2650 1260 2708 Valentiniano
1307 2669 1364 2719 ιι,
1408 2654 1716 2709 Theodosio
1761 2666 1819 2711 et
1859 2656 2094 2714 Arcadio

498 2743 745 2813 angustis
769 2744 1084 2814 inscriptus.
1112 2756 1391 2815 porrectus
1422 2746 1586 2803 fuisse
1605 2745 2093 2819 ConStantinopoli,

2186 1829 2375 1877 contra
2418 1822 2703 1876 Damasum
2743 1821 3052 1878 schismatis
3098 1830 3206 1874 tota
3250 1829 3513 1874 versatur.
3538 1817 3636 1874 Cui
3668 1806 3813 1889 qui?

2188 1916 2311 1971 dem
2346 1915 2645 1986 praefationi
2676 1915 2895 1986 conjieit
2922 1915 3295 1970 Tillemontius
3328 1916 3456 1985 (πη),
3488 1914 3621 1967 nihil
3653 1926 3778 1968 esse

2188 2024 2309 2064 cum
2340 2008 2524 2064 libello
2568 2023 2887 2071 commune;
2916 2006 3162 2077 adeoque
3196 2007 3509 2076 suspicatur
3535 2003 3786 2060 eamdem

2192 2102 2566 2174 praefationem
2594 2111 2686 2157 aut
2714 2116 2838 2157 esse
2861 2101 3085 2156 alterius
3113 2101 3295 2169 operis
3314 2142 3328 2165 ,
3361 2107 3456 2153 aut
3482 2099 3525 2153 si
3567 2097 3789 2169 quidem

2190 2192 2416 2262 hujusce
2446 2193 2618 2249 libelli
2648 2194 2753 2257 sit,
2782 2208 2811 2246 a
2842 2190 3062 2247 diverso
3090 2192 3248 2261 plane
3270 2200 3493 2245 auctore
3515 2191 3790 2260 posterius

2193 2283 2456 2338 additam.
2491 2283 2652 2353 Atqui
2702 2279 3055 2336 eruditissimi
3102 2277 3202 2331 viri
3240 2275 3569 2346 conjectura:
3613 2273 3792 2329 minus

2192 2374 2381 2429 solida:
2424 2375 2554 2427 visae
2598 2382 2724 2429 sunt
2750 2369 3027 2425 Mazocbio
3064 2368 3129 2424 V.
3157 2366 3218 2422 C.
3250 2366 3345 2438 qui
3371 2374 3658 2437 propterea
3695 2380 3791 2421 ea-

2194 2482 2314 2521 rum
2340 2465 2558 2520 levitate
2586 2464 2979 2532 demonstrata,
3007 2461 3334 2517 sententiam
3356 2475 3512 2515 suam
3544 2460 3615 2514 ita
3645 2473 3793 2514 sum-

2196 2560 2383 2615 matim
2413 2561 2634 2629 exponit
2663 2560 2743 2629 (n)
2778 2576 2793 2613 :
2827 2576 2845 2610 ι
2885 2557 3069 2629 Stylus
3098 2556 3188 2625 qui
3219 2555 3431 2623 utrique
3478 2552 3613 2623 parti
3642 2552 3795 2607 αὐτὸ·
3872 2612 3883 2625 ι

2194 2674 2347 2710 τατος
2375 2661 2492 2719 est,
2540 2653 2700 2722 plane
2747 2650 3023 2713 clamitat,
3067 2648 3440 2717 praefationem
3478 2645 3548 2700 ab
3588 2643 3795 2699 eisdem

2195 2745 2508 2799 auctoribus
2556 2760 2585 2798 a
2632 2744 2828 2813 quibus
2884 2740 3099 2795 libellus
3149 2749 3271 2806 est,
3305 2752 3428 2793 esse
3476 2737 3792 2806 profectam.

498 2835 743 2907 adeoque
792 2835 1126 2904 Theodosio,
1180 2854 1247 2893 ex
1287 2849 1542 2894 contextu
1585 2843 1934 2910 comperitur.
1993 2842 2097 2896 Lo-
2198 2838 2303 2894 Sed
2354 2846 2532 2892 tamen
2576 2851 2641 2892 ea
2688 2851 2793 2889 non
2835 2841 2961 2889 ante
3003 2834 3203 2903 scripta
3229 2842 3284 2887 et
3312 2829 3526 2902 prmfixa
3557 2830 3683 2883 huic
3723 2828 3793 2882 li-

500 2938 729 2999 quentes
748 2930 890 2983 enitn
922 2928 976 2983 hi
1003 2931 1306 3001 presbyteri
1337 2930 1661 2987 Lueiferiani
1693 2932 1760 2988 de
1788 2933 2095 2989 Alexandro
2198 2929 2342 2983 bello
2385 2928 2483 2983 fuit
2503 2970 2519 2995 ,
2559 2943 2719 2997 quam
2767 2941 2832 2980 eo
2876 2935 3101 2994 accepto
3131 2924 3469 2979 Theodosius
3494 2936 3648 2976 suum
3679 2930 3801 2975 tan-

501 3020 761 3084 antistite,
810 3020 963 3089 cujus
992 3022 1243 3092 precibus
1282 3022 1483 3092 impius
1512 3023 1673 3078 Arius
1722 3026 1923 3080 interiit
1972 3027 2043 3098 (e)
2080 3044 2092 3081 :
2199 3021 2321 3075 dem
2361 3022 2666 3090 evulgassel
2718 3033 2819 3088 pro
2867 3018 3180 3073 Marcellino
3219 3026 3274 3070 et
3302 3015 3560 3070 Faustino
3601 3013 3799 3070 rescri-

506 3111 631 3167 Nou
654 3114 745 3167 ille
763 3115 1081 3183 Alexander,
1111 3116 1378 3185 inquiunt,
1396 3118 1480 3187 qui
1504 3119 1599 3189 fuit
1626 3120 1812 3173 αἱυξηιε
1839 3120 1963 3187 ﬁdei
1991 3122 2100 3187 cpi-
2124 3116 2170 3176 C
2206 3124 2374 3183 ptum.
2407 3112 2450 3168 Τ
2456 3128 2561 3167 unc
2600 3113 2743 3166 enim
2780 3126 2909 3166 vero
2941 3113 2994 3166 hi
3032 3113 3135 3166 duo
3166 3109 3264 3164 viri
3289 3109 3357 3164 de
3384 3123 3643 3179 prospero
3673 3121 3801 3163 suc-

505 3222 692 3277 scOpus
740 3207 795 3261 in
837 3208 1273 3275 Alexandria,....
1326 3213 1413 3263 sed
1441 3210 1535 3264 iste
1578 3210 1890 3279 Alexander,
1922 3213 2007 3281 qui
2046 3227 2097 3266 ιιι
2201 3219 2359 3260 cessu
2407 3206 2774 3270 exsultantes,
2818 3219 2985 3275 quum
3025 3219 3055 3258 e
3103 3218 3159 3257 re
3188 3217 3283 3256 sua
3330 3198 3450 3255 fore
3492 3200 3797 3265 ducerent,

507 3313 611 3354 ιιΑο
652 3314 788 3354 URBE
834 3298 1477 3357 CONS'I‘ANTINOPOLITAM
1522 3304 1619 3374 fuit
1658 3313 1706 3357 et
1742 3305 1850 3374 ipse
1868 3303 2100 3358 admira—
2201 3296 2248 3351 si
2273 3296 2485 3352 libellus
2509 3314 2611 3351 una
2632 3313 2755 3353 cum
2778 3298 3024 3367 subjecto
3050 3297 3313 3366 rescripto
3335 3297 3387 3348 in
3420 3294 3611 3362 vulgus
3642 3308 3798 3359 spar-

509 3389 627 3444 bilt‘:
658 3393 946 3463 episcopus,
977 3402 1083 3448 etc.
1122 3392 1253 3459 Quae
1284 3396 1501 3464 quidem
1548 3396 1649 3449 loci
1696 3395 2099 3450 circumstantia
2202 3400 2457 3460 geretur;
2485 3390 2536 3445 id
2563 3400 2619 3445 ut
2647 3392 2822 3459 aptius
2852 3390 3153 3451 efficerent,
3186 3384 3532 3440 instrnendos
3554 3383 3659 3438 sibi
3696 3384 3806 3438 lec-

509 3498 578 3540 ex
606 3484 868 3554 rescripto
897 3487 1056 3540 unius
1089 3485 1369 3542 Theodosii
1403 3487 1471 3543 ad
1500 3487 1703 3544 calcem
1731 3487 1898 3544 libelli
1937 3502 2104 3559 appo-
2206 3490 2353 3537 tores
2399 3483 2498 3535 hac
2537 3482 2652 3550 ipsa
2697 3479 3008 3549 przefatione
3058 3484 3310 3547 putarunt
3336 3475 3405 3530 de
3441 3474 3610 3529 initiis
3658 3475 3806 3529 cala-

510 3580 617 3636 sito
645 3580 1017 3637 confirmatur.

590 3673 665 3727 De
690 3682 935 3745 tempore
967 3683 1148 3731 autem
1175 3690 1283 3747 quo
1309 3676 1542 3747 scriptus
1573 3676 1737 3734 fuerit
1781 3677 1921 3733 idem
1954 3677 2105 3735 libel-

512 3767 618 3835 lus,
649 3768 700 3823 id
729 3783 859 3823 vero
889 3770 1029 3825 inter
1055 3785 1226 3826 annos
1255 3786 1566 3827 cchxxxnt
1595 3783 1648 3825 et
1675 3786 1973 3826 cccuxxtv
2001 3773 2103 3825 eir-

512 3862 985 3919 cuniscribendnm
1052 3862 1284 3916 videtur.
1333 3863 1571 3916 Primum
1617 3865 1760 3917 enim
1808 3864 2103 3931 Arcadius,

515 3965 655 4006 unus
691 3966 756 4005 ex
784 3952 955 4004 tribus
986 3950 1402 4019 imperatoribus
1447 3953 1642 4022 quibus
1679 3953 1893 4008 oblatus
1925 3954 2110 4024 hujus-

516 4042 661 4099 modi
700 4044 916 4100 libellus
966 4061 1208 4117 precum,
1260 4048 1493 4102 nondum
1546 4050 1884 4105 renuntiatus
1936 4049 2109 4106 fuerat

515 4136 790 4206 Angustus
815 4153 846 4190 a
872 4137 1179 4194 Theodosio
1212 4149 1364 4210 patre
1388 4151 1513 4196 ante
1551 4158 1749 4196 annum
1781 4157 2106 4208 CCCLXXXII],

517 4236 577 4282 ut
602 4236 725 4296 post
751 4227 1039 4285 Baronium
1070 4229 1139 4303 (ί)
1169 4231 1504 4287 demonstrat
1532 4233 1731 4304 Pagius
1772 4234 1871 4308 (g).
1906 4234 2111 4290 Deinde

517 4334 667 4387 vero,
698 4321 912 4387 vivente
937 4323 1115 4379 adhuc
1146 4324 1377 4381 Damaso
1404 4325 1649 4382 Romano
1672 4328 1945 4399 pontifice,
1980 4326 2114 4383 scri-

518 4418 642 4482 ptus
671 4410 839 4468 fuisse
865 4413 1079 4469 videtur
1106 4430 1172 4470 ex
1203 4417 1285 4472 his
1314 4417 1497 4473 verbis
1522 4433 1642 4489 qua:
1681 4420 1731 4473 in
1761 4434 1827 4475 eo
1862 4420 2113 4491 leguntur

2209 3571 2415 3626 mitatis
2461 3585 2595 3625 suae.
2644 3570 2778 3624 Nam
2828 3568 3176 3639 presbyteros
3244 3567 3376 3620 istos
3426 3573 3553 3619 tunc
3587 3565 3804 3635 quidem

2207 3664 2584 3721 Luciferianos
2603 3678 2725 3719 esse
2751 3705 2766 3730 ,
2798 3677 2987 3717 omnes
3015 3668 3239 3726 norant,
3268 3669 3324 3715 et
3364 3659 3582 3714 libellus
3629 3657 3684 3713 id
3715 3674 3807 3728 pa-

2209 3757 2315 3811 lam
2365 3757 2642 3825 prolitetur
2676 3775 2689 3811 :
2722 3765 2775 3811 at
2813 3754 3033 3810 eosdem
3064 3753 3208 3824 ,olim
3243 3752 3563 3808 Ursinianos
3593 3752 3761 3807 fuisse
3786 3792 3803 3817 ,

2210 3860 2267 3905 et
2304 3858 2494 3904 contra
2527 3851 2819 3905 Damasum
2849 3859 2975 3904 ante
3026 3848 3214 3919 viginti
3244 3862 3418 3903 annos
3453 3846 3765 3902 deeertasse
3790 3888 3805 3913 ,

2212 3962 2319 4000 non
2348 3946 2598 4001 omnibus
2625 3940 2960 4015 Compertum
2990 3954 3140 4009 erat;
3174 3955 3229 3999 et
3277 3944 3322 3999 si
3366 3944 3457 4015 qui
3482 3944 3533 3998 id
3562 3944 3805 4009 scirent,

2212 4039 2249 4095 ii
2275 4081 2290 4103 ,
2321 4042 2554 4096 maxime
2582 4045 2866 4112 consopito
2916 4043 3025 4112 jam
3075 4040 3365 4096 schismate
3392 4082 3406 4107 ,
3438 4040 3701 4110 aequiores
3750 4052 3809 4093 se

2214 4132 2466 4200 Damasi,
2492 4150 2652 4205 quam
2688 4134 2867 4190 Ursini
2893 4149 3070 4189 causa:
3103 4134 3436 4204 praebebant.

2293 4244 2312 4279 ‹
2349 4227 2533 4298 Itaque
2570 4231 2622 4283 in
2666 4228 2769 4284 hoc
2809 4228 3033 4299 prologo
3059 4242 3170 4283 rem
3208 4240 3428 4281 omnem
3451 4224 3517 4280 ab
3540 4224 3695 4279 initio
3720 4238 3809 4279 re-

2214 4330 2440 4392 petunt,
2467 4337 2531 4378 ac
2550 4323 2618 4378 de
2646 4323 2808 4377 rebus
2831 4322 2959 4376 olim
2988 4321 3155 4391 gestis
3196 4318 3249 4373 in
3297 4315 3511 4373 Damasi
3540 4325 3593 4370 et
3629 4315 3811 4372 Ursini

2218 4413 2445 4469 discidio
2481 4415 2637 4484 cujus
2680 4415 2781 4483 ipsi
2817 4426 2941 4483 pars
2986 4410 3245 4476 fuerunt,
3288 4410 3500 4480 longam
3547 4409 3811 4464 narratio-

518 4502 642 4575 (h):
675 4503 782 4559 Sed
827 4515 875 4559 et
918 4521 1112 4573 aurea,
1155 4507 1405 4578 inquiunt
1433 4508 1757 4565 Lueiferiani
1790 4511 2110 4583 presbyteri,
2146 4502 2196 4563 D
2223 4519 2383 4570 nem,
2415 4506 2509 4561 sed
2555 4505 2718 4560 modo
2762 4518 2863 4559 suo
2911 4504 3263 4557 iucrustatam
3292 4541 3306 4567 ,
3349 4510 3456 4554 tota
3500 4498 3813 4569 praefatione

519 4598 733 4650 tentavit
793 4596 1105 4671 (Damasus)
1176 4604 1402 4671 graviter
1466 4604 1699 4674 persequi
1765 4602 2115 4658 beatissimum

519 4682 841 4756 Ephesium,
870 4699 1014 4757 etc.;
1060 4706 1180 4761 qua:
1233 4702 1316 4746 est
1364 4692 1695 4748 Tillemontii
1737 4692 1802 4765 (ὅ)
1849 4702 1903 4748 et
1940 4692 2115 4747 Mazo—

519 4775 628 4832 chii
710 4779 783 4853 (j)
852 4784 1141 4839 sententia.
1202 4785 1336 4840 Cum
1383 4796 1610 4854 autem,
1657 4796 1890 4843 exeunte
1970 4802 2113 4843 anno

615 5002 646 5040 a
701 4984 974 5053 Ballerin.,
1008 4986 1043 5040 I.
1072 5001 1147 5050 c.,
1178 5002 1298 5059 pag.
1327 4987 1457 5054 278,
1485 5006 1539 5045 n.
1577 4988 1628 5042 1.

591 4984 671 5131 Eb;
710 5055 953 5131 μανίαι.
987 5068 1043 5113 et
1086 5055 1297 5124 Faust.,
1331 5062 1500 5116 libell.
1549 5060 1628 5116 Pri

523 5055 953 5202 pastu-ganea.
987 5068 1043 5113 et
1086 5055 1297 5124 Fuisti,
1331 5062 1500 5116 libell.
1549 5059 1788 5132 Prec.,§
1831 5058 1920 5128 30,
1962 5056 2114 5125 infr.,

596 5197 670 5271 ξε)
696 5197 935 5263 Gennad,
965 5198 1057 5253 lib.
1086 5198 1155 5255 de
1184 5199 1296 5255 Vir.
1331 5200 1553 5268 illustr.,
1582 5214 1706 5269 cap.
1741 5198 1829 5255 16.

623 5276 679 5335 d)
704 5271 899 5327 Libell.
928 5271 997 5326 de
1027 5286 1107 5326 xu
1127 5271 1330 5341 Seript.
1359 5272 1520 5338 eccl.,
1552 5286 1673 5341 cap.
1702 5271 1792 5326 12.

622 5342 947 5414 e)d_1arcell.
994 5352 1049 5398 et
1079 5342 1289 5410 Faust,
1337 5341 1504 5399 libell.
1547 5342 1730 5410 Prec.,
1783 5342 1812 5414 §
1856 5343 1911 5410 5,
1965 5342 2113 5409 inita,

526 5425 664 5484 pag._
679 5412 801 5484 4§3.

599 5427 925 5557 ῗῇᾝὲινοηη
958 5484 1027 5557 ad
1055 5499 1182 5542 ann.
1213 5486 1341 5553 583,
1371 5484 1517 5557 §22.

628 5550 684 5628 ς)
712 5550 892 5628 Ιῖρθὶη
912 5550 990 5610 ad
1011 5572 1143 5628 ann.
1173 5558 1299 5619 585.
1328 5550 1470 5628 ἓὶἓ.

916 5556 1561 5701 ἓῗὲἓεὲιῖθῗὀξ.¹ξέδ,
1594 5642 1713 5700 pag.
1741 5623 1867 5682 £70.

630 5692 673 5766 ι)
698 5692 927 5765 Tillem.,
954 5697 1113 5754 Mem.
1141 5700 1303 5766 eccl.,
1332 5708 1464 5757 tom.
1496 5698 1610 5766 VII,
1637 5713 1761 5766 pag.
1792 5697 1867 5755 52

630 5692 675 5768 ί)
698 5692 927 5765 Tillem.,
954 5697 1113 5754 Mem.
1141 5692 1303 5767 θέει..
1332 5692 1464 5757 tom.
1496 5692 1610 5767 VII;
1637 5692 1761 5771 p'ag.
1792 5697 1922 5755 525.

2222 4588 2539 4655 contexunt.
2589 4598 2645 4653 Id
2702 4598 2847 4654 enim
2889 4597 3099 4651 initiutn
3144 4608 3257 4649 suae
3310 4592 3632 4648 calamitatis
3690 4591 3810 4649 fuit.

2220 4690 2355 4746 Nam
2408 4692 2576 4745 Roma
2628 4689 2843 4745 tandem
2886 4687 3135 4758 expulsi,
3187 4683 3332 4756 quod
3379 4685 3627 4739 ultimum
3677 4685 3812 4750 fuit,

2221 4783 2583 4841 Luciferianis
2626 4797 2749 4839 sese
2796 4780 3160 4851 adjuuxerunt
3208 4794 3223 4831 :
3291 4775 3392 4832 nisi
3433 4776 3571 4833 forte
3603 4777 3814 4848 mavis,

2219 5065 2265 5122 Π
2290 4994 2356 5067 (f)
2392 4990 2656 5119 Maszglchq
2687 4984 2992 5043 Comment.
3038 4982 3105 5039 ad
3155 4980 3383 5038 Kalend.
3414 4980 3663 5051 Neapol.,
3701 4980 3811 5036 vol.

2272 5109 2285 5122 .
2316 5081 2436 5122 nae.
2578 5101 2593 5115 .

2272 5109 2285 5133 ,
2316 5081 2436 5136 pag.
2467 5081 2593 5119 οδι.

2218 5228 2262 5284 u
2293 5158 2368 5231 (k)
2402 5155 2668 5281 Ᾱέἕῖοεὴη
2694 5150 2999 5207 Comment.
3033 5148 3101 5204 ad
3142 5145 3377 5204 Kalend.
3420 5143 3672 5214 Neapol.,
3704 5144 3811 5201 vol.

2286 5271 2300 5284 .
2335 5245 2386 5284 ι).
2534 5266 2547 5280 .

2286 5271 2300 5294 ,
2335 5245 2386 5298 p.
2420 5245 2547 5281 οδι.

2295 5324 2357 5393 (ι)
2418 5321 2540 5377 Vid.
2582 5315 3008 5391 prosopograph.
3054 5314 3185 5373 Cod.
3233 5310 3469 5378 Theod.,
3527 5320 3660 5366 tom.
3690 5308 3763 5367 Vl
3797 5350 3813 5377 ,

2223 5406 2362 5465 part.
2394 5394 2434 5459 ι,
2472 5409 2592 5463 pag.
2622 5394 2712 5447 47.

2297 5485 2395 5559 (m_)
2418 5484 2645 5559 Tillem.,
2673 5481 2832 5538 Mem.
2861 5479 3025 5549 eccl.,
3053 5474 3316 5545 tom.Vil,
3334 5488 3457 5546 pag.
3489 5470 3618 5541 766,
3639 5479 3755 5528 not.
3785 5472 3819 5526 5

2229 5556 2323 5629 sur
2351 5556 2579 5629 Lucifer.

2302 5627 2385 5701 (η)
2418 5620 2687 5697 Minoem,
2715 5626 2755 5683 l.
2785 5639 2867 5695 c.,
2891 5636 3046 5698 pagg.
3079 5620 3187 5680 585
3211 5629 3267 5678 et
3285 5632 3439 5690 seqq.
