4150 6176
330 253 408 311 35

1410 240 1729 302 FAUS'I'INI
1768 238 2207 302 PRESBYTER!
2245 239 2553 302 SCRIPTA.

3565 244 3639 303 3|»

332 362 499 417 etiam
543 366 707 414 antes
733 396 747 422 ,
778 354 908 411 dum
956 355 1144 411 Romae
1187 362 1408 423 essent,
1443 372 1539 413 eos
1569 358 1944 414 Luciferianos
1970 369 2019 427 Α
2049 358 2162 427 ipsa
2193 359 2495 428 comperies
2518 399 2534 423 ,
2564 357 2819 414 illaudato
2858 356 3105 430 quamvis
3156 357 3306 431 operi
3336 371 3492 415 suum
3520 358 3641 415 fore

332 454 529 510 fuisse.
574 451 649 508 Ut
696 460 753 504 ut
798 457 924 515 est,
966 453 1219 522 συνιχεία
1253 460 1404 506 certe
1448 451 1785 520 prtel'alionis
1825 466 1947 506 cum

333 547 568 610 libello.
598 546 701 599 hoc
742 554 822 599 est
865 542 1146 599 Ursiniani
1196 542 1408 599 discidii
1458 544 1698 600 cobazsio
1741 545 1811 599 de
1839 559 1949 614 quo

340 640 627 697 dumtaxat
653 640 704 692 in
733 636 1052 707 praefatione
1082 637 1261 707 agitur
1284 677 1300 702 ,
1328 651 1453 692 cum
1481 636 1950 691 Luciferianorum

346 748 510 790 causa
549 746 705 800 quam
733 738 941 783 tantum
974 728 1028 783 in
1072 728 1259 783 libello
1296 736 1546 793 tuentur,
1578 728 1710 782 satis
1757 742 1953 796 super-

349 840 455 896 que
482 824 532 878 in
558 820 667 876 ﬁne
691 819 1026 887 praelationis
1076 833 1200 875 sese
1226 819 1425 889 legenti
1459 820 1671 889 aperit,
1695 818 1763 875 ad
1788 834 1949 890 quam

348 920 518 975 miror
572 914 986 971 Tillemontium
1040 928 1147 968 non
1209 913 1530 968 attendisse.
1582 911 1824 979 Exinde,
1873 913 1954 966 in—

345 1011 541 1082 quiunt
563 1008 640 1081 (a)
660 1050 675 1074 ,
703 1006 985 1078 presbyteri
1016 1007 1183 1075 partis
1216 1006 1523 1061 Ursinlanze
1551 1006 1767 1061 diversis
1790 1006 1955 1061 modis

345 1103 541 1173 aﬂlicti,
575 1117 668 1170 per
697 1098 885 1153 exsilia
912 1108 958 1152 et
987 1099 1261 1169 peregrina
1306 1098 1422 1153 loca
1449 1098 1669 1164 dispersi
1698 1107 1836 1152 sunt.
1870 1096 1957 1151 Ea:

347 1196 527 1268 quibus
576 1194 961 1250 MARCELLINUS
992 1202 1037 1247 et
1078 1192 1385 1249 FAUSTINUS
1414 1192 1698 1263 presbyteri
1729 1192 1956 1263 (aucto-

349 1305 439 1345 res
464 1291 673 1345 scilicet
700 1299 812 1343 tum
841 1288 1005 1341 libelli
1032 1296 1143 1341 tum
1167 1286 1521 1356 praefationis,
1551 1296 1710 1343 antea
1734 1286 1952 1356 quidem

356 1381 668 1445 Ursiniani,
700 1394 840 1435 nunc
877 1394 1008 1435 vero
1056 1378 1378 1434 Luciferiani
1414 1397 1427 1433 :
1486 1380 1626 1449 quod
1675 1378 1956 1450 sequentia

355 1474 497 1528 satis
527 1488 634 1542 pra:
660 1488 718 1527 se
748 1470 972 1542 ferunt)
1003 1471 1065 1524 de
1090 1472 1414 1542 confessione
1444 1488 1575 1526 vera:
1600 1472 1721 1541 ﬁdei
1753 1472 1821 1544 (a
1852 1487 1955 1542 qua

354 1574 586 1621 caeteros
611 1564 935 1620 Lucileriani
967 1564 1365 1632 excludebant,
1399 1575 1673 1632 tamquam
1702 1565 1804 1635 ipsi
1845 1565 1949 1619 soli

354 1655 662 1727 catholici),
688 1655 1031 1710 ostentatione
1056 1654 1074 1725 (
1103 1654 1207 1710 hoc
1247 1664 1332 1709 est
1366 1656 1746 1725 exhibitione)
1794 1670 1959 1710 same

364 1747 737 1803 communionis
792 1747 1132 1820 (nimirum,
1192 1747 1407 1801 cuinam
1455 1747 1761 1802 exhibenda
1809 1762 1959 1803 com-
1994 1758 2041 1818 Β

358 1825 546 1896 munio
575 1842 675 1903 sit.
708 1839 797 1895 cui
835 1854 964 1895 vero
992 1839 1375 1911 deneganda),
1407 1851 1455 1894 et
1501 1841 1847 1912 persecutione
1868 1840 1963 1894 ad-

355 1935 675 1989 versantium
702 1933 931 1997 veritati,
980 1948 1151 2002 preces
1206 1931 1572 1987 Valentiniano
1604 1974 1621 1998 ,
1677 1931 1963 1987 Theodosio

326 2018 405 2082 iet
434 2026 660 2080 Arcadio
704 2024 1025 2096 principibus
1074 2023 1366 2078 obtulerunt
1393 2027 1486 2078 ita.
1521 2024 1798 2080 Hactenus
1826 2040 1965 2094 pra:-

358 2120 498 2174 fatio
518 2160 533 2184 ,
559 2128 867 2189 postquam
897 2117 1114 2173 libellus
1144 2116 1355 2187 incipit.
1385 2116 1523 2185 Quid
1555 2129 1735 2171 autern
1766 2117 1964 2173 clarius

355 2210 541 2267 afferri
557 2219 763 2279 poterat
790 2211 855 2263 ad
883 2208 1250 2279 praefationem
1266 2224 1387 2263 cum
1406 2209 1589 2264 libello
1606 2209 1696 2279 qui
1715 2223 1857 2262 nunc
1873 2222 1966 2263 ex-

354 2312 483 2369 stat,
508 2300 900 2372 glutinandam?
919 2301 1000 2356 An
1017 2311 1225 2372 poterat
1250 2316 1346 2371 per
1365 2300 1479 2355 haec
1499 2302 1660 2354 verba
1678 2316 1797 2370 qua:
1818 2309 1967 2353 certe

353 2409 623 2449 summam
673 2391 1003 2449 Luciferiani
1035 2393 1226 2448 veneni
1255 2393 1563 2458 continent,
1598 2390 1811 2462 pra-fari
1840 2406 1968 2446 auc-

355 2494 445 2540 tor
468 2485 623 2540 alteri
644 2484 858 2540 cuidam
888 2484 1096 2550 libello,
1119 2486 1207 2554 qui
1261 2484 1668 2539 Ursiniauorum
1708 2483 1967 2539 adversus

356 2576 709 2632 Damasianos
733 2592 919 2647 preces
936 2576 1249 2632 exhiberet?
1274 2595 1292 2628 ›
1316 2576 1429 2631 lluc
1454 2592 1625 2647 usque
1651 2576 1732 2631 vir
1750 2576 1964 2632 doctus.

435 2672 523 2727 Vl.
552 2672 809 2741 Quamvis
848 2681 1027 2726 autem
1068 2686 1134 2727 ex
1175 2671 1439 2726 hactenus
1481 2670 1644 2726 dictis
1686 2670 1753 2726 de
1778 2670 1966 2725 libello

351 2764 590 2833 stipplici
633 2762 942 2819 Theodosio
972 2762 1293 2831 ceterisque
1353 2762 1562 2831 imperii
1622 2760 1968 2817 consortibus

355 2858 542 2915 oblato
567 2898 583 2924 ,
614 2856 745 2911 satis
790 2862 1007 2912 constet
1047 2856 1201 2925 cujus
1230 2856 1515 2910 commatis
1541 2856 1649 2909 sint
1676 2872 1796 2923 qua:
1826 2856 1879 2909 in
1901 2870 1969 2910 eo

359 2956 622 3007 enarraut
654 2948 1006 3004 Marcellinus
1051 2956 1106 3003 et
1156 2946 1450 3002 FauStinus
1477 2947 1780 3018 presbyteri
1810 2946 1969 3000 Luci-

363 3044 559 3099 feriani
585 3059 599 3096 :
629 3057 739 3113 quo
775 3050 959 3097 tamen
1001 3050 1193 3096 cautus
1234 3043 1407 3112 magis
1431 3041 1969 3112 circumspectusque

364 3137 624 3194 reddatur
670 3136 762 3206 qui
812 3137 881 3191 ad
945 3136 1065 3207 ejus
1112 3136 1397 3191 lectionem
1443 3137 1773 3200 accesserit;
1825 3134 1967 3189 haud
1995 3144 2044 3209 ο

365 3234 609 3287 Otiosum
649 3230 809 3287 fuerit
858 3230 913 3285 in
957 3230 1192 3285 medtum
1242 3232 1438 3286 all'erre
1473 3247 1594 3301 qua:
1619 3231 1684 3285 ad
1712 3230 1964 3286 eumdem

367 3326 616 3381 libellum
648 3327 968 3396 praemonuit
1015 3324 1336 3381 Sirmondus
1368 3326 1433 3379 ν.
1462 3326 1524 3380 C.
1559 3326 1873 3396 primusque
1907 3326 1970 3380 il-

366 3419 474 3474 lius
516 3418 711 3474 editor.
758 3417 849 3473 Sic
892 3428 1073 3472 autem
1132 3431 1191 3472 se
1230 3417 1475 3472 habent:
1530 3434 1549 3469 ε
1586 3417 1687 3485 Qui
1736 3417 1972 3471 schisma

368 3511 499 3567 olim
546 3511 736 3566 Romae
781 3510 1041 3579 adversus
1082 3511 1367 3565 Damasum
1399 3524 1518 3565 cum
1549 3509 1749 3566 Ursino
1773 3510 1975 3565 confla-

369 3615 542 3671 runt,
583 3614 677 3659 aut
715 3619 781 3659 ex
826 3602 1187 3659 Luciferianis
1234 3612 1392 3658 erant
1417 3644 1430 3667 ,
1464 3612 1555 3657 aut
1595 3618 1717 3657 cum
1766 3602 1873 3657 illis
1916 3618 1975 3658 se

372 3697 702 3753 Luciferiani
733 3696 1164 3765 coniunxerunt,
1222 3702 1279 3749 et
1311 3694 1508 3765 duplici
1534 3694 1758 3749 dissidio
1792 3695 1977 3749 Eccle-

374 3791 515 3845 siam
545 3790 852 3843 turbarunt.
876 3787 1052 3859 Atque
1094 3787 1146 3842 in
1168 3785 1350 3842 Ursini
1372 3786 1589 3856 quidem
1612 3801 1775 3841 causa
1818 3802 1976 3856 quam

377 3880 606 3950 inquieti
656 3879 890 3944 fuerint,
933 3888 987 3935 et
1032 3894 1191 3949 quam
1226 3880 1533 3950 importune
1564 3880 1977 3949 magistratuum

378 3984 434 4029 et
465 3973 767 4043 principum
798 3986 958 4027 aures
1001 3971 1313 4042 fatigarint;
1344 3987 1463 4041 quae
1494 3971 1547 4026 in
1575 3972 1861 4026 annalibus
1891 3988 1981 4028 ec-

378 4065 708 4120 clesiasticis
743 4075 997 4128 exstant,
1026 4062 1386 4118 Valentiniani
1432 4064 1497 4118 ad
1547 4064 1933 4120 Prmtextalum
1963 4107 1979 4133 ,

381 4156 663 4228 Olybrium
697 4165 746 4210 et
774 4155 1079 4228 Ampeliutn
1110 4155 1400 4225 praefectos
1440 4154 1631 4222 Urbis,
1663 4167 1712 4213 et
1740 4156 1985 4212 Gratiani

383 4250 456 4303 ad
480 4249 790 4317 Aquilinum
837 4250 1095 4304 vicarium
1142 4250 1407 4319 rescripta
1434 4248 1713 4305 declarant
1745 4268 1758 4305 :
1790 4249 1983 4306 iidem-

387 4358 504 4415 que
525 4342 721 4397 faciunt
746 4342 1102 4398 conciliorum
1126 4342 1493 4413 Aquileiensis
1512 4351 1566 4397 et
1590 4343 1823 4398 Romani
1851 4358 1983 4415 syn-

388 4437 569 4493 odicae
599 4438 650 4492 in
679 4437 974 4508 appendice
1020 4436 1223 4493 codicis
1249 4437 1614 4493 Theodosiani
1639 4437 1823 4504 editae,
1866 4452 1987 4508 quae

2051 451 2321 519 pretium;
2370 452 2523 519 cujus
2569 460 2819 506 auctores
2860 459 2917 505 et
2965 450 3034 507 de
3074 465 3136 507 se
3163 451 3295 521 ipsis
3341 459 3397 506 et
3429 452 3498 508 de
3521 450 3642 507 aliis

2052 557 2159 597 non
2190 558 2357 614 pauca
2403 544 2669 612 doceant,
2697 560 2819 615 qua:
2844 544 2989 600 scire
3018 545 3317 608 conducat.
3346 556 3401 601 et
3425 545 3645 601 aliunde

2053 636 2382 690 nesciantur.
2420 655 2437 689 ι
2476 636 2747 692 Hactenus
2774 637 2884 692 ille.
2911 637 3088 707 Atque
3112 637 3165 692 in
3196 637 3443 694 eamdem
3472 637 3647 694 ferme

2053 728 2380 783 sententiam
2418 737 2578 783 antea
2610 729 2871 784 Baronius
2900 726 2999 801 (ὁ).
3029 729 3145 797 Qua
3198 728 3266 784 de
3296 744 3358 785 re
3384 744 3484 784 nos
3514 743 3649 798 quo-

2054 836 2158 891 que
2191 820 2316 875 alibi
2350 821 2605 875 nonnulla
2636 821 2911 891 attigimus
2933 860 2948 884 ,
2976 819 3071 875 ubi
3097 822 3165 876 de
3187 828 3377 875 sancto
3414 820 3649 877 Damaso

2055 912 2219 969 verba
2248 912 2475 969 fecimus
2508 916 2606 981 (ε).
2640 913 2793 981 Quod
2823 921 3090 983 superest,
3125 912 3373 969 eumdem
3406 912 3648 969 libellum

2057 1008 2284 1064 Precum
2331 1008 2573 1064 eruditus
2628 1007 3132 1064 Sirmondianorutn
3200 1006 3378 1064 editor
3421 1006 3652 1062 contulit

2056 1115 2179 1156 cum
2222 1099 2409 1155 codice
2471 1115 2573 1155 ms.
2620 1100 2963 1157 bibliotheca:
3018 1098 3378 1162 Colbertinae,
3419 1098 3654 1170 indeque

2058 1194 2329 1250 variantes
2368 1194 2630 1249 lectiones
2676 1194 2964 1263 apposuit:
2996 1194 3233 1262 itemque
3276 1193 3564 1249 nonnullas
3586 1208 3656 1248 ex

2057 1285 2245 1341 codice
2271 1285 2608 1356 Remigiano,
2639 1302 2863 1358 quarum
2896 1286 2945 1342 ei
2972 1286 3181 1355 copiam
3210 1284 3335 1340 fecit
3363 1285 3431 1340 cl.
3467 1284 3658 1341 Mabil-

2058 1380 2258 1434 lenius.
2288 1379 2494 1448 Quibus
2523 1381 2848 1436 lectionibus
2877 1395 3071 1449 paucas
3104 1380 3361 1435 Mazochii
3393 1392 3660 1449 praestanc

2063 1472 2128 1525 tis
2157 1472 2257 1525 viri
2297 1472 2793 1528 animadversiones
2832 1473 3065 1528 intextas
3092 1472 3296 1529 videas.
3329 1473 3406 1528 De
3436 1472 3658 1544 reliquis

2060 1580 2221 1633 porro
2250 1565 2304 1619 in
2340 1566 2582 1621 Faustini
2613 1583 2776 1637 opera
2806 1569 3110 1625 subnotatis
3129 1610 3143 1635 ,
3174 1583 3363 1641 aequus
3388 1578 3444 1626 et
3467 1568 3659 1625 doctus

2062 1656 2233 1713 lector
2251 1657 2511 1727 judicium
2542 1658 2699 1715 ferat.

2618 1768 2707 1825 DE
2747 1770 3111 1865 FAUSTth).

2314 1880 2388 1931 Ex
2411 1882 2769 1933 Schmnemann
2788 1880 2982 1935 Bibl.T.
3006 1885 3047 1948 Ι,
3071 1899 3152 1949 pp.
3176 1885 3409 1938 547-554.

2715 1991 2744 2064 §
2800 1994 2850 2046 Ι.
2882 1992 3022 2047 Vita.

2137 2081 2425 2155 Presbyter
2452 2083 2845 2151 Luciferianus,
2878 2083 3030 2154 cujus
3059 2090 3222 2139 sectae
3273 2098 3491 2140 causam
3533 2098 3661 2141 cum

2069 2171 2401 2241 Marcellino,
2428 2175 2748 2247 presbytero
2775 2184 2830 2230 et
2850 2175 2989 2243 ipso,
3023 2175 3074 2229 in
3102 2174 3286 2230 libello
3326 2174 3665 2245 imperatori-

2070 2264 2169 2319 bus
2194 2265 2587 2327 Valentiniano.
2615 2265 2923 2322 Theodosio
2952 2275 3007 2321 et
3034 2264 3267 2323 Arcadio
3291 2265 3532 2337 angustis
3558 2266 3667 2321 cir-

2070 2371 2131 2411 ca
2157 2373 2248 2412 an.
2278 2372 2576 2413 ccccxxxtv
2609 2358 2810 2424 oblato,
2835 2356 3096 2413 defendit.
3126 2356 3327 2429 Viginti
3375 2356 3487 2413 fere
3509 2356 3668 2413 annis

2070 2460 2197 2506 ante
2216 2461 2405 2505 contra
2444 2451 2731 2505 Damasum
2755 2466 2970 2520 quoque
2995 2466 3117 2506 cutn
3149 2449 3457 2507 Ursiuianis
3500 2460 3668 2507 stete-

2069 2552 2174 2609 rat,
2206 2544 2529 2615 quibuscum
2550 2543 2843 2615 plurimum
2872 2552 3000 2598 tunc
3024 2542 3350 2599 Luciferiani
3382 2543 3668 2610 conspira-

2068 2648 2278 2692 verant.
2319 2636 2431 2705 Qua
2464 2637 2532 2693 de
2572 2652 2731 2692 causa
2782 2645 2838 2693 et
2877 2636 3067 2692 libello
3095 2637 3183 2692 isti
3225 2652 3321 2692 seu
3364 2635 3670 2707 praefationi

2071 2727 2252 2797 potius
2283 2727 2459 2783 eidem
2491 2729 2793 2799 praemissa:
2821 2726 3103 2784 manifesta
3132 2726 3243 2783 odii
3289 2726 3342 2782 in
3378 2727 3671 2782 Damasum

2068 2821 2293 2891 vestigia
2324 2821 2585 2891 impressa
2612 2828 2757 2882 sunt,
2785 2835 2849 2875 ac
2894 2821 3186 2875 multorum
3211 2820 3384 2888 ipsum
3409 2828 3464 2876 et
3486 2816 3668 2876 socios

2072 2912 2189 2980 cjns
2213 2913 2443 2982 turpiter
2465 2920 2520 2966 ct
2537 2913 2715 2981 inique
2730 2921 3006 2983 gestorum
3030 2912 3331 2978 insimulat,
3354 2927 3474 2982 qua:
3499 2927 3673 2983 quan-

2072 3013 2182 3059 tum
2206 3005 2316 3059 sint
2346 3006 2554 3060 veritati
2581 3015 2946 3062 consentanea
2973 3007 3140 3077 quaeri
3173 3006 3335 3063 solet.
3386 3005 3493 3063 Sed
3548 3006 3654 3062 hoc

2072 3107 2223 3152 certo
2253 3097 2390 3163 scio,
2413 3096 2581 3167 ipsam
2601 3097 2788 3167 scripti
2819 3097 2976 3168 hujus
2999 3098 3288 3155 lectionem
3318 3098 3456 3170 apud
3481 3112 3667 3170 aequos

2074 3190 2352 3259 bonosque
2374 3205 2565 3246 omnes
2591 3191 2902 3261 opinionem
2928 3206 2991 3247 ac
3015 3190 3173 3247 ﬁdem
3206 3202 3489 3249 auctorum
3543 3208 3673 3250 suo-

2074 3298 2193 3338 rum
2214 3283 2568 3340 elevaturam.

2687 3399 2715 3470 §
2748 3399 2804 3453 2.
2837 3398 3067 3469 Scripta.

2148 3514 2355 3570 Przeter
2404 3513 2658 3569 Libellum
2718 3513 2943 3569 Precum
2995 3514 3108 3586 jam
3158 3522 3678 3583 commemoratum,

2078 3607 2229 3677 cujus
2250 3616 2427 3662 tamen
2452 3618 2636 3675 partes
2660 3607 2727 3662 ad
2760 3608 3127 3664 Marcellinum
3160 3624 3379 3679 quoque
3406 3609 3682 3676 pertinere

2079 3700 2251 3764 aiunt,
2285 3698 2552 3769 Prtefatio,
2584 3714 2703 3767 qua:
2730 3700 3060 3755 antecedere
3096 3701 3242 3754 illum
3275 3702 3440 3765 solet,
3470 3701 3679 3771 absque

2081 3790 2247 3846 dubio
2276 3790 2344 3844 ab
2370 3790 2556 3844 iisdem
2590 3789 2957 3859 proﬁciscitur
2992 3788 3327 3851 auctoribus.
3360 3790 3511 3845 Licet
3536 3791 3681 3846 enim

2084 3898 2205 3938 cum
2240 3882 2420 3937 libello
2445 3880 2577 3936 nihil
2608 3896 2898 3936 commune
2917 3881 3118 3938 habere
3141 3881 3412 3950 videatur,
3436 3897 3498 3937 ac
3520 3881 3685 3938 Tille-

2086 3976 2292 4031 montio
2310 3976 2447 4031 adeo
2470 3988 2745 4043 tamquam
2775 3974 2999 4029 alterius
3020 3975 3202 4044 operis
3230 3974 3475 4044 prtefatio
3488 3975 3573 4030 vel
3603 3975 3686 4030 di-

2085 4068 2227 4123 versi
2258 4067 2496 4123 auctoris
2519 4067 2685 4123 fretus
2711 4072 2778 4122 ab
2806 4082 2871 4123 eo
2898 4067 3235 4138 segreganda
3268 4068 3381 4122 visa
3413 4068 3517 4133 sit;
3543 4065 3688 4122 haud

2087 4160 2273 4217 delicit
2294 4171 2472 4216 tamen
2500 4161 2814 4229 explicandi
2851 4160 3012 4230 hujus
3037 4159 3368 4217 discriminis
3394 4160 3556 4230 ratio,
3588 4175 3690 4217 nec

2089 4252 2359 4308 immerito
2414 4252 2728 4308 Gallandius
2776 4261 2988 4308 acutam
3045 4252 3304 4309 Mazocbii
3355 4254 3686 4311 sententiam

2090 4344 2391 4399 exosculari
2414 4345 2748 4401 censebitur.

2165 4435 2406 4492 Faustini
2462 4437 2622 4495 Fides
2672 4437 2959 4494 Theodosio
2997 4440 3302 4508 imperatori
3342 4440 3533 4495 oblata.
3566 4440 3687 4497 Scr.

392 4542 453 4587 et
499 4531 725 4585 Damaso
768 4529 1132 4585 innocentiam
1176 4528 1652 4599 integritatemque
1705 4544 1858 4584 suam
1900 4531 2157 4592 as-Dex
2209 4532 2476 4584 sententia
2533 4529 2819 4597 Quesnellii
2876 4530 3020 4587 inter
3075 4546 3251 4587 annos
3310 4548 3574 4588 cccuxtx
3637 4539 3695 4588 et

391 4634 586 4678 serunt
610 4663 625 4689 ,
652 4633 707 4678 et
730 4621 913 4679 Ursini
940 4620 1182 4677 furorem
1211 4637 1276 4676 ac
1304 4622 1459 4677 dolos
1490 4636 1595 4677 non
1620 4621 1987 4679 dissimulant.

398 4715 862 4775 Luciferianorum
890 4726 1071 4771 autem
1101 4730 1209 4769 non
1241 4714 1512 4782 disparem
1552 4714 1989 4770 inverecundiam

400 4820 566 4879 atque
593 4807 956 4869 insolentiam,
976 4808 1208 4863 duorum
1238 4822 1305 4862 ex
1330 4805 1412 4861 his
1436 4807 1878 4878 presbyterorum
1910 4807 1995 4862 hic

398 4902 536 4960 liber
561 4901 801 4957 ostendit
825 4918 838 4955 :
858 4901 910 4956 in
936 4900 1077 4971 quod
1103 4914 1208 4955 non
1233 4898 1542 4955 Theodosio
1564 4902 1738 4955 solum
1768 4908 2000 4971 angusto

396 4994 742 5050 fraudulenta
796 4995 1140 5064 suggestione
1192 4992 1496 5060 obrepunt;
1529 4991 1625 5046 sed
1655 4990 1995 5045 orthodoxos

401 5101 592 5141 omnes
617 5086 709 5156 qui
748 5084 1111 5153 obsistebant,
1144 5084 1338 5139 canina
1363 5124 1379 5149 ,
1418 5090 1479 5137 ut
1520 5083 1878 5154 Hieronymus
1903 5098 1997 5154 ap-

403 5177 603 5247 pellat,
631 5177 881 5232 facundia
918 5192 1016 5231 sua
1056 5177 1134 5232 sic
1176 5176 1563 5248 proscindunt,
1606 5184 1664 5231 ut
1699 5191 1805 5231 non
1843 5175 2000 5231 defu-

401 5271 514 5327 turi
549 5271 694 5334 sint,
722 5270 815 5343 qui
844 5271 1060 5342 publica
1101 5271 1223 5326 luce
1262 5270 1484 5341 dignum
1527 5270 1729 5327 idcirco
1759 5286 1864 5325 non
1901 5285 1999 5340 pu-

401 5373 539 5421 tent.
570 5364 653 5420 Tu
684 5380 846 5433 vero,
880 5365 1076 5431 lector,
1096 5374 1152 5419 ut
1175 5379 1355 5435 spero,
1388 5364 1546 5420 aliter
1572 5365 1809 5431 scuties,
1834 5378 2001 5434 reque

402 5481 415 5497 '
481 5504 561 5577 (α)
594 5503 815 5577 Prml'at.
845 5504 912 5577 ad
939 5504 1111 5561 libell.
1144 5503 1323 5577 Prec.,
1359 5505 1387 5576 §
1418 5506 1481 5573 4,
1510 5504 1637 5561 infr.
1668 5520 1789 5577 pag.
1818 5504 1949 5562 462.
1982 5478 2099 5504 “4’

507 5576 561 5645 b)
590 5575 782 5631 Barou.
803 5615 819 5643 ,
851 5576 916 5630 ad
945 5593 1070 5648 ann.
1102 5576 1204 5632 367
1228 5618 1262 5648 ,_
1279 5575 1328 5648 δή
1344 5575 1431 5648 1:4.

398 5646 900 5792 pagali’rolegom.
924 5647 992 5703 ad
1038 5655 1169 5705 tom.
1198 5646 1266 5703 Vl
1288 5646 1441 5704 'Bibl.
1474 5647 1608 5717 PP.,
1639 5661 1760 5720 cap.
1793 5647 1851 5717 4,
1877 5646 1907 5720 §
1930 5648 1967 5703 ‘2
1986 5688 2006 5718 ,

2092 4637 2386 4689 CCCLXXXI,
2441 4638 2549 4692 quo
2609 4632 2857 4694 tempore
2916 4622 3324 4695 Eleutheropoli
3374 4624 3696 4680 versabatur

2097 4713 2410 4782 Faustinus,
2442 4714 2531 4769 ubi
2558 4724 2613 4771 et
2650 4715 2980 4787 exagitatum
3032 4731 3091 4771 se
3117 4718 3361 4786 queritur
3384 4731 3415 4772 a
3442 4716 3698 4774 Turbone

2100 4805 2244 4860 illius
2270 4806 2419 4860 urbis
2442 4807 2718 4877 episcopo.

2176 4897 2419 4953 Faustini
2457 4900 2520 4952 de
2553 4898 2806 4954 Trinitate
2842 4899 2957 4956 sive
2995 4901 3058 4956 de
3096 4898 3237 4956 Fide
3262 4912 3446 4957 contra
3464 4901 3699 4958 Arianos

2105 4988 2171 5044 ad
2195 4988 2503 5044 Flaccillam
2528 4975 2905 5061 imperatricem
2920 4991 3043 5047 libri
3065 5006 3156 5055 vu,
3176 5007 3273 5047 seu
3298 4991 3425 5047 liber
3444 4991 3623 5063 potius
3645 4991 3701 5045 in

2104 5098 2174 5138 vn
2205 5083 2379 5153 capita
2424 5083 2733 5138 distinctus.
2782 5083 2905 5140 Scr.
2950 5093 3075 5141 ante
3114 5102 3204 5142 an.
3238 5102 3541 5149 ccccxxxv,
3592 5098 3703 5154 quo

2105 5176 2316 5233 scilicet
2369 5175 2683 5233 Flaccillam
2712 5177 3006 5234 Theodosii
3037 5180 3108 5235 Μ.
3140 5183 3423 5251 conjugem
3471 5180 3703 5248 primatu

2104 5270 2248 5328 diem
2266 5271 2469 5328 obiisse
2488 5282 2719 5328 constat.
2755 5271 3016 5329 Faustino
3048 5273 3267 5329 disertis
3314 5270 3495 5327 verbis
3518 5270 3709 5329 tribuit

2108 5363 2423 5422 Gennadius
2444 5364 2557 5439 (d);
2583 5367 2795 5422 tametsi
2828 5382 2937 5423 non
2966 5364 3237 5423 defuerint
3265 5366 3555 5423 recentiori
3576 5378 3709 5423 aeta-

2184 5504 2266 5578 (d)
2300 5504 2384 5578 De
2408 5504 2771 5578 Vir.ylllustr.,
2798 5520 2919 5578 cap.
2947 5505 3037 5570 il,
3064 5503 3352 5578 scripsisse
3376 5507 3453 5563 ait
3479 5507 3549 5562 ad
3579 5499 3712 5564 Peré

2115 5573 2293 5631 sonant
2316 5573 2588 5648 Flaccilla?
2632 5573 2825 5648 regina
2850 5573 3127 5633 adversum
3152 5573 3375 5634 Ariauos
3394 5589 3445 5636 et
3468 5579 3714 5636 Macedo-

2116 5649 2298 5703 nianos
2319 5646 2473 5704 libros
2499 5646 2710 5719 septem.
