4150 6176
515 218 586 279 ss
1774 213 2098 282 FAUSTINI
2137 196 2570 281 PRESBYTER!
3747 211 3817 285 se

513 343 605 400 te,
636 332 749 409 .qui
794 331 1058 409 Gregorio
1098 331 1300 391 Bmtico
1331 328 1668 391 Eliberitano
1710 327 1970 401 episcopo
2010 327 2108 391 ad-
2133 335 2190 401 Α
2292 328 2451 389 1618.
2508 327 2690 387 Colon.
2740 327 2962 400 Agripp.
2996 366 3012 397 ,
3060 327 3244 391 inviol.
3301 331 3552 395 Faustini
3601 332 3818 393 diaconi

510 424 836 485 scriberent.

1149 516 1207 575 5.
1247 512 1539 575 Editiones.

582 610 826 673 Fausdni
857 611 1118 683 opuscula
1170 610 1427 687 paulatim
1458 607 1667 679 singula
1701 605 2021 681 prodierunt
2053 614 2109 663 et

513 718 639 763 sero
664 704 793 759 satis
830 702 1062 763 collecta
1115 710 1240 763 sunt
1272 702 1324 761 in
1355 699 1446 759 ed.
1485 698 1783 759 Oxnniensi
1820 708 1876 754 et
1901 712 2105 767 nupera

509 794 798 853 Gallandii.
826 793 1067 851 Primum
1096 792 1336 865 quidem,
1361 808 1452 849 an.
1498 792 1664 857 1555,
1698 790 1936 851 Faustini
1983 790 2106 851 libri

507 887 571 942 de
592 886 841 945 Trinitate
863 903 956 959 per
983 883 1412 946 Basilinmloan.
1450 883 1761 951 Heroldum;
1784 880 1982 943 deinde
2004 882 2106 937 sub

507 978 741 1053 Gregorii
770 979 952 1039 Baetici
981 982 1201 1036 nomine
1227 979 1422 1049 partim
1453 975 1714 1051 peculiari
1743 974 2012 1037 volumine
2036 973 2105 1029 ab

504 1070 717 1130 Achille
745 1072 935 1136 Statio.
964 1073 1162 1145 partim
1188 1072 1242 1126 in
1260 1069 1582 1142 quibusdam
1608 1067 1713 1127 PP.
1746 1064 2105 1127 Bibliotttecis

502 1166 689 1247 emissi
720 1175 867 1223 sunt.
885 1165 1005 1225 Mox
1034 1164 1091 1225 in
1119 1164 1255 1219 alias
1283 1163 1640 1219 collectiones
1667 1159 1769 1223 sub
1792 1160 2106 1219 veriaucto—

505 1258 581 1323 t‘is
604 1256 1060 1325 nominereeepti.
1092 1254 1322 1315 Libellus
1348 1270 1568 1327 precum
1600 1268 1724 1313 cum
1756 1252 2099 1327 praefatione,

503 1368 594 1409 an.
626 1350 843 1409 demum
882 1349 1041 1412 1650,
1072 1347 1193 1407 Jac.
1240 1347 1552 1405 Sirmondus
1584 1344 1789 1410 edidit;
1812 1352 1871 1400 et
1900 1341 2104 1405 seculo

503 1442 729 1503 dimidio
771 1450 914 1517 post.
952 1440 1277 1508 Quesnellius
1310 1437 1497 1497 Fidem
1523 1436 1812 1494 Theodosio
1838 1434 2099 1499 oblatam,

502 1535 645 1599 inter
671 1534 923 1599 (lenones
972 1544 1028 1591 et
1064 1532 1490 1595 constitutiones
1530 1529 1795 1593 Ecclesiae
1842 1527 2102 1593 Romana:

502 1631 672 1688 dedit.

1105 1717 1335 1781 Scotino
1372 1731 1482 1775 XVI-

574 1814 733 1874 1555.
773 1814 1011 1879 Βαδίιεω,
1040 1830 1126 1883 ap.
1153 1812 1318 1866 Henr.
1353 1808 1518 1877 Petri,
1548 1805 1730 1863 in-l'ol.
1762 1803 2001 1859 Faustini
2034 1801 2100 1856 li-

500 1911 595 1967 ber
616 1911 683 1965 de
717 1908 820 1963 lide
836 1912 1028 1962 contra
1050 1906 1305 1970 Arianos;
1331 1903 1389 1958 in
1409 1902 1536 1957 Bas.
1560 1898 1720 1955 Joan.
1745 1890 1967 1952 Hercldi
1998 1894 2097 1949 0r-

498 1999 964 2069 thodoxograpltis,
987 2013 1042 2051 η.
1065 1995 1158 2050 51.

570 2093 731 2149 1569.
774 2090 940 2158 Ibid.,
971 2105 1036 2144 ex
1063 2088 1183 2143 ead.
1227 2084 1468 2156 ofﬁcina,
1508 2081 1717 2146 inviol.,
1746 2078 1892 2134 idem
1955 2076 2096 2132 liber

495 2186 637 2240 inter
689 2182 837 2237 Men.
893 2176 1403 2250 Orthodoxograplta
1444 2174 1503 2230 J.
1559 2173 1683 2229 Jac.
1734 2171 1989 2243 Grynai,
2036 2184 2091 2240 p.

495 2277 833 2335 1998-2028.

567 2370 728 2426 1575.
771 2368 992 2433 Roma,
1046 2367 1105 2419 in
1143 2364 1341 2421 sedibus
1387 2361 1583 2431 Populi
1612 2360 1878 2428 Romani,
1924 2357 2088 2425 ili-4°,

490 2462 740 2533 Gregorii
784 2459 992 2525 Baetici,
1025 2457 1406 2513 Heliberitantn
1451 2454 1598 2510 sedis
1644 2452 1900 2507 antistitis
1955 2450 2092 2505 liber

493 2557 561 2611 de
595 2556 881 2618 'l‘rinitate,
918 2553 1035 2607 sive
1063 2551 1133 2606 de
1163 2551 1289 2617 lide,
1318 2566 1459 2603 nunc
1489 2550 1725 2618 primum
1769 2545 1953 2603 editus
1975 2556 2092 2600 etu-

490 2653 583 2708 dio
602 2650 823 2707 Achillis
857 2648 1038 2715 Statii,
1068 2646 1186 2702 Cat.
1215 2644 1357 2699 Bibl.
1377 2643 1587 2698 Bunau.

564 2836 763 2904 Pnris.,
795 2852 884 2906 ap.
912 2833 1077 2888 Mich.
1111 2832 1387 2897 Sannium,
1410 2828 1594 2883 in-lol.
1622 2825 1869 2896 Gregorii
1901 2822 2088 2880 Baetici

491 2931 637 2986 liber
671 2928 741 2984 de
777 2927 1047 2982 Trinitate
1074 2933 1129 2979 et
1172 2923 1299 2987 ﬁde,
1348 2923 1402 3008 in
1452 2930 1599 2975 tomo
1628 2916 1743 2974 Vlll
1791 2916 1927 2971 Bibl.
1964 2913 2083 2969 PP.

488 3021 669 3095 Bign.,
690 3036 743 3091 ρ.
770 3019 897 3087 766,
930 3019 1107 3074 locum
1140 3007 1389 3071 ultimum
1414 3020 1662 3081 occupat.
1698 3011 1767 3064 At
1807 3010 1859 3063 in
1892 3007 2082 3062 cadent

2211 423 2353 487 liber
2377 423 2446 479 de
2474 421 2761 491 Trinitate,
2792 435 2889 478 seu
2941 421 3008 481 de
3032 421 3140 479 lide
3174 432 3363 479 contra
3412 426 3675 494 Arianos,
3723 431 3819 499 qui

2211 515 2351 575 liber
2381 517 2544 569 etiam
2576 516 2675 569 sub
2705 515 2925 575 nomine
2970 513 3222 586 Gregorii
3252 515 3441 577 Baetici
3488 518 3588 579 luit
3612 519 3812 590 editus;

2210 606 2266 665 in
2298 616 2445 665 tomo
2477 606 2541 663 IV
2573 605 2710 661 Bibl.
2740 604 2887 673 PP.,
2910 622 2968 680 p.
3000 606 3126 663 545.

2286 697 2444 763 1624.
2488 697 2732 765 Parisiis,
2758 697 2938 761 invfol.
2992 699 3238 758 Faustini
3303 702 3546 774 episcopi
3568 704 3814 777 .liberde

2210 790 2316 851 ﬁde
2345 803 2534 849 contra
2551 791 2804 859 Arianos;
2834 794 2889 857 in
2915 800 3061 855 tonio
3086 793 3149 850 ιν
3178 793 3322 855 Bibl.
3354 796 3476 855 PP.
3510 799 3603 861 ad.
3652 817 3812 873 (μοι-

2212 892 2302 941 tua.
2435 888 2443 898 '

2283 975 2619 1040 1614-1651.
2662 975 2923 1045 Parisiis,
2973 978 3117 1048 apud
3187 988 3291 1043 tres
3337 980 3548 1056 bibliop.
3622 986 3803 1048 iit-fol.

2208 1066 2353 1127 idem
2392 1070 2531 1127 liber
2557 1071 2611 1125 in
2646 1079 2793 1129 tonio
2824 1068 2893 1125 IV
2921 1068 3059 1129 Bibl.
3089 1068 3209 1129 PP.
3239 1073 3327 1135 ed,
3354 1077 3575 1146 quinm,
3610 1078 3809 1139 puer“-

2211 1162 2286 1217 tio
2308 1161 2375 1215 ad
2404 1160 2713 1217 Flaccillam
2737 1163 2902 1224 etiam
2927 1162 3017 1221 hic
3042 1163 3233 1235 majori
3266 1178 3422 1238 parte
3450 1169 3639 1231 mutila
3656 1186 3807 1231 com-

2206 1259 2385 1325 paret,
2435 1263 2492 1311 ut
2542 1251 2859 1317 Gallandius
2904 1254 3181 1323 observat,
3230 1258 3322 1328 qui
3369 1271 3657 1330 propterea
3710 1263 3800 1321 ed.

2207 1344 2570 1403 Oxoniensem
2600 1345 2667 1401 ad
2699 1346 2947 1405 eamdem
2976 1346 3303 1419 descriptam
3339 1359 3513 1420 putat.

2281 1437 2440 1493 1650.
2485 1436 2728 1504 Parisiis,
2779 1455 2868 1508 ap.
2919 1438 3123 1499 δώσει.
3187 1451 3236 1495 et
3287 1440 3445 1503 Gabr.
3506 1443 3799 1517 Cranwisy,

2204 1528 2371 1595 in-8°,
2423 1529 2718 1593 Marcellini
2769 1540 2824 1586 et
2852 1531 3095 1591 Faustini
3154 1536 3593 1607 presbyterorum
3634 1541 3804 1610 partis

2205 1619 2385 1683 Ursini
2416 1621 2681 1683 adversus
2710 1622 2998 1681 Damasum
3028 1624 3243 1685 libellus
3279 1627 3508 1694 Precum
3540 1630 3607 1689 ad
3629 1630 3802 1701 impe-

2126 1722 2176 1785 Β
2200 1724 2412 1777 ratores
2469 1715 2921 1785 Valentinianum,
2966 1717 3332 1777 Theodosium
3385 1731 3441 1783 et
3482 1722 3798 1793 Arcadium;

2202 1821 2346 1863 nunc
2369 1806 2600 1876 primum
2622 1806 2679 1871 in
2701 1807 2877 1869 lucem
2902 1809 3083 1867 editus
3106 1827 3271 1882 opera
3293 1812 3330 1867 .1
3335 1814 3481 1877 acabi
3504 1816 3795 1883 Sirmondi,

2197 1897 2327 1959 Soe.
2358 1897 2406 1956 .l.
2440 1900 2646 1973 presb.,
2672 1899 2796 1963 Cat.
2827 1901 2967 1965 Bibl.
3015 1903 3151 1975 Reg.
3181 1904 3357 1970 Paris.
3396 1918 3435 1971 t.
3464 1908 3509 1976 l,
3535 1908 3668 1976 395.
3698 1910 3799 1967 sub

2198 1992 2397 2049 Siccqu
2428 2007 2541 2053 vin.

2271 2085 2625 2145 Pramittitur
2662 2085 2915 2151 Praelatio
2944 2086 3013 2149 de
3054 2086 3360 2151 Schismate
3389 2090 3576 2155 Ursini
3615 2092 3800 2163 subje-

2199 2185 2453 2248 etnmque
2481 2186 2567 2239 est
2596 2177 2936 2249 Rescriptum
2960 2177 3249 2243 Theodosii
3277 2196 3377 2250 pro
3407 2182 3721 2243 Marcellino
3742 2196 3799 2241 et

2198 2268 2457 2331 Faustino
2507 2271 2862 2342 presbyteris.
2910 2271 3487 2339 Sirmondi‘Prailatio
3527 2275 3712 2338 brevis
3738 2284 3795 2333 et

2194 2362 2481 2431 concinna,
2514 2363 2640 2425 libri
2666 2374 2720 2421 et
2745 2380 2925 2421 causae
2953 2366 3118 2425 totius
3138 2378 3515 2437 argumentum
3546 2369 3791 2429 luculen-

2198 2466 2279 2519 ter
2304 2458 2549 2527 exponit.
2579 2466 2743 2527 atque
2771 2458 3057 2529 subjuncta
3087 2459 3247 2522 habet.
3275 2469 3521 2521 veterum
3557 2462 3629 2518 de
3650 2464 3794 2519 Con-

2195 2549 2459 2611 troversia
2481 2550 2624 2611 inter
2649 2548 2940 2611 Damasum
2958 2563 3015 2609 et
3043 2549 3298 2613 Ursinum
3321 2554 3521 2624 agitata
3550 2555 3794 2613 testimo-

2194 2657 2306 2705 litat.

2266 2734 2433 2792 1675.
2451 2733 2669 2799 Lutetia:
2692 2733 3068 2802 Paris.,.loan.
3102 2734 3259 2806 Bapt.
3286 2737 3591 2809 Caiatiam"
3622 2738 3787 2811 in~i°,

2194 2824 2433 2882 Faustini
2468 2826 2649 2895 presb.
2695 2825 2856 2882 Fides
2904 2827 3069 2887 missa
3107 2828 3413 2893 Theodosio
3450 2828 3783 2901 imperatori.

2191 2918 2375 2984 Edidit
2404 2917 2718 2973 Paschasius
2766 2917 3094 2985 Quesnellitts
3126 2921 3272 2985 inter
3290 2919 3524 2979 Eunones
3567 2933 3620 2978 et
3648 2920 3788 2978 Con—

2189 3014 2377 3073 stituit.
2419 3010 2567 3071 Eccl.
2602 3012 2947 3084 Romanwad
2980 3013 3166 3077 Leonis
3192 3013 3269 3077 Μ.
3300 3029 3489 3086 opera,
3543 3024 3587 3075 t.
3631 3015 3698 3086 ll,
3728 3033 3783 3088 p.

488 3112 846 3174 Bibliotheca,
880 3120 1030 3165 tomo
1057 3108 1120 3173 ν,
1154 3123 1207 3178 p.
1237 3106 1365 3170 716,
1403 3104 1653 3161 eumdem
1689 3100 1846 3170 plane
1890 3098 2082 3153 librum
2110 3111 2159 3183 ς
2196 3106 2315 3163 158,

487 3208 590 3261 sub
647 3206 815 3274 ipsius
872 3201 1113 3259 Faustini
1161 3200 1411 3265 nomine,
1468 3196 1789 3264 inscriptum
1840 3191 2087 3246 Faustini

489 3313 619 3368 opus
659 3298 711 3350 in
756 3295 859 3365 ﬁde
909 3302 1087 3348 contra
1133 3292 1377 3356 Arianos,
1401 3297 1616 3344 exstare
1645 3286 1928 3340 annotavit
1964 3283 2086 3338 lui-

487 3391 602 3461 gius
622 3387 721 3458 (a).

563 3479 723 3539 1577.
758 3477 1018 3541 Colonia),
1075 3491 1164 3545 per
1213 3473 1511 3533 Maternum
1550 3470 1863 3535 Chalinum,
1909 3465 2077 3534 in-8',

487 3572 631 3637 idem
662 3572 799 3629 liber
820 3587 888 3631 ex
915 3568 1134 3625 Achillis
1174 3568 1331 3626 Statii
1357 3567 1621 3632 editione,
1652 3561 1768 3625 Cat.
1802 3560 1942 3623 Bibl.
1968 3557 2079 3613 Bu-

484 3683 606 3723 nau.

558 3756 716 3815 1589.
760 3755 1001 3822 Parisiis,
1044 3752 1223 3810 in—fol.
1256 3750 1503 3827 Gregorii
1558 3748 1743 3805 Baztici
1788 3745 2078 3805 llliberila—

483 3867 567 3906 me
588 3850 735 3909 sedis
763 3848 1000 3921 episcopi
1023 3846 1090 3901 ad
1118 3844 1327 3901 Gallam
1363 3842 1651 3907 Placidiam
1683 3842 1976 3909 Augustam
2008 3836 2076 3890 de

483 3942 746 4003 Trinitate
769 3951 824 3996 et
850 3940 956 3999 ﬁde
980 3947 1169 3993 contra
1210 3936 1440 3997 Arianos
1479 3935 1638 4002 liber,
1666 3934 1723 3997 in
1775 3930 1912 3989 Bibl.
1950 3930 2069 3986 PP.

478 4037 569 4099 ed.
603 4050 715 4091 sec.
760 4045 905 4091 tomo
934 4033 1028 4099 ιν,
1082 4048 1137 4105 p.
1172 4033 1332 4091 1275.
1392 4032 1555 4103 Atqui
1588 4033 1641 4089 in
1672 4030 1863 4093 eodem
1904 4039 2072 4095 tomo,

480 4144 536 4207 p.
562 4127 688 4195 859,
721 4136 777 4185 et
812 4135 938 4183 ante
964 4126 1109 4181 hunc
1134 4124 1350 4195 quidem
1374 4134 1552 4181 exstat
1579 4122 1817 4179 Faustini
1846 4121 2073 4192 episcopi

476 4224 543 4281 de
568 4222 674 4293 ﬁde
699 4231 878 4277 contra
916 4220 1140 4281 Arianos
1180 4235 1332 4287 opus.
1370 4216 1765 4279 Animadvertit
1792 4213 2071 4273 Fabricius

478 4314 555 4387 (b)
581 4317 632 4369 in
671 4330 737 4369 eo
759 4312 1090 4384 apngrapbo,
1119 4311 1262 4381 quod
1286 4310 1386 4366 sub
1410 4309 1657 4387 Gregorii
1688 4307 1871 4371 Baetici
1896 4306 2071 4363 nomi-

476 4426 545 4467 ne
568 4410 735 4466 editio
761 4412 934 4481 prima
963 4406 1272 4469 etsecunda
1297 4405 1435 4465 Bibl,
1466 4404 1569 4463 PP.
1596 4402 1838 4468 exhibet,
1866 4402 2069 4471 episto-

2264 3200 2424 3261 1677.
2465 3198 2733 3273 Lugduni,
2762 3200 2905 3273 apud
2954 3200 3276 3267 Auissonios,
3317 3200 3500 3263 iit-fol.
3542 3200 3785 3261 Faustini

2188 3293 2400 3355 diaconi
2432 3309 2527 3355 seu
2555 3294 2857 3367 presbyteri
2886 3294 3025 3352 liber
3051 3294 3119 3350 de
3147 3293 3416 3357 Trinitate
3436 3309 3530 3350 seu
3560 3293 3631 3353 de
3654 3294 3785 3357 Fide

2185 3396 2377 3453 coiitra
2405 3389 2656 3449 Arianos.
2682 3389 2928 3447 Accessit
2948 3387 3165 3445 libellus
3184 3386 3412 3440 Precum
3448 3385 3516 3443 ad
3547 3386 3786 3455 impera.-

2186 3488 2335 3543 tores
2363 3497 2484 3539 cum
2531 3482 2798 3549 rescripto
2822 3476 3119 3537 Theodosii
3141 3478 3320 3539 editus
3343 3478 3574 3548 primum
3606 3495 3636 3533 a
3662 3478 3782 3541 Sir.

2183 3572 2410 3636 mendo,
2443 3572 2494 3625 in
2526 3579 2670 3627 tome
2703 3568 2741 3623 Υ
2772 3567 2910 3625 Bibl.
2947 3567 3095 3625 Max.
3122 3567 3269 3635 PP.,
3304 3586 3360 3639 p.
3394 3570 3658 3629 657-661.

2256 3663 2413 3727 1678.
2458 3661 2668 3730 Omnii,
2701 3677 2728 3721 ι
2765 3661 2954 3721 theatr.
3006 3659 3388 3728 Shaldoniano,
3417 3661 3590 3729 in~8",
3635 3664 3780 3727 Fau.

2179 3755 2307 3810 stini
2328 3753 2628 3824 presbyteri
2653 3753 2937 3823 scriptoris
2959 3752 3148 3815 saeculi
3171 3754 3349 3824 quarti
3374 3764 3429 3808 et
3446 3754 3573 3810 lidei
3598 3754 3784 3817 ortbo—

2178 3846 2334 3907 doxa:
2360 3844 2623 3901 adversus
2646 3844 2881 3901 Arianae
2915 3843 3145 3903 vindicis
3174 3847 3427 3902 acerrimi
3457 3847 3657 3917 Opera.

2252 3938 2585 3999 Exbibentur
2616 3956 2630 3995 :
2662 3938 2716 3993 1⁸
2742 3936 2985 3994 Faustini
3006 3940 3178 4009 presb.
3214 3936 3374 3997 Fides
3424 3938 3618 3997 Theod.
3651 3941 3776 4013 imp.

2178 4034 2335 4088 missa
2358 4042 2405 4086 et
2434 4033 2488 4086 in
2541 4030 2781 4095 Codicem
2811 4030 3076 4089 Cortonam
3124 4030 3373 4095 Ecclesiae
3399 4032 3649 4091 Romam
3697 4051 3781 4090 re-

2174 4137 2345 4196 cepta;
2375 4125 2434 4187 Υ
2469 4124 2764 4182 Marcellini
2787 4135 2835 4182 et
2864 4123 3109 4187 Faustini
3131 4124 3364 4185 Libellus
3402 4126 3625 4184 Precum
3654 4143 3776 4185 cum

2174 4220 2482 4291 prmfatione
2507 4220 2570 4281 de
2598 4219 2888 4283 Schismale
2910 4219 3090 4279 Ursini
3115 4230 3162 4276 et
3192 4220 3464 4292 Rescripta
3482 4220 3774 4286 Theodosii,

2174 4330 2229 4382 p.
2256 4312 2409 4379 i-6l;
2431 4312 2487 4369 3°
2519 4313 2582 4371 de
2610 4311 2863 4373 Trinitate
2884 4312 3012 4368 liber
3039 4312 3107 4369 ad
3133 4310 3448 4371 Flaccillam
3465 4313 3776 4385 (inscriptio

2172 4404 2275 4461 sub
2300 4404 2513 4467 initium
2544 4403 2717 4475 ipsius
2740 4404 2864 4469 libri
2888 4403 3051 4465 habet
3078 4404 3144 4459 ad
3172 4403 3376 4465 Gallam
3412 4403 3707 4469 Placidiam
3730 4403 3771 4476 ),

468 4504 579 4565 lam
600 4502 675 4563 ad
688 4501 990 4563 Flaccillam
1015 4498 1193 4570 priore
1220 4507 1373 4571 parte
1396 4510 1644 4559 mancam
1673 4510 1817 4559 esse,
1843 4509 1965 4557 cum
1990 4503 2069 4546 ta-
2093 4499 2148 4562 1)
2173 4513 2297 4569 pug.
2332 4497 2555 4558 65-161,
2590 4498 2813 4568 Adjecta
2839 4510 2964 4559 sunt
2999 4499 3052 4557 in
3076 4498 3316 4568 singulos
3347 4498 3560 4558 libellos
3606 4499 3774 4556 adno-

469 4609 597 4659 men
637 4595 690 4650 in
737 4589 1276 4665 Ortbodoxographis
1304 4598 1359 4653 et
1401 4587 1672 4649 universis
1713 4585 2066 4648 Collectioni-

464 4685 592 4751 bus,
620 4686 678 4745 in
699 4685 894 4755 quibus
908 4684 1010 4747 sub
1026 4683 1268 4745 Faustini
1306 4681 1524 4745 nomine
1567 4680 1869 4756 evulgatur,
1901 4684 2064 4746 atque

468 4777 605 4831 adeo
635 4777 686 4830 in
729 4776 811 4829 bis
842 4776 973 4844 ipsis
1015 4775 1155 4828 Bibl.
1193 4773 1298 4827 PP.
1347 4770 1676 4829 editionibus
1715 4770 1923 4840 integra
1968 4769 2061 4829 illa

466 4876 665 4935 exstet.
702 4867 883 4927 Facile
916 4868 1077 4938 igitur
1118 4865 1311 4941 conjici
1351 4871 1551 4935 potest,
1597 4862 1868 4925 defectqu
1897 4865 2061 4920 istum

462 4962 533 5021 ad
584 4960 873 5025 editionem
912 4958 1137 5023 Achillis
1185 4958 1346 5019 Statii
1390 4958 1685 5033 pertinere,
1721 4958 1863 5023 unde
1918 4958 2060 5017 haud

463 5052 625 5111 dubie
678 5056 794 5115 sine
841 5050 944 5107 ulla
975 5066 1102 5113 cura
1133 5060 1187 5129 et
1241 5050 1763 5120 circumspectione.
1799 5058 2054 5121 tanquam

462 5147 706 5207 diversus
734 5162 764 5207 a
814 5144 1055 5203 Faustini
1100 5144 1360 5214 opusculo
1405 5144 1565 5215 liber,
1595 5143 1651 5205 in
1691 5144 2057 5207 Bibliotheca-

461 5254 581 5307 rum
606 5240 812 5311 primas
844 5237 1110 5295 editiones
1138 5235 1319 5299 illatus
1343 5244 1447 5301 est.

1043 5328 1279 5392 διαυιο
1322 5343 1457 5391 ιω.

533 5423 689 5480 1610.
734 5424 984 5491 Parisiis,
1032 5422 1212 5479 in-fol.
1262 5419 1508 5476 Faustini
1561 5421 1806 5492 episcopi
1845 5421 1912 5478 de
1944 5422 2053 5478 (ide

454 5528 645 5577 contra
674 5521 904 5577 Arianae
947 5520 1107 5589 liber,
1130 5519 1189 5574 in
1390 5515 1497 5575 PP.
1536 5523 1687 5582 temo
1716 5515 1811 5585 IV,
1832 5533 1889 5588 p.
1916 5516 2047 5574 ⁸165.

531 5684 606 5758 (α)
630 5682 707 5743 De
724 5678 1076 5743 Bibliothecis
1105 5680 1235 5753 PP.,
1265 5695 1319 5752 p.
1351 5679 1442 5748 37,
1474 5677 1546 5737 cl.
1581 5676 1671 5737 u.

2173 4601 2279 4647 tata
2308 4607 2492 4655 rerum
2522 4593 2840 4653 memoriam
2870 4590 3216 4649 illustrantia.
3248 4590 3454 4651 Przeter
3502 4592 3774 4661 prmhtio—

2168 4699 2296 4745 nent
2347 4682 2691 4752 praemittitur
2745 4684 2928 4741 incerti
2974 4680 3318 4741 auctoris,“
3356 4681 3613 4751 Vitarum,
3655 4699 3772 4752 qua:

2170 4776 2417 4848 Catologo
2440 4774 2510 4829 D.
2546 4772 2739 4835 [sideri
2762 4784 2813 4837 et
2846 4772 3105 4844 “defensi
3157 4772 3527 4844 admittatur,
3575 4776 3771 4835 notitia:

2170 4871 2233 4930 de
2268 4868 2603 4927 Marcellino.
2630 4867 2883 4931 Pratlatie
2922 4868 2989 4922 ad
3021 4866 3333 4931 Flaccillam
3379 4884 3574 4941 magna
3618 4877 3771 4940 parte

2169 4961 2444 5023 decurtata
2475 4961 2562 5023 hic
2586 4967 3009 5031 repraesentetur
3031 4958 3294 5031 incipiens
3319 4976 3350 5019 a
3383 4960 3565 5023 verbis
3587 4977 3601 5013 ς
3624 4958 3770 5017 Inci-

2166 5055 2372 5123 piamus
2400 5070 2524 5126 ergo
2554 5052 2867 5115 obedienter.

2236 5146 2397 5205 1696.
2442 5146 2688 5213 Parisiis,
2720 5143 3154 5218 “typograpbia
3192 5141 3561 5218 regiam-fol.
3612 5141 3769 5200 libel-

2161 5239 2247 5295 lus
2270 5239 2500 5299 Precum
2530 5254 2603 5299 ex
2630 5238 2871 5301 editione
2896 5239 3198 5305 Sirtnondi,
3246 5239 3301 5294 in
3335 5237 3590 5307 Operibus
3625 5237 3763 5308 ejus,

2160 5343 2307 5389 torno
2333 5331 2375 5399 l,
2407 5347 2460 5403 p.
2484 5332 2749 5395 250-262.
2781 5332 3025 5397 Contulit
3041 5332 3221 5391 editor
3245 5346 3474 5401 operum
3521 5332 3767 5394 Sirmonr-

2158 5425 2445 5481 dianorum
2490 5439 2613 5479 cum
2664 5423 2789 5480 cod.
2832 5440 2935 5481 ms.
2962 5424 3100 5478 Bibl.
3134 5421 3487 5489 Colbertinae,
3530 5421 3764 5493 indeque

2158 5518 2434 5574 uariantes
2474 5516 2736 5574 lectiones
2777 5517 3055 5601 apposuit,
3082 5515 3325 5589 itemque
3359 5514 3649 5579 nonnullas
3692 5528 3763 5569 ex

2240 5676 2319 5753 (ὸ)
2340 5678 2484 5738 Bibl.
2517 5677 2638 5737 Lat.
2665 5677 2736 5737 Μ.
2754 5687 2811 5736 et
2837 5677 2935 5735 inl'.
2969 5678 3057 5736 ed.
3081 5676 3250 5737 Mansi
3280 5687 3410 5736 toni.
3443 5677 3508 5747 ll,
3530 5693 3589 5751 υ.
3630 5676 3754 5743 146,
