4150 6176
324 226 402 289 ω
581 301 586 307 η
707 175 712 180 ’
1716 201 1807 276 Μ
1833 205 2244 277 animus.
2700 281 2705 290 ,
3563 212 3633 284 33

325 334 647 407 nauigium
690 328 925 401 codice;
953 344 1180 403 quorum
1211 329 1560 389 Msbiilonius
1607 332 1822 402 copiam
1872 332 1959 401 ei,

2101 333 2124 388 i
2139 331 2262 387 770.
2287 328 2533 396 Venetiis,
2548 346 2613 388 ea:
2629 338 2837 402 typogr.
2850 330 3012 388 lacn.
3025 332 3184 402 Bapt.
3201 333 3430 395 Aibritii.
3450 334 3605 394 in-fol
3617 375 3632 392 .

326 432 552 488 iecerat.

399 521 568 580 i700.
610 517 870 592 Lugduni,
901 515 1082 573 indol.
1125 514 1367 574 Faustini
1412 515 1717 588 presbyteri
1765 515 1928 574 Fides

329 613 510 670 missa
535 610 839 668 Theodosio
867 607 1207 678 imperatori,
1255 608 1310 664 in
1353 605 1544 663 Codice
1583 605 1852 666 Cononem
1881 614 1931 663 et

333 705 773 763 Constantianam
802 703 1032 757 ecclesia:
1061 701 1308 757 Romam:
1367 702 1517 756 edito
1535 716 1568 756 a
1615 701 1930 769 Quesnellio

337 799 400 856 ί
420 797 709 870 Appendix
734 795 808 852 ad
839 793 1012 865 Opera
1036 793 1227 850 Leonis
1267 791 1373 861 Η..
1396 787 1546 852 tome
1576 793 1642 861 ll,
1685 809 1809 866 pag.
1838 794 1929 862 75,

337 903 459 961 cap.
481 888 572 947 38.

932 977 1162 1037 διςυω
1195 993 1346 1036 ιυιιι.

407 1071 569 1129 i757.
619 1069 883 1136 Venetia.
915 1069 1094 1131 in-l'ol.
1127 1069 1374 1128 Faustini
1421 1068 1724 1141 presbyteri
1774 1068 1939 1126 Fides

332 1164 503 1222 missa
524 1162 840 1222 Theodosio
885 1162 1199 1233 imperatori
1238 1163 1291 1219 in
1337 1161 1526 1218 Codice
1566 1160 1838 1222 Cononem
1889 1170 1938 1218 et

336 1255 540 1314 Ecdes.
571 1255 815 1314 Genui“.
846 1255 1007 1314 Sedis
1038 1255 1372 1327 Apostolicze
1413 1255 1482 1312 ad
1526 1255 1702 1328 Ορινα
1747 1255 1938 1311 Leonis

330 1350 483 1409 edito
511 1361 542 1406 ι
570 1349 868 1406 Βαιθήηὼ
895 1349 1178 1412 fratribus.
1211 1358 1360 1410 tomo
1394 1348 1488 1415 Ill,
1517 1366 1568 1419 p.
1601 1348 1729 1405 278.
1759 1376 1767 1386 -

2040 424 2279 480 Faustini
2308 423 2488 492 presb.
2522 424 2721 493 Opera.
2756 426 3117 480 Accesserant
3144 425 3389 495 ejusdem
3414 425 3632 488 Fausti-

2040 515 2093 571 ni
2139 525 2196 572 et
2244 514 2540 572 Marcelliani
2589 515 2800 572 libellus
2851 515 3078 574 Precum
3130 518 3197 574 ad
3251 518 3630 587 imperatores;

2035 622 2166 664 cura
2195 607 2418 662 Andreae
2446 604 2730 672 Gallandii,
2761 607 2812 668 in
2837 605 2974 662 Bibl.
3004 605 3122 662 PP.
3145 608 3271 662 Aut.
3297 618 3344 666 et
3381 606 3492 664 Vat.
3519 608 3634 666 SS.

2035 698 2208 762 Eccl.,
2240 708 2280 754 t.
2314 696 2453 763 VIII,
2494 713 2548 768 p.
2569 697 2836 756 441474.

2109 792 2346 848 Primum
2373 789 2553 848 locum
2579 799 2851 860 occupant
2874 789 2998 846 libri
3019 789 3082 844 de
3120 788 3408 858 Trinitate,
3439 790 3638 857 deinde

2042 883 2206 942 Fides
2226 883 2519 940 Theodosio
2546 884 2726 951 missa,
2760 893 3040 953 postremo
3058 882 3260 942 libellus
3290 882 3513 942 Prccum
3545 899 3637 948 se.

2040 986 2300 1048 quuntur.
2332 975 2536 1036 Praeter
2566 975 2838 1036 variantes
2863 975 2935 1032 ab
2977 975 3280 1034 editoribus
3304 975 3538 1038 diversis
3563 991 3634 1039 es

2037 1071 2163 1126 cod.
2195 1085 2330 1126 mss.
2369 1070 2576 1136 allatas,
2597 1077 2946 1128 accesserunt
2980 1069 3363 1127 cunctationes
3389 1068 3634 1138 quaedam

2040 1161 2297 1219 Masoth
2325 1176 2392 1220 ex
2421 1161 2562 1222 libro
2588 1176 2750 1231 supra
2802 1161 3018 1218 laudato
3047 1170 3105 1220 et
3148 1160 3422 1219 Gallandii
3449 1164 3636 1232 conie-

2036 1263 2208 1313 ctura:
2227 1253 2498 1324 quaedam.
2515 1253 2801 1312 Accedunt
2823 1253 3205 1324 prolegomene
3225 1252 3298 1312 de
3323 1252 3636 1316 Marcellino

2041 1358 2096 1406 et
2123 1346 2382 1406 Faustino
2409 1345 2799 1406 eruditissima.
2828 1345 2976 1404 Prol.
3004 1361 3054 1406 c.
3097 1347 3190 1415 10,
3219 1363 3275 1418 p.
3303 1361 3526 1410 stu—sv.

1341 1603 1846 1680 FAUSTINI
1919 1603 2626 1686 PRESBYTER!

751 1771 915 1866 AD
975 1770 1458 1858 GALLAM
1513 1763 2212 1860 PLACIDIAM‘
2286 1773 2445 1860 DE
2521 1772 3202 1882 TRINI’I‘ATE,

1177 1935 1386 1999 SIVE
1447 1936 1564 1998 DE
1641 1936 1862 1999 FIDE
1925 1937 2304 2002 CONTRA
2369 1936 2798 2002 ARIANOS.

515 2175 894 2238 FAUSTINUS
930 2173 1283 2236 AUGUSTAS
1321 2173 1760 2236 FLACCILLE.

409 2317 666 2388 Reginam
695 2324 749 2370 te
775 2314 923 2372 orbis
951 2313 1226 2368 Romanus
1267 2312 1529 2382 suspicit:
1573 2321 1627 2366 et
1668 2311 1792 2382 quia
1823 2311 1936 2380 jam

329 2408 471 2465 nihil
505 2419 589 2464 est
608 2449 622 2473 ,
653 2422 762 2478 quo
791 2407 1020 2478 amplius
1058 2421 1308 2462 crescere
1335 2405 1536 2462 debeas
1563 2407 1615 2460 in
1645 2406 1808 2460 rebus
1838 2405 1940 2460 hu—

333 2499 513 2555 manis
539 2541 556 2565 ,
599 2499 1024 2555 sublimitatibus
1055 2516 1162 2554 non
1192 2507 1444 2554 contenta
1479 2497 1709 2553 terrenis
1732 2537 1748 2564 ,
1781 2512 1936 2554 sacra

327 2594 395 2646 in
427 2592 594 2645 Deum
627 2590 741 2646 ﬁde
769 2592 1015 2647 cmlestia
1050 2589 1329 2647 desideras
1358 2589 1635 2661 possidere
1654 2631 1668 2657 ,
1697 2589 1820 2660 quae
1847 2604 1938 2644 ve-

325 2697 432 2738 rus
457 2681 628 2736 Filius
659 2683 794 2751 Dei,
835 2683 893 2738 in
929 2697 990 2738 se
1027 2683 1116 2753 pie
1144 2683 1494 2738 credentibus
1526 2682 1829 2752 pollicetur.
1873 2681 1940 2737 Et

329 2774 456 2830 hare
485 2777 639 2846 quasi
665 2791 770 2830 una
791 2776 857 2831 de
877 2776 1296 2846 sapientissimis
1319 2776 1597 2844 'elaboras,
1627 2775 1935 2846 intelligens

329 2882 556 2923 omnem
581 2870 727 2924 hanc
767 2869 924 2940 regni
965 2869 1351 2924 sobiimitatem
1381 2867 1519 2922 nihil
1564 2869 1935 2938 profuturam,

333 2964 386 3016 si
417 2975 526 3016 non
557 2960 623 3016 ad
663 2961 940 3018 caelestem
968 2962 1194 3032 gloriam
1231 2962 1674 3031 consequendam
1707 2977 1849 3015 verm
1875 2960 1939 3015 ﬁ-

335 3048 425 3102 dei
471 3049 781 3117 cognitione
827 3058 885 3102 et
929 3047 1247 3103 defensione
1284 3047 1604 3102 contendas.
1654 3048 1720 3101 Et
1755 3058 1934 3102 tamen

327 3150 607 3209 apparet,
641 3155 799 3208 quam
833 3149 985 3208 grata
1013 3141 1087 3194 sis
1113 3141 1168 3194 in
1209 3139 1429 3195 Cirrisno
1463 3140 1572 3195 Deo
1611 3148 1667 3193 et
1707 3139 1938 3194 Domino

337 3242 560 3295 nostro,
586 3231 674 3302 qui
699 3233 857 3287 vobis
885 3231 991 3287 hoc
1015 3248 1242 3303 regnum
1275 3233 1494 3298 tribuit;
1541 3248 1665 3288 cum
1701 3232 1937 3288 sollicita

333 3327 766 3399 interrogatione
794 3328 1062 3399 perquiris
1087 3370 1100 3392 ,
1135 3328 1408 3398 quomodo
1442 3329 1675 3398 capitula
1710 3329 1804 3384 illa
1827 3329 1940 3385 sol-

333 3433 562 3486 vantur,
607 3436 724 3491 quae
765 3421 836 3477 ab
871 3421 1081 3476 Arianis
1111 3421 1379 3477 adversus
1413 3421 1725 3478 Cutliolicos
1769 3438 1940 3477 sacrm

339 3511 487 3582 legis
505 3512 1040 3583 interpretatiOnibus
1059 3523 1426 3583 apponuntur.
1449 3513 1669 3569 ﬂabens
1690 3514 1936 3570 affectum

341 3619 493 3658 vera
509 3603 640 3659 ﬁdei
668 3645 683 3670 ,
717 3605 898 3674 copis,
943 3614 1103 3674 prout
1135 3604 1403 3674 possibile
1447 3615 1565 3670 est,
1607 3606 1930 3676 intelligere,

337 3695 490 3765 quod
519 3694 754 3750 ﬁdeliter
784 3697 984 3752 credis.
1011 3697 1148 3764 Quia
1171 3705 1226 3751 et
1257 3706 1384 3753 tunc
1406 3698 1578 3769 magis
1598 3700 1778 3754 anima
1806 3700 1938 3756 reii-

333 3789 517 3858 giosa,
547 3788 699 3843 velut
723 3787 919 3843 divinis
940 3790 1116 3858 epulis
1131 3792 1398 3860 pascitur,
1422 3806 1544 3846 cum
1572 3793 1714 3862 quod
1737 3795 1932 3862 credit,

339 3879 612 3948 intelligit.
635 3877 750 3934 Sed
778 3887 834 3934 et
857 3894 978 3935 cum
995 3881 1295 3937 exsecreris
1318 3881 1510 3951 impias
1538 3899 1698 3939 voces
1715 3885 1940 3942 haereti-

345 3984 568 4036 corum,
605 3978 794 4026 tamen
833 3971 1089 4042 religioso
1119 3973 1298 4028 studio
1331 3974 1524 4030 instrui
1552 3976 1813 4034 adversus
1839 3994 1935 4036 eus

340 4061 644 4125 desideras,
675 4071 735 4117 ut
760 4070 815 4119 et
841 4064 1106 4120 rationem
1129 4065 1240 4134 jam
1271 4081 1493 4137 respuas
1518 4086 1530 4121 :
1562 4084 1630 4124 ne
1657 4069 1764 4126 hoc
1790 4072 1935 4142 quod

335 4154 666 4218 exsecraris,
693 4157 848 4225 quasi
883 4171 950 4210 ex
985 4156 1142 4229 regni
1185 4160 1448 4228 potentia,
1495 4165 1939 4233 przesumpt’ion'is

341 4243 592 4299 videatur
626 4261 782 4315 esse,
822 4263 930 4302 non
976 4249 1329 4319 probationis.
1365 4251 1475 4308 Sed
1513 4254 1636 4308 huic
1673 4265 1779 4309 tam
1825 4258 1935 4326 pio,

343 4345 467 4390 tam
497 4342 793 4395 necessario
819 4353 866 4397 et
901 4343 1263 4412 pulcherrimo
1284 4346 1556 4402 desiderio
1580 4361 1692 4416 tun,
1722 4351 1824 4406 etSi
1851 4366 1938 4410 me

347 4431 618 4502 imparem
654 4436 821 4502 vides,
872 4447 1046 4493 tamen
1084 4450 1142 4494 ot
1171 4442 1445 4497 resistens
1489 4444 1701 4498 o‘bv’iam
1752 4447 1937 4502 venire

345 4539 463 4578 non
500 4524 688 4581 audeo.
727 4526 1005 4586 Conﬁteor
1039 4534 1180 4588 enim
1219 4537 1364 4606 quod
1398 4538 1509 4592 ‘hac
1555 4555 1640 4594 me
1680 4539 1939 4597 inhabilis

343 4619 699 4686 conscientia,
727 4632 782 4678 et
805 4625 1070 4695 imperitia
1102 4629 1330 4698 squalidi
1359 4634 1628 4686 sermonis
1652 4633 1934 4700 suffundit,

343 4727 403 4768 ut
435 4722 684 4770 taceam:
719 4717 833 4773 'hac
870 4719 1050 4775 l'ervur
1080 4722 1212 4777 'ﬁdei
1237 4767 1250 4791 ,
1283 4726 1578 4796 perieulum
1610 4727 1783 4782 credit
1817 4742 1940 4783 esse

347 4806 394 4859 si
421 4812 631 4862 taceam
648 4824 673 4861 ’ἒ
705 4811 976 4880 quomodo
1000 4813 1143 4867 enim
1173 4815 1474 4883 periculum
1499 4834 1604 4872 non
1634 4820 1866 4886 videtur,
1893 4819 1938 4875 si

347 4898 611 4955 adversus
639 4901 860 4959 hostem
894 4906 1116 4975 impium
1147 4912 1418 4977 provocati
1451 4914 1781 4970 conscientia
1826 4915 1942 4969 elo-

1966 2175 2015 2236 B
2044 2187 2146 2230 nos
2181 2176 2413 2246 trepidet
2440 2176 2687 2236 conﬁteri
2716 2217 2732 2243 ,
2765 2176 3031 2246 'exemplo
3059 2175 3207 2234 illius
3231 2177 3533 2250 evangelici
3560 2179 3640 2240 ls-

2041 2268 2214 2324 tronis
2237 2309 2252 2333 ,
2295 2269 2388 2338 qui
2423 2284 2534 2338 quo
2563 2267 2654 2324 die
2701 2267 2984 2328 confessus
3025 2277 3110 2326 est
3154 2268 3320 2330 Deum
3342 2310 3360 2335 ,
3407 2271 3526 2340 ipso
3548 2270 3643 2327 die

2035 2361 2236 2416 meruit
2261 2376 2383 2420 cum
2407 2376 2476 2415 eo
2503 2362 2558 2418 in
2587 2359 2922 2430 paradisum,
2945 2375 3105 2429 quem
3126 2360 3415 2422 confessus
3436 2360 3638 2428 meret,

2035 2451 2288 2512 introire.
2320 2451 2650 2522 Incipiamus
2672 2468 2836 2522 ergo.
2867 2453 3185 2516 obedientes
3209 2453 3642 2524 religiosissimis

2033 2544 2322 2613 praeceptis
2344 2545 2471 2612 tuis,
2489 2543 2754 2600 sollicitare
2775 2558 2899 2602 cum
2926 2543 3263 2608 adversario,
3287 2560 3397 2602 non
3415 2545 3641 2615 quidem

2039 2637 2108 2694 de
2139 2640 2343 2698 nostris
2374 2639 2576 2696 viribus
2603 2647 3030 2709 prmneuteS.
3077 2640 3173 2701 sed
3205 2641 3464 2703 habentes
3503 2641 3642 2704 tida.-

2041 2729 2184 2786 ciant
2219 2731 2288 2786 de
2315 2730 2609 2800 praesidia"
2659 2731 2961 2801 patrocinio
3009 2731 3328 2800 Salvatoris,
3373 2733 3646 2798 adversus

2035 2838 2200 2892 quem
2231 2838 2384 2882 more
2409 2824 2697 2894 gentilium
2729 2832 2790 2880 et
2825 2825 3010 2888 furore
3031 2825 3384 2895 Judteorum,
3430 2827 3636 2891 bellum

2037 2916 2276 2986 exagitat
2302 2916 2555 2987 impietas
2577 2919 2986 2978 haereticorum.
3027 2917 3136 2980 Sed
3163 2919 3289 2990 quia
3319 2919 3374 2978 in
3399 2919 3488 2982 itis
3511 2935 3638 2990 quae

2039 3010 2278 3068 scribere
2318 3009 2543 3082 dignus
2583 3026 2648 3068 es
2690 3026 2756 3070 es
2797 3026 3032 3081 persona
3083 3012 3488 3079 haereticorum,
3532 3012 3642 3072 vidi

2043 3103 2265 3172 plurima
2289 3119 2418 3164 esse
2441 3104 2662 3164 confusa
2683 3148 2698 3173 ,
2728 3117 2791 3164 ut
2820 3106 3082 3164 videreris
3119 3106 3253 3164 mibi
3283 3122 3390 3166 non
3417 3107 3638 3178 plenius

2039 3209 2202 3254 nosse
2227 3211 2348 3267 qua:
2383 3207 2637 3254 asseram
2673 3197 2897 3264 Ariani;
2935 3199 3407 3271 moliusopinatus
3431 3201 3642 3274 sumpsi

2035 3290 2272 3359 primum
2305 3290 2508 3361 liquido
2535 3292 2714 3362 palam
2757 3293 2931 3352 lacere
2956 3292 3237 3362 Quomodo
3265 3293 3494 3352 caedant
3515 3334 3534 3360 ,
3571 3302 3638 3351 et

2041 3382 2314 3449 quomodo
2337 3385 2438 3440 sub
2457 3384 2812 3454 at‘nbiguitate
2835 3387 3107 3440 sermonis
3130 3386 3405 3454 simplices
3429 3386 3640 3446 animus

2037 3475 2289 3543 capiant;
2315 3485 2365 3531 et
2389 3486 2518 3530 time
2545 3477 2806 3541 nissime,
2833 3492 2957 3531 cum
2988 3477 3088 3532 sub
3115 3478 3388 3536 communi
3415 3475 3640 3534 confes-

1966 3573 2013 3638 α
2041 3563 2197 3622 sione
2233 3565 2396 3634 impia
2444 3581 2539 3623 sua
2579 3568 2745 3623 venia
2779 3569 3209 3628 mittiue-idm:
3253 3571 3380 3637 maia
3410 3579 3476 3626 tot
3505 3579 3642 3634 ωω

2037 3655 2256 3714 deorum
2279 3657 2353 3712 ad
2377 3657 2697 3714 solutionem
2711 3659 2894 3714 ﬁdelis
2913 3660 3200 3729 rmpxmsio
3219 3661 3511 3724 uta-inlicita
3527 3670 3641 3729 est,

2039 3750 2087 3806 si
2126 3749 2274 3819 prius
2316 3750 2596 3820 saet‘illegte
2625 3760 2792 3808 secta:
2817 3751 2988 3822 impia
3023 3755 3399 3829 tengivematio
3431 3769 3637 3825 Na—

2037 3839 2202 3900 letur.

2559 3935 2794 3993 CAPUT
2825 3935 3118 3996 PRIMUM.

2330 4049 2409 4105 θα
2445 4051 2766 4122 professione
2791 4051 2962 4121 impia
3001 4049 3341 4106 Arianorum.

2112 4162 2155 4218 ῐ.
2196 4163 2394 4219 Ar‘iana
2426 4164 2676 4233 impietas
2703 4166 2725 4196 ¹
2757 4167 2956 4220 asserit
2983 4165 3151 4219 multa
3195 4165 3482 4222 nobiscum
3514 4167 3638 4237 qui-

2039 4254 2189 4311 dem‘
2216 4255 2408 4310 iisdem
2454 4255 2820 4320 sermonibus,
2867 4254 2964 4310 sed
3005 4271 3114 4310 non
3155 4255 3346 4311 iisdem
3388 4259 3644 4315 sensibus

2044 4349 2400 4422 (conﬁtetur),
2427 4364 2547 4404 cum
2572 4351 2638 4408 ad
2668 4350 2869 4404 divinae
2898 4349 3021 4404 ﬁdei
3045 4349 3446 4407 confessionem
3467 4367 3640 4408 voca-

2043 4453 2147 4497 tur.
2199 4441 2339 4497 Nam
2373 4441 2564 4498 iisdem
2596 4444 2791 4513 quibus
2845 4454 2900 4498 et
2953 4458 3055 4499 nos
3112 4445 3338 4499 vocibus
3385 4453 3646 4513 personat

2041 4538 2210 4594 Deum
2225 4538 2534 4604 Pa‘trem,et
2557 4538 2722 4593 Deum
2747 4537 2968 4604 Filium,
3001 4546 3056 4592 et
3083 4538 3264 4591 omnia
3289 4551 3316 4589 a
3339 4537 3458 4591 ‘Deo
3485 4537 3644 4600 Patre

2043 4652 2139 4708 per
2164 4635 2329 4689 ﬁlium
2363 4635 2528 4699 iacta,
2569 4645 2622 4689 et
2650 4634 2816 4689 lilium
2846 4643 2973 4688 ante
3002 4634 3199 4688 srecula
3235 4634 3501 4704 genitum.
3531 4629 3640 4688 Sed

2041 4743 2163 4783 cum
2193 4728 2470 4783 nobiscum
2495 4742 2592 4797 per
2615 4727 2731 4782 haec
2751 4727 2912 4781 verba
2944 4724 3259 4791 concordet,
3286 4724 3644 4782 nihilominus

2042 4823 2321 4893 Sacrilegis
2353 4824 2641 4878 verborum
2674 4821 3224 4898 interpretationibus
3252 4836 3279 4874 a
3313 4820 3415 4891 piis
3447 4821 3642 4876 Eccle-

2043 4915 2138 4970 siae
2180 4915 2463 4970 catholica:
2503 4916 2756 4971 sensibus
2793 4915 2816 4946 ⁸
2844 4913 3154 4986 abrumpit,
3201 4913 3275 4968 ita
3318 4913 3506 4973 dicens
3552 4927 3645 4985 pa-

346 4990 574 5084 quendi,
601 5007 723 5062 qua:
749 4997 1096 5067 verecundia,
1127 5001 1451 5072 quasi‘terga
1485 5015 1757 5060 vertamus
1777 5010 1801 5060 ‘l
1825 5008 1939 5062 Ma-
1965 4991 2021 5053 Ῑ)
2048 5019 2183 5064 trem
2206 5050 2220 5073 ,
2252 5017 2312 5064 ut
2339 5025 2448 5064 non
2478 5024 2605 5065 vere
2635 5011 2884 5080 genuerit
2909 5027 2922 5062 :
2973 5008 3045 5062 ita
3078 5007 3249 5062 ﬁlium
3279 5022 3495 5084 quoque
3519 5020 3645 5078 pro-

351 5082 492 5136 xime
516 5125 532 5147 ,
557 5099 696 5139 cum
734 5087 784 5142 in
807 5104 979 5144 :causa
1010 5092 1133 5148 ﬁdei
1165 5110 1269 5149 non
1295 5108 1604 5151 sermonum
1632 5099 1942 5156 sublimitas

341 5175 673 5239 requirenda
712 5188 798 5234 est
820 5220 836 5245 ,
874 5182 1088 5250 quando
1125 5185 1238 5254 ipsa
1274 5187 1388 5242 so'la
1417 5191 1725 5245 testimonia
1758 5191 1940 5249 divina

341 5261 638 5336 sufﬁciam,
682 5286 804 5340 quae
845 5273 1024 5343 potius
1051 5289 1374 5346 operantur,
1423 5296 1582 5351 quam
1615 5284 1822 5353 quaevis
1865 5283 1944 5339 fe-

341 5355 1058 5432 cundior-eloquentiasSed
1079 5381 1179 5424 nec
1203 5371 1455 5429 vitiorum
1484 5378 1822 5433 conscientia
1850 5392 1945 5434 co-

341 5447 564 5518 gitanda
581 5457 945 5524 estyquentlo
973 5461 1474 5533 potiusrelevatur,
1497 5467 1546 5522 si
1566 5471 1744 5541 primo
1761 5471 1942 5529 'Deum

423 5628 440 5709 ξ
470 5628 560 5709 xtl.
584 5635 784 5709 rectius
809 5651 930 5694 cum
955 5639 1250 5709 Gennadio,
1287 5644 1616 5702 Flacciuam.

419 5701 441 5730 ’
469 5700 674 5759 Adscrit
699 5709 900 5778 quidem
923 5713 1084 5769 multa
1106 5700 1572 5776 nobis'cttntiisdeitt
1587 5700 1937 5789 Manibus,

2048 5104 2326 5172 nuntians,
2359 5112 2415 5158 ut
2436 5102 2578 5175 apud
2607 5119 2730 5159 eum
2771 5103 3098 5172 adeptione,
3128 5116 3234 5156 non
3264 5113 3456 5156 natura
3488 5098 3556 5152 sit
3583 5097 3642 5149 li-

2048 5195 2176 5261 lius,
2205 5195 2259 5250 id
2287 5206 2393 5262 est,
2418 5202 2478 5248 ut
2502 5195 2720 5251 aliunde
2741 5195 2806 5250 ad
2831 5195 2926 5250 ﬁlii
2952 5209 3151 5250 nomen
3177 5195 3504 5261 assumptus,
3529 5201 3642 5244 non

2048 5302 2178 5342 vere
2204 5286 2272 5342 de
2304 5287 2412 5343 Deo
2437 5287 2598 5342 Patre
2628 5288 2696 5342 sit
2720 5287 2954 5359 genitus.
2983 5285 3116 5341 Nam
3149 5285 3276 5338 licet
3305 5293 3358 5335 et
3389 5287 3515 5334 ante
3541 5293 3646 5335 sa:-

2051 5381 2168 5436 cula
2211 5381 2381 5436 lilium
2427 5389 2611 5437 natum
2650 5394 2775 5437 esse
2817 5379 3072 5442 fateatur,
3117 5386 3294 5432 tamen
3339 5373 3390 5429 ei
3431 5371 3642 5434 initium

2049 5474 2237 5531 tribuit
2273 5474 2529 5542 dicendo,
2574 5473 2704 5531 Erat
2737 5473 2954 5546 quando
2996 5485 3103 5527 non
3141 5456 3278 5525 erat.
3320 5467 3428 5525 Sed
3472 5475 3528 5524 et
3565 5466 3648 5523 Sie

2049 5654 2220 5711 deest.

2121 5725 2142 5757 ³
2173 5724 2530 5798 Abrumpimr.
