4150 6176
556 205 627 265 se
1793 194 2120 256 FAUSTINI
2156 190 2590 252 PRESBYTER!
3779 201 3850 260 ιο

556 333 770 391 quoque
800 331 900 390 per
919 328 1046 373 eum
1069 314 1208 372 facta
1229 312 1364 369 dicit
1389 312 1638 369 universa
1656 351 1670 376 ,
1699 320 1759 366 ut
1784 327 1908 367 eum
1941 320 2152 367 asserat
2180 316 2234 377 Α
2257 310 2473 365 occasio
2499 316 2605 365 est.
2640 307 2757 365 Non
2789 307 2915 366 licet
2948 309 3234 384 interpreti
3258 309 3416 370 aliter
3440 311 3665 381 sentire,
3687 329 3846 387 quam

554 426 624 468 ex
656 410 819 467 nullis
847 408 1184 467 exsmntibus
1211 405 1561 462 substitutum
1584 447 1598 472 ,
1640 405 1769 475 quia
1799 402 2152 475 prmsumpsit

559 518 669 560 non
694 518 823 559 vere
848 502 917 559 de
960 503 1071 557 Deo
1101 500 1260 556 Patre
1285 501 1559 570 genitum:
1608 505 1665 552 et
1692 496 1819 553 inde
1846 504 1929 551 est
1952 536 1967 563 ,
2008 495 2152 565 quod

552 600 629 655 ita
658 598 775 655 vult
804 598 1007 653 habere
1039 609 1392 666 persuasum,
1424 593 1699 649 Christum
1730 592 1895 648 Deum
1931 590 2151 662 quidem

559 705 708 755 esse,
743 688 839 745 sed
866 703 972 742 non
998 702 1187 743 verum
1210 728 1226 752 ,
1259 689 1345 742 cui
1382 687 1591 740 initium
1619 684 1946 754 deputetur;
1992 692 2049 739 et
2092 683 2156 735 li-

557 781 690 838 lium
717 780 933 851 quidem
961 780 1056 846 ita,
1088 786 1146 833 ut
1174 777 1350 833 factus
1377 777 1713 846 intelligatur
1739 789 1885 839 esse,
1915 788 2025 829 non
2058 789 2154 829 na-

558 882 665 930 tus.
708 873 767 930 Si
794 872 1013 944 quidem
1046 887 1153 926 non
1182 886 1309 926 vere
1330 870 1399 925 de
1429 878 1584 938 patre
1612 875 1771 922 natus
1810 878 1916 932 est,
1956 869 2053 920 sed
2086 865 2155 920 de

559 965 733 1021 nihilo
767 964 1128 1029 substitutus;
1173 964 1245 1018 ob
1289 962 1392 1018 hoc
1434 975 1648 1032 quoque
1686 966 1743 1015 et
1788 958 2151 1014 ‘mutabilem

556 1054 748 1122 credit,
795 1055 919 1125 quia
958 1054 1011 1109 in
1048 1052 1154 1109 llde
1180 1054 1297 1123 ejus
1333 1067 1439 1108 non
1484 1051 1613 1108 vere
1655 1053 1817 1118 Deus,
1851 1066 1958 1104 non
1991 1063 2155 1104 verus

558 1148 701 1202 illius
726 1158 845 1203 est:
879 1155 933 1203 et
963 1154 1023 1201 ut
1049 1148 1149 1201 hos
1183 1147 1378 1216 impios
1405 1158 1599 1199 sensus
1637 1144 1778 1214 apud
1814 1142 2038 1213 ignaros
2064 1141 2153 1196 vel

556 1238 831 1309 simplices
850 1238 1224 1305 commendet,
1253 1238 1478 1294 adhibet
1510 1252 1750 1308 quoque,
1785 1246 1842 1290 ιιι
1867 1235 1971 1291 sibi
2005 1234 2156 1290 vide-

560 1342 672 1399 tur,
702 1332 1108 1402 Scripturarum
1135 1331 1447 1386 divinarum
1483 1329 1792 1386 testimonia
1821 1371 1835 1395 ,
1868 1328 2058 1385 dicens
2086 1344 2155 1383 ex

561 1440 794 1495 persona
825 1425 1117 1496 Sapientia:
1143 1427 1165 1457 '
1212 1424 1521 1494 probatum,
1558 1423 1812 1477 Dominus
1847 1423 2036 1476 creauit
2074 1438 2156 1475 me

554 1516 759 1571 iuitlum
786 1517 986 1571 uiarum
1016 1532 1228 1571 suarum
1250 1516 1304 1569 in
1324 1531 1483 1580 opera
1508 1531 1602 1568 sua
1635 1514 1655 1586 (
1679 1512 1835 1567 Prov.
1869 1528 1988 1577 VIII,
2013 1511 2085 1564 '22
2106 1512 2151 1581 ).

560 1608 835 1664 Christum
867 1618 1046 1664 autem
1085 1609 1407 1679 sapientiam
1453 1622 1575 1663 esse
1606 1606 1898 1675 Apostolus
1937 1619 2155 1675 qucque

2256 401 2517 472 scriptum
2544 410 2627 456 est
2651 416 2672 467 ,'
2708 416 2813 457 nec
2835 415 2973 472 Opus
3001 410 3088 458 est
3112 444 3126 470 ,
3174 412 3231 459 ut
3258 419 3402 460 nunc
3424 414 3637 461 nostros
3661 419 3850 463 sensus

2256 492 2564 564 ingeramus
2593 512 2608 550 :
2634 493 2837 551 sufﬁcit
2860 494 2925 549 ad
2964 496 3176 566 plenam
3212 496 3578 567 percipiendae
3606 497 3728 554 lidei
3756 513 3850 556 no-

2258 585 2428 639 titiam
2449 627 2464 653 ,
2505 594 2566 640 ut
2605 586 2782 641 divina
2820 586 2981 643 verba
3008 586 3322 643 recitemus.
3355 588 3425 643 In
3456 589 3736 664 principio,
3766 591 3849 645 in-

2256 676 2411 746 quit,
2464 686 2574 731 erat
2612 675 2855 732 Verbum.
2897 676 3167 748 Numquid
3211 678 3388 749 aliqua
3422 681 3511 735 hic
3545 691 3630 735 est
3670 681 3855 751 opinio

2257 772 2517 840 temporis
2539 812 2554 837 ,
2598 770 2857 841 numquid
2898 771 3077 841 aliqua
3115 774 3350 842 suspicio
3379 772 3700 829 saeculorum
3722 814 3738 841 ,
3768 773 3858 831 vel

2258 862 2475 934 aliquod
2503 864 2843 918 intervallum
2875 862 3057 933 puncti
3087 872 3181 918 aut
3211 866 3468 920 momenti
3495 864 3762 937 alicujus,
3796 876 3858 923 ut

2258 954 2442 1011 dicere
2468 956 2691 1023 audeas,
2724 955 2857 1012 Erat
2889 956 3106 1028 quando
3133 971 3240 1012 non
3272 958 3425 1013 erat?

2329 1046 2415 1104 lll.
2458 1046 2529 1101 In
2565 1049 2823 1119 principio
2854 1060 2967 1105 erat
3005 1047 3264 1115 Verbum;
3292 1059 3348 1106 et
3375 1065 3444 1106 ne
3471 1050 3609 1107 forte
3628 1052 3856 1109 verbum

2258 1139 2526 1211 intelligas
2548 1182 2563 1207 ,
2596 1144 2739 1211 quod
2771 1151 2855 1198 est
2896 1143 3166 1213 loquentis
3202 1142 3478 1209 ofﬁcium,
3514 1146 3777 1216 sequitur,
3811 1154 3861 1200 et

2267 1228 2491 1285 Verbum
2517 1243 2625 1287 erat
2650 1233 2795 1303 apud
2824 1233 3026 1288 Deum:
3057 1250 3163 1291 non
3206 1236 3364 1301 dixit,
3397 1254 3417 1288 ι
3452 1235 3676 1291 verbum
3715 1236 3860 1306 quod

2258 1320 2469 1380 locutus
2507 1334 2591 1378 est
2634 1326 2802 1392 Deus,
2849 1327 2975 1392 sed,
3011 1337 3059 1381 et
3086 1337 3196 1381 erat
3233 1326 3456 1381 Verbum
3483 1328 3624 1399 apud
3656 1327 3858 1385 Deum:

2260 1414 2374 1486 ipse
2406 1425 2680 1485 postremo
2703 1420 3089 1490 interpretatus
3112 1430 3218 1486 est,
3246 1420 3375 1491 quid
3398 1422 3471 1475 sit
3499 1420 3757 1486 Verbum,
3779 1421 3862 1477 di-

2258 1524 2411 1575 cens,
2433 1520 2478 1563 et
2503 1510 2641 1565 Deus
2664 1521 2771 1565 erat
2798 1512 3032 1568 Verbum.
3059 1514 3114 1569 Si
3130 1516 3182 1567 in
3202 1514 3458 1583 principio
3482 1527 3592 1570 erat
3620 1513 3858 1581 Verbum,

2258 1612 2314 1657 et
2345 1602 2446 1656 hoc
2473 1603 2644 1671 ipsum
2682 1601 2903 1657 Verbum
2932 1605 3074 1674 apud
3115 1603 3283 1659 Deum
3307 1615 3454 1671 erat,
3496 1615 3544 1659 et
3577 1604 3722 1660 Deus
3751 1615 3861 1660 erat

558 1702 845 1758 conﬁrmat
869 1700 1125 1770 dicendo,
1155 1700 1419 1756 Christum
1442 1699 1538 1754 Dei
1564 1699 1827 1763 uirtutem,
1861 1706 1909 1752 et
1942 1695 2041 1751 Dei
2070 1712 2156 1750 sa—
2186 1712 2235 1772 Β
2266 1693 2510 1760 Verbum,
2552 1695 2774 1750 confusa
2823 1705 2907 1751 est
2954 1696 3245 1768 impietatis
3293 1696 3539 1752 intentio.
3589 1696 3861 1751 Probatur

560 1793 805 1863 pientiam
835 1792 893 1864 (l
920 1792 1044 1847 Cor.
1077 1807 1115 1858 ι,
1143 1790 1215 1846 24
1241 1794 1279 1862 ).
1313 1792 1538 1847 Constat
1564 1805 1694 1860 ergo
1715 1787 1993 1844 Christum
2015 1831 2030 1856 ,
2065 1790 2157 1859 qui

561 1895 668 1952 est,
684 1884 946 1954 Apostolo
963 1885 1281 1954 interprete,
1295 1882 1581 1954 sapientia,
1600 1898 1722 1939 esse
1732 1892 2034 1937 creaturam
2052 1898 2065 1934 :
2085 1883 2161 1951 (et

554 1975 692 2047 jam,
723 1973 940 2046 inquit,)
968 1990 1308 2046 consequens
1334 1986 1452 2042 est,
1485 1983 1539 2029 ut
1570 1989 1677 2029 non
1708 1973 1780 2028 sit
1806 1988 1968 2028 verus
1994 1972 2157 2038 Deus,

561 2072 651 2141 qui
668 2070 742 2125 sit
760 2081 1005 2125 creatura
1028 2089 1041 2123 :
1063 2069 1175 2138 jam
1192 2083 1289 2123 nec
1314 2083 1474 2123 verus
1499 2067 1662 2130 illius,
1687 2066 1778 2137 qui
1796 2080 1901 2120 non
1920 2066 2035 2119 sita
2052 2065 2162 2120 Deo

562 2164 777 2233 genitus
799 2202 814 2227 ,
845 2162 866 2192 ³
887 2160 983 2215 sed
1004 2171 1221 2215 creatus
1245 2174 1260 2213 :
1302 2170 1419 2214 erat
1441 2174 1574 2230 ergo
1595 2199 1610 2225 ,
1642 2157 1861 2228 quando
1889 2174 1995 2213 non
2020 2166 2157 2213 erat.

635 2254 700 2309 ll.
743 2253 869 2309 llaec
910 2262 1035 2307 sunt
1075 2252 1334 2323 nequitiae
1376 2267 1524 2307 arma
1558 2251 1867 2321 proposita,
1902 2250 2163 2305 adversus

571 2362 696 2419 qua:
726 2348 809 2404 ire
839 2346 861 2378 ‘
890 2360 1280 2417 provocamur,
1329 2353 1388 2399 ut
1420 2346 1739 2400 assertionis
1768 2345 2009 2398 adversa:
2036 2358 2165 2413 pro-

563 2441 774 2511 paletur
802 2440 1093 2509 impietas;
1138 2455 1243 2494 non
1271 2438 1487 2509 quidem
1514 2478 1529 2503 ,
1574 2448 1632 2492 ut
1658 2436 1893 2491 diximus
1918 2478 1934 2504 ,
1974 2447 2162 2491 nostro

563 2534 801 2605 ingenio,
832 2534 929 2591 sed
957 2534 1131 2606 gratia
1165 2533 1256 2587 Dei
1284 2533 1572 2603 adjuvante
1598 2546 1819 2601 semper
1850 2531 1969 2601 pios
1996 2544 2165 2585 cona-

566 2637 675 2684 tus.
707 2627 787 2683 Tu
820 2626 1001 2690 modo,
1032 2640 1218 2698 quaeso
1240 2641 1309 2681 ne
1334 2625 1582 2696 squalido
1608 2638 1861 2680 sermone
1894 2621 2159 2692 fatigeris,

566 2721 663 2778 sed
690 2736 871 2778 rerum
904 2722 1107 2777 intenta
1134 2720 1427 2775 virtutibus
1453 2759 1468 2783 ,
1503 2719 1573 2772 da
1614 2716 1883 2773 calculum
1923 2714 2159 2769 veritati.

568 2812 683 2869 Hoc
733 2823 916 2869 autem
961 2826 1068 2867 non
1112 2821 1172 2866 ut
1208 2812 1404 2867 librum
1446 2812 1467 2841 ⁵
1505 2810 1819 2874 scribimus,
1868 2810 1963 2864 sed
2007 2804 2164 2877 quasi

566 2921 691 2961 cum
716 2914 983 2976 praesente
1002 2902 1316 2960 adversario
1335 2904 1500 2961 certis
1521 2902 1980 2974 disputationibus
2002 2901 2164 2955 dimi-

565 3012 773 3053 camus.
815 2997 885 3052 Et
915 2997 1181 3067 imprimis
1228 3007 1419 3052 contra
1453 2995 1555 3051 hoc
1584 2994 1728 3066 quod
1758 2995 1983 3059 dicunt,
2033 2993 2162 3046 Erat

2261 1788 2405 1842 enim
2434 1787 2501 1842 de
2529 1791 2761 1857 capitulo
2789 1790 2926 1855 hoc,
2968 1789 3245 1843 Christum
3277 1788 3442 1844 lilium
3484 1788 3581 1844 Dei
3616 1796 3672 1845 et
3720 1804 3863 1845 sem-

2264 1897 2361 1953 per
2392 1884 2578 1947 luisse,
2608 1895 2661 1939 et
2692 1899 2908 1954 semper
2930 1885 3349 1954 inseparabilem
3375 1900 3404 1938 a
3430 1884 3613 1951 Patre,
3637 1893 3691 1939 et
3717 1898 3862 1939 sem-

2266 1992 2361 2045 per
2392 1976 2582 2030 Deum.
2630 1976 2782 2031 Sicut
2808 1976 2952 2030 enim
2981 1977 3099 2030 sine
3141 1975 3295 2029 initio
3322 1984 3404 2030 est
3427 2014 3441 2040 ,
3488 1990 3608 2029 cum
3637 1974 3860 2041 dicitur,

2265 2065 2331 2123 In
2362 2068 2619 2139 principio
2644 2078 2774 2130 erat,
2805 2069 2884 2122 sic
2910 2078 2964 2123 et
2989 2082 3110 2122 cum
3133 2068 3349 2133 dicitur,
3381 2069 3519 2137 apud
3548 2066 3712 2121 Deum
3731 2076 3862 2136 erat,

2264 2160 2699 2230 inscparabilitas
2744 2158 2861 2229 ejus
2904 2174 2935 2213 a
2982 2158 3140 2214 Patre
3180 2158 3298 2215 sine
3338 2159 3493 2214 initio
3537 2159 3863 2215 declaratur.

2264 2254 2370 2310 Sed
2400 2264 2453 2309 et
2477 2269 2599 2308 cum
2635 2252 2738 2309 hoc
2763 2254 2994 2309 Verbum
3021 2254 3163 2309 Deus
3186 2268 3309 2309 esse
3330 2254 3621 2320 delinitur,
3640 2270 3748 2308 non
3780 2262 3869 2310 est

2264 2346 2595 2417 ambiguum,
2624 2348 2765 2416 quod
2796 2350 2912 2401 sine
2935 2345 3087 2400 initio
3110 2346 3250 2399 Deus
3280 2343 3543 2400 creditur.
3572 2344 3687 2400 Hoc
3714 2347 3862 2400 enim

2264 2443 2405 2511 quod
2438 2441 2699 2510 prmmisit
2727 2440 2944 2505 dicens,
2980 2438 3049 2493 In
3075 2438 3333 2509 principio
3361 2479 3375 2500 .
3409 2439 3476 2494 ad
3519 2440 3697 2493 omnia
3726 2438 3868 2495 rele-

2266 2534 2490 2591 rendum
2520 2546 2625 2599 est,
2652 2534 2701 2588 id
2727 2541 2830 2600 est,
2860 2533 2925 2587 In
2947 2534 3206 2604 principio
3234 2542 3345 2587 erat
3387 2531 3642 2600 Verbum;
3663 2541 3719 2590 et
3739 2549 3865 2588 cum

2265 2628 2529 2698 sequitur,
2574 2636 2622 2681 et
2671 2625 2893 2681 Verbum
2931 2636 3040 2681 erat
3079 2626 3220 2696 apud
3264 2625 3455 2692 Deum,
3495 2638 3543 2681 et
3590 2625 3729 2681 Deus
3757 2634 3869 2681 erat

2277 2722 2533 2787 Verbum;
2558 2721 2677 2777 sine
2699 2720 2885 2787 dubio,
2911 2720 2963 2773 in
2985 2720 3267 2789 principio,
3302 2720 3735 2775 subaudiendum
3759 2728 3865 2775 est.

2267 2813 2509 2884 Denique
2547 2822 2602 2868 et
2636 2814 2753 2882 ipse
2794 2812 2865 2867 ita
2908 2811 3202 2875 concludit,
3241 2810 3462 2866 dicens:
3517 2810 3629 2865 Hoc
3669 2822 3778 2867 erat
3812 2813 3868 2866 iu

2268 2907 2525 2976 principio
2548 2907 2689 2973 apud
2719 2902 2927 2969 Deum;
2954 2902 3228 2974 quomodo
3256 2917 3386 2973 ergo
3421 2921 3440 2955 ι
3491 2912 3610 2958 erat
3650 2902 3869 2973 quando

2267 3007 2527 3064 nouerat,
2542 3016 2561 3049 ι
2588 2996 2679 3067 qui
2697 2994 3329 3066 semperestiquomodo
3347 3009 3443 3049 «ex
3464 2993 3626 3049 nullis
3648 3006 3868 3049 exstan-

567 3090 786 3159 quando
825 3103 948 3159 non.
976 3098 1114 3154 erat,
1168 3087 1563 3143 occurrendum
1609 3094 1715 3150 est,
1768 3084 1910 3156 quod
1947 3098 2165 3152 semper
2192 3089 2238 3153 C
2272 3092 2415 3147 tibus
2444 3099 2583 3157 est,»
2620 3090 2710 3160 qui
2738 3104 2953 3159 semper
2994 3088 3136 3158 apud
3179 3088 3393 3142 Patrem
3422 3086 3549 3143 est?
3590 3086 3866 3158 quomodo

567 3182 764 3247 luerit;
826 3191 883 3236 et
944 3179 1327 3251 opponendum
1386 3178 1456 3233 de
1521 3176 1819 3247 Evangelia
1898 3176 2163 3232 leSllmO-

568 3273 717 3329 nium
745 3314 763 3340 ,
805 3271 1019 3327 dicente
1068 3269 1296 3335 Joanne,
1360 3266 1428 3322 In
1466 3268 1722 3339 principio
1782 3276 1892 3322 erat
1941 3265 2163 3321 Verbum

570 3363 751 3436 (Joan.
784 3378 823 3430 ι,
857 3363 934 3435 l).
961 3364 1109 3419 Sicut
1133 3362 1280 3417 enim
1302 3360 1555 3416 Christus
1579 3358 1671 3414 Dei
1698 3359 1962 3428 sapientia
1984 3367 2035 3413 et
2068 3357 2163 3412 Dei

565 3455 740 3511 virtus
768 3463 884 3521 est,
917 3457 987 3509 ita
1019 3465 1074 3508 et
1102 3453 1195 3508 Dei
1232 3451 1471 3507 Verbum
1496 3465 1599 3506 esu
1625 3448 1761 3506 Cum
1792 3466 1923 3519 ergo
1959 3450 2062 3515 ait,
2094 3445 2163 3503 In

565 3548 826 3619 principio
866 3556 978 3601 erat
1030 3544 1297 3611 Verbum,
1346 3544 1620 3616 quomodo
1660 3543 1863 3599 Ariana
1916 3543 2162 3613 impietas

564 3643 719 3710 dicit,
744 3642 876 3698 Erat
900 3640 1117 3714 quando
1138 3656 1246 3696 non
1266 3638 1503 3696 eratlln
1528 3638 1807 3710 principio,
1834 3640 2027 3709 inquit,
2052 3643 2162 3691 erat

574 3733 832 3801 Verbum;
859 3749 967 3789 non
991 3732 1151 3802 dixit,
1179 3731 1237 3787 lu
1263 3729 1530 3803 principio
1561 3731 1759 3785 factum
1780 3738 1863 3782 est
1886 3726 2155 3780 Verbum:

565 3837 621 3884 et
650 3830 834 3898 utique
869 3827 1013 3898 quod
1046 3827 1096 3881 in
1134 3826 1403 3893 principio
1429 3830 1567 3882 erat,
1600 3832 1816 3886 semper
1845 3815 2013 3869 fuisse
2040 3829 2161 3871 cre-

563 3922 801 3978 dendum
828 3931 929 3975 est.
963 3920 1019 3975 Si
1041 3917 1218 3980 enim,
1246 3926 1305 3969 ut
1337 3922 1489 3983 putat
1520 3913 1807 3980 impietas,
1839 3909 2045 3964 factura
2076 3921 2161 3966 est

564 4012 709 4068 ﬁlius
736 4028 752 4079 ;
795 4011 913 4068 sine
936 4010 1101 4065 dubio
1142 4008 1423 4077 Scriptura
1450 4005 1631 4060 divina
1675 4004 1779 4059 hoc
1808 4002 1983 4074 ipsum
2015 4002 2159 4074 quod

563 4106 765 4161 factum
790 4112 875 4160 est
902 4101 1166 4174 principio
1195 4098 1546 4171 prodidisset,
1578 4112 1644 4153 ex
1670 4096 1764 4151 illa
1792 4095 1978 4166 utique
2006 4096 2161 4149 insti-

565 4198 794 4262 tutione,
826 4210 932 4267 qua
958 4206 1011 4249 et
1034 4192 1245 4264 Moyses
1262 4191 1474 4246 locutus
1495 4196 1579 4244 est
1598 4189 1619 4219 ⁸
1640 4186 1904 4243 dicendo:
1926 4184 1994 4240 In
2018 4186 2160 4255 prin-

563 4290 698 4362 cipio
720 4293 840 4361 fecit
862 4286 1004 4343 Deus
1029 4286 1213 4341 calum
1236 4293 1282 4341 et
1305 4294 1515 4338 terram.
1548 4282 1607 4339 Si
1632 4282 1779 4337 enim
1808 4290 1865 4337 et
1892 4282 2034 4336 lilius
2065 4280 2158 4336 Dei

563 4383 767 4440 factura
794 4391 973 4447 esset,
1002 4379 1230 4435 dixisset
1265 4375 1526 4441 Joannes,
1568 4374 1625 4429 ln
1656 4373 1926 4446 principio
1958 4373 2155 4428 factum

2267 3193 2517 3239 creatura
2546 3223 2560 3247 ,
2592 3182 2681 3253 qui
2712 3197 2929 3250 semper
2955 3180 3099 3236 Dens
3123 3220 3139 3245 ,
3166 3179 3278 3235 imo
3304 3191 3359 3235 et
3410 3195 3508 3251 per
3557 3195 3716 3251 quem
3747 3180 3867 3235 uui-

2265 3290 2423 3331 versa
2452 3283 2697 3330 creatura
2721 3274 2850 3329 est?
2878 3273 3136 3343 Sequitur
3162 3272 3331 3337 enim,
3359 3271 3549 3326 Omnia
3578 3288 3667 3339 per
3694 3271 3865 3339 ipsum

2266 3374 2407 3439 facta
2420 3379 2558 3423 sunt.
2575 3369 2859 3438 Quomodo
2878 3387 2896 3421 ‹
2908 3384 2975 3423 ex
3000 3368 3160 3421 nullis
3172 3365 3509 3421 exstantibus
3524 3362 3695 3415 lactus
3717 3371 3820 3425 est,
3835 3381 3856 3414 ι

2268 3477 2359 3533 per
2402 3477 2549 3531 quem
2590 3461 2762 3512 omnia
2817 3459 2958 3527 facta
3012 3456 3179 3509 sunt?
3228 3455 3283 3509 Si
3310 3456 3452 3509 enim
3480 3463 3533 3507 et
3556 3455 3669 3523 ipse
3690 3452 3863 3510 lat-tus

2265 3562 2371 3615 eet,
2400 3549 2671 3619 quomodo
2699 3564 2790 3617 per
2818 3547 2987 3617 ipsum
3017 3547 3192 3600 omnia
3219 3548 3356 3616 facta
3385 3545 3552 3599 sunt?
3578 3562 3685 3600 non
3712 3547 3863 3601 enim

2264 3658 2387 3697 cum
2412 3643 2597 3706 lieret,
2630 3649 2808 3709 pctest
2837 3637 2918 3693 sui
2948 3646 3137 3696 auctor
3164 3652 3288 3693 esse
3313 3678 3328 3703 ,
3362 3639 3452 3706 qni
3475 3654 3581 3692 non
3617 3636 3753 3694 fuit:
3784 3647 3865 3693 at-

2263 3748 2371 3804 que
2399 3733 2518 3786 ideo
2547 3731 2781 3787 inlectus
2810 3729 3117 3785 credendus
3148 3739 3255 3795 est,
3286 3744 3376 3799 per
3403 3746 3553 3799 quem
3581 3732 3753 3784 omnia
3781 3728 3865 3801 [a-

2264 3832 2345 3876 cta
2371 3832 2489 3876 sunt
2513 3836 2532 3886 ;
2563 3821 2685 3891 quia
2717 3836 2916 3875 vanum
2945 3829 3061 3882 est,
3088 3830 3144 3875 et
3173 3820 3472 3875 absurdum
3496 3861 3512 3885 ,
3545 3830 3605 3875 ut
3628 3831 3685 3876 et
3715 3821 3860 3892 ipse,

2263 3929 2384 3971 cum
2415 3928 2522 3967 non
2544 3922 2804 3978 exstaret,
2830 3911 3001 3968 lactus
3031 3928 3128 3983 per
3150 3928 3211 3968 se
3233 3927 3357 3969 esse
3386 3914 3619 3967 dicatur.

2330 4004 2421 4060 IV.
2464 4004 2725 4060 Similiter
2769 4013 2824 4060 et
2871 4004 3069 4059 Paulus
3110 4003 3274 4060 docet
3320 4004 3598 4061 Cbrismm
3645 4019 3862 4075 semper

2263 4096 2458 4166 luisse,
2492 4107 2547 4152 et
2580 4095 2751 4152 Deum
2770 4112 2894 4153 esse
2917 4138 2932 4163 ,
2960 4105 3017 4153 et
3043 4096 3307 4164 aequalem
3339 4096 3506 4151 Patri.
3539 4095 3693 4151 Tunc
3717 4097 3863 4151 enim

2266 4203 2393 4245 vere
2444 4189 2588 4245 Deus
2630 4198 2739 4257 est,
2792 4205 2913 4245 cum
2965 4190 3191 4259 aequalis
3233 4197 3317 4244 est
3361 4188 3543 4245 Patri:
3594 4191 3716 4260 quia
3762 4204 3863 4244 nec

2264 4284 2488 4353 aequalis
2516 4297 2638 4337 esse
2663 4284 2934 4338 diceretur
2978 4282 3023 4335 si
3054 4296 3162 4336 non
3190 4296 3316 4337 vere
3370 4282 3513 4337 Deus
3549 4282 3858 4337 haberetur.

2263 4376 2466 4448 lnjnria
2488 4388 2577 4439 est
2602 4377 2745 4434 enim
2770 4380 2883 4433 veri
2917 4377 3032 4445 Dei,
3065 4379 3109 4433 si
3138 4378 3189 4433 ei
3216 4394 3323 4433 non
3354 4377 3499 4434 Deus
3526 4394 3685 4434 verus
3714 4379 3863 4433 dica-

560 4489 646 4536 est
672 4477 923 4534 Verbum.
948 4473 1055 4531 Sed
1079 4471 1385 4543 prtevideus
1405 4470 1757 4539 evangelista,
1783 4468 1953 4538 magis
1978 4474 2156 4521 autem
2184 4481 2240 4542 Β
2264 4478 2350 4524 tur
2373 4470 2618 4541 aequalis.
2649 4469 2809 4525 Ponit
2838 4471 3019 4541 itaque
3061 4471 3113 4525 in
3144 4471 3382 4541 Epistola
3406 4487 3501 4527 sua
3524 4488 3537 4525 :
3585 4470 3699 4527 Hoc
3724 4473 3862 4526 enim

566 4570 802 4642 Spiritus
852 4574 1072 4623 sanctus
1123 4580 1220 4635 per
1259 4561 1671 4634 evangelistam,
1725 4558 1938 4614 futuros
1980 4559 2160 4628 itnpice

563 4666 762 4718 mentis
792 4661 1037 4716 homines
1061 4698 1077 4723 ,
1106 4656 1199 4727 qui
1224 4656 1470 4711 dicerent
1495 4653 1565 4708 de
1595 4652 1709 4707 lilio
1736 4692 1751 4717 ,
1782 4651 1914 4705 Erat
1941 4650 2159 4721 quando

566 4767 675 4809 non
702 4760 855 4819 erat,
884 4750 1008 4806 ideo
1035 4749 1113 4804 sic
1135 4746 1338 4817 carpit:
1387 4743 1457 4799 In
1488 4744 1743 4814 principio
1765 4754 1874 4797 erat
1912 4741 2155 4809 Verbum;

564 4842 697 4900 nihil
727 4843 871 4898 enim
910 4842 1004 4895 illo
1034 4838 1277 4895 anterius
1306 4844 1411 4903 est,
1439 4836 1530 4906 qui
1555 4834 1826 4890 invenitur
1855 4843 1980 4889 ante
2014 4837 2159 4905 prin-

563 4936 784 5007 cipium.
815 4933 1111 5004 Scriptura:
1133 4930 1333 4986 divinae
1358 4931 1429 4985 ob
1460 4932 1562 4983 hoc
1592 4928 1751 4984 edita:
1778 4939 1941 4994 sunt,
1988 4937 2046 4982 ut
2071 4943 2158 4983 se-

562 5030 798 5088 cundum
837 5027 1048 5082 illarum
1086 5040 1305 5081 sensum
1346 5032 1588 5079 nostram
1628 5022 1787 5077 [idem
1834 5022 2156 5093 dirigamus,

566 5141 672 5183 non
708 5134 765 5179 ut
804 5129 1017 5176 nostros
1044 5132 1237 5173 sensus
1261 5117 1475 5171 illarum
1516 5118 1687 5170 sacris
1716 5114 2049 5170 dictionibus
2079 5118 2159 5170 in-

564 5232 830 5275 seramus.
888 5211 1133 5277 Viderit,
1179 5210 1225 5264 si
1278 5218 1404 5264 sunt
1438 5208 1683 5275 quaedam
1721 5207 1989 5276 Capitula,
2040 5226 2159 5277 quae

565 5311 648 5364 sui
700 5307 1030 5364 obscuritate
1085 5302 1218 5359 dare
1274 5308 1528 5372 putantur
1577 5299 1917 5354 occasionem
1982 5300 2155 5356 ambi-

565 5401 821 5474 guitatis;
864 5409 1015 5458 certe
1070 5398 1124 5454 in
1164 5399 1269 5452 hoc
1310 5392 1545 5466 capitulo
1584 5390 1731 5448 nulla
1785 5392 2158 5465 ambiguitatis

638 5538 657 5571 ⁸
684 5536 773 5594 Al.
807 5534 1252 5594 Commutabilem.

635 5610 658 5642 ²
686 5606 976 5662 Prolatum.

637 5679 659 5712 ⁸
689 5678 804 5734 Etsi
822 5687 1022 5732 creatus
1045 5687 1138 5732 est.

2263 4561 2555 4615 existimate
2576 4562 2629 4614 in
2658 4561 2799 4616 vobis
2823 4601 2839 4626 ,
2871 4561 3007 4625 quod
3032 4563 3085 4615 in
3112 4560 3317 4617 Christo
3341 4561 3373 4615 J
3382 4579 3473 4617 esu
3498 4580 3512 4616 :
3546 4565 3631 4632 qui
3662 4580 3778 4619 cum
3805 4566 3861 4618 in

2262 4657 2435 4724 forma
2464 4653 2561 4707 Dei
2585 4663 2715 4708 esset
2748 4653 3156 4725 (constitutus),
3190 4671 3293 4708 non
3317 4656 3555 4725 rapinam
3579 4657 3861 4711 arbitratus

2261 4754 2356 4811 est,
2387 4761 2496 4800 esse
2520 4744 2771 4813 wqualem
2800 4743 2933 4811 Deo,
2962 4746 3054 4800 sed
3080 4749 3410 4817 semetipsum
3440 4749 3724 4803 exinauiuit
3752 4752 3863 4819 [or-

2262 4853 2397 4892 mam
2454 4838 2581 4891 servi
2609 4839 2865 4909 accipiens
2897 4836 3125 4909 (Philip.
3155 4853 3216 4905 tt,
3241 4838 3385 4910 5-7).
3432 4841 3486 4897 Si
3531 4857 3660 4897 vero
3698 4840 3863 4897 homo

2262 4939 2346 4987 est
2366 4929 2635 4995 Christus,
2661 4944 2785 4985 cum
2812 4930 3035 5001 formam
3062 4932 3195 4986 serui
3217 4933 3406 5003 accipit
3431 4951 3450 5000 ;
3490 4949 3617 4989 vero
3644 4948 3861 5003 quoque

2267 5026 2405 5081 Deus
2436 5036 2559 5091 est,
2606 5041 2729 5080 cum
2768 5027 2821 5079 in
2864 5028 3035 5096 [arma
3073 5022 3174 5078 Dei
3212 5039 3336 5081 eSse
3374 5025 3724 5096 perhibetur:
3759 5039 3863 5080 nec

2265 5118 2371 5173 alia
2398 5120 2605 5172 ratione
2628 5117 2890 5189 azqualem
2916 5117 3163 5185 diceret,
3199 5117 3303 5172 nisi
3332 5118 3385 5173 in
3408 5118 3583 5173 forma
3613 5117 3706 5173 Dei
3737 5132 3860 5173 esse

2265 5228 2455 5269 verum
2481 5214 2647 5269 Deum
2686 5214 2948 5270 voluisset
2984 5215 3232 5287 intelligi.
3285 5214 3353 5269 Et
3390 5214 3482 5284 qui
3526 5228 3688 5269 verus
3719 5213 3861 5268 Deus

2263 5314 2370 5373 est,
2401 5309 2586 5378 utique
2611 5322 2827 5379 semper
2848 5320 2933 5365 εει
2952 5327 2973 5364 :
3004 5318 3061 5365 et
3086 5308 3179 5381 qni
3208 5322 3425 5377 semper
3452 5318 3539 5363 est
3563 5308 3721 5373 Deus,
3750 5322 3857 5361 non

2264 5407 2445 5471 potest
2473 5398 2581 5456 dici
2608 5400 2676 5458 de
2706 5415 2795 5469 eo,
2830 5401 2959 5459 Erat
2987 5399 3206 5473 quando
3236 5414 3345 5456 non
3372 5408 3509 5458 erat.
3539 5398 3653 5457 Sed
3678 5408 3735 5455 et
3764 5412 3860 5471 per

2326 5536 2348 5566 δ
2375 5537 2752 5607 Deprecamur.

2325 5608 2347 5638 ⁸
2378 5608 2715 5679 Scripsimus.

2327 5679 2348 5709 °
2379 5680 2685 5736 Scribendo.
