4150 6176
286 253 354 309 41
1704 245 1789 301 DE
1831 244 2219 301 TlllNITATE.
3538 257 3607 312 ιε

292 375 467 443 ipsum
516 374 702 429 omnia
759 368 899 425 facta
944 369 1017 422 ait
1061 366 1339 432 apostolus
1380 367 1576 421 Paulus
1618 368 1895 423 scribens:
1926 371 1977 429 Α
2006 366 2196 420 horum
2241 367 2530 423 verborum
2557 408 2571 434 ,
2618 369 2667 423 id
2699 379 2783 425 est
2816 374 3092 441 faciamus,
3124 381 3178 429 et
3214 385 3475 438 nostram,
3513 392 3605 446 pa-

297 468 434 533 Quia
461 468 518 521 in
547 467 664 537 ipso
689 472 858 519 creata
887 470 1010 516 sunt
1033 462 1231 525 omnia,
1256 460 1361 514 sive
1381 477 1495 526 qua?
1524 461 1579 513 in
1605 460 1769 526 (telis,
1794 462 1899 515 sive

293 579 413 632 quin
451 563 507 615 in
545 571 700 625 terra,
731 558 951 613 visibilia
991 566 1037 611 et
1068 554 1364 620 invisibilia,
1417 556 1519 609 sive
1559 556 1751 620 throni,
1797 558 1899 610 sive

300 655 699 719 dominationes,
731 652 839 706 sive
868 650 1216 721 principatus,
1251 648 1357 702 sive
1385 658 1657 719 potestates
1682 666 1699 715 ;
1725 648 1898 701 omnia

308 763 401 814 per
423 748 583 813 ipsum
614 754 661 798 et
686 746 739 797 in
766 744 882 812 ipso
903 750 1075 796 creata
1100 750 1255 805 sunt,
1284 749 1330 795 et
1361 741 1472 808 ipse
1493 749 1565 795 est
1586 750 1705 793 ante
1725 755 1900 793 omnes

310 838 519 909 (Co/oss.
554 854 591 904 ι,
628 835 713 901 l6,
747 833 858 906 l7).
915 835 1055 904 Ergo
1086 833 1202 902 ipse
1233 848 1450 901 semper
1471 841 1577 898 est,
1611 847 1709 901 per
1736 848 1895 902 quem

308 941 361 985 et
386 931 433 983 in
459 944 562 999 quo
579 929 760 982 omnia
779 925 920 981 facta
938 934 1083 980 sunt.
1115 925 1222 981 Sed
1240 935 1292 979 ct
1312 924 1660 995 Hymnidicus
1678 935 1901 979 cantans

302 1022 408 1077 ait:
455 1020 643 1075 Omnia
668 1021 723 1073 in
742 1019 999 1085 sapientia
1020 1018 1184 1087 fecisti
1208 1015 1377 1087 (Psal.
1398 1033 1511 1083 cut,
1534 1017 1646 1087 24).
1672 1016 1788 1070 Non
1816 1025 1898 1070 ta-

301 1132 424 1170 men
479 1114 651 1185 ipsam
686 1112 823 1167 dixit
871 1111 1064 1166 factam
1113 1125 1236 1164 esse
1286 1109 1646 1179 sapientiam:
1678 1109 1800 1179 quia
1849 1116 1903 1163 et

303 1209 600 1280 Apostolus
628 1223 753 1262 cum
785 1204 944 1271 dicit,
978 1214 1024 1258 et
1064 1204 1172 1273 ipse
1214 1212 1287 1257 est
1315 1212 1434 1255 ante
1462 1219 1634 1255 omnes
1659 1243 1672 1267 ,
1703 1202 1899 1255 factum

303 1305 544 1375 negavit.
581 1303 641 1359 Si
665 1301 805 1358 enim
836 1317 960 1356 eum
985 1300 1073 1371 qui
1102 1315 1206 1355 non
1233 1309 1372 1364 erat,
1406 1298 1602 1353 factum
1630 1297 1781 1354 credi
1804 1314 1900 1351 vo-

302 1398 521 1463 luisset,
551 1398 621 1451 ita
646 1395 933 1467 posuisset,
956 1405 1005 1448 et
1031 1394 1141 1463 ipse
1163 1392 1330 1457 factus
1355 1403 1427 1446 est
1457 1401 1575 1445 ante
1602 1408 1776 1445 omnes
1803 1408 1821 1443 :
1850 1399 1905 1443 at

307 1506 436 1545 cum
466 1490 599 1545 dicit
635 1499 683 1544 et
718 1489 827 1560 ipse
854 1496 929 1542 est
958 1497 1076 1541 ante
1100 1502 1305 1552 anmes,
1336 1485 1592 1539 omnibus
1618 1484 1769 1539 dedit
1798 1484 1906 1537 ini-

308 1583 463 1648 tium,
514 1596 744 1653 quorum
791 1578 1058 1645 anterior,
1108 1579 1275 1633 immo
1310 1587 1365 1633 et
1408 1577 1583 1632 factor
1627 1584 1750 1631 est:
1789 1576 1907 1644 ipso

306 1691 435 1730 vero
463 1675 581 1730 sine
614 1673 769 1729 initio
793 1682 901 1739 est,
938 1673 1030 1743 qui
1060 1682 1184 1726 ante
1216 1686 1407 1726 omnes
1439 1686 1547 1725 non
1580 1671 1777 1735 factus,
1808 1667 1906 1724 sed

304 1784 427 1824 esse
448 1777 802 1823 memoratur.
832 1766 965 1821 Item
990 1766 1318 1836 Apostolus:
1348 1764 1517 1830 Unus,
1542 1766 1736 1836 inquit,
1767 1766 1906 1819 Deus

305 1873 478 1932 pater,
506 1848 571 1915 ea:
597 1877 697 1930 quo
730 1860 921 1925 omnia,
954 1868 1003 1913 et
1031 1875 1122 1912 nos
1155 1862 1205 1912 in
1237 1859 1383 1929 ipso:
1413 1867 1458 1912 et
1495 1874 1627 1911 unus
1655 1858 1905 1911 Dominus

305 1968 482 2011 noster
530 1955 684 2010 Jesus
730 1953 988 2017 Christus,
1035 1970 1126 2023 per
1167 1969 1318 2022 quem
1358 1953 1551 2015 omnia,
1601 1962 1645 2004 et
1692 1968 1782 2005 nos
1818 1968 1907 2022 per

304 2049 483 2119 ipsum
525 2046 581 2117 (I
609 2046 731 2101 Cor.
762 2062 879 2113 vtu,
912 2044 967 2115 6)
994 2064 1007 2100 :
1058 2054 1112 2100 et
1156 2046 1275 2099 heic
1322 2059 1442 2099 cum
1475 2043 1605 2097 dicit
1634 2059 1723 2112 per
1752 2042 1904 2096 Chri-

305 2152 455 2198 stum
478 2158 585 2197 esse
614 2142 804 2207 omnia,
832 2139 1176 2210 apertissime
1205 2137 1465 2192 factorem
1496 2134 1755 2191 discrevit
1779 2151 1806 2187 a
1830 2132 1909 2187 fa-

307 2238 447 2301 ctis,
494 2250 593 2290 nec
617 2248 778 2304 posse
826 2230 1061 2303 intelligi
1093 2239 1345 2286 naturam
1378 2229 1603 2284 facturae
1630 2229 1682 2283 in
1716 2243 1781 2283 co
1816 2227 1905 2297 qui

308 2328 434 2383 fecit
474 2328 678 2383 omnia.

382 2423 449 2477 ν.
492 2422 598 2478 Sed
639 2422 921 2476 videamus
958 2420 1004 2476 si
1050 2428 1105 2475 et
1141 2418 1353 2492 Moyses
1392 2417 1493 2473 hoc
1526 2416 1666 2473 idem
1706 2414 1909 2480 docuit,

308 2516 457 2587 quod
490 2516 719 2586 apostoli
761 2513 1241 2579 annuntiaverunt,
1280 2511 1333 2566 id
1360 2519 1466 2577 est,
1493 2510 1677 2566 omnia
1703 2525 1772 2565 ex
1800 2508 1912 2561 Deo

308 2610 455 2665 faeta
501 2624 622 2664 esse
670 2623 767 2678 per
802 2607 994 2663 ﬁlium.
1037 2605 1182 2660 Inter
1221 2614 1441 2669 canora,
1488 2617 1609 2657 cum
1655 2599 1910 2655 fabricam

309 2701 706 2766 mundirefert,
728 2701 833 2755 ait:
869 2698 937 2754 Et
961 2699 1092 2754 dixit
1126 2699 1282 2765 Deus,
1309 2695 1433 2751 Fiat
1454 2699 1836 2768 ﬁrmamentum
1860 2696 1914 2749 in

310 2795 487 2849 medio
514 2810 678 2863 aquw,
711 2802 755 2848 et
786 2794 851 2847 sit
883 2792 1118 2847 dividens
1148 2792 1280 2845 inter
1314 2806 1501 2859 aquam
1532 2799 1579 2844 et
1608 2805 1793 2857 aquam
1818 2805 1835 2842 :
1865 2794 1915 2840 et

314 2890 514 2961 factum
556 2897 627 2942 est
657 2888 749 2942 sic.
786 2886 858 2943 Et
884 2886 1003 2958 fecit
1040 2885 1177 2940 Deus
1202 2887 1611 2955 ﬁrmamentum,
1654 2895 1701 2939 et
1743 2882 1916 2937 divisit

313 2978 462 3035 Deus
492 2996 582 3050 per
621 2980 844 3033 medium
886 2994 1034 3049 aqua:
1073 2977 1229 3050 (Gen.
1260 2977 1319 3043 I,
1353 2976 1428 3047 6).
1477 2977 1614 3032 Cum
1646 2976 1799 3039 dicit,
1847 2974 1917 3029 Et

314 3075 451 3128 dixit
485 3072 643 3140 Deus,
666 3072 788 3128 Fiat
813 3076 1195 3145 ﬁrmamentum
1218 3114 1233 3139 ,
1263 3071 1315 3127 iu
1373 3072 1589 3127 dicente
1633 3072 1801 3142 patris
1832 3070 1918 3124 in-

2004 459 2099 512 tris
2128 468 2183 515 et
2208 460 2298 513 ﬁlii
2331 475 2593 530 personas
2618 462 2907 532 significat.
2939 464 3090 531 Quod
3114 476 3292 521 autem
3318 469 3603 538 singulari-

2004 559 2086 605 ter
2116 552 2391 622 imaginem
2420 552 2582 621 dicit,
2619 570 2721 608 una
2749 555 2922 610 deitas
2946 599 2959 622 ,
2995 574 3095 610 una
3121 559 3289 614 virtus
3322 562 3600 633 utriusque

2004 658 2249 713 persona:
2270 645 2667 701 manifestatur.
2701 648 2756 701 Si
2786 658 3031 703 creatura
3061 660 3143 705 est
3173 650 3439 717 Christus,
3469 670 3602 724 quo-

2004 739 2165 791 modo
2186 738 2235 791 in
2257 754 2418 805 Opera
2447 740 2557 795 Deo
2581 756 2808 795 consors
2826 742 3149 799 adhibetur?
3170 746 3235 799 ad
3261 746 3432 814 ipsum
3457 749 3599 802 enim

2003 828 2226 897 dicitur,
2278 831 2551 901 faciamus.
2583 833 2637 889 Si
2669 851 2771 887 non
2806 844 2889 889 est
2917 852 3075 891 verus
3122 837 3265 891 ﬁlius
3286 880 3300 904 ,
3328 839 3602 909 quomodo

2005 935 2108 976 una
2138 922 2215 976 illi
2246 938 2367 977 eum
2413 934 2564 993 patre
2614 926 2789 998 imago
2817 929 2932 983 est?
2970 927 3265 998 Adnptit‘tts
3306 930 3447 985 ﬁlius
3492 947 3598 983 non

2006 1016 2166 1072 habet
2216 1018 2506 1088 imaginem
2535 1021 2844 1091 adoptantis
2876 1042 2887 1075 :
2933 1034 3107 1093 potest
3140 1026 3353 1093 quidem
3404 1027 3604 1083 habere

1994 1109 2427 1166 muniﬁcentiam
2455 1154 2468 1175 ,
2520 1129 2624 1167 non
2675 1124 2854 1170 autem
2898 1124 3076 1185 potest
3120 1120 3366 1188 imaginis
3403 1121 3604 1176 habere

2006 1212 2274 1259 naturam.
2312 1206 2435 1260 Scio
2465 1207 2682 1276 quidem
2714 1225 2835 1264 esse
2866 1210 3229 1267 discretiones
3271 1216 3559 1286 imaginum
3590 1258 3605 1281 ,

2007 1313 2140 1366 quas
2169 1315 2308 1353 nunc
2341 1304 2561 1371 exsequi
2599 1303 2815 1374 longum
2846 1317 2957 1371 est,
2991 1316 3041 1360 et
3072 1324 3177 1362 non
3211 1317 3601 1367 necessarium.

2009 1392 2115 1449 Sed
2145 1395 2285 1463 quod
2320 1394 2446 1451 facit
2477 1397 2541 1451 ad
2566 1413 2810 1465 causam,
2870 1401 3115 1469 vindico,
3142 1404 3327 1460 dicens
3363 1426 3375 1461 :
3409 1407 3522 1463 Iloc
3551 1409 3605 1463 in

2010 1485 2128 1540 loco
2160 1487 2305 1540 nulla
2356 1488 2614 1543 discretio
2644 1501 2727 1544 est
2762 1492 3012 1562 imaginis
3038 1540 3050 1557 ,
3086 1495 3174 1549 ubi
3218 1502 3383 1564 patris
3410 1508 3464 1554 et
3512 1500 3608 1555 ﬁlii

2009 1592 2111 1630 una
2146 1577 2320 1648 imago
2350 1580 2688 1648 perhibetur.
2714 1582 2829 1637 Non
2857 1587 3001 1639 enim
3029 1586 3196 1654 dixit,
3228 1590 3513 1647 Faciamus
3538 1593 3605 1647 ad

2010 1667 2271 1738 imagines
2312 1680 2557 1738 nostras,
2590 1674 2706 1736 sed,
2749 1676 2817 1727 ad
2849 1677 3124 1749 imaginem
3151 1693 3402 1737 nostram.
3451 1685 3516 1740 Et
3540 1702 3610 1742 ne

1936 1789 1984 1848 B
2013 1764 2149 1819 forte
2186 1766 2397 1834 stupida
2445 1776 2657 1833 mente,
2700 1784 2733 1821 ο
2774 1774 3018 1841 quisquis
3062 1776 3151 1830 ille
3194 1794 3252 1831 es
3286 1778 3609 1849 haereticus,

2012 1871 2302 1927 usurpares
2328 1859 2493 1912 etiam
2536 1860 2604 1915 de
2640 1877 2745 1915 una
2777 1879 3004 1931 persooa
3040 1865 3143 1919 dici
3178 1873 3418 1937 potuisse
3449 1874 3616 1942 facia-

2010 1965 2162 2015 mus,
2218 1961 2277 2004 ut
2325 1950 2535 2006 scilicet
2580 1954 2719 2022 apud
2776 1970 2834 2009 se
2890 1958 3178 2026 cogitantis
3242 1961 3458 2015 affectio
3503 1965 3612 2027 sit,

2012 2057 2117 2095 non
2157 2042 2459 2113 designatio
2510 2061 2904 2115 personarum;
2964 2051 3344 2121 subsequitur,
3393 2066 3441 2108 et
3496 2059 3617 2128 fecit

2010 2131 2151 2188 Deus
2181 2135 2477 2203 hominem,
2524 2139 2593 2191 ad
2631 2140 2908 2210 imaginem
2956 2142 3049 2195 Dei
3095 2144 3213 2213 fecit
3267 2163 3381 2200 eum
3436 2147 3609 2218 (Ibid.

2008 2226 2138 2298 27).
2187 2228 2317 2296 Quae
2358 2245 2543 2285 coram
2591 2233 2644 2287 in
2692 2234 2809 2288 lucc
2863 2236 3035 2304 posita
3081 2249 3227 2305 sunt,
3265 2242 3308 2294 si
3337 2242 3457 2311 quis
3507 2259 3613 2296 non

2012 2322 2189 2388 videt,
2258 2340 2437 2381 crecus
2481 2336 2565 2381 est
2608 2346 2640 2396 λ
2678 2327 2847 2394 Deus,
2898 2331 3107 2401 inquit,
3168 2335 3286 2402 fecit
3314 2377 3327 2402 ,
3361 2336 3430 2388 ad
3484 2338 3616 2389 ima-

2012 2418 2181 2488 ginem
2211 2418 2305 2472 Dei
2347 2421 2488 2486 fecit.
2530 2420 2720 2475 Nonne
2751 2425 3151 2493 apertissimum
3181 2436 3265 2482 est
3289 2469 3303 2493 ,
3335 2430 3475 2498 quod
3504 2430 3615 2499 jam

2016 2517 2144 2564 tunc
2168 2510 2404 2579 Spiritus
2445 2523 2663 2569 sanctus
2708 2531 2808 2585 per
2838 2516 3057 2587 Moysen
3098 2521 3407 2591 evangelica
3438 2538 3618 2577 saera-

2017 2610 2196 2655 menta
2224 2603 2490 2658 tractabat
2523 2605 2739 2672 dicens,
2777 2606 2941 2660 Deum
2974 2619 3019 2664 et
3052 2609 3253 2676 Deum,
3299 2629 3403 2665 non
3437 2623 3613 2669 tamen

2017 2692 2153 2748 duos
2186 2695 2352 2760 deos,
2389 2697 2515 2766 quia
2542 2713 2645 2753 una
2673 2700 2851 2769 imago
2879 2712 2958 2754 est
2988 2703 3158 2771 patris
3187 2713 3241 2757 et
3283 2703 3417 2758 filii?
3448 2705 3544 2772 Et,
3589 2721 3620 2759 ο

2016 2802 2177 2856 quam
2211 2799 2499 2858 prospecte
2531 2793 2711 2845 omnia
2744 2793 2887 2846 edita
2933 2796 3087 2848 sunt!
3140 2793 3310 2850 Deum
3357 2808 3402 2850 et
3449 2796 3617 2851 Deum

2019 2896 2175 2937 sacra
2199 2883 2481 2954 Scriptura
2513 2889 2864 2955 pronuntiat,
2898 2899 2954 2943 ut
2979 2890 3275 2949 Sabellium
3304 2892 3618 2947 excluderet

2020 2973 2399 3031 defendentem
2434 2980 2600 3045 patris
2630 2990 2684 3033 et
2723 2982 2816 3035 ﬁlii
2848 2998 3006 3036 unam
3040 3000 3161 3039 esse
3195 3001 3478 3053 personam
3516 3005 3528 3040 :
3563 2997 3622 3041 et

2022 3082 2090 3122 ne
2120 3066 2256 3122 duos
2294 3068 2428 3124 deos
2477 3072 2883 3141 introduceret,
2921 3077 3061 3132 inter
3090 3078 3251 3132 verba
3285 3079 3482 3148 quibus
3509 3081 3624 3150 plu-

316 3169 617 3240 ιειιῑεοηάε
661 3184 895 3240 persona
936 3178 1056 3226 est;
1101 3185 1224 3225 cum
1265 3176 1442 3223 autem
1486 3168 1639 3234 dicit,
1682 3166 1751 3221 Et
1797 3168 1918 3239 fecit
1947 3183 1992 3247 ρ
2024 3160 2152 3216 ralis
2197 3162 2522 3232 signiﬁcatio
2555 3182 2909 3235 personarum
2956 3179 3071 3234 est,
3123 3187 3282 3224 unam
3331 3172 3618 3241 imaginem

316 3261 487 3331 Deus,
520 3265 570 3319 in
603 3264 833 3321 faciente
875 3264 969 3318 ﬁlii
990 3263 1339 3334 intelligenda
1365 3277 1591 3333 persona
1623 3270 1727 3317 est.
1783 3261 1917 3315 Nam

316 3358 365 3412 si
400 3371 506 3411 non
538 3366 693 3427 putas
722 3358 794 3413 ita
826 3356 1239 3428 intelligendum
1261 3398 1274 3418 ,
1306 3355 1606 3425 apostolica
1641 3353 1917 3423 periclita-

318 3450 469 3505 bitur
498 3453 749 3521 assertio,
776 3451 1003 3507 dicens:
1043 3450 1188 3505 Unus
1224 3449 1364 3504 Deus
1398 3458 1648 3518 pater,ex
1680 3462 1781 3517 quo
1812 3461 1922 3499 om-

318 3544 411 3597 nia
465 3554 513 3599 et
559 3561 651 3599 uos
690 3545 743 3598 in
782 3546 942 3615 ipso:
995 3553 1044 3598 et
1092 3560 1223 3598 unus
1263 3542 1516 3596 Dominus
1550 3549 1719 3594 noster
1768 3537 1921 3593 Jesus

323 3638 585 3703 Christus,
610 3655 700 3712 per
722 3656 870 3708 quem
892 3640 1065 3694 omnia
1099 3648 1148 3694 et
1170 3654 1261 3692 nos
1282 3653 1371 3710 per
1394 3638 1597 3707 ipsum:
1627 3634 1730 3689 nisi
1776 3632 1921 3688 enim

324 3740 497 3787 totam
538 3732 796 3787 fabricam
828 3734 1013 3788 mundi
1045 3747 1144 3803 per
1175 3733 1340 3785 ﬁlium
1376 3729 1574 3786 factam
1601 3744 1722 3784 esse
1747 3727 1926 3782 credi-

326 3824 500 3892 deris,
548 3824 716 3879 immo
760 3834 813 3880 et
857 3825 1039 3880 omnia
1084 3822 1374 3877 invisibilia
1420 3822 1534 3877 sive
1575 3828 1630 3876 et
1668 3819 1923 3884 visibilia,

326 3918 784 3989 quemadmodum
820 3918 874 3973 in
916 3919 1075 3973 ﬁdem
1121 3917 1321 3986 recipis
1350 3930 1538 3971 vocem
1571 3914 1818 3989 Apostoli
1847 3912 1929 3967 di-

326 4011 533 4064 contis:
573 4008 719 4065 Unus
742 4008 996 4063 Dominus
1023 4018 1193 4063 noster
1212 4006 1365 4062 Jesus
1391 4007 1644 4071 Christus,
1674 4022 1763 4077 per
1779 4021 1929 4077 quem

329 4104 531 4170 omnia,
558 4112 613 4158 et
642 4101 769 4157 illud
796 4118 1010 4173 quoque
1033 4100 1175 4172 quod
1207 4115 1366 4170 supra
1394 4100 1696 4164 retulimus,
1729 4098 1850 4168 quia
1878 4098 1932 4149 in

332 4197 451 4268 ipso
478 4207 648 4251 creata
668 4206 783 4250 sunt
808 4196 1001 4260 omnia,
1028 4209 1129 4250 nec
1157 4209 1264 4247 non
1284 4202 1338 4248 et
1370 4192 1524 4260 illud,
1559 4190 1747 4245 Omnia
1769 4191 1824 4243 in
1847 4205 1932 4243 sa-

334 4291 534 4363 pientia
574 4289 774 4361 fecisti?
808 4288 913 4344 Sed
955 4287 1138 4344 ethoc
1168 4286 1408 4342 Joannes
1450 4293 1767 4355 prosecutus
1807 4291 1927 4337 est:

337 4384 535 4439 Omnia
564 4400 651 4452 per
672 4386 840 4453 ipsum
881 4384 1019 4450 facta
1047 4393 1162 4436 sunt
1187 4397 1206 4435 :
1229 4379 1501 4451 quomodo
1528 4378 1730 4444 omnia,
1762 4377 1806 4432 si
1834 4391 1933 4431 nc-

332 4494 436 4549 gas
464 4477 534 4531 de
574 4475 685 4530 ﬁlio
722 4476 812 4531 Dei
842 4474 1076 4539 dictum,
1102 4485 1149 4528 et
1190 4474 1308 4544 fecit
1343 4472 1479 4527 Deus
1511 4472 1930 4541 firmamentum:

2026 3252 2274 3308 inseruit.
2302 3254 2412 3309 Hoc
2444 3256 2512 3310 ita
2544 3272 2665 3312 esse
2698 3259 2969 3327 invenies,
2997 3262 3280 3316 intendens
3312 3263 3621 3316 testimonio

2023 3343 2245 3409 dicenti,
2291 3345 2570 3402 Faciamus
2622 3351 2880 3413 hominem
2928 3354 2998 3406 ad
3046 3354 3319 3423 imaginem
3370 3366 3616 3408 nostram.

2024 3438 2162 3504 Quid
2198 3440 2374 3509 ‘agis,
2400 3442 2651 3510 impietas
2689 3444 2923 3500 Ariana?
2972 3447 3030 3501 Si
3070 3457 3323 3502 creatura
3363 3450 3615 3504 Christus

2026 3540 2112 3586 est
2134 3572 2150 3597 ,
2181 3534 2455 3601 quomodo
2488 3544 2756 3592 creaturae
2783 3548 2837 3594 et
2863 3541 3098 3595 creatori
3135 3557 3237 3594 una
3264 3542 3441 3613 imago
3469 3543 3595 3597 est?

2100 3625 2211 3679 VII.
2255 3628 2273 3656 ²
2303 3626 2407 3682 Sed
2456 3643 2525 3683 ne
2556 3629 2751 3684 iterum
2781 3634 2942 3686 Arius
2982 3634 3083 3688 sub
3115 3634 3401 3689 occasione
3434 3653 3625 3706 perso-

2028 3734 2217 3776 narum
2242 3762 2255 3785 ,
2282 3721 2628 3777 diversitates
2652 3723 2933 3780 induceret
2963 3737 3306 3793 naturarum,
3337 3729 3625 3784 diversitas
3706 3740 3709 3741 '

2030 3824 2237 3869 natura:
2284 3831 2392 3869 non
2443 3815 2679 3871 admittit
2729 3819 2888 3873 unius
2930 3818 3121 3875 forma:
3166 3824 3627 3879 communionem.

2032 3906 2213 3961 Multa:
2251 3918 2374 3962 sunt
2406 3924 2567 3962 voces
2599 3909 2651 3963 in
2698 3909 2851 3966 libris
2897 3912 3105 3983 Moysi,
3136 3913 3333 3983 quibus
3381 3914 3631 3986 redargui

2034 4003 2243 4072 possint
2273 4002 2421 4074 impii
2466 4003 2517 4057 in
2560 4003 2729 4057 ﬁlium
2759 4047 2773 4070 ,
2804 4007 2968 4060 immo
3002 4016 3053 4061 et
3092 4008 3143 4061 in
3191 4019 3398 4078 patrem
3448 4029 3460 4063 :
3508 4026 3631 4063 nam

2033 4095 2305 4165 quomodo
2329 4110 2436 4150 non
2465 4103 2519 4150 ct
2549 4095 2600 4149 in
2630 4106 2835 4165 patrem
2872 4096 2986 4150 haec
3016 4098 3183 4151 tendit
3218 4098 3490 4167 impietas,
3515 4117 3635 4170 qua:

2036 4189 2263 4259 profano
2290 4189 2484 4258 spiritu
2514 4202 2798 4245 exercetur
2830 4190 2850 4221 ³
2884 4191 2935 4244 in
2966 4190 3134 4245 ﬁlium
3154 4232 3168 4256 ,
3199 4207 3325 4246 cum
3355 4193 3488 4261 patri
3522 4195 3637 4247 adi-

2039 4292 2193 4337 munt
2242 4284 2385 4354 quod
2440 4299 2566 4337 vere
2606 4284 2776 4353 patris
2805 4293 2921 4350 est,
2965 4284 3273 4340 auferentes
3318 4287 3431 4341 ﬁlio
3493 4288 3637 4357 quod

2039 4392 2170 4433 vere
2209 4377 2305 4431 ﬁlii
2334 4386 2417 4432 est
2466 4394 2478 4429 :
2527 4378 2802 4448 quomodo
2841 4380 2982 4433 enim
3028 4388 3179 4449 pater
3228 4390 3312 4435 est
3341 4396 3506 4448 vere,
3549 4382 3638 4452 qui

2042 4472 2337 4527 secundum
2371 4472 2518 4541 ipsos
2548 4488 2655 4526 non
2684 4472 2904 4542 genuit?
2931 4476 3204 4543 quomodo
3234 4476 3485 4533 Christus
3513 4494 3640 4532 vere

334 4570 413 4624 Et
459 4570 628 4624 divisit
668 4568 806 4623 Deus
842 4586 932 4638 per
968 4568 1187 4622 medium
1225 4566 1410 4636 aqum?
1450 4565 1590 4635 Ergo
1629 4571 1685 4618 et
1722 4562 1933 4632 Moyses
1963 4582 2017 4642 Ι)
2044 4566 2185 4622 ﬁlius
2210 4574 2321 4628 est,
2347 4582 2507 4637 quem
2528 4574 2724 4636 negant
2746 4582 2872 4622 vere
2892 4566 2959 4622 de
2984 4570 3101 4637 ipso
3124 4571 3481 4639 generatum?
3509 4571 3638 4635 Sed,

336 4666 606 4721 factorem
636 4664 842 4720 inducit
872 4663 1060 4731 ﬁlium,
1091 4678 1200 4719 non
1227 4661 1446 4716 factum.
1478 4659 1536 4715 Si
1564 4658 1708 4713 enim
1738 4657 1936 4711 factum

336 4769 535 4816 sancto
557 4759 756 4829 Spiritu
789 4760 1063 4815 revelante
1094 4756 1395 4821 didicisset,
1425 4745 1568 4809 inter
1595 4762 1793 4808 caetera
1818 4765 1939 4822 qua:

336 4854 485 4910 faeta
519 4853 896 4921 describebat,
941 4854 1118 4925 ipsum
1149 4865 1361 4923 quoque
1394 4850 1543 4920 prius
1577 4848 1776 4903 factum
1820 4861 1941 4902 esse

337 4958 723 5005 memorasset.

417 5040 506 5097 Vl.
548 5039 657 5096 Sed
699 5040 1001 5096 absolutius
1041 5039 1266 5096 inferius
1299 5038 1643 5109 prosequitur
1673 5078 1682 5099 ,
1714 5034 1803 5090 ubi
1830 5033 1942 5104 jam

343 5133 593 5189 fabricati
625 5134 813 5191 mundi
844 5135 1017 5189 incola
1049 5132 1323 5189 faciendus
1346 5142 1429 5188 est
1462 5148 1479 5187 :
1507 5130 1576 5185 Et
1605 5129 1733 5183 dixit
1767 5127 1905 5182 Deus
1927 5168 1942 5193 ,

342 5228 631 5286 Faciamus
680 5228 944 5284 hominem
998 5228 1066 5282 ad
1118 5229 1393 5301 imaginem
1455 5236 1503 5283 et
1554 5223 1949 5281 similitudinem

344 5333 579 5378 nostram
606 5322 775 5395 (Gen.
808 5338 862 5388 ι,
891 5322 962 5376 26
988 5321 1027 5385 ).
1073 5320 1188 5375 Non
1219 5333 1301 5376 est
1339 5320 1483 5377 enim
1516 5320 1677 5373 unius
1705 5330 1951 5386 personae

342 5417 567 5487 dicere,
611 5416 868 5488 faciamus
909 5416 976 5469 ad
1020 5414 1295 5485 imaginem
1324 5424 1374 5468 et
1419 5410 1815 5467 similitudinem
1859 5424 1953 5462 no-

340 5520 510 5567 stram
536 5554 551 5577 ,
581 5509 678 5567 sed
726 5523 903 5581 neque
945 5509 1179 5566 diversae
1207 5507 1447 5565 deitatis.
1490 5505 1623 5561 Nam
1667 5503 1954 5575 pluralitas

428 5653 443 5683 ¹
486 5650 654 5707 Forte
673 5693 687 5717 ,
717 5653 817 5708 ais.

425 5726 445 5754 ²
488 5723 621 5778 Haec

348 5794 411 5854 in
440 5796 564 5853 loco
588 5794 901 5852 Personam.

768 5891 1049 5954 Parnon.
1100 5885 1275 5950 XIII.

649 5715 904 5793 periodus
927 5720 1180 5795 superius
1206 5721 1259 5776 in
1289 5717 1549 5777 Faustino
1585 5715 1818 5775 collocat
1855 5716 1958 5773 hoc

2046 4670 2104 4716 ut
2145 4660 2294 4726 dixi,
2339 4660 2521 4714 multa:
2565 4669 2694 4714 sunt
2722 4675 2886 4715 voces
2919 4661 2970 4715 in
3016 4661 3169 4715 libris
3199 4664 3405 4734 Moysi,
3448 4664 3644 4734 quibus

2045 4755 2291 4826 redargui
2320 4753 2438 4809 bzrc
2462 4769 2649 4809 eorum
2693 4755 2861 4824 possit
2892 4755 3143 4825 impietas
3178 4773 3191 4811 :
3234 4757 3331 4811 sed
3372 4759 3495 4828 quia
3528 4759 3644 4814 bzee

2045 4847 2162 4918 ipsa
2204 4863 2309 4901 non
2347 4847 2526 4902 studio
2556 4847 2751 4902 librum
2785 4847 3073 4902 scribentis
3117 4851 3502 4921 exsequimur,
3546 4852 3642 4907 sed

2050 4940 2215 4996 veluti
2247 4940 2298 4994 in
2331 4940 2528 4995 scheda
2567 4950 2747 5007 certas
2778 4956 3017 4994 summas
3058 4946 3212 5012 quasi
3243 4960 3595 5015 properantes
3624 4948 3646 4977 ³

2049 5033 2411 5098 delimamus,
2446 5040 2505 5086 ut
2555 5041 2646 5086 tuo
2687 5032 3152 5105 qualitercumque
3197 5038 3478 5095 videamur
3511 5041 3643 5094 obe-

2052 5128 2197 5185 disse
2226 5137 2496 5198 praecepto
2524 5170 2537 5195 ,
2595 5137 2809 5184 eadem
2850 5145 3010 5185 voces
3050 5135 3441 5202 prietereunda:
3481 5146 3649 5200 sunt,

2058 5221 2294 5277 maxime
2320 5222 2441 5292 quia
2474 5222 2526 5276 in
2555 5221 2757 5277 divinis
2799 5224 3019 5279 vocibus
3058 5240 3163 5279 non
3200 5240 3456 5281 numerus
3502 5230 3652 5284 testi-

2057 5317 2364 5373 moniorum
2385 5358 2398 5383 ,
2430 5315 2526 5372 sed
2557 5318 2854 5373 auctoritas
2879 5317 3199 5385 requirenda
3229 5328 3310 5372 est
3335 5335 3348 5383 ;
3388 5335 3507 5390 qua:
3536 5322 3655 5376 ido-

2060 5425 2160 5467 nea
2184 5419 2268 5466 est
2293 5408 2453 5465 etiam
2485 5411 2529 5464 si
2558 5426 2661 5464 una
2690 5425 2821 5465 voce
2852 5407 3175 5479 proferatur.
3205 5409 3415 5467 Sufﬁcit
3437 5414 3652 5472 interim

2061 5503 2130 5559 de
2154 5503 2257 5558 hoc
2285 5517 2391 5557 uno
2418 5502 2655 5572 capitulo
2681 5502 2898 5571 Moysen
2931 5498 3295 5557 concordasse
3321 5519 3444 5560 cum
3479 5506 3659 5563 Evan-

2137 5645 2156 5676 ³
2196 5644 2261 5700 Ει
2290 5646 2345 5699 in
2373 5645 2561 5715 ﬁlium.

2138 5717 2159 5749 δ
2194 5711 2498 5773 Delibamus
2516 5757 2530 5783 ,
2557 5712 2643 5770 vel
2669 5711 3008 5770 delineamus.
