4150 6176
471 241 543 298 45
1729 232 2052 292 FAUSTINI
2091 232 2529 293 PRESBYTER]

3710 236 3784 294 Η

472 357 631 429 geliis
659 364 715 411 et
752 353 1034 427 apostolis.
1057 354 1227 409 Deum
1248 366 1296 410 et
1318 351 1483 407 Deum
1516 349 1775 422 praedicat
1805 351 2021 422 Moyses
2052 366 2065 404 :
2096 353 2151 414 Α
2174 349 2345 409 Nemo
2367 352 2420 407 in
2451 351 2659 407 visione
2685 357 2950 407 creaturae
2984 359 3193 422 patrem
3238 346 3387 406 videt
3416 367 3429 405 :
3461 348 3531 407 de
3567 349 3785 420 inspec-

476 450 616 506 sicut
644 448 895 518 superius
924 446 1293 502 testimooium
1326 446 1341 475 ¹
1366 445 1632 514 loquimur
1654 443 1720 497 de
1741 442 1973 509 Genesi,
2006 446 2077 497 ita

479 551 535 597 et
576 540 816 597 Joannes
861 539 1032 593 Deum
1075 546 1130 593 et
1167 537 1335 592 Deum
1364 535 1707 591 annuntiavit
1742 534 1932 590 dicens
1963 550 1978 591 :
2012 533 2081 588 In

482 633 737 704 principio
766 638 878 684 erat
911 629 1174 695 Verbum,
1222 638 1268 683 et
1306 627 1528 683 Verbum
1568 635 1680 683 erat
1705 627 1844 699 apud
1867 624 2035 680 Deum
2066 666 2081 691 ,

480 736 525 779 et
558 724 696 777 Deus
725 732 832 775 erat
868 721 1095 775 Verbum
1125 720 1307 789 (Joan.
1347 736 1401 785 ι,
1454 718 1545 788 1).
1571 717 1751 788 ~Nemo
1780 717 1917 773 dixit
1944 716 2082 772 duos

480 818 645 879 deos,
677 816 801 869 licet
829 815 994 870 Deum
1026 825 1081 868 et
1109 813 1275 868 Deum
1306 810 1512 867 diceret
1543 828 1555 863 :
1589 825 1748 866 nemo
1773 825 1880 864 non
1910 825 2079 863 unam

480 909 771 979 imaginem
801 908 970 977 patris
1016 917 1072 961 et
1112 907 1210 961 ﬁlii
1252 904 1627 971 annuntiavit,
1668 914 1723 959 et
1765 903 1887 958 ideo
1916 918 2082 958 unum

481 1005 653 1061 Deum
688 1004 836 1057 novit
875 1002 1060 1057 dicere
1100 1001 1156 1056 in
1198 1001 1543 1056 confessione
1574 999 1709 1055 lides
1752 998 2020 1053 catholica
2066 1012 2081 1051 :

482 1114 591 1153 non
625 1106 804 1152 tamen
830 1106 886 1150 ut
914 1111 1009 1165 per
1035 1094 1434 1150 confessionem
1461 1098 1481 1128 ³
1508 1094 1667 1148 unius
1692 1092 1786 1147 Dei
1818 1091 1963 1146 ﬁlius
1990 1105 2087 1146 ne-

481 1198 640 1263 getur
669 1204 792 1245 esse
818 1188 960 1259 quod
989 1188 1135 1243 Dens
1163 1196 1246 1243 est
1274 1204 1287 1240 :
1317 1187 1440 1256 quia
1465 1187 1606 1240 sicut
1630 1193 1789 1255 pater
1813 1184 1958 1239 Deus
1978 1189 2085 1247 est,

484 1285 557 1339 ita
585 1292 639 1339 et
682 1282 828 1337 ﬁlius
858 1284 999 1337 Deus
1041 1290 1165 1336 est:
1208 1296 1338 1338 nam
1376 1280 1419 1335 si
1455 1295 1560 1333 non
1592 1279 1733 1333 sicut
1760 1285 1912 1347 pater
1948 1276 2088 1331 Deus

484 1388 602 1445 est,
635 1377 708 1432 ita
740 1385 794 1432 et
824 1376 965 1431 ﬁlius
990 1375 1175 1439 Deus;
1220 1373 1493 1444 quomodo
1525 1371 1630 1426 illis
1661 1386 1767 1425 una
1800 1370 1977 1438 imago
2007 1372 2091 1422 est

484 1472 784 1530 secundum
811 1470 1069 1542 Moysen?
1096 1469 1184 1524 vel
1209 1466 1485 1537 quomodo
1510 1462 1806 1519 secundum
1835 1461 2085 1525 Paulum,

484 1565 540 1620 in
571 1566 741 1618 forma
772 1563 868 1617 Dei
887 1562 1134 1617 Christus
1156 1567 1242 1615 est
1265 1558 1489 1628 aequalis
1510 1556 1755 1611 exiStens
1787 1552 1935 1609 Deo?

558 1656 698 1711 Vill.
742 1655 848 1710 Sed
898 1664 954 1710 et
998 1652 1239 1708 Joannes
1262 1667 1383 1705 cum
1407 1649 1647 1705 Verbum
1678 1647 1850 1701 Deum
1893 1644 2093 1699 asserit

2186 446 2331 501 tione
2355 444 2501 501 enim
2528 453 2791 499 creatura:
2820 452 3037 499 creator
3069 442 3239 499 videri
3269 452 3444 513 potest
3469 458 3483 508 ;
3508 451 3661 513 pater
3689 458 3787 496 au-

2185 548 2291 594 tem
2333 553 2439 593 non
2479 536 2695 593 videtur
2742 536 2845 591 nisi
2887 536 2956 592 de
3000 535 3338 606 inspectione
3388 535 3503 590 lilii.
3554 534 3611 591 Si
3656 550 3786 605 ergo

2185 629 2429 685 Christus
2457 639 2703 685 creatura
2730 637 2843 695 est,
2874 636 2929 684 et
2955 644 3061 684 non
3094 642 3219 683 vere
3258 627 3403 683 ﬁlius
3426 668 3439 693 ,
3475 642 3580 682 non
3614 635 3790 697 potest

2185 724 2238 780 in
2280 733 2545 780 creaturae
2586 722 2799 779 visione
2834 733 2989 795 pater
3034 721 3242 778 videri:
3289 732 3345 777 et
3369 720 3645 794 quomodo
3672 722 3789 787 ait,

2190 817 2292 883 Qui
2319 832 2397 870 me
2421 816 2587 882 videt,
2616 815 2751 871 videt
2777 824 2824 869 et
2851 824 3079 887 patrem,
3111 814 3212 870 nisi
3243 814 3370 885 quia
3399 830 3527 869 vere
3560 813 3702 868 filius
3723 812 3793 869 de

2187 908 2300 964 Deo
2335 918 2486 979 patre
2532 916 2691 963 natus
2737 909 2853 964 est?
2896 916 2951 963 et
3000 909 3121 963 ideo
3172 922 3294 962 cum
3349 906 3550 963 videris
3592 907 3783 974 ﬁlium,

2190 1017 2415 1058 necesse
2440 1011 2527 1059 est
2557 1015 2613 1057 ut
2638 1011 2693 1058 et
2726 1012 2932 1074 patrem
2960 1000 3185 1058 videris.
3220 1000 3352 1058 Sine
3385 1001 3495 1055 lilio
3526 1001 3670 1056 enim
3700 1016 3793 1071 pa-

2191 1101 2273 1149 ter
2320 1109 2424 1149 non
2466 1103 2583 1157 est.
2631 1095 2771 1150 sicut
2798 1110 2898 1150 nec
2926 1094 3070 1149 lilius
3116 1093 3235 1149 sine
3273 1103 3445 1163 patre.
3473 1090 3602 1147 Inde
3630 1092 3792 1147 etiam

2189 1188 2450 1254 subdidit,
2476 1187 2587 1260 Ego
2609 1189 2663 1243 in
2683 1197 2847 1261 patre,
2879 1198 2925 1243 et
2947 1197 3095 1261 pater
3122 1188 3174 1241 in
3198 1203 3277 1259 me
3306 1183 3499 1258 (Ibid.,
3534 1184 3658 1257 10):
3687 1198 3794 1240 non

2191 1284 2374 1353 utique
2421 1297 2518 1352 per
2561 1282 2848 1353 quamdam
2899 1282 3171 1353 passivam
3228 1277 3643 1346 confusionem;
3698 1278 3795 1334 sed

2190 1376 2315 1444 quia
2369 1388 2712 1444 consequens
2756 1381 2842 1430 est
2905 1384 2964 1429 ut
3009 1373 3098 1428 ubi
3142 1378 3295 1443 pater
3340 1381 3461 1440 est,
3507 1371 3618 1426 illic
3668 1385 3796 1427 esse

2192 1473 2551 1536 cognoscatur
2579 1474 2634 1519 et
2664 1465 2838 1530 ﬁlius;
2887 1475 2941 1520 et
2991 1465 3078 1521 ubi
3124 1465 3263 1519 ﬁlius
3304 1474 3417 1531 est,
3470 1460 3579 1518 illic
3625 1463 3794 1518 etiam

2194 1567 2401 1627 patrem
2429 1567 2646 1613 exstare
2673 1571 2991 1629 cognoscas.
3022 1556 3120 1613 Est
3160 1565 3216 1612 et
3245 1556 3384 1612 alius
3429 1570 3622 1612 sensus
3666 1554 3796 1610 dicti

2194 1650 2371 1717 istius,
2407 1652 2504 1717 Qui
2535 1667 2614 1704 me
2644 1650 2770 1705 vidit
2797 1693 2810 1717 ,
2844 1650 2969 1704 vidit
2999 1659 3044 1704 et
3076 1658 3312 1720 patrem:
3349 1664 3455 1703 non
3485 1647 3579 1719 qui
3609 1662 3799 1718 corpo~

486 1750 540 1805 in
572 1750 837 1820 principio
863 1746 1002 1817 apud
1030 1746 1197 1800 Deum
1225 1757 1345 1798 esse
1364 1784 1378 1807 ,
1410 1757 1517 1795 "0n
1545 1748 1700 1794 citra
1728 1738 1899 1792 Deum
1931 1750 2083 1801 esse;
2118 1739 2166 1799 B
2193 1746 2299 1801 reis
2322 1744 2498 1800 oculis
2520 1746 2573 1799 in
2602 1757 2834 1814 corpore
2862 1743 3089 1798 vidisset
3109 1742 3292 1799 Jesum
3318 1785 3332 1809 ,
3364 1742 3565 1797 vidisse
3587 1750 3794 1812 patrem

486 1858 582 1914 per
630 1842 772 1896 hanc
817 1839 980 1894 Verbi
1024 1838 1118 1892 Dei
1162 1852 1192 1890 a
1234 1837 1344 1890 Deo
1384 1830 1903 1903 inseparabilitatem
1945 1828 2091 1884 idem

488 1934 622 1989 mihi
656 1933 871 1987 videtur
898 1930 1205 2000 signilicare
1228 1969 1243 1993 ,
1272 1925 1419 1997 quod
1444 1926 1499 1982 in
1521 1922 1878 1995 signiﬁcantia
1904 1920 2095 1991 imagi-

488 2027 574 2082 nis
604 2034 660 2081 et
688 2024 880 2078 formae
907 2032 1009 2077 est.
1042 2021 1177 2075 Nam
1210 2019 1255 2073 si
1299 2034 1394 2088 per
1422 2032 1583 2071 unam
1615 2016 1904 2086 imaginem
1944 2027 2095 2069 eam-

487 2116 718 2189 demque
748 2118 1008 2183 formam,
1040 2115 1208 2184 patris
1234 2120 1290 2167 et
1322 2111 1415 2165 ﬁlii
1450 2107 1885 2179 inseparabilitas
1910 2116 2094 2162 osten-

489 2214 664 2277 ditur,
698 2227 797 2267 cur
825 2226 931 2264 non
957 2224 1081 2263 cum
1108 2207 1346 2263 Joannes
1376 2205 1473 2259 Dei
1500 2212 1553 2259 et
1574 2203 1670 2258 Dei
1711 2200 2093 2269 inseparabili-

489 2314 655 2361 tatem
692 2301 975 2357 annuntiat
1014 2317 1108 2371 per
1146 2300 1252 2355 hoc
1293 2298 1436 2369 quod
1471 2298 1583 2363 ait,
1616 2304 1663 2350 et
1708 2294 1939 2349 Verbum
1985 2301 2099 2347 erat

491 2401 633 2471 apud
675 2398 883 2465 Deum,
929 2404 976 2451 et
1022 2397 1114 2450 hoc
1160 2405 1267 2450 erat
1313 2395 1367 2447 in
1399 2392 1656 2463 principio
1702 2388 1845 2459 apud
1885 2385 2093 2453 Deum,

492 2508 655 2549 unam
684 2487 1357 2562 imaginemeamdemque
1382 2486 1611 2541 formam
1635 2483 1800 2555 patris
1822 2490 1877 2537 et
1906 2479 2001 2536 ﬁlii
2025 2480 2100 2536 sl-

490 2585 776 2658 gniﬁcasse
815 2582 1113 2639 credatur?
1154 2581 1319 2635 Plane
1352 2579 1439 2633 hic
1469 2593 1663 2633 sensus
1695 2575 1943 2631 videatur
1981 2588 2100 2628 am-

492 2678 687 2749 biguus
707 2716 723 2743 ,
746 2676 791 2731 si
814 2690 922 2730 non
949 2674 1091 2729 idem
1114 2671 1446 2744 evangelista
1470 2670 1573 2725 hoc
1616 2671 1793 2740 ipsum
1817 2667 2097 2738 paululum

494 2773 629 2828 infra
689 2770 928 2843 apertius
978 2776 1301 2839 prosecutus
1362 2774 1448 2821 est
1492 2764 1721 2830 dicens,
1779 2774 1832 2817 et
1878 2762 2099 2817 vidimus

493 2866 716 2939 gloriam
755 2865 904 2930 eius,
950 2861 1170 2935 gloriam
1214 2859 1359 2929 quasi
1402 2857 1656 2930 unigeniti
1682 2874 1715 2910 a
1744 2864 1886 2926 patre
1931 2853 2098 2926 (Ibid.

501 2958 607 3030 14)
661 2976 676 3011 :
725 2958 869 3012 sicut
917 2971 1022 3009 una
1070 2955 1277 3024 imago,
1332 2951 1629 3022 eademque
1675 2948 1879 3016 forma,
1930 2950 2004 3002 ita
2045 2955 2102 3003 et

498 3052 670 3121 gloria
698 3064 809 3104 non
839 3047 940 3102 alia
969 3055 1055 3103 est
1085 3044 1213 3111 ﬁlii,
1237 3059 1395 3114 quam
1426 3058 1546 3113 quae
1569 3043 1737 3113 patris
1760 3049 1861 3096 est.
1886 3040 2099 3096 [nterea

2192 1838 2463 1905 refertur;
2494 1835 2734 1907 alioquin
2764 1835 3001 1891 absurda
3031 1844 3116 1891 est
3145 1834 3447 1906 increpatio
3490 1832 3701 1889 Domini
3731 1828 3797 1887 ad

2197 1928 2501 2001 Philippum
2526 1929 2791 1997 dicentis,
2818 1928 2988 1983 Tanto
3019 1939 3243 2002 tempore
3272 1925 3530 1982 vobiscum
3556 1943 3671 1981 sum
3692 1968 3707 1994 ,
3749 1936 3798 1979 et

2195 2039 2299 2077 non
2341 2038 2420 2076 me
2450 2023 2602 2089 nosti,
2634 2018 2883 2092 Philippe
2905 2020 3068 2092 (Ibid.
3095 2063 3110 2088 ,
3142 2020 3234 2091 9)?
3264 2017 3561 2075 secundum
3599 2031 3800 2089 corpus

2195 2116 2343 2173 enim
2395 2132 2501 2172 non
2552 2116 2728 2171 solum
2766 2114 3048 2187 Philippus
3080 2113 3300 2170 videbat
3343 2111 3562 2179 Jesum,
3610 2106 3705 2165 sed
3748 2117 3803 2164 et

2197 2225 2388 2266 omnes
2417 2208 2590 2265 Judaei
2631 2210 2724 2279 qui
2757 2206 2807 2264 ei
2834 2206 3271 2263 adversabantur
3300 2223 3312 2259 :
3346 2220 3447 2260 nec
3495 2214 3675 2259 tamen
3704 2216 3802 2273 per

2200 2304 2305 2359 hoc
2332 2303 2474 2374 quod
2498 2302 2754 2358 videbant
2782 2301 3078 2358 secundum
3111 2314 3311 2369 corpus
3337 2298 3522 2354 Jesum
3542 2339 3556 2366 ,
3588 2306 3802 2369 patrem

2199 2411 2413 2467 quoque
2435 2394 2638 2451 vidisse
2659 2392 2914 2450 credendi
2944 2401 3092 2448 sunt.
3125 2390 3265 2460 Quid
3296 2405 3427 2462 ergo
3450 2398 3561 2455 est,
3592 2389 3695 2458 Qui
3724 2404 3803 2442 me

2199 2489 2325 2543 vidit
2352 2531 2365 2554 ,
2397 2488 2520 2542 vidit
2549 2497 2597 2542 et
2623 2486 2864 2556 patrem?
2905 2482 3126 2541 intende
3153 2484 3335 2540 cordis
3364 2483 3533 2539 aciem
3553 2525 3569 2551 ,
3602 2492 3658 2538 et
3683 2481 3807 2539 vide

2203 2582 2498 2639 secundum
2532 2580 2655 2635 ﬁdei
2694 2579 2992 2651 spiritualis
3022 2580 3242 2636 obtutus
3266 2622 3279 2646 ,
3321 2577 3594 2634 Christum
3638 2577 3807 2632 ﬁlium

2203 2674 2299 2729 Dei
2344 2688 2453 2729 non
2494 2682 2798 2729 creaturam
2847 2687 3004 2738 esse,
3053 2672 3145 2727 sed
3191 2679 3491 2726 creatorem
3528 2689 3540 2722 :
3588 2667 3811 2725 intende

2205 2784 2328 2826 eum
2360 2784 2483 2824 vere
2509 2783 2630 2824 esse
2648 2766 2818 2824 Deum
2847 2768 2964 2823 sine
2993 2766 3148 2821 initio
3177 2765 3567 2835 sempiternum
3592 2780 3607 2830 ;
3639 2772 3695 2817 et
3723 2777 3812 2817 se-

2205 2863 2440 2919 cundum
2472 2862 2576 2919 hoc
2602 2905 2614 2928 ,
2647 2860 2791 2934 quod
2834 2862 2975 2917 Deus
2997 2903 3011 2926 ,
3041 2860 3373 2917 invisibilem
3399 2899 3415 2926 ,
3463 2855 3812 2912 inaestimabi—

2206 2956 2314 3011 lem
2334 2997 2347 3020 ,
2380 2954 2843 3025 incorruptibilem
2862 2996 2879 3023 ,
2907 2952 3357 3009 indemutabilem
3381 2993 3395 3018 ,
3425 2960 3479 3006 et
3508 2966 3601 3021 per
3630 2949 3815 3005 omnia

2207 3047 2389 3114 talem,
2413 3048 2585 3117 qualis
2600 3053 2684 3102 est
2704 3054 2758 3101 et
2787 3053 2938 3117 pater
2954 3045 3072 3116 ejus
3090 3046 3181 3115 qui
3205 3059 3328 3099 eum
3345 3042 3531 3114 genuit
3547 3060 3560 3095 :
3576 3052 3631 3097 et
3653 3042 3726 3096 ita
3744 3040 3815 3095 vi-

499 3145 590 3214 qui
642 3143 915 3198 Christum
974 3139 1043 3194 de
1081 3138 1371 3207 adoptione
1415 3135 1583 3189 ﬁlium
1624 3133 1793 3199 dicis,
1832 3132 2109 3203 quomodo
2133 3124 2179 3189 (ἶ
2212 3141 2347 3196 dens
2375 3140 2792 3211 ﬁlium,patrem
2810 3153 3024 3210 quoque
3042 3148 3095 3194 te
3113 3137 3313 3192 vidisse
3328 3150 3433 3191 non
3452 3132 3675 3191 dubium
3708 3141 3814 3189 est.

500 3236 762 3307 intelligis
790 3233 1012 3307 gloriam
1051 3235 1165 3304 ejus
1210 3229 1357 3298 quasi
1392 3227 1643 3297 unigeniti
1671 3243 1703 3279 a
1744 3226 1925 3296 patre?
1950 3223 2106 3293 Quod

499 3333 545 3384 si
568 3330 753 3400 plures
774 3342 897 3382 esse
919 3325 1015 3380 Dei
1038 3322 1202 3391 ﬁlios,
1226 3321 1294 3377 de
1316 3321 1606 3389 adoptione
1632 3316 1936 3388 proﬁteris:
1961 3314 2107 3388 quod

500 3423 547 3476 si
590 3431 644 3475 et
672 3418 924 3474 Christus
952 3416 1240 3486 adoptivus
1279 3422 1393 3480 est,
1424 3410 1699 3483 quomodo
1728 3410 2037 3482 unigenitus
2077 3426 2106 3465 a

506 3521 661 3583 patre
688 3521 773 3566 est
798 3550 814 3578 ,
872 3525 994 3565 cum
1023 3523 1131 3563 non
1161 3507 1230 3562 sit
1263 3506 1567 3575 unigenitus
1598 3504 1954 3560 existentibus
1974 3520 2112 3574 quo-

504 3622 610 3677 que
639 3604 762 3659 aliis
790 3617 888 3674 per
925 3602 1274 3672 adoptionem
1306 3600 1473 3653 ﬁliis?
1503 3598 1658 3666 Quod
1685 3598 1730 3652 si
1762 3613 1892 3653 vere
1923 3596 2113 3668 unige—

510 3700 657 3754 nitus
707 3713 736 3751 a
782 3706 935 3768 patre
961 3706 1044 3750 est
1076 3693 1197 3749 ideo
1234 3695 1363 3763 quia
1392 3692 1507 3762 ipse
1550 3691 1701 3746 solus
1726 3690 1793 3746 de
1825 3692 1945 3761 ipso
1984 3704 2115 3745 vere

512 3801 666 3863 patre
695 3800 986 3861 generatur
1005 3830 1018 3851 ,
1048 3786 1325 3858 quomodo
1350 3785 1638 3854 adoptivus
1674 3784 1958 3848 asseritur,
1988 3797 2111 3837 cum

514 3885 804 3953 adoptivus
828 3885 971 3936 inter
994 3881 1176 3949 plures
1206 3878 1489 3947 adoptivos
1517 3876 1901 3946 proprietatem
1926 3876 2116 3947 unige-

514 3976 612 4031 niti
652 3990 682 4028 a
722 3982 881 4045 patre
921 3972 1124 4027 habere
1170 3986 1276 4025 non
1326 3970 1539 4040 possit?
1584 3969 1693 4026 Sed
1736 3970 1839 4025 etsi
1880 3970 2120 4039 adoptivi

518 4076 673 4132 sunt,
714 4066 784 4122 de
816 4064 964 4120 nullo
997 4074 1176 4119 tamen
1214 4077 1402 4118 eorum
1430 4061 1631 4117 dictum
1661 4072 1746 4117 est
1770 4102 1784 4127 ,
1816 4072 1864 4116 et
1889 4062 2116 4116 vidimus

515 4162 733 4233 gloriam
759 4160 871 4231 ejus
895 4200 909 4223 ,
936 4157 1154 4230 gloriam
1180 4157 1328 4227 quasi
1360 4155 1609 4225 unigeniti
1639 4171 1669 4207 a
1711 4164 1877 4226 patre.
1909 4154 2013 4210 Sed
2052 4153 2125 4210 de

516 4254 737 4311 Christo
783 4253 901 4309 solo
941 4252 1145 4306 dictum
1188 4260 1302 4317 est,
1348 4258 1398 4304 et
1446 4249 1666 4303 vidimus
1711 4249 1930 4317 gloriam
1974 4251 2125 4320 ejus,

519 4349 737 4421 gloriam
766 4347 915 4418 quasi
944 4344 1191 4415 unigeniti
1220 4362 1252 4397 a
1283 4351 1429 4414 patre
1456 4358 1474 4397 :
1522 4356 1629 4396 non
1674 4357 1804 4411 ergo
1834 4341 2127 4411 adoptivus

517 4452 634 4507 cst,
667 4441 735 4496 de
762 4454 870 4511 quo
902 4438 1004 4493 hoc
1038 4437 1235 4493 dicitur
1259 4477 1274 4505 ,
1307 4436 1452 4507 quod
1480 4434 1549 4490 de
1576 4435 1848 4504 adoptivis
1879 4434 1983 4488 dici
2016 4449 2123 4488 non

2284 3237 2353 3293 Χ.
2389 3238 2501 3293 Hoc
2528 3252 2691 3293 sensu
2718 3237 2903 3307 accipe
2932 3245 2986 3291 et
3013 3234 3149 3291 illud
3175 3234 3320 3305 quod
3347 3234 3452 3301 ait,
3489 3230 3600 3305 Ego
3630 3232 3681 3285 in
3721 3248 3813 3302 pu-

2213 3341 2289 3387 tre
2313 3375 2328 3402 ,
2361 3342 2409 3387 et
2438 3343 2582 3404 pater
2607 3332 2661 3386 in
2689 3348 2788 3387 me.
2822 3331 2982 3388 Pater
3014 3344 3135 3385 cum
3163 3330 3236 3384 sit
3266 3325 3535 3398 perfectus
3558 3368 3571 3392 ,
3604 3322 3819 3397 perfec-

2215 3433 2326 3480 tum
2363 3422 2526 3477 lilium
2550 3424 2764 3493 genuit;
2799 3431 2853 3476 et
2883 3436 3007 3475 cum
3036 3421 3105 3475 sit
3138 3416 3460 3485 invisibilis,
3508 3415 3820 3487 incompre-

2218 3514 2533 3582 hensibilis,
2569 3514 2958 3569 inazstimabilis
3001 3512 3142 3569 Deus
3186 3522 3241 3569 et
3271 3528 3460 3568 verum
3508 3511 3733 3580 lumen;
3765 3519 3822 3567 et

2218 3609 2359 3664 lllius
2392 3608 2509 3663 talis
2538 3618 2698 3663 natus
2727 3618 2809 3663 est
2829 3648 2845 3675 ,
2873 3607 3048 3678 qualis
3082 3615 3167 3663 est
3194 3606 3285 3661 ille
3316 3606 3408 3677 qui
3437 3622 3561 3662 eum
3591 3605 3778 3676 genuit
3805 3622 3819 3659 :

2218 3711 2273 3758 et
2302 3702 2421 3756 ideo
2450 3703 2559 3768 ait,
2592 3699 2703 3774 Ego
2734 3700 2789 3754 in
2814 3709 2991 3771 patre,
3024 3710 3071 3755 et
3113 3708 3259 3771 pater
3285 3700 3338 3753 in
3360 3715 3480 3753 me:
3507 3713 3629 3753 cum
3671 3698 3818 3753 enim

2221 3793 2401 3848 omnia
2441 3808 2561 3864 qu:c
2590 3801 2718 3846 sunt
2744 3802 2984 3863 paternm
3007 3793 3225 3847 virtutis
3246 3801 3300 3847 et
3328 3790 3547 3847 deitatis
3589 3788 3827 3847 habean-

2224 3897 2311 3942 tur
2337 3888 2388 3941 in
2423 3886 2570 3951 ﬁlio,
2606 3894 2759 3956 pater
2803 3887 2855 3941 in
2886 3885 2999 3940 ﬁlio
3028 3894 3112 3941 est
3133 3928 3148 3953 ,
3176 3892 3230 3941 et
3276 3883 3417 3940 ﬁlius
3446 3884 3501 3939 in
3542 3892 3693 3954 patre
3726 3901 3738 3936 :
3770 3891 3828 3939 et

2224 3979 2347 4037 ideo
2375 3979 2676 4049 praemisit;
2712 3979 2775 4035 Si
2806 3994 2886 4033 me
2915 3978 3111 4033 sciretis
3135 4020 3149 4044 ,
3183 3986 3229 4033 et
3258 3988 3457 4049 patrem
3482 3992 3649 4030 meum
3670 3975 3829 4029 scire-

2228 4075 2293 4129 tis
2323 4072 2513 4142 (lbid.,
2547 4073 2640 4143 7);
2689 4080 2743 4126 et
2800 4071 2885 4126 hic
2908 4069 3210 4126 ostenditur
3244 4069 3387 4140 quod
3416 4068 3603 4125 eadem
3629 4067 3701 4121 sit
3726 4082 3821 4137 pa-

2228 4169 2326 4223 tris
2368 4178 2422 4223 et
2467 4168 2558 4221 ﬁlii
2600 4166 2931 4234 substantia,
2978 4181 3044 4223 eo
3088 4164 3235 4236 quod
3280 4165 3351 4220 sit
3393 4178 3499 4219 una
3546 4161 3827 4232 utriusque

2228 4261 2486 4334 cognitio.
2545 4261 2653 4319 Sed
2698 4268 2961 4317 creaturae
3007 4267 3063 4316 et
3113 4257 3375 4314 creatoris
3433 4271 3543 4312 non
3588 4266 3672 4310 est
3721 4269 3829 4310 una

2230 4354 2468 4425 cognitio
2493 4396 2506 4420 ,
2537 4353 2660 4424 quia
2703 4366 2812 4409 non
2845 4362 2928 4408 est
2953 4368 3058 4408 una
3098 4351 3416 4407 substantia.
3445 4348 3622 4405 Patris
3650 4356 3831 4402 autem

2234 4454 2291 4501 et
2320 4443 2414 4499 ﬁlii
2441 4459 2543 4500 una
2570 4444 2807 4514 cognitio
2831 4452 2947 4508 est;
2981 4459 3110 4514 ergo
3137 4457 3244 4497 non
3272 4450 3357 4496 est
3384 4440 3524 4494 ﬁlius
3548 4446 3832 4505 creatura,

520 4544 722 4605 ροιθει.
751 4535 814 4588 El
842 4533 1036 4588 ιηθτίιο
1066 4531 1143 4586 illi
1173 4546 1276 4585 una
1308 4530 1488 4600 imago
1510 4530 1630 4584 cui“
1658 4538 1811 4598 Dalre
1838 4537 1952 4593 est.
1998 4531 2123 4597 quia
2156 4510 2212 4572 D
2236 4536 2333 4592 sed
2359 4547 2571 4592 creator
2600 4510 2715 4599 est,
2747 4533 2905 4591 sicuti
2944 4544 3000 4591 et
3030 4510 3182 4605 pater
3207 4542 3421 4588 creator
3448 4539 3532 4588 est
3560 4549 3572 4583 :
3606 4541 3660 4585 et
3693 4529 3833 4585 Deus

522 4630 639 4697 ipse
683 4629 831 4682 solus
863 4625 1155 4698 unigenitus
1181 4642 1213 4678 a
1243 4632 1387 4693 patre
1426 4633 1523 4676 est.
1554 4623 1693 4689 Quid
1719 4637 1849 4690 ergo
1880 4622 2073 4676 mirum
2104 4662 2122 4691 ,

527 4720 570 4774 si
603 4720 655 4772 in
690 4718 780 4772 ﬁlii
810 4717 1045 4787 imagine
1075 4716 1240 4787 patris
1270 4716 1447 4785 imago
1471 4713 1746 4782 signatur?
1777 4713 1904 4768 Ideo
1930 4723 1984 4768 et
2011 4715 2133 4783 ipse

524 4811 775 4868 Salvator
825 4809 1075 4873 dicebat,
1136 4805 1362 4872 Qui'me
1407 4807 1581 4874 videt,
1640 4806 1773 4859 videt
1827 4817 1875 4861 et
1925 4818 2128 4878 patrem

526 4904 803 4979 (Joan.x1v
824 4944 838 4967 ,
872 4900 931 4973 9)
964 4918 975 4953 :
1011 4918 1116 4955 non
1146 4900 1285 4967 hoc,
1317 4910 1374 4955 ut
1397 4899 1702 4965 Sabellius,
1733 4898 1859 4955 dico
1885 4903 2039 4972 quasi
2068 4917 2131 4957 se

526 5002 703 5073 ipsum
736 5004 942 5068 patrem
988 4995 1134 5051 dicat
1162 5010 1285 5051 esse
1307 5036 1323 5062 ,
1354 4995 1445 5066 qui
1477 4995 1549 5050 sit
1576 5004 1632 5050 et
1663 4995 1824 5051 ﬁlius.
1850 4997 2133 5053 Coiiﬁteor

529 5098 673 5153 enim
704 5106 912 5166 patrem
940 5105 1096 5157 esse,
1128 5091 1215 5159 qui
1243 5089 1431 5159 genuit
1455 5106 1467 5142 :
1501 5089 1673 5143 ﬁlium
1707 5105 1838 5145 vero
1857 5106 2014 5156 esse,
2041 5090 2134 5160 qui

534 5198 691 5244 natus
722 5196 826 5243 est.
855 5182 962 5239 Sed
990 5196 1111 5236 cum
1143 5180 1274 5235 dicit
1300 5220 1317 5246 ,
1350 5180 1449 5247 Qui
1475 5196 1554 5233 me
1584 5179 1756 5245 videt,
1785 5180 1920 5235 videt
1960 5189 2008 5235 et
2035 5198 2134 5251 pa-

532 5290 662 5336 trem
687 5323 701 5347 ,
734 5282 873 5336 sicut
904 5277 1071 5349 patris
1096 5284 1150 5329 et
1172 5274 1268 5328 ﬁlii
1294 5288 1400 5327 non
1424 5288 1585 5327 unam
1613 5273 1848 5328 ostendit
1867 5288 1990 5329 esse
2015 5290 2138 5345 per-

532 5389 744 5441 sonam,
766 5375 839 5429 ita
868 5388 1028 5428 unam
1051 5368 1285 5426 ostendit
1306 5382 1427 5423 esse
1444 5366 1729 5432 deitatem;
1752 5383 1875 5423 cum
1898 5369 1952 5423 in
1972 5370 2139 5438 patris

530 5477 584 5521 et
614 5466 711 5519 ﬁlii
734 5465 1037 5519 substantia
1059 5464 1204 5519 nulla
1224 5461 1512 5517 diversitas
1541 5460 1840 5515 invenitur.

610 5556 701 5611 ΙΧ.
747 5555 945 5610 lterum
977 5553 1031 5606 in
1060 5553 1163 5608 hoc
1193 5568 1407 5623 quoque
1440 5552 1558 5607 loco
1584 5550 1795 5619 dicam,
1822 5553 1865 5607 si
1886 5563 2135 5609 creatura

532 5657 617 5706 est
646 5647 806 5710 ﬁlius,
828 5641 1098 5711 quomodo
1120 5644 1210 5712 qui
1233 5644 1377 5699 videt
1406 5644 1597 5711 ﬁlium,
1625 5642 1773 5700 videt
1799 5652 1853 5700 et
1883 5646 2136 5715 patrem?

610 5746 622 5773 ¹
664 5740 748 5797 An
782 5735 1057 5807 loquitur?

2236 4637 2351 4696 est,
2380 4628 2541 4686 sicuti
2563 4639 2617 4685 et
2648 4639 2835 4701 pater,
2865 4643 2971 4684 non
3020 4638 3196 4683 tamen
3229 4642 3325 4699 per
3366 4625 3483 4681 haec
3525 4624 3662 4680 duos
3701 4622 3834 4679 deos

2237 4725 2485 4780 dicimus.
2520 4724 2616 4780 Hic
2652 4732 2737 4781 est
2776 4723 2888 4791 ubi,
2920 4722 3084 4794 impie
3123 4720 3399 4787 haeretice,
3444 4717 3710 4775 diabolico
3754 4714 3839 4771 fu-

2238 4833 2362 4873 rore
2387 4817 2538 4888 quasi
2564 4817 2619 4871 in
2651 4815 2929 4872 stultitiam
2953 4816 3107 4870 istius
3127 4812 3485 4869 confessionis
3512 4810 3834 4877 inardescis,

2238 4926 2360 4965 cum
2395 4911 2561 4965 Deum
2591 4919 2645 4966 et
2674 4911 2841 4965 Deum
2870 4910 3023 4965 audis
3049 4953 3063 4976 ,
3097 4924 3197 4964 nec
3226 4919 3403 4964 tamen
3435 4908 3571 4963 duos
3598 4905 3730 4962 deos
3753 4902 3839 4958 di-

2240 5005 2434 5059 cimus.
2460 5003 2679 5059 Inﬁatus
2700 5004 2844 5059 enim
2867 5002 2934 5059 de
2962 5003 3138 5058 littera
3167 4999 3413 5058 saeculari
3434 5043 3448 5066 ,
3480 5000 3531 5054 in
3564 4998 3665 5052 hac
3688 5012 3840 5067 qua:-

2241 5099 2416 5151 stimie
2448 5096 2823 5150 insatiabiliter
2844 5104 3075 5166 aegrotas
3099 5110 3114 5161 ;
3148 5104 3202 5150 et
3228 5103 3385 5167 putas
3408 5103 3459 5149 te
3481 5090 3684 5148 debere
3704 5106 3839 5147 con-

2243 5190 2543 5256 Stringcre,
2599 5194 2657 5241 ut
2704 5185 2842 5241 duos
2890 5187 3024 5243 deos
3065 5185 3343 5252 dicamus,
3392 5198 3516 5240 cum
3566 5183 3735 5239 Deum
3782 5186 3841 5238 et

2246 5279 2414 5333 Deum
2463 5278 2804 5333 conﬁtemur.
2854 5277 2974 5334 Noli
3024 5278 3208 5336 infelix
3254 5276 3513 5333 adversus
3561 5272 3839 5332 Christum

2246 5370 2534 5424 Dominum
2568 5371 2730 5424 totius
2758 5380 3023 5427 ereaturm
3046 5414 3059 5433 ,
3088 5370 3397 5426 Aristotelis
3426 5368 3720 5425 artiﬁciosa
3751 5378 3842 5422 ar-

2243 5477 2495 5533 gumenta
2523 5466 2779 5536 colligere
2799 5507 2814 5532 ,
2841 5468 2931 5536 qui
2963 5477 3014 5521 te
3038 5463 3411 5521 Christianum
3451 5464 3841 5535 qualitercum-

2242 5571 2346 5626 que
2374 5558 2646 5628 proﬁteris
2666 5599 2681 5624 ,
2711 5573 2811 5612 nec
2837 5557 3096 5614 adversus
3116 5558 3261 5629 piam
3289 5556 3685 5613 confessionem
3728 5556 3847 5612 ioc-

2246 5650 2533 5706 uarrabilis
2563 5650 2631 5706 de
2658 5650 2775 5705 Deo
2802 5652 3130 5709 sacramenti
3153 5662 3213 5709 ot
3229 5650 3442 5708 calculo
3462 5650 3847 5721 calumniator,

2315 5751 2335 5781 ³
2377 5740 2524 5800 Unus
2551 5741 2693 5802 Deus
2721 5739 2887 5810 (ilius.
