4150 6176
422 259 492 316 t7
568 194 569 197 Ν
1678 255 1998 316 FAUSTlNI
2040 256 2481 321 PRESBYTER!
3669 285 3739 340 ,3

420 373 625 429 Credite
674 372 800 429 mihi
821 416 836 443 ,
875 374 995 445 quia
1038 391 1130 447 ego
1177 377 1231 431 in
1278 384 1423 448 patre
1448 417 1462 442 ,
1511 386 1560 434 et
1589 390 1732 449 pater
1764 380 1817 434 in
1843 396 1924 433 me
1950 387 2023 433 est
2049 378 2105 441 Α
2131 386 2253 436 tatis
2278 383 2392 454 ejus
2421 384 2513 455 qui
2550 385 2693 442 Deus
2724 394 2828 451 est,
2861 396 2916 443 et
2952 388 3056 444 alia
3082 390 3163 445 vis
3190 391 3485 449 voluntatis
3510 394 3627 464 ejus
3647 396 3735 465 qui

422 465 611 539 (Joan.
649 484 703 533 x,
747 466 840 538 58)
875 486 888 523 :
920 479 975 524 et
1016 485 1083 523 ne
1112 469 1387 524 videretur
1415 471 1529 541 ipse
1550 471 1616 526 de
1638 486 1697 527 se
1724 488 1986 541 usurpare
2008 513 2021 537 ,

420 559 567 629 quod
600 575 707 613 non
733 572 882 625 erat;
908 570 968 613 ut
998 562 1277 616 veritatem
1305 562 1560 618 dictionis
1588 564 1860 627 ostendat,
1890 579 2027 633 prae-

420 650 574 706 misit
616 652 805 707 dicens
853 669 865 704 :
917 652 1039 707 Non
1086 654 1294 708 creditis
1315 657 1433 726 quia
1455 673 1548 727 ego
1579 657 1629 709 in
1668 668 1837 728 patre,
1866 667 1911 711 et
1937 674 2029 726 pa-

422 753 499 798 ter
526 745 580 797 in
614 761 692 797 me
712 745 737 797 ?
774 743 948 799 Verba
974 763 1087 818 qua:
1114 764 1205 820 ego
1234 748 1415 818 loquor
1433 748 1593 814 vobis,
1621 766 1651 801 a
1678 767 1756 803 me
1783 750 1893 822 ipso
1926 766 2027 803 non

419 836 606 907 loquor
639 855 651 890 :
693 847 837 909 pater
876 849 1043 894 autem
1086 841 1141 894 in
1187 857 1265 894 me
1296 857 1505 895 manens
1548 841 1657 913 ipse
1686 842 1937 911 loquitur,
1970 852 2018 895 et

420 948 578 1003 Opera
604 950 720 1003 quo:
748 950 841 1005 ego
873 934 1010 1004 facio
1050 936 1159 1006 ipse
1181 936 1305 1007 facit
1333 936 1514 1007 (.Ioan.
1541 952 1655 1003 xw,
1691 936 1805 1008 10).
1832 936 1940 992 Sed
1973 945 2027 992 et

416 1024 549 1079 alibi
583 1042 595 1076 :
640 1025 789 1080 Sicut
825 1027 999 1081 docuit
1042 1044 1120 1081 me
1162 1037 1327 1099 pater,
1364 1030 1472 1084 luet:
1513 1031 1697 1101 loquor
1721 1039 1807 1084 :et
1836 1031 1923 1101 qui
1950 1047 2028 1085 me

416 1120 581 1185 misit,
630 1136 829 1174 mecum
868 1131 964 1188 est,
1002 1131 1049 1176 et
1079 1140 1182 1177 non
1218 1125 1429 1195 reliquit
1448 1141 1528 1178 me
1554 1125 1744 1189 solum,
1770 1125 1892 1196 quia
1914 1140 2029 1193 qua:

414 1212 614 1282 placita
634 1224 752 1267 sunt
778 1215 842 1282 ei,
873 1214 1010 1285 facio
1038 1233 1235 1287 semper
1257 1216 1440 1290 (Joan.
1475 1234 1589 1279 vttt,
1620 1218 1714 1283 23,
1745 1217 1872 1284 ‘29).
1902 1216 2022 1272 Non

413 1304 537 1372 quia
570 1305 713 1360 lilius
739 1306 1017 1376 ignoraret
1045 1309 1172 1378 quid
1200 1310 1303 1365 sibi
1348 1311 1677 1380 loquendum
1707 1322 1825 1367 erat
1853 1330 1864 1364 :
1899 1311 2027 1381 quid

415 1408 502 1453 est
541 1398 690 1454 enim
740 1399 883 1470 quod
930 1401 1021 1456 Dei
1058 1402 1323 1471 sapientia
1365 1403 1614 1474 ignoret?
1643 1403 1749 1458 Sed
1788 1412 1848 1457 ut
1877 1402 2029 1457 duri-

416 1487 547 1544 tiam
579 1491 859 1547 indomitte
891 1492 1012 1547 ﬁdei
1048 1504 1153 1548 tuae
1183 1494 1248 1547 ad
1279 1494 1422 1563 piam
1453 1494 1651 1547 divinae
1679 1495 1909 1548 unitatis
1939 1495 2027 1547 in-

414 1583 780 1655 telligentiam
819 1586 992 1654 patris
1014 1602 1232 1656 quoque
1261 1587 1582 1640 auctoritate
1611 1585 1866 1653 molliret,
1902 1585 1977 1639 ait
2011 1602 2023 1637 :

412 1673 576 1731 Pater
601 1676 653 1730 in
687 1693 765 1731 me
801 1694 1011 1731 manens
1040 1679 1147 1749 ipse
1169 1678 1396 1749 loquitur
1427 1676 1607 1750 (Joan.
1642 1694 1755 1741 xtv,
1783 1674 1907 1746 10);
1941 1677 2025 1731 vel

2131 473 2275 531 Deus
2303 492 2406 530 non
2434 486 2536 532 est.
2572 478 2835 534 Voluntas
2866 481 2958 535 Dei
2983 484 3305 539 naturaliter
3327 486 3466 540 bona
3488 495 3591 553 est,
3619 505 3737 559 pcr-

2130 567 2267 622 Iecta
2303 577 2409 632 est,
2444 570 2848 628 indemntabilis
2875 582 2979 641 est,
3010 590 3226 646 semper
3255 578 3445 633 eadem
3474 580 3734 649 existens,

2127 670 2181 714 et
2211 660 2327 715 sine
2348 661 2502 716 initio
2531 664 2799 729 existens,
2849 677 2904 721 et
2933 666 3051 721 sine
3082 670 3185 722 line
3216 684 3601 737 perseverans.
3630 670 3737 727 Vo-

2129 750 2308 806 luntas
2346 768 2475 808 vero
2509 754 2627 825 ejus
2671 756 2762 827 qui
2806 774 2910 813 non
2963 769 3045 813 est
3070 760 3231 828 Deus,
3264 778 3328 816 eo
3358 764 3499 833 quod
3532 765 3732 820 habeat

2084 914 2087 917 _
2129 843 3053 922 initium,sicutetipsequinoncst
3082 855 3224 911 Deus
3255 868 3500 926 potestet
3522 868 3736 927 nutare,

2131 947 2312 1010 potest
2339 951 2393 996 et
2422 944 2573 1006 verti,
2600 944 2826 999 sicutiet
2856 946 2970 1016 ipse
3000 950 3088 1017 qui
3111 965 3215 1002 non
3235 959 3316 1004 est
3348 951 3490 1007 Deus
3515 970 3527 1004 :
3552 968 3614 1007 ac
3645 969 3739 1022 per

2132 1028 2237 1085 hoc
2260 1048 2364 1087 non
2385 1050 2511 1089 vere
2528 1035 2689 1101 bona,
2710 1038 2833 1106 quia
2855 1055 2959 1092 non
2979 1042 3292 1097 naturaliter
3304 1043 3464 1107 bona,
3485 1061 3584 1101 nec
3609 1061 3738 1102 vere

2133 1126 2395 1195 perlecta,
2421 1144 2542 1199 qua:
2568 1139 2749 1199 potest
2776 1135 2911 1195 verti
2937 1145 2991 1189 et
3021 1136 3224 1190 minui:
3251 1136 3324 1191 ita
3349 1146 3407 1192 ut
3426 1140 3570 1210 quod
3598 1144 3617 1172 ²
3641 1141 3739 1196 ho-

2133 1216 2222 1274 die
2254 1220 2440 1287 voluit,
2473 1223 2714 1279 crastino
2745 1226 2897 1294 nolit,
2928 1238 2981 1283 et
3016 1229 3159 1299 quod
3193 1231 3356 1289 hodie
3385 1234 3582 1304 noluit,
3615 1252 3733 1293 cra-

2133 1311 2278 1366 stino
2306 1313 2457 1370 velit.

2206 1404 2345 1460 XIV.
2392 1408 2575 1463 Dicam
2612 1414 2861 1483 exemplo
2907 1418 3147 1482 apertius
3181 1437 3191 1472 :
3240 1419 3481 1490 Angelus
3512 1423 3615 1479 iste
3643 1426 3735 1496 qui

2134 1511 2276 1551 nunc
2304 1498 2551 1555 diabolus
2579 1514 2682 1567 cst,
2715 1516 3005 1578 antequam
3050 1511 3203 1567 ﬁeret
3232 1513 3504 1582 diabolus,
3537 1517 3732 1573 bonam

2133 1588 2325 1647 habuit
2351 1594 2716 1665 voluntatem;
2749 1600 2842 1654 sed
2882 1601 2972 1656 ubi
3004 1602 3176 1659 lactus
3206 1617 3289 1662 est
3316 1607 3582 1677 diabolus,
3610 1626 3737 1680 pro-

2134 1685 2236 1753 prii
2281 1688 2487 1742 arbitrii
2542 1690 2835 1758 agitatione
2879 1696 3057 1750 amisit
3114 1698 3313 1753 bonam
3359 1702 3729 1769 voluntatem;

413 1766 545 1822 illud
570 1809 585 1835 ,
632 1770 765 1822 sicut
796 1769 973 1823 docuit
1016 1786 1096 1825 me
1132 1780 1276 1840 pater
1298 1812 1312 1835 ,
1345 1769 1456 1823 Ita’c
1487 1771 1669 1838 loquor
1701 1768 1881 1840 (Joan.
1909 1784 2024 1835 Vlll,

2135 1776 2257 1833 ideo
2288 1780 2514 1847 scilicet,
2540 1785 2664 1849 quia
2688 1801 2754 1840 ex
2783 1787 2986 1842 factura
3012 1788 3035 1818 ³
3061 1790 3339 1859 subsistit,
3368 1802 3421 1848 et
3444 1810 3551 1849 non
3582 1805 3735 1851 natu-

411 1858 530 1929 28).
580 1859 733 1915 Sicut
776 1869 955 1915 autem
998 1876 1161 1931 opera
1194 1861 1329 1928 ﬁlii,
1371 1876 1535 1930 opera
1562 1861 1729 1930 patris
1770 1870 1934 1927 sunt,
1960 1875 2028 1916 eo

413 1951 561 2021 quod
609 1952 839 2007 faciente
875 1952 1010 2018 ﬁlio,
1044 1961 1196 2020 pater
1230 1953 1281 2006 in
1313 1952 1432 2021 ipso
1465 1966 1693 2007 manens
1724 1950 1916 2006 faciat:
1952 1953 2025 2005 ita

413 2044 560 2115 quod
605 2045 845 2116 loquitur
886 2045 1063 2110 illius,
1114 2055 1269 2113 pater
1301 2045 1353 2099 in
1386 2046 1505 2113 ipso
1530 2060 1754 2100 manens
1789 2045 2027 2116 loquitur

412 2154 524 2195 non
551 2140 720 2207 aliud,
754 2155 914 2209 quam
945 2137 1090 2208 quod
1119 2138 1358 2208 loquitur
1381 2137 1562 2202 ﬁlius;
1596 2138 1721 2208 quia
1752 2154 1849 2192 nec
1882 2138 2027 2192 ﬁlius

411 2232 559 2286 aliud
593 2231 854 2301 loquitur,
878 2246 1042 2300 quam
1068 2230 1212 2300 quod
1240 2229 1480 2299 loquitur
1502 2240 1658 2299 pater
1687 2230 1740 2283 in
1769 2230 1891 2300 ipso
1914 2245 2028 2284 ma-

410 2340 573 2381 nens.
606 2322 812 2379 Eadem
843 2338 974 2394 ergo
1006 2324 1172 2393 patris
1200 2332 1253 2377 et
1284 2322 1381 2376 ﬁlii
1406 2322 1617 2393 loquela
1646 2331 1750 2387 est,
1776 2322 1911 2377 sicut
1936 2337 2026 2377 ea—

413 2420 539 2476 dem
589 2429 644 2475 et
691 2419 969 2488 operatio;
1004 2428 1059 2473 et
1100 2418 1221 2473 ideo
1268 2416 1515 2483 dicebat,
1552 2418 1781 2487 alioquin
1816 2428 2026 2488 promer

415 2528 577 2583 opera
602 2512 717 2576 ipsa
745 2511 937 2565 credite
979 2509 1159 2581 (Joan.
1189 2525 1301 2575 xrv,
1333 2510 1445 2580 η).
1475 2509 1605 2576 Quae
1631 2510 1816 2580 utique
1836 2510 2029 2563 simili-

414 2616 500 2661 ter
541 2606 774 2661 l'aciebat
816 2615 876 2660 ut
918 2614 1072 2673 pater
1122 2622 1135 2659 :
1178 2614 1237 2659 ut
1270 2614 1547 2675 postremo
1576 2604 1662 2658 vel
1699 2604 2025 2659 auctoritate

415 2716 647 2769 operum
681 2699 1020 2767 crederetur,
1050 2699 1175 2771 quia
1203 2698 1344 2755 ﬁlius
1388 2700 1441 2755 in
1470 2709 1624 2771 patre
1644 2708 1727 2780 est
1746 2741 1760 2767 ,
1787 2711 1842 2755 et
1871 2705 2025 2770 pater

417 2796 475 2852 in
503 2796 635 2851 ﬁlio.

490 2889 630 2945 XIII.
661 2889 776 2945 Hoc
801 2897 983 2943 autem
1014 2902 1121 2958 quo
1145 2886 1308 2943 modo
1334 2885 1743 2958 intelligendum
1770 2894 1856 2941 est
1878 2885 2024 2956 quod

416 2984 517 3052 ait,
563 2984 677 3054 Ego
718 2985 771 3037 in
816 2993 961 3054 patre
992 2992 1038 3036 et
1075 2992 1221 3053 pater
1259 2982 1313 3035 in
1341 2998 1441 3047 me,
1467 2981 1579 3053 jam
1612 2997 1776 3051 supra
1801 2980 2021 3051 exposi-

414 3086 533 3133 tum
581 3086 685 3133 est.
729 3075 837 3132 Sed
866 3084 922 3132 et
953 3091 1097 3131 nunc
1126 3076 1348 3131 brevius
1377 3075 1573 3129 dicam.
1601 3073 1911 3130 Secundum
1941 3073 2024 3127 in—

2134 1870 2322 1926 raliler
2366 1872 2504 1926 Deus
2550 1886 2651 1931 est.
2710 1877 2823 1933 Iloc
2864 1890 2918 1933 et
2946 1880 3014 1935 de
3045 1884 3192 1936 omni
3222 1894 3467 1939 creatura
3500 1888 3735 1943 rationa-

2133 1962 2227 2017 bili
2269 1967 2613 2024 sentiendum
2661 1982 2743 2026 est
2777 1990 2790 2024 :
2825 1976 2928 2029 etsi
2963 1978 3106 2031 enim
3148 1979 3363 2047 quidam
3404 1998 3590 2037 eorum
3623 2001 3730 2039 non

2132 2056 2561 2128 declinaverunt,
2594 2078 2771 2135 neque
2789 2066 3064 2123 declinant
3096 2088 3121 2122 :t
3155 2070 3291 2125 bona
3315 2073 3624 2142 voluntate;
3657 2086 3733 2131 ta-

2132 2163 2255 2204 men
2282 2150 2301 2179 ‘
2343 2152 2395 2206 in
2443 2164 2635 2210 natura
2668 2157 2871 2213 habent
2907 2177 3066 2228 posse
3093 2163 3392 2232 declinare,
3425 2169 3547 2237 quia
3579 2184 3731 2224 crea-

2132 2251 2265 2299 turae
2303 2258 2449 2314 sunt,
2484 2260 2537 2303 et
2578 2266 2683 2306 non
2717 2254 2873 2309 Deus.
2910 2255 3024 2310 Hoc
3054 2258 3197 2313 enim
3235 2261 3375 2330 quod
3414 2279 3519 2317 non
3564 2264 3731 2319 decli-

2130 2348 2290 2406 nant,
2326 2356 2396 2396 cx
2429 2341 2724 2414 disciplina:
2756 2357 3011 2418 perpetua
3041 2351 3421 2410 observatione
3461 2357 3726 2425 obtinent,

2130 2446 2237 2485 non
2272 2449 2336 2488 ex
2370 2435 2389 2464 ⁵
2420 2445 2623 2491 natura:
2654 2438 3061 2497 indemntabilis
3094 2448 3345 2503 veritate.
3381 2449 3522 2505 Deus
3552 2462 3728 2508 autem

2131 2524 2151 2554 ⁶
2190 2525 2307 2595 ipse
2348 2529 2495 2585 solus
2542 2532 2661 2586 sine
2692 2533 2844 2589 initio
2870 2535 3045 2591 bonus
3072 2548 3125 2593 et
3148 2540 3421 2608 perfectus
3450 2552 3505 2599 et
3535 2546 3728 2601 incon-

2127 2621 2393 2677 vertibilis
2434 2633 2517 2677 est
2559 2626 2677 2681 sine
2703 2626 2887 2693 initio,
2922 2630 3123 2686 habens
3152 2650 3366 2704 quoque
3402 2637 3596 2693 bonam
3628 2656 3721 2695 vo-

2129 2711 2391 2769 luntatem
2421 2724 2476 2769 et
2504 2717 2797 2787 perfectam
2827 2733 2880 2777 et
2907 2723 3408 2795 inconvertibilem;
3445 2746 3547 2785 non
3576 2733 3728 2787 insti-

2128 2806 2336 2861 tutione
2359 2848 2375 2874 ,
2410 2825 2589 2881 neque
2624 2828 2688 2868 ex
2736 2816 2978 2886 profectu
3008 2820 3409 2879 observationis
3435 2826 3595 2880 habet
3632 2829 3727 2883 bo-

2128 2914 2252 2954 nam
2279 2912 2334 2957 et
2363 2904 2655 2972 perfectam
2682 2918 2737 2963 ct
2759 2911 3225 2970 inconvertibilem
3246 2918 3603 2986 voluntatem,
3629 2922 3724 2977 sed

2127 3006 2194 3045 ex
2235 3003 2441 3049 natura:
2480 2998 2880 3056 indemntabilis
2915 3005 3162 3071 veritate,
3214 3024 3317 3077 qua
3371 3019 3425 3064 et
3467 3010 3641 3068 bonus
3672 3023 3726 3069 et

2127 3085 2398 3153 perfectus
2426 3098 2479 3143 et
2511 3088 2943 3149 inconvertibilis
2982 3096 3121 3152 Deus
3150 3108 3253 3153 est.
3289 3101 3514 3168 Viderit,
3553 3105 3599 3159 si
3623 3120 3726 3175 qua

416 3170 777 3226 diﬁ'erentiam
807 3170 1127 3225 substantiae
1164 3167 1492 3223 audiendum
1526 3178 1631 3236 est,
1661 3168 1771 3241 Ego
1800 3170 1853 3222 in
1880 3177 2024 3240 patre
2052 3158 2099 3222 C
2134 3179 2376 3234 fortassis
2414 3192 2502 3237 est
2530 3183 2771 3250 bmresis,
2814 3203 2933 3255 qua,
2965 3187 3108 3245 hunc
3136 3206 3355 3247 sensum
3381 3206 3602 3265 respuat
3628 3216 3639 3249 ε
3672 3206 3728 3253 ιιι

414 3272 463 3318 et
501 3273 646 3335 pater
692 3266 745 3317 in
791 3279 891 3318 me.
939 3261 1044 3318 Sed
1092 3271 1147 3318 et
1189 3262 1323 3316 illud
1356 3262 1501 3331 quod
1533 3263 1631 3329 ait,
1663 3262 1777 3333 Ego
1803 3272 1850 3315 et
1880 3274 2051 3331 pater'

417 3377 584 3416 unum
614 3377 833 3427 sumus,
878 3358 1177 3416 secundum
1227 3358 1652 3415 indill‘erentiam
1709 3359 2025 3414 substantia:

412 3470 584 3508 unum
611 3461 740 3508 sunt
771 3461 922 3522 pater
943 3462 997 3507 et
1023 3452 1184 3506 ﬁlius.
1211 3449 1347 3506 Nolo
1368 3466 1520 3521 ergo,
1549 3451 1714 3519 impie
1743 3451 2023 3515 htereticc,

416 3557 481 3602 ut
509 3545 929 3601 indiﬁ'erentiam
958 3544 1275 3598 substantia:
1306 3544 1475 3613 patris
1503 3552 1559 3598 et
1586 3544 1680 3597 ﬁlii
1711 3543 1947 3610 adimas,
1972 3552 2029 3598 et

421 3640 735 3710 importune
764 3637 1025 3693 unitatem
1056 3636 1352 3690 voluntatis
1386 3635 1706 3702 interseras,
1742 3652 1904 3706 quam
1932 3635 2029 3690 ali-

421 3731 478 3789 bi
519 3733 684 3801 impie
713 3744 879 3801 negas
922 3728 1189 3785 dicendo:
1220 3729 1492 3798 Scriptum
1534 3738 1655 3795 est,
1687 3727 1943 3783 Descendi
1969 3729 2031 3783 de

425 3825 576 3892 etelo,
600 3840 704 3877 non
728 3833 783 3876 ut
812 3823 1001 3886 faciam
1024 3821 1339 3875 uoluntatem
1362 3837 1559 3885 meam,
1592 3820 1683 3873 sed
1714 3822 2029 3875 voluntatem

426 3922 537 3993 ejus
566 3918 656 3987 qui
684 3916 823 3969 misit
848 3931 925 3967 me
954 3916 1116 3984 patris
1145 3911 1325 3983 (loan.
1359 3927 1435 3978 vt,
1460 3909 1575 3982 58).
1606 3912 1705 3978 Qui
1736 3912 1789 3966 in
1810 3912 1915 3968 hoc
1943 3928 2032 3969 ca-

424 4008 605 4080 pitqu
645 4007 898 4076 ignorans
920 4001 1175 4057 dictionis
1202 4004 1320 4071 ejus
1346 4012 1770 4069 sacramentum,
1800 4013 1908 4059 tam
1934 4006 2033 4061 im-

427 4103 520 4174 pie
565 4114 730 4170 negas
758 4096 925 4169 patris
958 4104 1010 4151 et
1038 4094 1135 4150 ﬁlii
1164 4110 1329 4151 unam
1358 4110 1480 4151 esse
1504 4096 1876 4165 voluntatem;
1900 4114 2034 4168 quo-

430 4194 598 4250 modo
634 4192 729 4247 tibi
765 4189 1017 4254 credam,
1059 4188 1182 4255 quia
1225 4188 1518 4244 sinceriter
1561 4188 1857 4257 conﬁteris,
1890 4190 2034 4261 quod

431 4301 541 4342 una
583 4284 776 4341 eadem
802 4282 1058 4337 voluntas
1090 4284 1257 4350 patris
1277 4290 1332 4337 et
1354 4276 1449 4334 lilii
1471 4281 1804 4352 signiﬁcetur
1849 4283 1900 4338 in
1932 4282 2036 4339 hoc

433 4379 580 4453 quod
606 4375 971 4446 pronuntiavit
994 4373 1254 4429 Dominus
1272 4372 1481 4440 dicens,
1498 4372 1611 4445 Ego
1634 4384 1678 4429 et
1709 4385 1853 4444 pater
1876 4393 2037 4430 unum

435 4473 655 4529 sumus?
682 4470 763 4527 Tu
806 4469 854 4523 si
893 4483 1019 4523 vere
1043 4467 1246 4532 credis,
1280 4467 1425 4537 quod
1453 4476 1604 4537 pater
1632 4479 1687 4523 et
1708 4469 1850 4525 ﬁlius
1871 4486 2036 4525 unum

2130 3278 2307 3327 tamen
2324 3275 2593 3345 praecipue
2618 3277 2683 3331 ad
2710 3278 2832 3343 hoc,
2862 3280 3085 3347 Ariane,
3119 3288 3417 3352 censentis,
3450 3290 3542 3358 qui
3574 3298 3629 3345 et
3651 3292 3730 3361 ip-

2130 3378 2248 3419 sum
2274 3367 2441 3422 lilium
2466 3369 2561 3424 Dei
2586 3387 2745 3441 quem
2776 3374 2940 3430 totius
2962 3386 3224 3433 creatura:
3254 3380 3534 3435 Dominum
3563 3385 3731 3438 conﬁ-

2133 3458 2300 3523 teris,
2338 3460 2357 3487 ⁷
2402 3463 2703 3517 vertihilem
2735 3475 2789 3518 et
2826 3466 3142 3523 mutabilem
3175 3470 3308 3525 dicis
3332 3515 3346 3535 ,
3377 3473 3519 3543 quod
3545 3491 3731 3532 eumva

2134 3546 2245 3602 Deo
2282 3550 2479 3604 laetum
2522 3550 2588 3608 de
2621 3554 2790 3610 nihilo
2820 3558 3102 3626 praedicas,
3136 3578 3241 3617 non
3273 3565 3294 3595 ⁸
3326 3575 3501 3621 tamen
3525 3568 3591 3624 de
3620 3570 3732 3624 Deo

2131 3654 2261 3695 vere
2301 3651 2505 3697 natum.
2538 3646 2593 3700 Si
2624 3645 2740 3703 haec
2772 3650 2862 3704 tibi
2895 3656 3164 3708 sententia
3207 3665 3291 3710 est
3312 3699 3327 3722 ,
3377 3660 3519 3728 quod
3552 3662 3732 3717 omnis

2134 3744 2381 3789 creatura
2432 3739 2700 3795 vertihilis
2733 3752 2817 3797 est
2838 3752 2895 3798 et
2921 3748 3218 3815 mutabilis,
3249 3749 3524 3808 Christum
3552 3764 3732 3812 autem

2134 3823 2269 3879 dicis
2301 3842 2422 3882 esse
2453 3841 2756 3887 creaturam
2784 3852 2796 3888 :
2832 3851 2959 3907 ergo
2984 3846 3040 3893 et
3067 3840 3199 3909 ipse,
3228 3844 3525 3900 secundum
3565 3858 3636 3912 te,
3665 3865 3732 3904 ex

2136 3920 2446 3975 conditione
2475 3926 2494 3955 ο
2520 3935 2728 3980 natura:
2762 3930 3025 3985 vertihilis
3051 3943 3105 3988 et
3149 3937 3424 3992 mutabilis
3460 3940 3728 4004 existens.

2136 4026 2245 4066 non
2284 4013 2446 4069 habet
2479 4016 2943 4076 inconvertibilem
2977 4034 3031 4077 et
3071 4025 3513 4086 indemntabilem
3546 4036 3736 4090 volun-

2139 4112 2325 4160 tatem.
2360 4106 2717 4179 thuomodo
2740 4113 3133 4185 interpretaris,
3159 4122 3301 4191 quod
3331 4135 3484 4193 pater
3506 4136 3561 4182 et
3593 4129 3733 4186 ﬁlius

2139 4213 2304 4254 unum
2353 4211 2481 4257 sunt
2511 4206 2824 4263 voluntate?
2854 4225 2975 4264 cum
3009 4214 3176 4282 patris
3204 4225 3257 4269 et
3284 4218 3399 4285 lilii,
3431 4223 3729 4280 secundum

2140 4298 2215 4356 te,
2263 4293 2491 4351 diversre
2529 4299 2639 4354 sint
2664 4300 2969 4359 voluntates
2996 4316 3049 4359 et
3079 4310 3405 4376 contrariae;
3435 4316 3559 4383 quia
3594 4318 3737 4372 scili—

2140 4393 2225 4439 cet
2255 4401 2359 4441 una
2390 4397 2475 4444 est
2495 4390 2894 4449 indemntabilis
2925 4406 2981 4452 et
3005 4398 3454 4471 inconvertibilis,
3485 4407 3587 4461 alia
3610 4424 3737 4465 vero

2142 4478 2416 4533 mutabilis
2457 4490 2512 4535 et
2547 4485 2939 4555 convertibilis,
2983 4488 3408 4558 deprehenderis
3446 4498 3739 4570 etdetege-

436 4576 566 4622 sunt
611 4564 926 4628 voluntate,
964 4577 1071 4616 non
1116 4559 1277 4615 video
1318 4560 1593 4631 quomodo
1637 4577 1837 4633 negare
1862 4565 2038 4632 possis
2063 4554 2118 4615 D
2144 4567 2240 4635 ris,
2273 4569 2525 4627 Itteretice
2552 4573 2911 4643 fraudulente,
2940 4584 3210 4650 quomodo
3235 4590 3449 4641 conaris
3466 4588 3739 4660 simplices

443 4663 567 4730 quia
594 4669 651 4715 et
686 4656 987 4714 substantia
1038 4666 1093 4710 et
1140 4654 1425 4710 divinitate
1467 4663 1521 4709 et
1574 4664 1841 4723 potestate
1872 4673 2036 4711 unum

441 4761 589 4809 sunt.
628 4750 804 4818 Quare
833 4748 988 4814 enim
1034 4761 1140 4801 non
1186 4761 1289 4800 una
1352 4746 1652 4801 substantia
1687 4749 1779 4815 sit,
1808 4765 1909 4803 una
1961 4748 2041 4803 di-

436 4843 634 4899 vinitas
677 4849 739 4900 et
784 4846 1042 4908 potestas,
1089 4837 1284 4907 quibus
1339 4851 1448 4890 una
1496 4840 1745 4893 voluntas
1804 4840 1930 4895 est?
1982 4841 2042 4897 Si

442 4936 589 4994 enim
635 4948 702 4989 ex
753 4944 908 5000 (equo
945 4928 1054 4981 illis
1085 4928 1335 4982 voluntas
1373 4938 1477 4993 est,
1510 4944 1575 4983 ex
1604 4945 1759 5001 aequo
1785 4931 2041 4988 divinitas

446 5039 553 5088 est.
586 5025 645 5084 Si
677 5038 783 5079 non
814 5036 883 5077 ex
907 5036 1061 5090 aequo
1088 5020 1362 5089 divinitas,
1392 5037 1494 5077 nec
1512 5038 1577 5077 ex
1602 5039 1757 5095 atquo
1776 5027 2044 5083 voluntas.

441 5126 540 5183 Dei
563 5122 705 5180 enim
731 5116 999 5181 voluntas,
1025 5124 1080 5170 et
1103 5114 1410 5183 cujuslibet,
1441 5132 1547 5172 non
1578 5128 1757 5175 tamen
1798 5121 1915 5188 Dei,
1948 5138 2043 5178 vo.

436 5220 622 5276 luntas
654 5217 670 5247 ¹
702 5211 915 5287 pariare
950 5223 1059 5264 non
1113 5216 1329 5279 potest:
1356 5210 1483 5278 quia
1508 5210 1615 5265 alia
1636 5222 1722 5267 est
1748 5213 1830 5269 vis
1852 5218 2045 5273 volun-

506 5362 524 5391 ι
568 5358 816 5421 Pariare,
850 5352 1049 5435 id‘eSl,
1084 5365 1339 5435 κείναν·
1540 5420 1585 5435 ..
1726 5424 1737 5435 .

505 5438 526 5466 ²
570 5428 741 5484 Hodie
797 5420 1026 5497 uoluit,_
1056 5422 1281 5497 crastino
1325 5421 1487 5497 _noli_t.
1540 5420 1667 5478 Haec
1724 5424 2035 5497 improvide

432 5504 636 5588 omissa
659 5496 873 5588 quthﬂin
899 5494 1138 5552 editione
1163 5492 1482 5550 Oxoniensi.

513 5581 533 5610 ³
575 5566 866 5627 Subdidit..

504 5646 524 5674 δι
566 5642 809 5696 lunatum
838 5638 1012 5693 Paris.
1047 5638 1171 5695 Iort.
1204 5636 1459 5695 lunatum
1496 5636 1701 5694 habent.

507 5719 526 5751 ³
566 5714 850 5773 Creaturte.

2146 4664 2352 4718 animas
2392 4666 2783 4724 circumvenire
2813 4682 2866 4727 et
2894 4687 3109 4743 capere.
3142 4676 3484 4736 Constrictus
3511 4685 3657 4740 enim
3687 4696 3741 4742 et

2148 4768 2451 4815 coarctatus
2492 4763 2800 4819 testimonio
2842 4767 3129 4825 dominica:
3173 4777 3629 4841 pronuntiationis
3656 4780 3740 4836 di-

2142 4852 2338 4915 centis.
2374 4853 2485 4925 qu
2504 4866 2553 4910 et
2576 4869 2722 4927 pater
2744 4876 2903 4915 unum
2931 4880 3133 4931 sumus,
3160 4866 3302 4924 utde
3329 4869 3432 4927 hac
3459 4888 3589 4930 voce
3610 4892 3743 4945 qua-

2140 4944 2497 5017 Iitercumque
2528 4950 2567 4981 ²⁰
2594 4952 2803 5019 cvoles,
2835 4971 2954 5024 qua:
2990 4957 3154 5014 claris
3192 4966 3536 5022 sermonibus
3569 4968 3620 5022 in
3653 4985 3743 5036 pa-

2146 5045 2227 5092 tre
2268 5048 2323 5093 et
2352 5041 2462 5095 ﬁlio
2493 5042 2752 5099 unitatem
2780 5046 2995 5103 deitatis
3017 5054 3278 5121 ostendit,
3298 5060 3624 5114 succubuisti
3650 5077 3745 5117 ne-

2145 5131 2432 5195 cessitate,
2460 5151 2565 5188 non
2611 5136 2869 5205 arbitrio,
2894 5140 2958 5194 ad
2997 5141 3102 5198 hoc
3141 5154 3201 5201 ut
3244 5149 3327 5203 vel
3370 5150 3408 5179 “
3441 5150 3508 5204 ad
3553 5168 3746 5209 mOnu-

2146 5233 2383 5277 mentum
2414 5225 2464 5278 in
2494 5228 2751 5296 praesenti
2775 5232 3014 5302 capitulo
3034 5240 3262 5294 summis
3290 5239 3470 5309 labiis,
3501 5252 3640 5300 etut
3672 5244 3743 5301 ita

2215 5362 2235 5391 ⁸
2274 5362 2427 5419 Sicut
2455 5366 2617 5423 solus.

2214 5434 2233 5464 ⁷
2273 5433 2441 5491 Deum
2470 5441 2771 5498 vertibilem.

2214 5505 2236 5536 ⁸
2274 5506 2437 5565 Forte
2466 5521 2660 5567 autem.

2215 5579 2236 5609 θ
2276 5576 2539 5638 Creaturte
2564 5588 2928 5644 convertibilis.

2216 5650 2258 5681 ¹⁰
2297 5650 2371 5704 Te
2395 5657 2551 5711 voles.

2216 5721 2255 5752 ”
2297 5723 2377 5776 Ad
2405 5738 2805 5784 monumentum.
2846 5730 3040 5800 Forte,
3072 5735 3143 5791 ad
3170 5747 3499 5795 momentum.
