4150 6176
352 272 425 328 49
1747 274 1836 331 DE
1872 271 2267 333 TRINITATE.
3591 286 3666 343 50

346 389 606 455 dixerim,
637 387 926 459 superﬁcie
964 389 1078 443 sola
1118 389 1429 459 verborum,
1472 390 1735 446 unitatem
1763 390 1960 445 volun-
1982 401 2039 462 Α
2063 406 2292 469 vacuum
2334 392 2668 463 miserimus,
2712 405 2891 452 tamen
2933 398 3109 455 adhuc
3154 398 3206 453 in
3237 398 3334 453 Dei
3377 397 3548 470 gratia
3572 413 3666 454 re—

344 484 475 538 tatis
498 484 807 547 interseras,
843 497 949 550 quo
976 483 1289 551 expressius
1312 492 1367 537 et
1395 484 1634 538 vivacius
1666 491 1718 537 et
1746 481 1957 536 medul-

349 576 487 630 litus
520 577 771 629 unitatem
810 574 1032 629 deitatis
1072 576 1409 631 cxcluderes.
1442 575 1611 630 Tollis
1638 576 1781 629 enim
1828 589 1955 630 sen-

355 686 479 725 sum
500 711 513 729 .
546 669 745 723 unitate
794 668 1134 731 substantire,
1169 670 1258 739 qui
1289 670 1444 724 facile
1471 669 1714 725 creditur
1740 684 1807 723 ex
1837 669 1953 739 ipsa

356 765 695 832 simplicitate
728 763 1050 829 verborum;
1083 772 1135 818 et
1158 765 1531 834 interpretaris
1560 779 1802 828 sensum,
1830 763 1948 817 uni-

356 866 464 912 tate
513 857 841 920 voluntatis;
893 859 908 887 ³
956 865 1014 910 ut
1036 857 1159 925 quia
1188 872 1349 926 supra
1377 857 1512 911 dicta
1547 859 1683 911 ratio
1703 857 1820 927 ejus
1846 870 1952 909 non

349 949 507 1004 facile
537 948 677 1018 apud
703 963 897 1003 omnes
921 949 1259 1017 intelligitur,
1290 951 1506 1004 interim
1534 950 1835 1019 simplicem
1863 949 1957 1004 de-

344 1042 516 1111 cipias
554 1040 883 1106 auditorem,
919 1055 1041 1093 cum
1068 1040 1197 1094 illud
1226 1043 1340 1111 agis
1371 1056 1439 1096 ne
1470 1042 1730 1095 unitatem
1759 1040 1955 1095 divini-

347 1135 475 1186 tatis
522 1133 815 1201 intelligat.
863 1132 994 1187 Nam
1025 1141 1081 1188 et
1112 1134 1368 1187 unitatem
1398 1134 1690 1188 voluntatis
1719 1137 1769 1188 in
1804 1147 1955 1204 patre

346 1235 400 1279 et
433 1224 567 1286 lilio,
601 1224 734 1278 ﬁdes
765 1224 1031 1279 catholica
1064 1225 1433 1281 sinceriSsime
1460 1236 1513 1281 et
1536 1226 1816 1281 verissime
1839 1240 1956 1281 cre-

346 1318 450 1383 dit,
500 1332 609 1372 non
656 1318 808 1373 labiis
852 1317 1111 1391 (tantum)
1154 1318 1249 1374 sed
1288 1329 1341 1373 et
1373 1329 1487 1375 toto
1516 1319 1712 1388 corde,
1750 1337 1871 1391 qure
1902 1330 1956 1376 et

352 1412 616 1466 unitatem
664 1412 982 1465 sabstantiJ:
1032 1421 1085 1466 et
1132 1412 1428 1467 divinitatis
1481 1415 1747 1484 agnoscit.
1802 1417 1955 1470 Sicut

357 1506 503 1560 enim
536 1504 941 1559 indemutabilis
970 1514 1024 1558 et
1066 1504 1493 1560 inc0nvertibilis
1524 1514 1607 1560 est
1637 1507 1953 1561 substantiae

348 1613 473 1652 cum
502 1597 662 1651 Patre
690 1596 883 1661 Filius,
924 1598 996 1651 ita
1022 1605 1075 1651 ct
1112 1598 1516 1652 indemutabilis
1542 1608 1597 1653 et
1627 1600 1958 1655 inconverti-

349 1687 472 1741 bilis
503 1688 793 1743 voluntatis
821 1698 906 1743 est
935 1704 1058 1743 cum
1093 1690 1252 1745 Patre
1283 1690 1470 1745 Filius.
1506 1692 1681 1761 Atque
1703 1690 1826 1747 ideo
1848 1708 1953 1747 una

2062 486 2356 556 petendam
2408 487 2564 543 nobis
2607 500 2727 556 est,
2790 500 2846 545 et
2890 492 3177 562 impudens
3217 495 3237 525 ⁸
3268 509 3459 549 eorum
3504 493 3659 549 frons

2056 579 2149 634 illa
2172 596 2292 647 quze
2318 590 2401 636 est
2428 582 2548 637 sine
2575 584 2729 653 signo
2744 584 2978 650 Domini,
2997 585 3203 639 crebris
3226 587 3664 643 testimoniorum

2057 670 2327 741 lapidibus
2375 674 2626 728 elidenda
2668 688 2781 740 est;
2831 686 2911 741 ut,
2943 678 3043 731 etsi
3076 692 3181 731 non
3207 693 3334 731 caro
3365 694 3554 734 eorum
3584 679 3666 734 cf-

2057 762 2233 817 fundit
2267 780 2539 831 cruorem,
2595 767 2779 821 multis
2807 767 2827 797 ⁸
2869 769 3067 821 ell'ossa
3125 769 3444 824 vulneribus
3473 780 3657 826 tamen

2057 856 2183 909 vel’
2236 856 2413 925 pudor
2461 856 2762 912 suﬂ'usione
2788 860 3068 930 sanguinis
3097 862 3465 929 erubescat,si
3488 863 3656 918 etiam

2007 993 2015 999 .
2059 949 2080 978 ⁸
2126 962 2191 1001 ex
2256 948 2319 1001 iis
2368 964 2489 1019 qua:
2520 950 2737 1004 illorum
2763 965 2884 1007 esse
2911 952 3229 1022 scripseras.
3257 955 3659 1022 opprimantur.

2060 1038 2185 1091 llree
2211 1040 2370 1093 verba
2404 1042 2786 1096 luereticnrum
2807 1044 2887 1097 ais
2909 1058 3050 1097 esse.
3072 1043 3148 1098 Ex
3174 1043 3370 1107 nihilo.
3389 1046 3660 1116 inquiunt,

2058 1130 2201 1185 Deus
2241 1131 2342 1186 sibi
2391 1131 2560 1186 ﬁlium
2614 1133 2761 1187 fecit.
2812 1134 2867 1189 Si
2919 1134 3048 1189 fecit
3105 1150 3227 1190 eum
3283 1151 3347 1191 ex
3407 1136 3662 1204 nihilo,“

2058 1235 2306 1279 creatura
2350 1236 2455 1294 est,
2488 1237 2542 1282 et
2572 1243 2679 1281 non
2729 1228 2893 1284 lilius.
2924 1229 2991 1283 Et
3017 1229 3148 1300 quid
3178 1242 3281 1299 est,
3315 1230 3457 1301 quod
3493 1229 3662 1285 lilium

2058 1318 2216 1385 dicis,
2239 1336 2398 1389 quem
2426 1332 2726 1375 creaturam
2749 1336 2871 1377 esse
2897 1323 3211 1391 confirmas,
3235 1339 3359 1378 cum
3378 1324 3515 1379 dicis
3535 1340 3660 1379 eum

2059 1409 2257 1465 factum
2287 1428 2352 1467 ex
2384 1412 2553 1467 nihilo
2575 1414 2740 1468 esse?
2772 1430 2879 1468 non
2910 1429 3042 1485 ergo
3072 1427 3225 1484 potes
3250 1424 3305 1470 et
3333 1415 3505 1470 ﬁlium
3537 1432 3662 1471 eum

2055 1503 2234 1559 dicere
2256 1514 2309 1559 et
2328 1515 2636 1560 creaturam
2656 1525 2668 1559 :
2691 1507 2831 1561 lilius
2849 1508 2992 1562 enim
3008 1523 3073 1562 ex
3089 1509 3657 1575 nativitateconsistit,

2058 1607 2303 1653 creatura
2333 1615 2462 1655 vero
2494 1616 2561 1655 ex
2595 1602 2818 1657 factura.
2852 1603 2992 1670 Quid
3018 1605 3113 1658 tibi
3147 1605 3417 1659 contraria
3442 1604 3664 1675 proﬁte—

2060 1693 2169 1747 ris?
2212 1709 2379 1748 unum
2430 1696 2570 1766 elige
2613 1696 2681 1751 de
2725 1698 2939 1753 duobus
2970 1717 2982 1751 :
3014 1699 3102 1753 dic
3130 1709 3222 1753 aut
3244 1699 3410 1754 ﬁlium
3441 1714 3571 1755 vere
3596 1698 3664 1752 ﬁ-

350 1783 601 1837 voluntas
633 1792 713 1837 est
743 1782 919 1838 Patris
967 1792 1021 1838 et
1049 1783 1189 1849 Filii,
1214 1784 1551 1839 sicutetuna
1580 1786 1752 1838 virtus
1778 1794 1830 1839 et
1850 1800 1950 1839 una
1984 1794 2030 1853 Β
2060 1783 2229 1849 lium,
2263 1794 2358 1838 aut
2395 1799 2703 1842 creaturam
2739 1805 2870 1845 vere
2911 1800 3237 1845 creaturam.
3291 1791 3347 1846 Si
3384 1793 3457 1846 ita
3492 1791 3663 1846 ﬁlium

350 1877 551 1945 imago,
603 1874 776 1944 magis
802 1876 821 1905 ³
879 1884 971 1928 aut
993 1875 1221 1930 dixerim
1249 1876 1389 1945 quod
1420 1877 1536 1945 ipse
1569 1874 1736 1929 Filius
1761 1876 1952 1930 volun-

350 1978 432 2022 tas
477 1978 559 2023 est
608 1968 809 2022 Patris.
845 1967 1161 2023 Sientenim
1195 1968 1369 2022 Patris
1405 1978 1455 2022 et
1487 1968 1608 2022 Filii
1641 1983 1748 2022 una
1778 1968 1954 2038 imago

349 2078 474 2116 cum
504 2063 575 2116 sit
598 2064 893 2117 secundum
919 2063 1139 2134 Moysen
1163 2105 1176 2128 ,
1207 2071 1386 2117 tamen
1414 2073 1468 2117 el
1496 2064 1609 2132 ipse
1632 2062 1801 2117 Filius
1824 2067 1955 2116 ima-

353 2175 422 2228 go
472 2155 565 2210 Dei
613 2158 876 2211 invisibilis
928 2154 1154 2227 (Coloss.
1206 2174 1242 2221 ι,
1300 2156 1390 2227 15)
1431 2157 1687 2211 scribitur
1713 2156 1781 2212 ab
1811 2159 1957 2227 Apo-

352 2254 537 2312 stolo;
578 2252 647 2303 ita
697 2260 749 2304 et
793 2266 894 2305 una
944 2251 1197 2306 voluntas
1244 2266 1365 2305 cum
1410 2250 1683 2305 sitPatris
1715 2260 1769 2304 et
1795 2249 1954 2316 Filii,

358 2344 495 2415 (pie)
526 2343 781 2398 deﬁnitur
822 2343 965 2413 quod
998 2345 1247 2397 voluntas
1298 2344 1477 2399 Patris
1514 2354 1597 2398 est
1627 2344 1818 2398 Filius.
1854 2345 1959 2413 (Si-

353 2447 445 2490 cut
475 2440 582 2505 est)
619 2437 712 2491 Dei
744 2438 1031 2492 invisibilis
1080 2438 1278 2507 imago,
1306 2438 1557 2493 similiter
1581 2444 1635 2491 et
1664 2437 1729 2493 de
1753 2438 1957 2493 virtute

357 2530 621 2599 intellige.
657 2530 816 2584 Fides
839 2530 982 2584 enim
1028 2530 1294 2585 catholica
1326 2531 1478 2593 dicit,
1510 2546 1669 2584 unam
1703 2530 1957 2585 virtutem

356 2639 481 2679 esse
508 2623 684 2677 Patris
705 2634 756 2677 et
787 2622 945 2688 Filii;
973 2634 1025 2677 et
1056 2633 1231 2678 tamen
1259 2624 1442 2678 scribit
1464 2622 1777 2693 Apostolus,
1810 2622 1960 2677 Chri-

354 2730 495 2771 stum
520 2716 616 2770 Dei
643 2717 877 2771 virtutem
898 2734 1008 2772 esse
1031 2728 1077 2771 et
1107 2716 1201 2770 Dei
1223 2718 1527 2786 sapientiam
1556 2718 1601 2790 (ι
1628 2718 1746 2772 Cor.
1774 2735 1813 2785 1,
1837 2719 1954 2790 24).

358 2812 455 2866 Pie
497 2826 627 2881 ergo
656 2812 857 2865 dictum
890 2821 993 2876 εει,
1020 2811 1161 2880 quod
1190 2810 1360 2865 Filius
1383 2812 1630 2866 voluntas
1652 2820 1735 2866 est
1763 2811 1958 2876 Patris,

358 2904 505 2959 sicut
535 2904 677 2958 idem
723 2905 836 2972 ipse
863 2912 946 2958 est
966 2904 1226 2971 sapientia
1260 2903 1376 2957 Dei.
1413 2904 1476 2957 Et
1504 2914 1680 2958 tamen
1713 2903 1755 2957 si
1784 2901 1959 2957 adhuc

364 3006 545 3051 movet
576 2997 661 3050 hic
688 3010 906 3061 sensus,
939 2996 1158 3049 intende
1183 2995 1249 3049 ad
1280 3012 1340 3049 ea
1371 3012 1487 3065 qua:
1515 2996 1744 3050 dicimus
1776 3015 1786 3049 :
1814 3004 1961 3051 certe

368 3092 469 3145 Dei
519 3091 777 3159 sapientia
823 3088 1074 3146 Christus
1105 3099 1206 3143 est.
1247 3089 1384 3156 Quid
1426 3099 1605 3142 autem
1636 3097 1720 3143 est
1746 3087 1841 3142 Dei
1870 3103 1963 3141 vo-

2055 1875 2216 1941 dicis,
2252 1885 2312 1930 ut
2338 1893 2463 1931 vere
2494 1878 2661 1933 tilium
2694 1879 2875 1945 dicas,
2908 1881 3120 1949 negasti
3152 1896 3274 1935 eum
3305 1896 3426 1936 esse
3450 1891 3667 1937 creatu-

2055 1983 2194 2022 ram.
2244 1968 2312 2022 Et
2354 1971 2624 2039 quomodo
2654 1972 2721 2027 de
2750 1972 2923 2027 nihilo
2948 1973 3150 2028 factum
3183 1988 3305 2028 eum
3338 1989 3463 2029 esse
3495 1974 3665 2042 dicis,

2057 2072 2217 2130 quem
2250 2076 2374 2115 vere
2400 2062 2567 2116 lilium
2591 2063 2871 2119 conﬁteris
2893 2066 2917 2118 ?
2938 2066 2992 2120 Si
3017 2078 3195 2120 autem
3223 2066 3360 2120 dicis
3386 2082 3513 2121 eum
3534 2081 3663 2121 vere

2058 2167 2181 2207 esse
2222 2164 2552 2222 creaturam,
2584 2172 2681 2210 cur
2710 2172 2833 2211 eum
2864 2157 3033 2211 ﬁlium
3066 2159 3338 2223 nominas,
3361 2173 3486 2213 cum
3516 2159 3569 2213 in
3596 2172 3664 2214 eo

2061 2246 2216 2301 istius
2243 2248 2479 2302 nominis
2512 2250 2752 2320 abneges
2780 2250 3113 2305 veritatem?

2133 2339 2196 2393 ll.
2241 2340 2347 2396 Sed
2380 2340 2494 2413 (de)
2523 2343 2661 2397 vivis
2689 2344 2965 2413 lapidibus
2988 2345 3187 2398 divina:
3216 2344 3362 2399 vocis
3393 2330 3669 2415 percutia-

2061 2449 2184 2489 mus
2223 2434 2419 2489 frontis
2454 2436 2571 2504 ejus
2620 2435 3031 2505 impudentiam.
3076 2437 3157 2491 Tu
3204 2436 3343 2491 dicis
3380 2452 3505 2493 eum
3544 2451 3668 2493 esse

2061 2536 2367 2583 creaturam
2392 2547 2403 2580 :
2429 2545 2530 2597 ego
2555 2528 2680 2584 dico
2706 2545 2828 2583 eum
2858 2544 2980 2584 esse
3012 2529 3181 2584 ﬁlium
3205 2548 3217 2583 :
3243 2531 3367 2600 quis
3399 2532 3542 2586 inter
3567 2546 3669 2586 nos

2062 2619 2129 2673 de
2163 2618 2518 2690 professionis
2564 2622 2795 2675 veritate
2834 2621 3193 2690 pronuntiet?
3233 2630 3384 2691 puto,
3422 2622 3565 2691 quod
3607 2622 3673 2676 li-

2063 2712 2255 2767 benter
2278 2713 2502 2778 habeas,
2538 2720 2595 2766 ut
2623 2712 2964 2783 illejudicet,
2998 2730 3027 2768 a
3056 2727 3164 2783 quo
3192 2722 3271 2779 tu,
3304 2714 3668 2769 renuentibus

2064 2808 2246 2873 nobis,
2295 2807 2497 2861 factum
2545 2807 2680 2861 dicis
2720 2806 2992 2861 Christum
3026 2823 3096 2861 ex
3136 2806 3329 2861 nihilo.
3371 2807 3671 2861 Audiamus

2065 2914 2196 2969 ergo
2245 2900 2373 2969 quid
2418 2899 2487 2954 de
2534 2899 2689 2955 ccelis
2728 2900 2843 2969 ipse
2889 2900 3225 2968 pronuntiet.
3276 2898 3379 2952 Hic
3418 2908 3489 2953 est
3525 2899 3667 2968 ﬁlius

2066 3012 2205 3049 meus
2253 2995 2505 3060 dilectus,
2555 2996 2612 3049 in
2650 3012 2748 3063 quo
2793 2994 2920 3048 mihi
2964 2995 3086 3049 bene
3120 2995 3410 3064 complacui
3444 2993 3664 3065 (Matth.

2068 3105 2147 3152 tn,
2183 3088 2297 3160 l7).
2327 3087 2600 3158 Numquid
2630 3088 2789 3153 dixit,
2822 3087 2919 3142 Hic
2945 3098 3029 3143 est
3054 3104 3215 3159 quem
3248 3104 3348 3158 ego
3375 3087 3477 3142 feci
3500 3103 3565 3142 ex
3597 3088 3672 3141 ni-

368 3185 581 3247 luntas,
613 3197 772 3253 quam
827 3183 917 3235 Dei
946 3181 1242 3251 sapientia?
1278 3196 1384 3235 non
1417 3180 1560 3235 enim
1596 3180 1648 3233 in
1679 3180 1790 3233 Deo
1819 3178 1963 3233 aliud
1993 3185 2039 3248 C
2070 3178 2226 3234 hilo?
2272 3178 2338 3232 Et
2385 3177 2506 3232 vide
2532 3221 2547 3245 ,
2584 3180 2711 3249 quia
2736 3178 2837 3233 hoc
2863 3188 2987 3233 tunc
3010 3180 3241 3249 primum
3266 3178 3423 3244 dixit,
3449 3177 3669 3247 quando

372 3279 646 3339 voluntas,
696 3284 751 3330 et
797 3274 943 3328 aliud
986 3274 1248 3342 sapientia
1282 3292 1293 3327 :
1328 3274 1378 3327 in
1413 3273 1720 3326 hominibus
1747 3271 1964 3342 quidem

372 3377 548 3440 potest
592 3381 711 3422 esse
741 3368 1015 3430 voluntas,
1055 3381 1163 3420 non
1194 3378 1366 3420 tamen
1393 3365 1508 3419 hzec
1536 3366 1647 3433 ipsa
1668 3364 1961 3431 sapientia;

372 3461 499 3531 quia
548 3460 799 3513 voluntas
836 3459 1073 3513 hominis
1116 3458 1419 3513 eruditione
1455 3468 1510 3512 et
1538 3457 1887 3511 meditatione
1914 3466 1970 3511 et

373 3553 624 3625 profectu
669 3554 733 3608 ad
764 3554 1083 3624 sapientiam
1112 3553 1215 3607 sibi
1248 3551 1554 3621 possibilem
1581 3550 1845 3619 pervenit.
1875 3549 1968 3603 Dei

372 3658 557 3702 autem
584 3646 828 3700 voluntas
851 3662 959 3700 non
984 3646 1310 3709 eruditione,
1338 3660 1442 3699 non
1469 3643 1837 3707 meditatione,
1863 3657 1967 3696 non

373 3739 619 3811 profectu
662 3740 726 3794 ad
751 3740 1072 3808 sapientiam
1114 3738 1373 3807 pervenit,
1402 3736 1495 3791 sed
1530 3738 1641 3805 ipsa
1672 3735 1801 3789 nihil
1832 3733 1971 3789 indi-

372 3848 532 3903 gens,
569 3833 887 3887 naturaliter
918 3832 938 3861 ³
968 3831 1297 3886 substantiva
1320 3830 1581 3899 sapientia
1611 3836 1711 3881 est.
1743 3825 1897 3882 Unde
1918 3836 1972 3881 et

372 3924 625 3979 Christus
659 3925 753 3979 Dei
779 3922 1041 3993 sapientia
1065 3924 1327 3987 existens,
1365 3922 1456 3975 Dei
1480 3935 1694 3991 quoque
1719 3921 1972 3973 voluntas

371 4029 499 4081 est;
554 4019 676 4086 quia
724 4016 777 4071 in
827 4016 936 4072 Deo
968 4032 1075 4071 non
1114 4015 1259 4070 aliud
1307 4014 1554 4069 voluntas
1581 4054 1594 4077 ,
1628 4021 1681 4067 et
1711 4010 1857 4066 aliud
1886 4025 1972 4066 sa-

374 4112 597 4182 pientia.

1007 4245 1235 4301 CAPUT
1273 4246 1338 4299 Il.

378 4363 459 4417 De
487 4380 543 4416 eo
572 4364 706 4432 quod
744 4362 972 4415 hwretici
997 4362 1192 4413 dicunt.
1222 4358 1306 4413 Ea:
1336 4359 1520 4423 nihilo,
1544 4358 1806 4427 inquiunt,
1834 4355 1973 4409 Deus

451 4456 546 4506 sibi
574 4455 735 4522 [ilium
763 4454 881 4523 fecit
909 4470 921 4504 :
948 4455 989 4506 si
1014 4453 1129 4522 fecit
1158 4468 1273 4505 eum
1299 4466 1361 4504 ea:
1381 4449 1566 4514 nihilo,
1601 4457 1834 4501 creatura
1856 4456 1931 4500 est
1956 4488 1971 4511 ,

452 4556 497 4599 et
531 4562 628 4598 non
659 4546 818 4614 ﬁlius.

455 4682 493 4735 l.
540 4681 698 4735 David
724 4696 829 4734 uno
858 4679 1050 4748 lapidis
1082 4679 1189 4732 ictu
1213 4676 1382 4731 Goliae
1413 4676 1639 4729 frontem
1664 4674 1974 4743 percutiens

376 4775 561 4844 magni
606 4774 845 4844 corporis
868 4772 1060 4827 fortem
1092 4771 1281 4825 stravit
1323 4769 1597 4823 inimicum
1624 4767 1666 4838 (Ι
1690 4767 1817 4837 Reg.
1842 4782 1970 4831 xvn,

377 4870 491 4939 30).
536 4867 641 4922 Sed
673 4876 872 4921 nostra:
912 4882 1015 4920 non
1054 4874 1132 4919 est
1172 4861 1385 4916 virtutis
1416 4860 1482 4915 de
1511 4874 1618 4913 uno
1656 4858 1833 4927 lapide
1864 4858 1979 4911 vin-

374 4975 541 5023 cere;
568 4960 789 5027 duplici,
823 4969 879 5011 ut
906 4958 1121 5026 Opinor,
1151 4971 1214 5009 ex
1246 4968 1407 5009 causa
1435 4970 1447 5006 :
1480 4951 1602 5022 quia
1635 4964 1735 5005 nec
1768 4964 1867 5004 nos
1895 4958 1975 5004 ta-

376 5052 459 5106 les
500 5050 649 5104 vires
697 5049 991 5115 habemus,
1035 5047 1221 5118 quales
1261 5044 1450 5098 habuit
1480 5053 1534 5096 et
1574 5040 1775 5105 David;
1808 5050 1862 5094 et
1893 5041 1978 5095 isti

380 5146 544 5201 nimis
576 5146 804 5199 frontem
836 5142 1129 5213 prreferunt
1167 5140 1185 5168 l‘
1234 5136 1582 5208 impudentiae
1612 5133 1981 5205 impietatibus

378 5240 704 5296 obduratam
753 5256 767 5291 :
802 5237 949 5293 unde
983 5236 1093 5305 jam
1134 5236 1265 5290 licet
1310 5232 1514 5288 multos
1559 5229 1770 5302 lapides
1794 5244 1903 5285 non
1930 5229 1983 5283 in

458 5433 472 5461 ¹
516 5429 617 5500 Aut
648 5429 790 5500 quia.

457 5506 476 5534 ²
516 5499 699 5554 Enim.

460 5574 482 5604 ³
522 5572 837 5626 Substantia.

461 5646 480 5675 ⁸
523 5641 949 5712 Impudentiaet.
1067 5708 1075 5712 _
1171 5709 1178 5712 Α
1557 5702 1588 5712 η

459 5718 481 5748 ⁸
526 5708 701 5769 Frons
728 5728 901 5768 eorum
931 5708 1212 5781 Iapidanda
1245 5716 1317 5762 est
1342 5748 1355 5767 ,
1383 5713 1439 5757 ut
1468 5713 1517 5758 et
1543 5708 1609 5755 si.

460 5790 480 5818 ‘
525 5788 761 5841 Pertusa.

2069 3274 2229 3330 Jesus
2259 3282 2315 3327 ut
2344 3274 2507 3327 homo
2538 3274 2768 3328 accessit
2791 3273 2857 3327 ad
2881 3274 3207 3343 baptismum
3235 3281 3343 3336 :et,
3378 3281 3529 3340 puto,
3560 3285 3669 3324 non

2070 3366 2175 3420 alia
2208 3367 2421 3420 ratione
2449 3382 2609 3434 quam
2651 3367 2775 3435 quia
2809 3375 3019 3434 poterat
3058 3364 3208 3420 credi
3240 3380 3346 3418 non
3377 3377 3499 3418 esse
3526 3362 3671 3417 ﬁlius

2074 3457 2190 3521 Dei,
2222 3457 2311 3526 qui
2335 3472 2636 3525 corporeus
2660 3457 2963 3520 videbatur,
2990 3465 3045 3511 et
3067 3457 3210 3511 inter
3237 3466 3468 3509 ereteros
3491 3453 3670 3508 homi-

2072 3564 2169 3604 nes
2201 3548 2316 3618 ipse
2350 3564 2567 3619 quoque
2593 3559 2649 3603 ut
2679 3550 2841 3604 homo
2884 3559 3137 3619 peccator
3163 3548 3502 3604 veniebatad
3532 3548 3670 3618 bap-

2071 3643 2313 3707 tismum,
2337 3658 2458 3696 eum
2493 3653 2709 3711 peccata
2742 3644 2958 3712 propria
2989 3659 3096 3697 non
3131 3644 3373 3697 haberet.
3408 3640 3489 3696 Ne
3513 3656 3669 3710 ergo,

2077 3735 2246 3807 (eum)
2274 3746 2673 3791 sacramentum
2698 3734 3036 3804 baptismatis
3060 3735 3113 3787 in
3143 3733 3361 3788 homine
3386 3742 3667 3799 assumpto

2077 3834 2118 3862 ¹⁰
2152 3838 2495 3885 consummat
2532 3828 2714 3896 Jesus,
2744 3844 2847 3882 non
2885 3842 3014 3881 vere
3046 3826 3136 3881 Dei
3166 3825 3306 3879 ﬁlius
3327 3822 3666 3885 crederetur,

2074 3924 2273 3978 clamat
2319 3921 2385 3976 de
2421 3921 2561 3975 caelo
2604 3919 2785 3985 Pater,
2842 3917 2941 3972 Hic
2978 3928 3052 3971 est
3098 3917 3239 3986 ﬁlius
3262 3931 3404 3969 meus
3432 3914 3672 3968 dilectus.

2076 4017 2427 4071 Intellexerat
2471 4013 2691 4085 quidem
2741 4022 2797 4068 et
2841 4012 3080 4067 Joannes
3128 4026 3285 4064 suum
3330 4009 3482 4063 illum
3547 4022 3672 4062 esse

2077 4112 2389 4175 Dominum,
2435 4108 2653 4180 quando
2680 4118 2733 4163 et
2756 4107 2798 4137 ¹¹
2828 4103 3066 4161 venienti
3109 4103 3176 4159 ad
3204 4101 3531 4171 baptismum
3563 4097 3676 4161 ait;

2082 4203 2192 4275 Ego
2236 4221 2267 4257 a
2313 4213 2360 4258 te
2387 4202 2542 4256 debeo
2571 4200 2842 4271 baptizari,
2876 4208 2924 4253 et
2954 4209 3009 4251 tu
3040 4196 3223 4250 venisti
3252 4194 3320 4249 ad
3346 4209 3426 4247 me
3455 4188 3677 4262 (Matth.

2078 4312 2157 4351 ιιι.
2203 4294 2336 4366 24)?
2388 4294 2496 4349 Sed
2538 4309 2608 4348 ne
2648 4293 2787 4346 forte
2816 4289 2959 4357 apud
2990 4290 3126 4343 alios
3166 4286 3395 4342 Joannis
3427 4283 3677 4337 testimo-

2077 4390 2229 4445 nium
2261 4405 2367 4443 non
2400 4398 2509 4441 tam
2550 4401 2801 4454 magnum
2829 4384 3125 4447 videretur,
3155 4388 3214 4434 ut
3242 4379 3484 4432 vinceret
3514 4372 3677 4428 ﬁdem
3764 4368 3767 4371 ’

2080 4482 2259 4537 carnis
2306 4490 2360 4535 et
2405 4479 2725 4534 humilitatis
2767 4477 2821 4530 in
2865 4476 3115 4537 Christo,
3153 4484 3209 4526 et
3235 4469 3416 4525 omnia
3454 4466 3679 4521 omnino

1996 4566 2051 4628 1)
2078 4592 2196 4648 quae
2225 4592 2321 4648 per
2348 4589 2567 4631 carnem
2597 4573 2717 4642 ejus
2749 4570 3082 4640 agebantur;
3109 4567 3224 4635 ipse
3250 4578 3355 4633 quo
3382 4575 3542 4615 nemo
3564 4572 3682 4612 ma-

2074 4670 2182 4740 jor,
2216 4670 2328 4737 ipse
2357 4682 2464 4737 quo
2497 4680 2657 4720 nemo
2690 4662 2883 4716 melior
2903 4659 3172 4730 cognitor,
3191 4651 3680 4710 dattestimouium

2080 4761 2151 4816 de
2192 4761 2346 4815 ca-lis
2394 4760 2613 4812 dicens:
2647 4755 2748 4809 llic
2779 4764 2847 4807 est
2896 4753 3038 4821 filius
3067 4766 3210 4803 meus
3237 4748 3474 4811 dilectus,
3503 4746 3559 4798 in
3579 4760 3680 4815 quo

2080 4838 2211 4907 bene.
2252 4850 2560 4919 complacui.
2610 4848 2666 4902 In
2711 4854 2972 4917 quantum
3017 4843 3161 4898 enim
3208 4839 3494 4896 manifesta
3545 4836 3681 4891 ﬁdes

2080 4954 2195 4999 erat
2224 4944 2367 4998 circa
2394 4957 2613 4997 carnem
2641 4938 2953 5001 Salvatoris,
2990 4938 3041 4990 in
3072 4945 3279 4989 tantum
3310 4942 3366 4988 et
3391 4928 3682 4986 manifesta

2084 5037 2219 5091 ﬁdes
2271 5050 2394 5090 esse
2439 5033 2625 5088 debuit
2669 5032 2815 5087 circa
2854 5030 3110 5085 deitatem
3159 5024 3501 5082 Salvatoris:
3556 5029 3683 5074 tunc

2086 5130 2230 5186 enim
2259 5139 2314 5185 et
2340 5144 2499 5184 verus
2524 5127 2661 5181 Deus
2691 5134 2795 5189 est,
2824 5122 2869 5179 si
2895 5123 2965 5178 sit
2993 5131 3048 5176 et
3077 5135 3240 5175 verus
3258 5118 3420 5172 filius.
3445 5113 3683 5167 Carnem

2086 5223 2303 5296 quidem
2350 5221 2488 5291 ejus,
2516 5219 2604 5275 vel
2635 5217 2818 5290 potius
2842 5214 3121 5272 hominem
3150 5210 3352 5287 dicant,
3384 5217 3545 5260 nemo
3570 5216 3686 5259 am-

2161 5411 2183 5441 "
2224 5408 2436 5464 Pudore
2465 5423 2578 5462 ceu.

2166 5481 2188 5513 ⁸
2230 5479 2296 5534 Et
2323 5496 2403 5535 ea.

2165 5556 2187 5586 ⁹
2226 5552 2457 5608 ϐτεαιαε.

2172 5626 2214 5656 ¹⁰
2251 5621 2645 5677 Consummans.

2173 5696 2213 5727 ¹¹
2254 5693 2575 5748 Advenienti.
