4150 6176
466 252 536 312 51
1720 240 2041 299 FAUSTINI
2080 237 2514 301 PRESBYTER]
3706 232 3776 287 5?.

470 370 706 443 bigebat,
754 368 877 439 quia
914 381 1014 423 nec
1045 364 1244 433 ambigi
1280 368 1487 431 poterat
1522 376 1531 410 :
1565 358 1658 413 sed
1690 356 1822 411 illud
1841 356 1983 427 quod
2016 355 2067 410 in
2093 364 2145 424 Α
2174 355 2348 425 placui
2370 371 2385 407 :
2407 354 2573 425 ipsum
2606 352 2781 407 audite
2808 350 2994 422 (Ibid,
3022 351 3097 421 5).
3119 350 3278 405 Certe
3303 350 3515 423 Moyses
3540 357 3598 405 et
3628 348 3779 404 Etias

468 467 692 521 homine
722 474 870 528 erat,
901 470 956 515 et
988 468 1168 512 natum
1199 470 1319 510 eum
1354 453 1595 518 homine,
1626 452 1750 522 quia
1776 449 1942 506 videri
1971 466 2066 520 per

469 568 720 613 naturam
774 570 882 609 non
925 556 1168 620 poterat,
1200 562 1268 602 ne
1313 554 1462 601 esset
1504 545 1791 610 incertum,
1836 557 1969 598 voce
2013 553 2068 598 et

466 651 620 723 quasi
647 649 812 718 digito
842 647 1010 716 patris
1041 640 1347 697 ostenditur
1386 638 1650 693 dicentis:
1685 635 1789 691 Hic
1823 646 1897 690 est
1926 636 2065 704 [ilius

465 761 608 799 meus
655 741 901 805 dilectus,
930 738 983 793 in
1020 752 1119 806 quo
1157 734 1283 789 bene
1330 731 1616 804 complacui
1639 747 1658 797 ;
1698 738 1753 785 et
1793 731 1807 759 ¹
1851 729 2065 784 interea

466 836 583 907 pari
625 831 949 889 auctoritate
995 829 1129 884 ﬁdes
1175 827 1457 895 utriusque
1480 822 1833 890 substantiae,
1874 820 1927 875 id
1957 829 2062 885 est,

465 928 561 983 Dei
602 936 657 983 et
704 924 937 979 hominis
983 919 1398 978 commendatur
1450 918 1505 971 in
1549 915 1790 970 Christo.
1819 913 2066 969 Hominis

462 1022 606 1078 enim
660 1021 711 1075 in
754 1033 813 1074 se
836 1016 997 1072 ﬁdem
1031 1016 1125 1071 Dei
1164 1014 1304 1068 ﬁlius
1336 1012 1451 1081 ipse
1478 1011 1498 1040 ³
1539 1008 1788 1080 signabat
1815 1023 1909 1079 per
1934 1022 2070 1063 con-

459 1115 772 1186 ceptionem
804 1119 858 1167 et
886 1117 1098 1181 partum
1130 1104 1391 1175 Virginis,
1414 1118 1512 1172 per
1538 1098 1781 1156 infantiae
1803 1100 2063 1170 vagitum,

462 1225 562 1281 per
595 1222 766 1263 cunas
815 1212 871 1259 et
907 1202 1312 1264 involumenta,
1358 1211 1453 1265 per
1485 1196 1597 1263 ipsa
1630 1193 1819 1247 matris
1866 1192 2063 1259 ubera,

462 1316 560 1371 per
606 1299 720 1368 ipsa
774 1294 1003 1350 materni
1034 1291 1188 1348 lactis
1215 1290 1491 1351 alimenta,
1534 1302 1631 1357 per
1676 1285 2017 1340 incrementa
2044 1283 2065 1314 ³

462 1406 744 1463 corporea:
774 1387 971 1454 aetatis,
1010 1400 1105 1456 per
1133 1384 1236 1437 hoc
1262 1382 1438 1452 ipsum
1472 1377 1615 1450 quod
1645 1378 1814 1444 venit,
1845 1388 1901 1431 ut
1930 1376 2066 1447 bap-

466 1486 745 1541 tizaretur.
794 1479 961 1536 Vides
997 1476 1270 1551 quomodo
1302 1472 1519 1530 interim
1554 1486 1725 1540 usque
1767 1470 1832 1524 ad
1866 1469 2069 1538 baptis-

463 1596 613 1634 mum
666 1577 687 1607 ‘
733 1574 1014 1645 expressit
1063 1572 1117 1627 in
1174 1586 1237 1627 se
1284 1567 1523 1623 hominis
1552 1566 1880 1631 veritatem,
1915 1570 2067 1618 tanto

462 1670 707 1743 pressius
755 1667 861 1723 hoc
892 1679 1080 1736 agens,
1124 1672 1331 1733 quanto
1359 1670 1414 1716 et
1439 1656 1713 1713 difﬁcilius
1736 1654 1882 1711 credi
1907 1664 2062 1724 pole-

2172 452 2374 522 pariter
2398 449 2721 504 videbantur
2741 462 2863 503 cum
2893 463 2960 503 eo
2981 448 3269 517 loquentes
3296 488 3310 514 ,
3332 461 3468 517 quos
3496 446 3680 516 utique
3710 446 3780 502 de

2170 545 2461 615 adoptione
2490 542 2663 597 factos
2684 556 2806 596 esse
2835 539 2975 595 ﬁlios
3002 540 3097 594 Dei
3128 554 3326 609 negare
3354 554 3460 594 non
3490 548 3648 608 potes
3679 556 3691 591 :
3724 546 3780 594 et

2168 637 2445 711 quomodo
2472 637 2540 691 de
2568 635 2685 689 solo
2715 633 2935 689 Christo
2959 648 3061 687 vox
3087 633 3269 688 divina
3298 641 3527 687 testatur
3550 632 3774 699 dicens;

2176 732 2275 785 Hic
2306 740 2381 784 est
2409 729 2549 799 ﬁlius
2598 743 2739 781 meus
2773 726 3024 789 dilectus,
3051 726 3103 779 in
3131 742 3231 796 quo
3274 724 3401 779 mihi
3438 725 3727 794 complacui
3758 741 3778 781 :

2168 826 2338 894 ipsum
2356 823 2528 877 audite
2552 821 2575 874 ?
2603 820 2657 876 Si
2686 820 2829 874 enim
2857 827 2913 873 et
2944 818 3191 873 Christus
3222 819 3289 872 de
3314 818 3609 888 adOptione
3635 816 3780 873 ﬁlius

2170 926 2291 985 est,
2322 931 2446 971 cunt
2480 922 2653 969 staret
2685 914 2828 968 inter
2857 912 2995 967 duos
3022 910 3163 967 ﬁlios
3204 911 3517 982 adeptivos,
3552 910 3783 967 dixisset

2172 1010 2357 1081 utique
2378 1049 2394 1076 ,
2434 1007 2532 1061 (Et
2563 1006 2653 1061 hic
2675 1005 2821 1060 ﬁlius
2846 1020 3000 1060 meus
3047 1014 3152 1070 est,
3191 1024 3210 1057 ι
3246 1021 3313 1059 ne
3352 1004 3602 1074 Christus
3628 1006 3779 1060 solus

2158 1104 2312 1159 ﬁlius
2365 1117 2489 1158 esse
2518 1101 2875 1157 crederetur:
2906 1110 2962 1154 at
3007 1114 3128 1154 cum
3170 1099 3329 1166 dixit,
3367 1098 3469 1153 Hic
3512 1108 3588 1153 est
3637 1099 3780 1168 ﬁlius

2169 1215 2312 1253 meus
2333 1198 2572 1262 dilectus,
2599 1194 2908 1265 adoptionis
2938 1193 3077 1248 ﬁlios
3100 1194 3412 1263 separavit,
3445 1201 3505 1247 ut
3536 1192 3780 1262 prOprie-

2171 1301 2254 1347 tas
2286 1306 2429 1346 verae
2474 1288 2774 1343 nativitatis
2810 1287 2862 1340 in
2894 1285 3112 1341 Christo
3142 1286 3261 1340 solo
3288 1285 3399 1340 ﬁlio
3439 1285 3775 1341 crederetur.

2169 1383 2276 1440 Sed
2304 1399 2410 1437 non
2431 1380 2631 1436 sufﬁcit
2650 1390 2709 1434 ut
2724 1376 2996 1433 Christum
3024 1377 3401 1433 tantummodo
3421 1377 3594 1433 ﬁlium
3620 1392 3779 1431 suum

2169 1491 2296 1532 esse
2334 1474 2720 1545 proﬁteretur;
2750 1471 2956 1527 addidit
2986 1472 3149 1527 etiam
3194 1472 3339 1542 quod
3371 1487 3504 1528 vero
3547 1472 3661 1527 ﬁlio
3685 1471 3779 1526 de-

2168 1569 2402 1625 bebatur
2426 1610 2441 1634 ,
2480 1566 2705 1631 dicens,
2744 1566 2913 1637 ipsum
2956 1567 3152 1620 audite.
3197 1566 3480 1636 Magnam,
3511 1565 3679 1619 immo
3722 1574 3781 1619 et

2171 1678 2357 1733 parem
2402 1660 2503 1716 sibi
2552 1660 2930 1714 auctoritatem
2972 1659 3209 1714 ostendit
3248 1659 3300 1713 in
3354 1659 3502 1727 ﬁlio,
3534 1673 3657 1715 cum
3708 1659 3782 1714 ita

460 1777 567 1833 rat.
610 1766 782 1820 Deum
831 1759 935 1833 (ἱιι)
985 1758 1264 1814 hominem
1330 1753 1468 1809 ίίθτί-
1500 1752 1565 1806 El
1594 1766 1662 1806 lle
1700 1752 1837 1805 forte
1867 1748 1934 1803 ad
1963 1748 2064 1804 hoc
2094 1766 2144 1826 Β
2169 1753 2468 1808 audiendus
2494 1759 2579 1806 est
2610 1750 2786 1818 ﬁlius,
2812 1758 2872 1805 ut
2898 1749 3201 1805 audiendus
3237 1759 3293 1805 et
3337 1763 3489 1821 pater
3518 1758 3643 1805 est:
3681 1748 3781 1820 Ip-

460 1869 705 1916 coactum
735 1865 916 1928 putes,
944 1863 998 1910 et
1027 1869 1139 1908 non
1165 1860 1359 1922 Sponte
1391 1848 1562 1902 ﬁlium
1590 1845 1710 1913 Dei,
1741 1844 1912 1899 ﬁlium
1934 1858 2067 1913 quo-

459 1970 564 2026 que
609 1958 809 2008 tactum
843 1964 965 2006 esse
996 1946 1255 2013 hominis,
1290 1943 1414 1999 audi
1449 1939 1772 2011 Apostolum
1796 1938 2067 1993 dicentem

459 2049 527 2102 de
573 2061 641 2102 eo
674 2064 688 2100 :
745 2043 846 2111 Qui
894 2058 1011 2096 cum
1043 2042 1098 2093 in
1124 2039 1297 2109 {arma
1328 2035 1427 2091 Dei
1453 2042 1582 2088 esset
1606 2032 1934 2098 constitutus,
1966 2047 2068 2085 non

459 2139 703 2209 rapinam
744 2134 1028 2189 arbitratus
1057 2139 1150 2197 est,
1192 2145 1299 2182 esse
1329 2144 1381 2181 se
1412 2126 1661 2203 (aqualem
1702 2120 1835 2188 Deo,
1866 2122 1956 2177 sed
1982 2137 2065 2176 se-

462 2234 735 2301 metipsum
764 2219 1078 2289 eximmivit,~
1097 2226 1321 2295 formam
1343 2220 1473 2275 servi
1504 2218 1762 2288 accipiens
1788 2214 2065 2288 (Philipp.

464 2340 523 2388 ll,
555 2324 610 2387 6,
645 2323 724 2392 7).
757 2320 813 2375 Si
840 2333 970 2389 ergo
1001 2316 1324 2387 semetipsum
1364 2312 1663 2380 exinanivit,
1691 2313 1914 2384 formam
1937 2309 2070 2363 servi

465 2415 744 2485 accipiens,
778 2429 883 2467 non
908 2420 1130 2467 coactus
1172 2418 1275 2475 est,
1321 2406 1420 2463 sed
1465 2414 1663 2475 Sponte
1707 2403 1884 2458 factus
1937 2397 2069 2473 (est)

462 2505 605 2561 ﬁlius
635 2504 872 2561 hominis
892 2543 905 2566 ,
945 2501 1188 2557 existens
1240 2498 1296 2554 in
1324 2499 1499 2553 forma
1529 2497 1648 2561 Dei,
1680 2496 1793 2551 Deo
1819 2493 2063 2564 aequalis.

464 2598 645 2654 Habes
676 2599 835 2668 igitur
858 2596 1028 2651 ﬁlium
1050 2593 1445 2663 exprimentem
1477 2591 1531 2645 in
1558 2605 1617 2645 se
1635 2587 1794 2644 ﬁdem
1813 2586 2065 2643 hominis.

535 2689 627 2745 Ill.
668 2688 798 2745 Item
830 2688 1119 2743 videamus
1155 2686 1314 2740 ﬁdem
1349 2684 1401 2739 in
1429 2699 1494 2739 eo
1519 2682 1818 2739 divinitatis
1848 2692 2072 2750 expres-

463 2797 578 2838 sam
613 2801 626 2836 :
670 2790 725 2837 et
764 2781 892 2835 licet
925 2777 1260 2835 sufﬁcienter
1304 2790 1465 2846 supra
1492 2775 1560 2830 de
1591 2774 1694 2829 ﬁde
1726 2773 1845 2844 ejus
1871 2772 2070 2827 divini-
2098 2838 2105 2841 μ

460 2877 589 2933 tatis
616 2890 937 2945 expressum
970 2883 1089 2939 est,
1115 2881 1170 2926 et
1194 2870 1371 2925 adhuc
1403 2869 1513 2924 sint
1551 2868 1655 2922 alia
1686 2881 1905 2938 quoque
1935 2864 2074 2919 mul-

468 2978 518 3022 ta
549 2967 857 3038 c0piosiora
882 2964 1076 3036 quibus
1108 2962 1241 3018 ﬁdes
1270 2961 1576 3016 divinitatis
1602 2966 1857 3029 apparet;
1892 2967 2074 3012 tamen

464 3062 556 3117 illa
589 3077 731 3116 nunc
756 3073 909 3117 taceo
942 3057 1189 3114 :suiﬁcit
1226 3056 1369 3111 enim
1406 3053 1537 3109 mihi
1571 3055 1613 3108 si
1646 3055 1665 3083 ⁸
1690 3053 1852 3107 ﬁdem
1880 3051 2077 3107 divini-

466 3156 592 3211 tatis
627 3156 680 3209 in
706 3154 927 3208 Christo
957 3152 1109 3207 solus
1131 3149 1347 3205 interim
1376 3158 1530 3219 pater
1570 3146 1809 3202 ostendit
1838 3145 2025 3201 dicens
2058 3162 2071 3199 :
2102 3158 2149 3224 (ς

467 3249 572 3304 llic
615 3258 688 3303 est
726 3248 864 3318 ﬁlius
911 3262 1054 3301 meus
1090 3244 1328 3311 dilectus,
1360 3244 1413 3296 in
1452 3258 1551 3311 quo
1591 3241 1715 3297 bene
1755 3241 2071 3312 complacui.

467 3342 605 3410 Quid
634 3342 745 3407 ais,
776 3340 1035 3394 haeretice
1054 3339 1076 3393 ?
1098 3338 1277 3393 credis
1305 3336 1426 3390 sine
1454 3334 1620 3389 dubio
1648 3332 1901 3400 Christo,
1931 3333 2073 3403 quod

467 3450 527 3490 se
567 3435 735 3489 ﬁlium
774 3433 1011 3488 hominis
1054 3430 1288 3486 fecerit:
1326 3427 1453 3499 quid
1486 3428 1504 3457 ⁶
1531 3442 1725 3482 censes
1767 3426 1835 3482 de
1878 3425 2075 3497 patre?

466 3538 620 3586 estne
648 3526 921 3582 veridicos
958 3524 1101 3594 apud
1136 3534 1219 3591 te,
1251 3538 1371 3577 cum
1398 3521 1674 3576 Christum
1707 3520 1875 3575 ﬁlium
1918 3534 2073 3574 suum

466 3635 587 3676 esse
621 3618 888 3674 testatur?
923 3618 940 3647 ⁷
975 3614 1043 3688 (si
1077 3616 1207 3685 non)
1240 3614 1417 3669 credis
1446 3613 1621 3682 patri,
1650 3627 1773 3666 cum
1797 3610 2073 3665 Christum

465 3712 635 3769 ﬁlium
666 3726 824 3767 suum
853 3723 979 3764 esse
1018 3717 1278 3775 testatur,
1306 3707 1417 3777 jam
1451 3702 1675 3775 majoris
1705 3703 1844 3773 apud
1869 3712 1920 3758 te
1948 3717 2074 3757 aue-

468 3806 702 3861 toritatis
724 3812 808 3859 est
837 3802 1088 3858 Christus
1118 3842 1133 3868 ,
1166 3800 1255 3855 cui
1284 3799 1352 3853 de
1386 3797 1492 3853 ﬁde
1522 3798 1573 3851 in
1604 3811 1663 3852 se
1691 3793 1926 3850 hominis
1951 3809 2071 3847 cre-

465 3897 587 3961 dis;
612 3906 661 3951 et
693 3896 871 3950 minus
900 3895 1128 3948 idoneus
1151 3902 1234 3946 est
1258 3900 1429 3960 pater,
1451 3889 1536 3944 cui
1566 3888 1634 3944 de
1658 3888 1754 3943 ﬁlii
1786 3888 2077 3944 testatione

468 4004 576 4046 non
601 3987 801 4043 credis.
839 3985 904 4040 Et
930 3983 1203 4055 quomodo
1228 3991 1437 4053 patrem
1467 3980 1732 4051 majorem
1763 3981 1930 4034 Deum
1957 3980 2076 4034 viu-

468 4080 624 4135 dicas
642 4120 657 4147 ,
683 4078 839 4147 cujus
864 4092 1053 4132 vocem
1076 4076 1229 4147 quasi
1259 4072 1464 4129 minimi
1496 4073 1804 4143 deprctias?
1829 4073 1911 4128 vel
1940 4087 2074 4142 quo-

472 4173 635 4230 modo
663 4172 941 4229 Christum
969 4171 1140 4227 Deum
1167 4170 1431 4225 minorem
1461 4168 1664 4223 asset-is
1690 4209 1705 4234 ,
1738 4168 1824 4223 cui
1866 4177 2073 4222 tantum

469 4268 681 4335 credis,
713 4272 975 4337 quantum
1019 4279 1119 4320 nec
1151 4264 1232 4330 ei,
1266 4278 1424 4333 quem
1474 4260 1735 4332 majorem
1776 4260 2075 4331 praedicas?

470 4360 694 4433 Magnus
738 4360 841 4416 iste
864 4360 885 4390 ⁸
926 4358 1100 4414 honor
1131 4367 1253 4413 tuus
1283 4365 1367 4413 est
1407 4372 1569 4427 quem
1605 4357 1744 4425 patri
1773 4353 1985 4422 defers,
2020 4362 2077 4409 ut

468 4455 522 4513 ei
552 4470 659 4510 non
687 4453 879 4510 credas
906 4452 973 4507 de
1005 4450 1117 4506 ﬁlio
1157 4465 1258 4505 suo
1306 4447 1600 4518 proﬁtenti.
1629 4448 1732 4516 Qui
1762 4456 1938 4503 tamen
1973 4447 2074 4501 ite-

2170 1866 2307 1915 sum,
2366 1849 2568 1917 inquit,
2622 1847 2819 1901 audite.
2888 1846 3160 1917 Quidquid
3218 1861 3349 1915 ergo
3417 1845 3529 1916 jam
3580 1844 3783 1900 dixerit

2170 1942 2440 2007 Christus,
2464 1938 2764 1995 audiendus
2790 1949 2896 1996 est.
2929 1939 2999 1995 Et
3024 1940 3323 2004 videamus,
3349 1942 3393 1993 si
3426 1953 3690 2009 nusquam
3724 1952 3782 1993 se

2172 2038 2303 2094 dicit
2330 2052 2455 2092 esse
2497 2036 2667 2091 ﬁlium
2700 2036 2832 2100 Dei,
2864 2037 2909 2091 si
2959 2052 3223 2105 nusquam
3260 2051 3320 2091 se
3359 2036 3526 2091 Deum
3571 2043 3781 2105 patrem

2174 2135 2376 2189 habere
2419 2132 2722 2204 proﬁtetur.
2768 2132 2946 2203 Ipsius
2980 2149 3085 2189 vox
3129 2144 3259 2189 est:
3299 2133 3481 2188 Omnis
3526 2130 3782 2200 plantatio

2172 2244 2325 2300 quant
2354 2245 2455 2283 non
2497 2229 2749 2300 plantavit
2787 2238 2933 2297 pater
2955 2245 3096 2283 meus
3117 2270 3134 2297 ,
3155 2228 3505 2284 srodicabitur
3546 2225 3567 2297 (
3590 2224 3778 2279 Matth.

2174 2338 2265 2387 xv,
2304 2322 2413 2391 15).
2438 2321 2505 2375 Et
2529 2323 2723 2376 iterum
2754 2338 2767 2375 :
2801 2320 3023 2375 Domum
3043 2322 3207 2391 patris
3228 2322 3326 2375 mei
3352 2320 3546 2391 fecistis
3577 2321 3784 2374 danaum

2173 2414 2538 2487 negotiationis
2592 2412 2791 2485 (Joan.
2831 2429 2865 2468 ll
2887 2455 2900 2479 ,
2936 2413 3001 2469 16
3024 2413 3066 2483 ).
3088 2416 3108 2445 9
3139 2414 3283 2467 Alibi
3332 2428 3552 2483 quoque
3586 2428 3599 2467 :
3632 2410 3697 2466 Et
3729 2422 3783 2465 tu

2170 2506 2335 2561 credis
2365 2507 2418 2560 in
2460 2506 2570 2574 filio
2606 2504 2701 2559 Dei
2731 2504 2916 2577 (Joan.
2950 2520 3025 2571 tx,
3058 2503 3208 2576 55)?
3242 2504 3547 2575 Numquam
3581 2517 3783 2574 praesu-

2174 2611 2348 2657 meret
2394 2600 2582 2655 dicere
2608 2641 2622 2664 ,
2655 2597 2816 2654 Pater
2838 2608 2981 2653 meus
3001 2640 3016 2664 ,
3043 2601 3201 2668 patris
3228 2600 3326 2653 mei
3348 2641 3361 2665 ,
3383 2609 3432 2653 et
3454 2608 3508 2653 tu
3539 2598 3705 2652 credis
3730 2600 3784 2652 in

2173 2693 2285 2763 ﬁlio
2312 2691 2407 2746 Dei
2428 2734 2441 2754 ,
2475 2693 2576 2747 nisi
2602 2701 2751 2747 esset
2772 2692 3101 2747 conﬁdentia
3128 2702 3368 2755 naturae,
3403 2706 3523 2760 qua:
3548 2690 3785 2745 vindicat

2175 2784 2500 2840 vocabulum
2542 2784 2787 2840 veritatis
2839 2786 2890 2840 in
2943 2794 3132 2854 patre,
3180 2783 3248 2839 de
3281 2784 3613 2838 conscientia
3661 2798 3786 2851 pro-

2179 2877 2311 2947 pria:
2337 2878 2651 2933 nativitatis.
2673 2877 2811 2944 Quid
2832 2878 2975 2931 enim
3008 2876 3305 2931 insolenter
3325 2875 3418 2930 ille
3442 2875 3779 2942 loqueretur,

2183 2970 2283 3034 Qui
2316 2970 2642 3041 semetipsum
2675 2968 2962 3023 humiliavit
2994 2972 3163 3037 factus
3194 2967 3430 3021 obediens
3462 2982 3619 3037 usque
3640 2966 3707 3020 ad
3740 2967 3781 2997 ¹⁰

2181 3072 2395 3116 mortem
2424 3064 2613 3116 crucis.

2254 3155 2343 3211 ιν.
2378 3155 2515 3211 Sunt
2540 3164 2596 3210 et
2619 3154 2723 3209 alia
2752 3154 3060 3209 testimonia
3091 3154 3317 3223 plurima
3347 3173 3358 3207 :
3387 3154 3482 3211 sed
3511 3170 3610 3209 nos
3640 3169 3785 3211 nunc

2181 3264 2289 3304 non
2337 3250 2533 3303 librum
2575 3249 2868 3303 scribimus
2906 3257 2962 3303 ut
3000 3249 3181 3303 omnia
3231 3264 3656 3319 prosequamur,
3690 3249 3784 3305 sed

2177 3356 2340 3397 causa
2388 3341 2669 3396 brevitatis
2708 3341 2895 3411 paucis
2928 3341 3257 3395 testimoniis
3296 3355 3537 3396 summas
3571 3339 3781 3395 claudi-

2180 3452 2323 3501 mus,
2354 3444 2413 3489 ut
2444 3450 2544 3489 vox
2575 3435 2663 3488 illa
2692 3435 2951 3488 obruatur
2972 3473 2985 3495 ,
3018 3448 3138 3501 qua:
3172 3439 3331 3501 negat
3356 3430 3639 3486 Christum
3660 3447 3785 3488 esse

2178 3527 2346 3582 ﬁliunt
2381 3527 2494 3579 Dei.
2524 3526 2669 3580 Sane
2689 3525 2823 3579 dicit
2851 3539 2910 3577 se
2936 3522 3190 3579 Christus
3223 3524 3390 3578 ﬁlium
3420 3540 3636 3595 quoque
3662 3541 3784 3580 esse

2179 3618 2437 3683 hominis,
2461 3633 2582 3671 cum
2608 3617 2683 3671 ait
2718 3634 2730 3670 ε
2762 3616 2829 3669 Et
2852 3616 3083 3670 videbitis
3116 3616 3281 3685 ﬁlium
3309 3617 3532 3670 hominis
3575 3616 3780 3688 (Marc.

2180 3728 2293 3779 XIV,
2326 3711 2443 3781 6'2).
2476 3711 2559 3776 Et,
2594 3711 2757 3777 Quem
2789 3711 2966 3763 dicunt
2990 3726 3099 3763 esse
3123 3710 3289 3779 filium
3319 3711 3540 3764 hominis
3563 3708 3777 3781 (Matth.

2179 3823 2290 3874 xvr,
2324 3804 2450 3874 ιδῃ
2476 3804 2589 3859 Hoc
2612 3814 2695 3858 est
2718 3804 2863 3858 enim
2887 3812 3286 3858 sacramentum
3311 3802 3433 3857 ﬁdei
3459 3804 3511 3856 in
3542 3802 3775 3869 Christo,

2179 3908 2239 3955 ut
2258 3914 2381 3954 cum
2408 3897 2559 3952 illum
2592 3896 2758 3950 ﬁlium
2793 3896 2887 3950 Dei
2914 3909 3036 3950 esse
3060 3894 3361 3950 credideris
3385 3934 3399 3959 ,
3432 3894 3625 3949 credas
3649 3908 3782 3961 quo-

2178 4007 2286 4062 que
2322 4001 2376 4047 et
2397 3989 2576 4061 ,ﬁlium
2618 3988 2854 4043 hominis
2884 4002 3007 4043 esse
3035 4003 3158 4042 eum
3199 3987 3417 4042 factum.
3458 3987 3593 4042 Illud
3631 3986 3777 4043 enim

2178 4084 2319 4157 quod
2358 4082 2501 4137 ﬁlius
2532 4083 2623 4137 Dei
2654 4093 2767 4147 est,
2802 4082 3123 4137 naturaliter
3152 4081 3424 4151 possidet;
3456 4084 3557 4136 hoc
3595 4092 3778 4136 autem

2179 4178 2321 4247 quod
2351 4176 2490 4231 ﬁlius
2524 4174 2760 4230 hominis
2791 4174 2964 4229 factus
2998 4183 3112 4239 est,
3150 4176 3189 4205 ¹¹
3220 4190 3324 4244 qua
3360 4173 3652 4229 beneﬁcius
3685 4192 3781 4228 no-

2179 4273 2261 4327 bis
2298 4270 2548 4341 przestilit
2580 4272 2622 4300 ι’
2655 4289 2667 4323 :
2701 4278 2753 4323 et
2785 4268 2906 4324 ideo
2943 4269 3032 4338 qui
3061 4267 3332 4322 Christum
3366 4268 3534 4322 ﬁlium
3565 4268 3659 4323 Dei
3689 4285 3778 4324 es-

2179 4378 2239 4418 se
2267 4379 2371 4417 non
2397 4362 2608 4429 credit,
2633 4362 2827 4431 impius
2854 4371 2936 4416 est
2961 4376 2974 4425 ;
2999 4360 3093 4414 sed
3112 4370 3166 4414 et
3191 4360 3281 4428 qui
3303 4357 3576 4414 Christum
3610 4360 3777 4415 ﬁlium

2180 4456 2416 4510 hominis
2441 4470 2562 4509 esse
2592 4454 2793 4508 factum
2819 4453 3063 4507 conﬁteri
3096 4452 3138 4483 “
3161 4451 3500 4520 dedignatur,
3539 4452 3778 4523 ingratus

474 4564 592 4602 rum
620 4561 672 4603 et
690 4546 819 4601 alibi
848 4542 1300 4617 proﬁteturillum
1321 4557 1478 4598 suum
1506 4540 1673 4596 ﬁlium
1698 4555 1840 4606 esse,
1860 4538 2071 4610 quando

2181 4560 2282 4606 est.
2313 4549 2393 4603 Tu
2427 4558 2640 4615 tamen,
2676 4548 2959 4614 hacretice,
2984 4547 3160 4603 credis
3191 4546 3333 4617 quod
3358 4547 3606 4603 Christus
3640 4548 3779 4603 ﬁlius

474 4656 596 4696 cum
650 4640 911 4710 apostolis
950 4638 1112 4694 Petro
1152 4647 1207 4692 et
1268 4636 1471 4691 Jacobo
1524 4643 1577 4689 et
1634 4634 1841 4690 Joanne
1894 4632 2077 4686 Domi-

474 4747 576 4786 nus
614 4731 860 4785 ascendit
893 4732 945 4785 in
989 4739 1227 4785 montem
1247 4770 1262 4796 ,
1314 4737 1369 4785 et
1393 4728 1600 4792 refulsit
1627 4727 1784 4797 [acies
1815 4726 1925 4797 ejus
1947 4725 2079 4779 sicut

472 4820 790 4893 sol(Matth.
827 4832 958 4886 xvn,
982 4820 1061 4892 2).
1098 4821 1371 4875 Percutiat
1400 4821 1595 4874 iterum
1634 4817 1876 4873 divinum
1919 4818 2073 4871 testi-

474 4917 717 4974 inonium
753 4927 859 4972 tua:
904 4914 1099 4971 frontis
1127 4915 1516 4986 impudentiam
1556 4933 1569 4969 ;
1598 4913 1667 4969 Et
1691 4930 1824 4980 ecce,
1855 4915 2031 4985 inquit

474 5011 630 5067 nubes
656 5010 833 5066 lucida
856 5009 1229 5065 inobumbravit
1259 5025 1345 5064 eos
1376 5027 1387 5063 :
1419 5020 1466 5065 et
1494 5026 1605 5065 ecce
1624 5024 1721 5065 vox
1750 5008 1814 5064 de
1843 5008 1974 5063 nube
1997 5007 2078 5061 di-

472 5120 591 5162 cens
620 5119 639 5159 :
675 5102 781 5159 Hic
806 5113 881 5159 est
915 5102 1057 5171 ﬁlius
1086 5118 1226 5158 meus
1265 5103 1527 5172 dilectus,‘
1545 5104 1598 5159 in
1638 5120 1738 5174 quo
1782 5106 1905 5159 bene
1930 5118 2074 5156 com-

547 5249 563 5279 ‘
590 5244 805 5302 Interim
823 5240 979 5319 patri.

546 5321 568 5389 ξ
593 5320 955 5389 Signiﬁcabat.

550 5388 853 5460 fCo’rporis,
887 5399 941 5444 et
967 5388 1103 5445 forte
1130 5404 1401 5460 corporea.

550 5458 570 5486 ‘
600 5459 923 5514 Exsurrexit.

552 5530 572 5561 ⁸
602 5525 738 5581 Fide
758 5531 810 5582 in
835 5530 1036 5586 Christo
1059 5532 1339 5589 divinitatis
1365 5534 1523 5591 solus.

553 5601 574 5631 ⁸
596 5598 788 5653 Sentis.

554 5674 572 5706 ⁷
591 5668 770 5725 Credis
791 5685 869 5724 ne.

552 5748 573 5781 ⁸
602 5744 899 5809 Honoratus
919 5757 1010 5803 est.

2183 4658 2397 4714 quoque
2428 4642 2665 4696 hominis
2691 4641 2865 4696 factus
2893 4649 3010 4708 est,
3038 4649 3092 4694 et
3113 4655 3243 4720 cum‘
3276 4640 3381 4695 hoc
3423 4640 3594 4709 ipsum
3623 4640 3690 4695 de
3721 4657 3780 4697 se

2185 4735 2431 4793 Salvator
2459 4733 2639 4799 dicat,
2672 4749 2779 4787 non
2818 4732 3029 4786 abnuis.
3056 4736 3123 4786 At
3146 4746 3274 4786 vero
3316 4746 3438 4786 cum
3467 4733 3662 4788 dixerit
3687 4749 3781 4803 pa-

2186 4839 2299 4893 ter,
2338 4826 2438 4881 llic
2472 4836 2544 4880 est
2576 4825 2717 4895 ﬁlius
2749 4841 2889 4878 meus
2911 4865 2925 4891 ,
2950 4834 3001 4878 et
3032 4839 3154 4879 cum
3186 4823 3387 4879 dixerit
3417 4824 3587 4891 ﬁlius,
3620 4824 3780 4879 Pater

2184 4934 2357 4985 meus;
2387 4929 2438 4973 tu
2464 4927 2521 4986 ut
2546 4933 2634 4971 cor
2663 4916 2954 4970 Pharaonis
2982 4915 3021 4946 ¹¹⁸
3045 4915 3281 4971 obduras
3301 4958 3315 4982 ,
3344 4926 3397 4971 et
3427 4932 3534 4971 non
3567 4917 3781 4973 credis?

2184 5014 2448 5084 Superest
2482 5009 2829 5081 impudentiae
2870 5019 2974 5064 tua:
2999 5049 3013 5076 ,
3057 5019 3115 5065 ut
3159 5010 3312 5080 quasi
3358 5010 3780 5068 melancholicus

2183 5121 2291 5163 non
2339 5118 2464 5159 vera
2506 5102 2871 5174 perspiciens,
2908 5108 3127 5169 patrem
3172 5110 3227 5157 et
3271 5102 3439 5157 ﬁlium
3472 5101 3620 5158 dicas
3657 5117 3780 5162 esse

2248 5250 2268 5281 ⁸
2300 5245 2369 5300 Et
2391 5245 2533 5300 alibi.

2253 5319 2294 5350 ¹⁰
2326 5317 2566 5372 Veritatis
2592 5328 2804 5373 mortem
2826 5329 2872 5373 et
2903 5328 3116 5374 mortem
3138 5321 3323 5376 crucis.

2253 5391 2293 5421 “
2316 5389 2452 5455 Quia
2473 5389 2739 5457 bene/iiiis.

2254 5460 2443 5536 “Qua
2479 5461 2752 5536 beneﬁcius
2804 5462 2959 5536 nobis
2983 5463 3249 5536 prmstitit.
3292 5464 3410 5521 Alia
3448 5466 3773 5536 exemplaria

2183 5533 2407 5611 rectius,
2432 5533 2553 5611 quia
2574 5534 2836 5611 beneﬁcia
2872 5532 3017 5611 nobis
3048 5536 3285 5603 prwstitit
3310 5579 3325 5605 ,
3351 5538 3455 5596 alia
3481 5532 3635 5606 vero,
3653 5540 3774 5611 quia

2184 5603 2438 5671 beneﬁcus
2466 5604 2610 5658 nobis
2638 5603 2874 5675 perstitit.
2901 5604 3070 5663 Oxon.

2256 5676 2299 5709 ⁸³
2326 5676 2716 5749 Dedignabitttr.

2255 5751 2299 5783 “
2330 5749 2655 5811 Obdurascit.
