4150 6176
335 243 414 301 53

1744 238 1835 297 DE
1875 238 2266 303 TRINITATE.
3582 257 3648 314 54

337 360 617 417 mentitos.
650 357 790 424 Non,
826 356 1023 426 inquit,
1061 370 1197 428 nego
1226 355 1431 421 ﬁlium;
1463 354 1561 413 sed
1591 369 1731 428 nego
1758 371 1949 413 verum
1976 360 2029 418 Α
2056 358 2269 414 laudata
2297 360 2569 419 confessio
2598 374 2700 431 est,
2726 365 2841 422 sive
2862 381 2925 422 ex
2944 368 3201 439 peculiari
3224 371 3517 429 dilectione
3540 372 3657 429 Sal-

338 455 511 509 ﬁlium
539 472 552 507 :
579 467 713 525 ergo
738 459 794 507 et
830 449 1024 505 Petrus
1065 447 1188 504 ideo
1223 449 1573 505 beatitudinis
1595 464 1784 504 vocem
1824 463 1947 518 pro-

339 548 582 614 meruit,
610 544 733 617 quia
761 542 1033 600 Christum
1069 558 1258 599 verum
1300 543 1469 599 lilium
1497 558 1620 599 esse
1641 557 1749 598 non
1774 541 1950 597 credi-

342 642 450 709 dit,
478 641 605 696 licet
628 638 793 710 ﬁlium
816 636 912 690 Dei
932 635 1029 690 vivi
1055 636 1126 690 sit
1146 635 1449 691 confessus.
1476 636 1725 706 Magnum
1761 650 1950 691 revera

345 735 611 793 confessas
641 729 769 787 ﬁdei
798 738 1203 785 sacramentum
1226 735 1311 783 est
1340 729 1393 782 in
1422 727 1570 783 Petri
1594 726 1949 795 conscientia,

346 840 409 886 ut
439 845 557 884 cum
586 827 745 881 labiis
785 825 966 891 dicat,
992 823 1071 878 Tu
1111 840 1163 877 es
1209 820 1483 887 Christus,
1526 824 1667 892 ﬁlius
1703 821 1803 877 Dei
1855 821 1952 876 vivi

348 920 571 996 (Matth.
596 934 711 984 xvi,
746 916 873 991 16),
900 921 951 971 in
971 914 1137 971 corde
1167 924 1348 969 tamen
1378 913 1578 969 habeat
1606 956 1621 980 ,
1662 913 1807 985 quod
1844 928 1953 969 non

342 1018 412 1075 sit
433 1032 578 1070 vetus
598 1013 744 1084 ﬁlius
768 1011 865 1066 Dei
889 1011 1006 1065 vivi.
1040 1008 1159 1080 Ego
1187 1011 1349 1064 homo
1376 1024 1493 1064 sum
1520 1026 1534 1061 :
1566 1007 1731 1064 verba
1759 1007 1952 1077 audio,

342 1109 507 1165 verba
546 1105 831 1178 intelligo,
861 1104 1361 1174 interpretationem
1391 1104 1609 1155 tacitam
1641 1100 1821 1155 cordis
1860 1115 1957 1154 au-

344 1201 461 1257 dire
483 1216 588 1255 non
617 1214 860 1270 possum.
884 1196 1159 1252 Christum
1188 1194 1355 1262 [ilium
1380 1193 1511 1248 dixit
1536 1192 1633 1247 Dei
1662 1194 1758 1247 vivi
1787 1209 1806 1247 :
1853 1193 1958 1248 nisi

345 1304 400 1351 et
451 1293 770 1365 adoptivum
817 1288 1119 1361 adjecerit,
1154 1302 1257 1357 ego
1308 1285 1453 1340 aliud
1496 1284 1625 1339 nihil
1679 1284 1955 1356 intelligo,

348 1403 513 1458 quam
560 1383 701 1458 quod
749 1393 805 1440 et
860 1381 1123 1452 loquitur.
1155 1378 1362 1434 Viderit
1402 1378 1445 1433 si
1491 1375 1775 1442 Christus,
1809 1377 1825 1406 ί
1854 1391 1960 1447 qua

353 1481 622 1537 Dominus
662 1488 715 1532 et
742 1476 887 1531 Deus
919 1489 1015 1530 cor
1050 1471 1245 1542 aspicit
1283 1489 1295 1523 ε
1326 1470 1457 1525 mihi
1484 1478 1664 1524 tamen
1701 1470 1790 1540 qui
1815 1468 1962 1522 auri-

352 1574 460 1628 bus
490 1578 695 1627 tantum
726 1552 912 1634 audio,
945 1564 1135 1622 debuit
1164 1564 1324 1619 etiam
1355 1578 1449 1634 per
1480 1577 1667 1617 vocem
1695 1561 1810 1615 ﬁeri
1841 1576 1966 1615 cor-

353 1666 441 1722 dis
461 1664 582 1735 ejus
604 1660 891 1718 manifesta
919 1657 1192 1714 confessio
1215 1699 1231 1726 ,
1263 1666 1482 1727 propter
1503 1671 1662 1725 quem
1692 1665 1747 1710 et
1772 1654 1965 1709 Petrus

2054 454 2277 519 vatoris,
2310 454 2332 484 ‘
2359 471 2463 527 qua
2494 456 2566 514 ita
2607 467 2729 513 erat
2754 458 2805 513 ei
2853 463 3163 531 proximus,
3190 476 3246 519 ut
3286 466 3449 521 etiam
3492 481 3683 537 supra

2057 555 2242 613 pectus
2269 547 2386 616 ejus
2420 550 2763 607 recumberet
2788 551 3105 625 (Joan.xm,
3137 557 3254 627 25).
3283 560 3304 591 ⁸
3331 558 3653 625 Videamus,

2058 639 2185 708 quid
2220 639 2434 697 haerens
2465 644 2673 713 pectori
2714 646 2834 717 ejus
2861 648 3121 705 hauserit.
3163 648 3333 706 Deum
3358 670 3506 708 nemo
3531 654 3661 708 vidit

2058 749 2327 803 umquam,
2360 736 2460 790 nisi
2502 738 2795 809 unigenitus
2831 741 2971 808 ﬁlius
3008 743 3095 811 qui
3129 753 3201 798 est
3250 745 3307 798 in
3342 746 3456 799 sinu
3494 747 3659 816 patris

2062 823 2245 893 (Joan.
2277 842 2315 893 ι,
2351 827 2635 898 18).Nulla
2670 839 2918 887 creatura
2945 835 3092 890 videt
3128 836 3295 891 Deum
3315 878 3330 904 ,
3354 837 3657 893 secundum

2060 916 2163 971 hoc
2210 919 2353 988 quod
2400 921 2538 975 Deus
2572 932 2684 988 est;
2717 933 2771 978 et
2811 924 2931 979 ideo
2961 927 3034 980 ait
3063 945 3077 981 :
3103 926 3316 998 (Deum)
3351 946 3496 983 nemo
3536 930 3660 984 vidit

2061 1026 2325 1081 umquam.
2354 1012 2459 1068 Sed
2490 1016 2753 1085 sequitur,
2778 1026 2833 1072 et
2858 1017 2992 1073 dicit
3023 1037 3035 1072 :
3064 1021 3164 1075 nisi
3190 1022 3479 1092 unigenitus
3498 1023 3661 1092 ﬁlius:

2062 1118 2191 1174 ergo
2231 1106 2540 1175 unigenitus
2586 1107 2731 1165 ﬁlius
2780 1126 2885 1166 non
2930 1120 3016 1167 est
3057 1124 3329 1182 creatura,
3356 1116 3446 1185 qui
3492 1116 3659 1171 Deum

2064 1197 2209 1279 videt
2236 1214 2395 1268 quem
2428 1202 2569 1255 nulla
2593 1202 2726 1257 vidit
2759 1214 3031 1261 creatura.
3076 1207 3144 1262 Et
3184 1224 3250 1262 ne
3282 1208 3421 1265 forte
3446 1225 3611 1264 unum
3642 1209 3663 1240 δ

2064 1305 2187 1347 eum
2221 1291 2289 1347 de
2336 1292 2605 1365 adoptivis
2644 1294 2773 1352 ﬁliis
2815 1299 3103 1365 crederes,
3137 1301 3433 1371 amputavit
3474 1315 3667 1357 sensus

2068 1385 2215 1455 impii
2241 1388 2606 1455 occasionem,
2635 1404 2756 1445 cum
2788 1406 2912 1446 eum
2949 1393 3085 1447 dixit
3115 1409 3220 1447 non
3245 1394 3419 1449 solum
3451 1395 3618 1448 ﬁlium
3650 1435 3666 1459 ,

2068 1478 2163 1532 sed
2193 1479 2355 1533 etiam
2393 1481 2733 1551 unigenitum
2775 1482 2963 1538 ﬁlium.
3000 1484 3114 1539 Hoc
3144 1501 3341 1541 nomen
3370 1500 3479 1540 non
3507 1484 3671 1540 habet

2068 1573 2247 1627 socios
2279 1591 2292 1625 :
2331 1584 2385 1627 et
2411 1573 2539 1628 licet
2566 1575 2813 1630 dicantur
2842 1578 2932 1631 alii
2962 1578 3093 1644 ﬁlii;
3126 1579 3419 1649 adOptione
3443 1588 3620 1633 tamen
3654 1620 3670 1643 ,

2072 1679 2177 1719 non
2224 1673 2412 1720 natura
2444 1675 2570 1720 sunt
2602 1668 2715 1722 lilii.
2750 1668 2860 1725 Sed
2898 1669 3147 1726 Christus
3181 1673 3332 1727 solus
3363 1671 3674 1740 unigenitus

355 1762 721 1829 interrogatur
754 1774 767 1810 :
800 1770 908 1811 non
932 1755 1079 1810 enim
1110 1752 1211 1807 sibi
1240 1751 1341 1807 soli
1368 1750 1560 1806 Petrus
1598 1750 1962 1815 interrOgatus
1993 1761 2040 1821 Β
2070 1756 2211 1812 ﬁnus
2239 1768 2343 1823 ρει⁹
2372 1758 2495 1827 quia
2524 1760 2673 1814 solus
2701 1776 2861 1817 verus
2894 1761 3035 1817 mins
3059 1772 3145 1818 es‘
3169 1804 3185 1831 ’
3219 1779 3325 1819 non
3347 1764 3671 1834 adoptione,

361 1862 481 1919 est,
506 1853 602 1908 sed
637 1860 692 1907 et
720 1849 973 1906 omnibus
1004 1846 1212 1920 (nobis)
1238 1863 1254 1913 ;
1279 1853 1337 1900 ut
1364 1860 1486 1899 cum
1526 1843 1615 1898 ille
1654 1842 1721 1897 de
1749 1840 1971 1896 Christo

363 1947 505 2001 bene
554 1944 877 2007 conﬁtetur,
928 1951 984 1997 et
1032 1954 1130 1995 nos
1175 1937 1426 2001 similiter
1468 1933 1804 1991 disceremus
1853 1931 1974 2003 pari

362 2034 712 2092 confessione
731 2034 797 2088 ad
824 2031 1212 2089 beatitudinem
1232 2031 1537 2101 pervenire.
1570 2030 1637 2083 Et
1668 2028 1875 2083 interea
1894 2025 1977 2081 vi—

369 2129 601 2184 deamus
634 2128 655 2158 ²
693 2125 740 2182 si
789 2127 950 2198 digne
1006 2125 1198 2181 Petrus
1242 2123 1591 2180 beatitudinis
1640 2120 1975 2194 praeconium

367 2219 755 2291 consequitur,
788 2218 1016 2274 credens
1058 2219 1111 2274 in
1150 2218 1317 2273 corde
1358 2215 1501 2286 quod
1549 2232 1659 2271 non
1702 2216 1775 2270 sit
1814 2228 1976 2271 verus

370 2310 585 2386 (ﬁlius),
610 2311 707 2367 sed
729 2313 1022 2383 adOptivus
1062 2328 1074 2364 :
1108 2310 1156 2366 si
1185 2309 1346 2383 digna
1376 2310 1491 2365 haec
1513 2307 1683 2380 patris
1714 2307 1978 2363 revelatio

371 2416 479 2472 est,
508 2416 562 2461 et
587 2421 693 2462 nou
729 2407 906 2477 petius
937 2405 1119 2461 carnis
1138 2414 1193 2460 et
1232 2403 1533 2474 sanguinis.
1567 2402 1791 2456 Plurimi
1828 2408 1980 2457 certe

373 2500 667 2571 adoptione
688 2509 816 2555 sunt
842 2498 935 2554 ﬁlii
969 2499 1105 2553 Dei:
1136 2506 1319 2553 etnon
1351 2496 1526 2551 solum
1552 2494 1821 2550 Jeremias
1846 2535 1861 2559 ,
1889 2492 1980 2563 qui

370 2594 554 2675 (adhuc
583 2608 705 2649 cum
737 2602 885 2648 esset
925 2594 977 2647 in
1012 2591 1173 2646 vulva
1219 2588 1439 2656 matris,
1490 2587 1856 2645 sanctiﬁcatus
1899 2594 1985 2644 est

375 2687 593 2758 (Jerem.
619 2704 657 2752 ι,
682 2686 737 2761 5)
769 2703 783 2753 ;
831 2701 1006 2757 neque
1049 2686 1197 2741 solus
1224 2684 1463 2740 Joannes
1498 2684 1772 2756 Baptista,
1806 2681 1897 2751 qui
1928 2682 1981 2736 in

377 2792 535 2837 utero
562 2784 750 2835 matris
777 2778 954 2833 infans
982 2778 1271 2834 exsultavit
1298 2778 1352 2832 in
1384 2777 1576 2849 spiritu
1602 2774 1754 2849 (Luc.
1782 2790 1822 2844 ι,
1846 2772 1939 2847 44)
1966 2793 1980 2833 :

378 2876 475 2932 sed
501 2890 677 2947 neque
706 2875 856 2930 solus
885 2875 1059 2942 Elias,
1089 2873 1179 2944 qui
1207 2882 1435 2927 mortem
1466 2870 1638 2925 adhuc
1668 2884 1839 2940 usque
1862 2883 1984 2940 pas-

381 2984 473 3024 sus
502 2986 609 3024 non
636 2978 742 3035 est,
775 2968 857 3024 vel
882 2967 1112 3040 quilibet
1136 2982 1200 3021 ex
1230 2980 1456 3020 numero
1480 2964 1885 3034 prophetarum,
1916 2976 1985 3018 cx

322 3102 325 3103 ν
384 3064 579 3135 quibus
636 3078 812 3131 unus,
843 3072 901 3116 ut
939 3060 993 3115 in
1032 3059 1326 3130 Evangelio
1356 3058 1582 3113 relatum
1631 3064 1715 3111 est
1756 3053 1982 3126 (Matth.

385 3171 499 3221 xv't,
540 3155 663 3226 ll),
701 3154 992 3227 putabatur
1041 3153 1331 3208 Christus:
1387 3150 1481 3206 sed
1521 3149 1589 3205 ad
1630 3148 1736 3204 hoc
1786 3161 1983 3203 nomen
2012 3151 2055 3213 (ἶ

386 3246 725 3319 adOptionis,
751 3246 1067 3301 meretrices
1108 3251 1164 3300 ct
1194 3242 1501 3314 publicani,
1529 3242 1778 3312 quamvis
1803 3254 1989 3295 emen-

387 3343 605 3397 datione
633 3342 653 3371 ³
684 3350 979 3395 venerunt.
1031 3338 1101 3393 Et
1141 3355 1208 3394 ne
1253 3337 1375 3407 quis
1414 3353 1504 3391 me
1549 3344 1704 3405 putet
1738 3332 1989 3404 blasphe-

386 3452 564 3501 mare,
596 3435 777 3490 audiat
803 3436 856 3489 in
896 3432 1191 3504 Evangelio
1221 3431 1326 3486 dici
1364 3449 1376 3487 :
1412 3429 1711 3484 Meretrices
1741 3438 1787 3482 et
1816 3427 1990 3499 publi-

387 3531 504 3584 cani
524 3529 815 3602 prwcedent
845 3543 930 3582 vos
956 3528 1011 3581 in
1031 3542 1188 3599 regno
1219 3525 1462 3579 cwlorum
1482 3520 1695 3595 (Matth.
1726 3536 1837 3587 χχι,
1872 3520 1990 3589 51),

389 3626 482 3679 ubi
511 3639 618 3678 non
652 3622 756 3678 nisi
780 3621 872 3676 ﬁlii
902 3620 1209 3691 adoptionis
1237 3625 1384 3674 sunt.
1408 3615 1542 3671 Cum
1571 3628 1701 3685 ergo
1723 3628 1824 3669 nec
1854 3614 1997 3669 blas-

388 3717 604 3789 phemis
634 3729 734 3769 nec
762 3713 1009 3784 turpibus
1036 3710 1347 3781 ad0ptionis
1381 3708 1555 3780 gratia
1586 3707 1886 3778 denegatur
1908 3749 1921 3772 ,
1950 3706 1997 3761 si

390 3809 670 3879 corrigunt
694 3822 783 3862 se:
810 3806 914 3861 hoc
945 3820 1042 3875 pro
1074 3819 1269 3872 magno
1289 3810 1629 3858 sacramento
1650 3801 1810 3856 Pater
1836 3800 1998 3856 Petro

395 3902 660 3960 revelavit
683 3943 699 3970 ,
732 3900 873 3972 quod
906 3898 1118 3954 scilicet
1166 3896 1308 3952 ﬁlius
1349 3894 1565 3964 quidem
1599 3894 1696 3950 Dei
1724 3893 1831 3950 vivi
1878 3903 1997 3963 est,

395 4000 495 4054 sed
535 3995 827 4067 adoptione
860 3994 1075 4063 potius,
1109 3998 1166 4046 et
1204 4005 1310 4044 non
1344 3988 1627 4043 nativitate
1649 4028 1663 4053 ,
1696 4000 1751 4042 et
1794 3994 2000 4041 tantum

402 4092 625 4147 nomine
648 4132 662 4156 ,
690 4104 800 4144 non
833 4085 996 4143 etiam
1038 4094 1094 4141 et
1137 4083 1371 4139 nominis
1402 4081 1672 4137 veritate?
1715 4080 1882 4136 Plane
1914 4080 2004 4151 qui

407 4185 513 4241 hoc
534 4182 736 4249 credit,
766 4197 874 4236 non
916 4180 1107 4234 beatus
1136 4177 1228 4234 ille
1257 4182 1374 4242 est,
1400 4174 1495 4231 sed
1525 4174 1862 4230 miserrimus
1888 4188 2009 4229 om-

410 4281 559 4334 nium
612 4276 913 4341 hominum,
961 4272 1166 4328 habens
1213 4286 1318 4326 non
1358 4269 1533 4324 solum
1587 4268 2008 4339 intelligentiam

405 4372 591 4431 carnis
633 4382 689 4429 et
726 4370 1037 4442 sanguinis,
1067 4384 1256 4425 verum
1298 4368 1461 4422 etiam
1507 4374 1561 4421 et
1608 4365 1858 4437 spiritum
1893 4364 2010 4419 dia-

412 4466 549 4522 boli.
578 4465 684 4523 Sed
712 4479 915 4535 quaiso,
941 4463 1168 4535 Regina,
1196 4462 1397 4517 sentias
1416 4502 1429 4526 ,
1457 4459 1599 4532 quod
1631 4460 1795 4514 multa
1823 4458 1875 4512 in
1907 4458 2010 4513 hoc

2073 1852 2169 1906 sed
2194 1860 2403 1918 natura,
2427 1868 2530 1907 non
2563 1856 2962 1924 nuncupatione
2991 1866 3221 1923 tantum,
3243 1858 3336 1913 sed
3366 1866 3423 1913 et
3440 1874 3673 1929 genere:

2076 1944 2225 1999 solus
2246 1943 2516 2015 (inquam)
2549 1960 2710 2001 verus
2742 1948 2885 2002 filius
2915 1958 3020 2013 est,
3052 1950 3138 2018 qui
3159 1951 3325 2005 etiam
3352 1952 3404 2005 in
3431 1952 3549 2005 sinu
3580 1968 3678 2021 pa-

2076 2040 2171 2093 tris
2199 2048 2294 2092 est.
2332 2038 2452 2094 Filii
2477 2039 2716 2109 adoptivi
2748 2041 2801 2094 in
2833 2042 2957 2095 sinu
2996 2042 3230 2097 Abrahae
3259 2051 3388 2098 sunt
3417 2059 3431 2098 :
3460 2043 3549 2113 qui
3584 2058 3679 2096 au-

2078 2140 2185 2186 tem
2210 2146 2370 2186 verus
2403 2132 2543 2186 ﬁlius
2588 2142 2689 2199 est,
2724 2140 2781 2187 et
2819 2134 3115 2205 unigenitus
3153 2135 3296 2204 ﬁlius
3324 2144 3430 2200 est,
3458 2136 3514 2189 in
3560 2136 3679 2189 sinu

2079 2224 2242 2292 patris
2267 2233 2360 2277 est.
2386 2224 2630 2294 Intelligo
2652 2234 2830 2280 tamen
2857 2234 2911 2282 et
2936 2227 2987 2281 in
3016 2227 3117 2281 hoc
3140 2227 3559 2297 inseparabilem
3586 2242 3680 2297 pa-

2084 2326 2252 2404 terna:
2295 2316 2611 2372 substantia:
2641 2317 2840 2383 ﬁlium,
2865 2319 3009 2388 quod
3040 2320 3095 2374 in
3136 2321 3255 2374 sinu
3276 2320 3451 2387 ‘patris
3482 2319 3682 2375 dicitur

2081 2422 2226 2463 esse.
2260 2405 2391 2462 Item
2425 2407 2655 2478 legimus
2686 2428 2697 2462 :
2729 2410 2822 2466 Sic
2850 2412 2983 2465 enim
3008 2411 3195 2467 dilexit
3234 2412 3480 2465 mundum
3504 2412 3641 2466 Deus
3665 2451 3682 2480 ,

2084 2511 2139 2554 ut
2168 2501 2332 2568 ﬁlium
2372 2517 2523 2555 suum
2546 2503 2864 2572 unigenitum
2894 2504 3037 2558 daret
3067 2521 3085 2560 :
3112 2514 3167 2559 ut
3202 2506 3367 2559 omnis
3407 2507 3495 2576 qui
3523 2505 3686 2561 credit

2083 2593 2137 2647 in
2165 2610 2302 2658 eum,
2332 2610 2435 2648 non
2485 2604 2679 2662 pereat,
2711 2596 2801 2650 sed
2830 2596 3010 2650 habeat
3033 2598 3187 2652 vitam
3211 2608 3454 2653 aeternam
3480 2597 3499 2669 (
3522 2596 3684 2653 Joan.

2086 2700 2166 2750 ill,
2188 2684 2300 2755 16).
2318 2684 2435 2740 Non
2462 2686 2642 2753 video,
2670 2687 2943 2756 quomodo
2970 2688 3190 2743 dilectio
3220 2688 3312 2744 Dei
3339 2689 3685 2745 commende-

2088 2790 2174 2835 tur
2202 2780 2268 2835 ad
2301 2780 2581 2845 mundum,
2609 2782 2656 2836 si
2685 2796 2790 2837 non
2818 2798 2977 2837 verus
2998 2790 3051 2837 et
3081 2784 3391 2855 unigenitus
3414 2792 3500 2841 est
3520 2784 3683 2852 ﬁlius,

2087 2890 2235 2943 quem
2262 2874 2398 2928 dedit
2423 2892 2516 2945 pro
2539 2876 2718 2929 mundi
2747 2876 3108 2947 redemptione.
3133 2877 3362 2933 Mundus
3383 2879 3501 2933 sine
3520 2878 3689 2935 dubio

2090 2977 2334 3022 creatura
2365 2976 2477 3035 est;
2512 2968 2555 3022 si
2589 2968 2838 3025 Christus
2881 2980 3127 3025 creatura
3156 2981 3272 3035 est,
3300 2970 3430 3041 quid
3462 2971 3691 3029 contulit

2090 3058 2317 3123 mundo,
2348 3059 2483 3114 dans
2535 3076 2633 3130 pro
2669 3074 2914 3117 creatura
2944 3064 3290 3118 creaturam?
3314 3064 3503 3118 Omnis
3532 3076 3689 3117 crea-

2093 3160 2209 3205 tura
2238 3152 2419 3206 servili
2442 3152 2751 3209 conditione
2780 3164 3032 3208 censetur
3067 3173 3079 3208 :
3104 3155 3148 3209 si
3169 3153 3418 3210 Christus
3442 3164 3691 3211 creatura

2093 3253 2197 3311 est,
2242 3258 2429 3299 servus
2460 3254 2543 3299 est
2577 3245 2929 3315 :quomodo"
2961 3245 3195 3302 redemit
3232 3246 3297 3300 ad
3339 3246 3645 3302 libertatem
3670 3280 3690 3313 ,
3784 3260 3785 3263 ‘

2094 3350 2216 3390 cum
2245 3351 2435 3393 servus
2460 3337 2607 3392 nullo
2628 3337 2751 3406 jure
2774 3338 2942 3407 possit
2974 3338 3224 3393 conferre
3250 3337 3554 3394 libertatem
3583 3338 3605 3390 ?
3638 3347 3697 3394 et

2098 3439 2276 3484 tamen
2309 3430 2612 3496 Abraham,
2644 3440 2702 3485 ut
2728 3433 3134 3489 commendaret
3159 3432 3501 3489 dilectionem
3531 3447 3693 3503 quam

2100 3520 2331 3575 habebat
2350 3522 2416 3577 ad
2454 3523 2645 3589 Deum,
2671 3526 2952 3594 proprium
2980 3535 3033 3580 et
3060 3540 3246 3581 verum
3273 3524 3611 3595 unigenitum
3640 3531 3701 3580 et

2099 3615 2509 3671 dilectissimum
2537 3617 2706 3673 ﬁlium
2729 3618 2922 3673 obtulit
2945 3620 2999 3673 in
3022 3618 3421 3685 holocaustum,
3443 3633 3566 3675 cum
3596 3617 3701 3673 hoc

2103 3711 2277 3779 ipsum
2307 3709 2450 3765 Deus
2480 3710 2544 3764 ad
2583 3710 2925 3779 probandum
2963 3712 3171 3767 cunctis
3196 3712 3315 3781 ejus
3352 3711 3405 3765 in
3447 3725 3506 3766 se
3532 3710 3703 3766 dilec-

2102 3803 2305 3855 tionem
2331 3802 2442 3856 ﬁeri
2462 3802 2828 3871 praecepisset.
2845 3802 2913 3856 Ει
2938 3813 2990 3856 ιιι
3017 3801 3175 3869 dicis,
3202 3802 3387 3871 impie,
3411 3803 3534 3871 quia
3557 3801 3701 3860 Deus

2105 3893 2293 3949 volens
2325 3893 2709 3950 commendare
2738 3893 3081 3950 dilectionem
3130 3908 3285 3948 suam
3324 3892 3525 3947 mundo
3545 3934 3558 3957 ,
3592 3907 3703 3949 non

2107 3987 2295 4042 habuit
2326 4003 2510 4042 verum
2544 3986 2712 4042 ﬁlium
2744 4002 2904 4058 quem
2933 3987 3107 4053 daret,
3135 3985 3229 4042 sed
3253 4000 3381 4041 usus
3401 3996 3484 4040 εει
3516 3999 3704 4042 neces-

2110 4083 2292 4148 sitate,
2324 4097 2477 4136 more
2506 4083 2770 4138 sterilimn
2796 4122 2813 4150 ,
2846 4093 2936 4150 ut,
2971 4081 3092 4152 quia
3126 4096 3310 4136 verum
3353 4080 3422 4136 de
3459 4094 3519 4135 se
3556 4078 3710 4148 geni-

2112 4186 2225 4231 tum
2268 4174 2435 4230 ﬁlium
2480 4190 2587 4231 non
2631 4175 2818 4232 habuit
2859 4190 2954 4246 per
2998 4183 3243 4228 naturam
3268 4212 3286 4241 ,
3318 4172 3403 4228 vel
3434 4188 3501 4228 ex
3538 4169 3711 4227 nihilo

2112 4270 2309 4326 factum
2336 4269 2529 4324 daret?

2185 4363 2274 4418 Vl.
2321 4364 2445 4428 Dic,
2506 4361 2692 4432 impie,
2724 4359 2926 4433 (ergo)
2972 4360 3178 4431 majore
3226 4359 3423 4414 virtute
3466 4355 3713 4414 dilectio-

2116 4470 2239 4510 nem
2280 4454 2677 4509 commendavit
2721 4452 3017 4518 Abraham,
3050 4454 3325 4521 proprium
3367 4456 3424 4504 et
3461 4446 3712 4519 unigeni-

409 4559 534 4614 loco
575 4558 680 4614 dici
720 4565 1002 4629 poterant,
1026 4571 1147 4625 qua:
1195 4554 1261 4609 ad
1312 4552 1696 4625 consequentia
1748 4550 2007 4606 festinans
2040 4546 2088 4605 D
2116 4558 2226 4603 tum
2259 4548 2428 4602 ﬁlium
2457 4548 2711 4611 otfercus,
2740 4562 2899 4616 quam
2935 4547 3074 4600 Deus
3108 4545 3197 4614 qui
3230 4560 3337 4598 non
3368 4542 3556 4597 habuit
3589 4555 3716 4611 pro—

408 4648 960 4725 prtetereo;credens
1001 4647 1141 4720 quod
1184 4638 1308 4700 data
1356 4646 1676 4708 occasione,
1703 4645 1856 4719 quasi
1903 4658 2006 4697 una

408 4747 481 4803 de
508 4746 920 4817 sapientissimis
942 4744 1062 4815 plus
1091 4744 1267 4813 possis
1295 4741 1498 4797 sentire
1521 4755 1678 4811 quam
1708 4737 2007 4809 loquimur,

409 4842 712 4898 secundum
744 4837 1068 4896 sententiam
1112 4836 1417 4892 Salomonis
1454 4852 1467 4888 :
1506 4832 1584 4888 Da
1612 4834 1831 4903 sapienti
1863 4848 2013 4887 occa-

409 4940 629 4997 sionem.
660 4944 706 4990 et
732 4933 1011 5005 sapientior
1032 4932 1127 4985 erit
1158 4928 1341 5001 (Prov.
1370 4944 1445 4993 ιι,
1472 4925 1551 4999 9).

488 5026 553 5082 V.
587 5026 710 5081 llaec
757 5031 967 5088 vestra,
1001 5020 1223 5084 Ariani,
1255 5019 1499 5075 doctrina
1544 5026 1657 5082 est,
1690 5015 1805 5072 haec
1832 5023 2014 5071 vestra

415 5117 796 5190 interpretatio
844 5114 1165 5185 singularis,
1209 5113 1313 5166 hoc
1353 5120 1626 5165 secretum
1660 5108 1783 5162 ﬁdei
1823 5118 2019 5162 vestrae

420 5211 735 5285 mysterium
769 5230 781 5264 ;
815 5210 1149 5280 Adoptione.
1182 5207 1386 5277 inquit,
1416 5202 1663 5259 Christus
1711 5212 1794 5258 est
1836 5200 1977 5256 illius
2002 5242 2017 5266 ,

418 5318 478 5364 et
504 5288 607 5361 non
634 5320 798 5362 verus
823 5304 988 5359 ﬁlius.
1016 5301 1416 5372 lutei-rogemus
1434 5308 1487 5354 et
1506 5297 1768 5354 Joannem
1806 5313 1819 5351 ε
1847 5303 2026 5365 potest

410 5413 469 5460 et
506 5403 592 5457 hic
612 5415 802 5457 verum
833 5399 1089 5455 didicisse
1115 5440 1129 5464 ,
1153 5398 1269 5455 sive
1299 5396 1421 5467 quia
1451 5393 1697 5452 interfuit
1724 5407 1846 5449 cum
1878 5390 2024 5448 Petri

494 5545 510 5576 ³
536 5542 720 5607 Forte,
749 5539 962 5605 scilicet,
993 5554 1111 5607 quo.

496 5610 886 5688 ῗΕοςιθςδειέ·
990 5678 1189 5688 -_.
1276 5677 1318 5688 η
1424 5675 1456 5688 Α.
1594 5673 1663 5687 ..

498 5686 522 5798 ξ
545 5685 680 5835 iacio
708 5677 958 5759 quaedam
990 5682 1043 5740 in
1068 5678 1243 5739 Paris.
1276 5677 1533 5745 Faustino
1558 5677 1776 5735 omissa.

603 5774 706 5815 uta.

2114 4644 2291 4713 prium
2314 4684 2328 4706 ,
2357 4656 2532 4712 neque
2563 4656 2690 4697 vere
2722 4639 3057 4709 unigenitum
3098 4636 3264 4693 dedit.
3301 4636 3368 4691 Et
3392 4644 3493 4702 est,
3523 4637 3545 4665 ⁸
3571 4633 3721 4705 quod

2122 4740 2250 4794 velit
2274 4738 2418 4793 Deus
2445 4750 2771 4807 magnopere
2792 4730 3174 4790 commendare
3195 4748 3208 4785 :
3233 4740 3284 4786 et
3310 4728 3537 4785 inferius
3564 4728 3720 4799 (non)

2119 4831 2506 4893 commendat,
2564 4843 2687 4883 cum
2739 4824 3203 4881 commendaverit
3249 4822 3434 4877 homo.
3504 4820 3570 4875 Et
3629 4819 3722 4875 ille

2124 4926 2265 4980 Deus
2292 4939 2453 4994 quem
2491 4922 2747 4993 majorem
2778 4920 3059 4990 praedicis,
3092 4920 3269 4973 minor
3303 4926 3385 4972 est
3418 4914 3634 4969 homine
3666 4910 3725 4968 in

2125 5016 2551 5072 commendanda
2580 5014 2868 5069 dilectione
2902 5031 2913 5066 :
2954 5013 3133 5066 minus
3154 5013 3296 5066 enim
3325 5005 3724 5065 commendavit

2108 5110 2497 5174 .dilectioncm,
2523 5108 2566 5161 si
2598 5122 2703 5161 non
2730 5121 2912 5161 verum
2946 5115 2999 5161 et
3025 5103 3359 5175 unigenitum
3388 5101 3550 5155 ﬁlium
3576 5094 3727 5150 dedit

2130 5219 2227 5273 pro
2254 5200 2441 5256 mundi
2473 5200 2765 5256 dilecﬁoue
2796 5218 2807 5253 :
2843 5207 2898 5253 et
2925 5197 3198 5254 Abraham
3231 5195 3349 5266 plus
3378 5185 3725 5246 commcnda-

2129 5297 2237 5365 vit,
2273 5295 2364 5366 qui
2396 5294 2674 5366 prOprium
2719 5302 2773 5349 et
2818 5293 3153 5363 unigenitum
3181 5285 3389 5343 obtulit.
3437 5280 3543 5338 Sed
3587 5279 3732 5337 absit

2131 5389 2248 5446 hazc
2276 5388 2545 5458 impietas,
2578 5396 2638 5441 ut
2668 5386 2750 5440 vel
2781 5387 2833 5441 in
2857 5383 3145 5441 dilectione
3174 5373 3602 5435 commendanda
3631 5373 3732 5430 mi-

2204 5528 2224 5557 ⁶
2262 5525 2475 5579 Videas.

2208 5598 2229 5629 °
2260 5596 2449 5650 Deum.

2212 5672 2230 5702 ⁷
2257 5667 2504 5723 Redimit.

2224 5744 2244 5776 ⁸
2271 5740 2583 5812 Quidquam.
