4150 6176
418 204 487 257 5!;
1673 196 1993 255 FAUSTINI
2035 196 2465 256 PRESBYTER]
3654 208 3724 263 56

418 335 516 376 nor
555 320 625 377 sit
664 320 809 377 Deus
832 362 847 386 ,
875 321 967 390 qui
1004 327 1087 374 est
1126 332 1225 388 per
1253 316 1434 371 omnia
1464 311 1857 369 inaestimabilis
1889 329 1904 364 :
1935 327 2029 368 ve—
2055 317 2107 376 Α
2134 324 2242 380 est,
2274 323 2330 369 et
2374 324 2651 386 postremo
2710 332 2806 388 per
2829 319 3010 374 omnia
3033 361 3047 386 ,
3105 319 3403 375 secundum
3434 320 3538 377 hoc
3578 321 3724 393 quod

418 428 537 468 rum
575 412 719 468 enim
750 420 806 466 et
836 411 1170 480 unigenitum
1202 407 1367 463 ﬁlium
1392 405 1570 473 dedit,
1602 403 1835 475 diligens
1864 419 2023 458 mun-

420 509 571 563 dum.
625 507 738 562 Hoc
767 508 783 537 ¹
809 507 951 562 enim
984 504 1185 559 Paulus
1215 518 1310 557 vas
1346 501 1628 556 electionis
1660 500 1975 569 exsequitur
2004 541 2018 564 ,

417 601 604 655 volens
648 600 740 655 Dei
780 601 831 652 in
866 612 965 652 nos
997 595 1380 652 commendare
1410 594 1757 650 dilectionem
1787 592 1973 647 dicens
2004 633 2019 658 ,

420 693 524 760 Qui
546 708 637 746 suo
669 691 776 759 ﬁlio
802 707 905 744 non
937 691 1183 760 pepercit,
1219 690 1308 743 sed
1341 704 1435 757 pro
1474 686 1620 740 nobis
1649 685 1885 740 omnibus
1913 694 2023 739 tra-

417 784 551 836 didit
595 782 739 835 illum
771 780 967 854 (Rom.
1000 797 1112 844 vm,
1143 780 1250 851 5'2)
1281 797 1294 845 ;
1338 795 1460 833 cum
1506 779 1671 845 dicit,
1700 777 1840 832 Filio
1888 794 1981 832 suo
2005 818 2023 846 ,

418 874 804 944 praprietatem
834 874 1077 928 veritatis
1107 873 1375 939 expressit
1418 874 1468 924 in
1519 872 1736 925 nomine
1772 887 1784 923 :
1822 876 1874 924 et
1900 868 2022 925 vide

418 979 622 1031 tamen,
653 984 761 1038 quo
791 982 1044 1022 sermone
1075 980 1202 1021 usus
1225 976 1330 1030 est,
1363 965 1571 1031 dicens,
1628 964 1727 1029 Qui
1780 980 1872 1017 suo
1913 964 2024 1032 [ilio

420 1082 524 1118 non
555 1063 801 1135 pepercit.
833 1061 1034 1129 Legisti
1068 1061 1252 1130 utique
1277 1059 1546 1113 dicentem
1577 1060 1739 1112 Deum
1768 1056 1834 1111 ad
1854 1055 2026 1110 Abra-

419 1159 569 1221 ham,
602 1172 723 1210 cum
752 1157 916 1209 lilium
949 1171 1044 1224 pro
1074 1154 1167 1209 Dei
1199 1153 1493 1207 dilectione
1520 1152 1678 1206 vellet
1724 1151 1975 1205 occidere
2007 1168 2020 1204 :

424 1249 508 1303 Ne
532 1251 738 1319 injicias
761 1266 970 1302 manum
999 1258 1139 1301 luam
1165 1248 1213 1300 in
1244 1263 1479 1315 puerum,
1506 1261 1569 1298 ne
1588 1245 1752 1314 facias
1773 1244 1855 1297 illi
1875 1242 2025 1313 quid-

421 1359 574 1413 quam
597 1360 613 1396 :
630 1359 765 1396 nunc
782 1342 917 1394 enim
939 1340 1168 1410 cOgnovi,
1187 1341 1306 1409 quia
1330 1340 1473 1392 times
1490 1333 1653 1391 Deum
1672 1345 1834 1402 tuum,
1856 1345 1901 1389 et
1924 1351 2024 1388 non

422 1438 694 1508 pepercisti
710 1438 822 1507 [ilio
843 1446 929 1490 tuo
952 1435 1138 1489 dilecto
1161 1442 1369 1503 prapter
1391 1430 1632 1503 me(Gen.
1652 1445 1783 1491 χχιι,
1802 1427 1913 1499 12).
1936 1427 2025 1480 Di-

423 1532 495 1586 cit
522 1538 575 1585 ct
602 1529 801 1584 Paulus
827 1548 838 1583 :
871 1528 973 1593 Qui
1000 1527 1109 1596 ﬁlio
1138 1542 1231 1579 suo
1252 1542 1352 1578 non
1367 1524 1612 1595 pepercit,
1643 1522 1733 1575 sed
1760 1537 1853 1591 pro
1881 1520 2024 1573 nobis

422 1624 658 1678 oumibus
681 1621 892 1675 tradidit
911 1636 1025 1673 eum
1044 1637 1054 1669 :
1073 1615 1509 1687 dicitApostolus
1526 1630 1589 1669 ex
1615 1611 1709 1667 Dei
1728 1626 1879 1677 voce,
1899 1624 2026 1680 quo-

2128 405 2267 460 l)eus
2294 416 2407 475 est,
2441 408 2703 479 aequalem
2736 411 2783 465 ei
2814 412 2906 481 qui
2932 427 3055 466 eum
3081 414 3285 482 genuit.
3317 412 3482 469 Vides
3510 415 3725 485 qualem

2126 497 2273 553 dedit
2329 498 2496 554 ﬁlium
2574 510 2741 568 pater.
2774 503 2911 559 Ecce
2940 503 3050 574 jam
3094 505 3238 561 Deus
3279 506 3729 563 inteSIimabiliter

2126 591 2377 659 superior
2402 590 2680 647 invenitur
2713 594 2763 648 in
2787 594 2898 650 ﬁlio
2930 614 2943 650 :
2976 606 3029 651 et
3051 612 3193 653 nunc
3222 597 3508 654 Considera
3532 639 3548 665 ,
3586 600 3730 668 quod

2127 678 2273 734 hunc
2319 680 2480 736 talem
2509 684 2843 754 unigenitum
2897 686 3067 741 ﬁlium
3104 704 3201 760 pro
3225 689 3408 743 mundi
3442 690 3732 747 dilectione

2128 774 2443 843 praestiterit
2475 794 2487 828 :
2514 788 2567 831 et
2600 778 2844 847 espeude
2876 796 3018 836 nunc
3041 824 3053 845 ,
3079 783 3334 852 quidnam
3363 785 3430 837 sit
3458 786 3731 851 mundus;

2129 868 2310 937 utique
2340 879 2588 924 creatura
2634 880 2756 926 est:
2790 874 3037 929 similiter
3067 886 3120 929 et
3149 876 3291 931 Deus
3345 878 3472 947 quid
3503 880 3606 945 sit,
3631 896 3732 935 ex-

2127 964 2304 1032 pende
2323 982 2334 1016 :
2353 965 2532 1036 utique
2554 976 2768 1023 creator
2784 977 2867 1023 est
2892 988 2903 1023 :
2924 979 2978 1025 et
3001 986 3140 1025 nunc
3158 971 3268 1040 jam
3284 987 3731 1042 eompara,quem

2127 1055 2382 1113 dilexerit
2401 1059 2668 1115 Abraham
2687 1104 2702 1127 ,
2729 1071 2784 1116 et
2804 1079 2962 1131 quem
2981 1064 3235 1119 dilexoerit
3260 1065 3418 1120 Deus.
3448 1067 3723 1123 Abraham

2128 1152 2344 1221 quidem
2405 1153 2596 1210 Deum.
2633 1155 2739 1211 Sed
2784 1172 3012 1213 recense
3073 1168 3272 1228 quanta
3306 1160 3452 1215 Deus
3499 1160 3734 1216 Abrahae

2130 1247 2471 1313 praestiterit,
2504 1258 2558 1302 et
2584 1249 2827 1303 invenies
2846 1292 2859 1315 ,
2882 1251 3025 1321 quod
3054 1252 3326 1307 Abraham
3353 1253 3524 1307 multo
3546 1255 3727 1309 minus

2131 1335 2241 1389 Deo
2266 1337 2570 1394 dilectionis
2599 1341 2839 1397 debitum
2862 1343 3097 1398 reddidit
3117 1360 3275 1415 quam
3303 1345 3539 1401 debebat
3564 1390 3578 1414 ,
3610 1347 3736 1403 licet

2128 1428 2430 1484 reddiderit
2503 1441 2763 1501 quantum
2816 1434 3047 1490 reddere
3103 1438 3296 1506 potuit.
3358 1438 3502 1492 Deus
3557 1447 3734 1493 autem

2131 1521 2389 1576 mundum
2419 1522 2594 1595 diligit
2618 1541 2714 1596 pro
2742 1527 2887 1582 nulla
2910 1528 3010 1583 sibi
3027 1529 3147 1583 data
3171 1529 3237 1585 ab
3264 1544 3330 1584 eo
3351 1531 3540 1600 gratia.
3575 1530 3738 1585 Vides

2132 1615 2255 1684 quia
2290 1616 2458 1670 multo
2478 1626 2563 1672 est
2596 1619 3089 1675 commendabilior
3116 1620 3334 1675 dilectio
3365 1621 3455 1675 Dei
3477 1637 3598 1691 qua:
3630 1638 3737 1677 non

427 1718 590 1773 modo
621 1720 641 1748 ¹
692 1714 1098 1771 commendaret
1133 1711 1479 1766 dilectionem
1520 1725 1531 1759 :
1570 1704 1863 1775 impr0prie
1906 1717 2032 1759 usus
2063 1710 2111 1769 Β
2136 1722 2201 1762 ex
2228 1707 2410 1763 debito
2486 1718 2809 1780 praestatur,
2859 1727 3016 1783 quam
3042 1713 3130 1767 illa
3187 1712 3419 1770 Abralim
3448 1730 3567 1785 qua:
3596 1732 3737 1785 prae-

428 1812 604 1865 iuerat
624 1809 806 1863 verbis
833 1807 1061 1871 divinis,
1096 1804 1140 1859 si
1186 1817 1291 1857 non
1327 1809 1382 1855 et
1410 1800 1496 1855 hic
1543 1798 1611 1853 de
1646 1813 1773 1852 vero
1806 1794 1916 1850 lilio
1954 1795 2034 1850 lo-

427 1911 686 1972 queretur
718 1917 730 1953 :
762 1912 815 1954 et
855 1906 1054 1965 tamen,
1079 1894 1237 1965 quisil
1269 1892 1473 1948 neseiat
1496 1891 1548 1946 in
1580 1899 1731 1960 patre
1760 1886 2030 1942 Abraham

428 2007 483 2053 et
507 1996 654 2050 Isaac
677 1994 789 2048 ﬁlio
808 1993 928 2061 ejus
953 1990 1240 2061 imaginem
1262 1984 1605 2053 praecessisse
1624 1984 1815 2036 luturte
1833 1980 2035 2036 verita-

433 2090 544 2145 tis?
572 2090 628 2143 In
655 2090 765 2143 Deo
792 2095 944 2157 patre
972 2093 1026 2138 et
1050 2082 1265 2138 Christo
1284 2077 1563 2149 unigenito
1585 2076 1697 2131 ﬁlio
1719 2074 1833 2145 ejus
1851 2088 2035 2128 sacra-

431 2193 675 2238 mentum
727 2177 1085 2249 praecedentis
1123 2175 1309 2244 ﬁgurte
1339 2170 1662 2226 monstravit
1702 2168 2029 2239 Apostolus,

432 2276 760 2345 consignatis
810 2271 944 2340 ipsis
992 2266 1340 2325 sermonibus
1382 2264 1687 2327 veritatem,
1744 2260 1938 2331 quibus
1980 2268 2035 2313 et

432 2368 663 2440 primum
700 2366 864 2435 ﬁgura
908 2363 1115 2432 signata
1144 2368 1229 2414 est
1250 2401 1263 2423 ,
1297 2357 1480 2444 dicens
1510 2373 1523 2410 :
1557 2354 1658 2421 Qui
1685 2352 1892 2423 praprio
1922 2350 2033 2419 ﬁlio

431 2478 522 2518 suo
544 2477 646 2514 non
696 2459 957 2529 pepercit,
980 2455 1069 2510 sed
1098 2470 1193 2526 pro
1221 2451 1365 2505 nobis
1392 2448 1627 2505 omnibus
1651 2444 1866 2500 tradidit
1891 2460 2028 2498 eum.

431 2558 489 2614 Si
520 2571 648 2626 ergo
700 2554 871 2622 ﬁgura
918 2558 1035 2606 erat
1089 2549 1141 2603 in
1169 2544 1480 2610 Abraham,
1511 2556 1636 2597 eum
1691 2538 1911 2593 oﬁ‘erret
1969 2536 2031 2589 li-

440 2647 845 2713 lium;veritas
903 2652 1084 2698 autem
1140 2641 1195 2694 in
1246 2638 1359 2693 Deo
1413 2646 1586 2706 patre,
1654 2649 1779 2688 cum
1813 2629 2035 2686 tradidit

440 2742 613 2797 ﬁlium
647 2758 659 2793 :
692 2739 821 2809 quid
866 2739 945 2793 ais
975 2736 1165 2791 doctor
1197 2731 1488 2803 impietatis
1515 2730 1538 2784 ?
1590 2729 1677 2783 ubi
1752 2725 1923 2795 major
1953 2723 2034 2779 vis

434 2834 651 2890 versari
687 2832 878 2896 debet,
935 2830 987 2883 in
1031 2830 1197 2898 ligura
1221 2868 1233 2891 ,
1281 2841 1348 2879 an
1378 2825 1430 2878 in
1462 2822 1689 2877 veritate
1719 2820 1741 2873 ?
1788 2820 1905 2873 sine
1936 2817 2032 2871 du-

435 2928 527 2984 bio
558 2928 612 2982 in
671 2924 919 2980 veritate.
963 2923 1029 2977 Et
1070 2919 1340 2991 quomodo
1393 2926 1447 2971 tu
1488 2915 1753 2969 minorem
1808 2910 2034 2967 exhibes

437 3021 756 3086 veritatem,
816 3019 1112 3091 pleniorem
1154 3030 1282 3069 vero
1314 3009 1591 3085 ﬁguram?
1636 3008 1844 3077 plenior
1886 3005 2031 3062 enim

2135 1812 2310 1856 statur
2360 1817 2424 1857 ex
2453 1804 2656 1859 debito.
2689 1806 2795 1861 Sed
2826 1807 2948 1862 vide
2998 1807 3176 1862 adhuc
3224 1808 3737 1879 supereminentiam

2136 1892 2443 1949 dilectionis
2468 1911 2571 1965 qua
2603 1896 2743 1951 Deus
2770 1896 2936 1968 diligit
2967 1898 3258 1965 mundum,
3284 1915 3387 1954 non
3415 1900 3587 1955 solum
3612 1901 3737 1965 sibi,

2136 1988 2225 2057 qui
2254 1995 2376 2041 eum
2423 1988 2663 2043 condidit
2695 1990 2844 2045 nullo
2896 1992 3091 2045 merito
3114 1992 3340 2062 justitite
3381 1994 3730 2048 commenda.

2138 2087 2287 2144 tum,
2318 2095 2507 2135 verum
2533 2083 2694 2135 etiam
2747 2091 3085 2151 peccatorem
3111 2094 3166 2138 et
3214 2084 3502 2140 adversum
3553 2086 3739 2140 scim-

2140 2171 2581 2241 pium.Mundum
2604 2190 2732 2245 ergo
2763 2174 2949 2231 dilexit
2980 2176 3120 2232 Deus
3144 2180 3379 2247 peccatis
3410 2188 3465 2234 et
3490 2179 3740 2249 impieta-

2138 2266 2282 2321 tibus
2325 2281 2510 2332 reum,
2544 2269 2793 2338 nonquia
2822 2278 3039 2337 peccata
3068 2278 3123 2324 et
3152 2270 3456 2339 impietates
3486 2271 3740 2327 dilexerit

2136 2358 2319 2413 mundi
2352 2402 2365 2425 ,
2396 2358 2493 2415 sed
2535 2360 2732 2416 dilexit
2772 2352 3080 2429 mundum,
3118 2372 3175 2418 ut
3203 2363 3269 2418 de
3294 2368 3533 2434 peccatis
3556 2374 3610 2420 et
3640 2365 3739 2419 im—

2138 2451 2434 2522 pietatibus
2456 2452 2692 2507 mundus
2717 2453 2832 2522 ipse
2868 2454 3149 2510 liberetur.
3184 2455 3244 2509 Et
3268 2455 3395 2510 audi
3425 2455 3743 2525 Apostolum

2135 2558 2235 2614 per
2259 2544 2375 2599 inec
2414 2545 2549 2599 mire
2576 2545 3048 2602 commendantem
3084 2547 3175 2601 Dei
3205 2546 3588 2611 dilectionem,
3615 2562 3736 2602 cum

2139 2639 2334 2693 scribit
2356 2639 2423 2693 ad
2458 2639 2734 2695 Romanos
2769 2657 2781 2692 :
2817 2638 2885 2693 Ut
2907 2639 3033 2708 quid
3058 2640 3189 2692 enim
3218 2637 3485 2703 Christus,
3512 2655 3627 2691 eum
3653 2638 3747 2691 ad-

2138 2730 2238 2784 huc
2267 2733 2459 2802 inﬁrmi
2486 2748 2734 2799 essemus,
2758 2730 3036 2786 secundum
3066 2742 3265 2800 tempus
3293 2745 3386 2800 pro
3413 2730 3584 2800 impiis
3609 2745 3747 2781 mor-

2159 2842 2261 2880 uus
2318 2837 2391 2881 est
2415 2828 2440 2881 ?
2462 2828 2548 2882 vix
2571 2827 2705 2881 enim
2740 2843 2832 2897 pro
2844 2831 2992 2900 justo
3046 2828 3157 2895 quis
3201 2825 3440 2879 moritur.
3474 2823 3614 2877 Nam
3646 2839 3740 2894 pro

2139 2917 2269 2971 bono
2297 2919 2514 2989 forsitan
2533 2920 2644 2987 quis
2666 2919 2850 2972 audeat
2873 2918 3020 2972 mori.
3047 2916 3378 2971 Commendat
3399 2927 3572 2972 autent
3598 2916 3738 2971 Deus

2138 3011 2440 3065 charitatem
2463 3028 2608 3065 suam
2638 3013 2692 3065 in
2722 3013 2867 3066 nobis
2889 3029 2908 3066 :
2933 3012 3175 3081 quoniam
3212 3013 3255 3066 si
3278 3028 3393 3065 cum
3420 3014 3594 3065 adhuc
3626 3028 3742 3080 pee—

441 3128 525 3172 est
564 3116 731 3186 ﬁgura
753 3156 768 3180 ,
812 3113 899 3168 ubi
932 3126 1093 3167 verus
1132 3110 1273 3163 lilius
1343 3105 1610 3162 oli'erlur:
1645 3112 1701 3159 et
1736 3102 1917 3157 minor
1960 3109 2042 3155 est
2072 3100 2118 3164 C
2149 3115 2343 3157 calores
2365 3119 2607 3169 essemus,
2632 3103 2865 3157 Christus
2902 3119 2996 3175 pro
3013 3102 3158 3157 nobis
3180 3112 3413 3156 mortuus
3448 3114 3520 3156 est
3545 3120 3562 3168 ;
3585 3104 3748 3156 multo

439 3212 680 3274 veritas,
730 3208 821 3262 ubi
875 3204 1172 3262 secundum
1208 3213 1290 3268 te,
1346 3217 1451 3254 non
1504 3213 1665 3253 verus
1696 3196 1837 3250 ﬁlius
1871 3194 2042 3248 tradi-

441 3313 547 3358 tur.
597 3301 704 3357 Sed
746 3300 903 3370 plane
956 3298 1128 3368 major
1178 3305 1260 3350 est
1303 3294 1535 3359 veritas,
1569 3300 1622 3344 et
1664 3290 1841 3343 minor
1866 3294 1951 3343 est
1979 3286 2045 3340 ﬁ-

437 3410 593 3467 gura.
636 3392 659 3424 ⁵
698 3393 810 3448 Hoc
845 3392 889 3445 si
917 3391 996 3447 vis
1027 3390 1274 3460 probari,
1306 3385 1469 3442 crede
1494 3398 1678 3439 verum
1702 3381 2042 3450 unigenitum

441 3490 612 3545 ﬁlium
665 3488 802 3553 Dei;
849 3494 905 3541 et
948 3485 1249 3553 intelliges,
1281 3479 1425 3552 quod
1483 3480 1653 3534 multo
1710 3477 1832 3547 plus
1877 3490 2040 3545 quam

441 3582 748 3646 Abraham,
793 3580 963 3650 gessit
1012 3578 1153 3631 Deus
1174 3617 1186 3638 .
1220 3574 1357 3629 dans
1413 3571 1581 3627 ﬁlium
1613 3585 1769 3626 suum
1799 3567 2043 3638 unigeni-

442 3687 555 3732 tum
614 3690 712 3746 pro
766 3672 955 3728 mundi
998 3668 1288 3725 dilectione
1329 3665 1627 3722 secundum
1680 3660 2039 3733 Evangelium

438 3768 624 3840 (Joan.
667 3783 758 3834 tu,
792 3765 914 3839 i6),
963 3765 1049 3820 vel
1078 3779 1201 3819 cum
1229 3760 1528 3816 secundum
1561 3756 1819 3816 Paulum,
1852 3769 1947 3806 suo
1981 3753 2043 3821 ﬁ-

440 3864 511 3919 lio
545 3879 646 3914 non
695 3860 951 3929 pepercit,
979 3858 1068 3911 sed
1091 3873 1184 3926 pro
1212 3854 1355 3907 nobis
1384 3851 1621 3905 omnibus
1662 3847 1881 3901 tradidit
1902 3863 2041 3899 eum.

441 3954 717 4011 Abraham
750 3951 893 4005 enim
917 3950 1043 4003 licet
1074 3947 1243 4001 ﬁlium
1283 3944 1534 3999 obtulerit
1562 3984 1578 4008 ,
1617 3952 1795 3996 tamen
1828 3955 1924 4010 pro
1951 3938 2043 3993 Dei

442 4044 739 4101 dilectione
769 4041 998 4106 obtulit,
1079 4038 1165 4093 cui
1194 4034 1452 4106 quidquid
1483 4033 1779 4098 obtuleris,
1836 4048 1941 4086 non
1972 4046 2043 4085 te-

442 4153 579 4209 quas
622 4136 691 4191 ad
739 4134 883 4205 quod
923 4133 1118 4203 dignus
1148 4140 1274 4195 est;
1320 4140 1374 4184 et
1408 4128 1605 4183 obtulit
1636 4128 1841 4191 tilium,
1881 4140 2041 4195 quem

442 4238 797 4301 posteaquam
843 4241 939 4296 per
988 4234 1236 4279 naturam
1290 4221 1489 4277 habere
1544 4236 1652 4275 non
1700 4220 1905 4290 potuit,
1948 4233 2045 4288 per

445 4323 615 4377 Deum
637 4329 814 4375 tamen
837 4330 1024 4374 contra
1041 4326 1285 4371 naturam
1307 4323 1391 4369 est
1414 4313 1673 4383 adeptus:
1698 4313 1891 4367 obtulit
1913 4325 2044 4380 ergo

447 4416 581 4482 Deo,
613 4413 756 4485 quod
786 4413 839 4468 ei
866 4420 1054 4467 contra
1099 4424 1252 4480 spem
1279 4415 1486 4462 naturae
1523 4404 1752 4462 dederat
1779 4405 1921 4460 Deus
1941 4444 1957 4471 ,
1987 4410 2044 4458 et

442 4510 641 4565 obtulit
670 4508 839 4563 (ilium
856 4544 872 4561 .

2152 3196 2315 3265 magis
2334 3195 2613 3268 justiﬁcati
2640 3211 2776 3249 nunc
2805 3194 2858 3248 in
2881 3195 3131 3266 sanguine
3176 3194 3342 3265 ipsius
3364 3235 3377 3261 ,
3410 3195 3541 3249 salvi
3563 3195 3749 3251 erimus

2147 3288 2210 3341 ab
2240 3290 2319 3342 ira
2361 3306 2452 3361 per
2471 3290 2640 3358 ipsum
2672 3289 2852 3361 (Rom.
2907 3304 2959 3352 v,
2994 3288 3087 3344 6-9
3115 3290 3154 3357 ).

2224 3380 2355 3435 Vill.
2406 3381 2649 3451 Intelligo
2693 3380 2942 3451 quidem,
2986 3380 3006 3410 ⁸
3032 3382 3174 3451 quod
3218 3379 3320 3436 hoc
3369 3380 3740 3436 testimonium

2146 3474 2340 3529 discuti
2369 3473 2645 3528 desiderat
2673 3491 2687 3527 :
2731 3473 2829 3528 sed
2855 3489 2995 3528 nunc
3025 3473 3166 3543 quod
3227 3474 3382 3529 faciat
3411 3473 3479 3529 ad
3516 3490 3732 3529 causam

2146 3567 2385 3622 breviter
2409 3566 2710 3636 pandimus.
2742 3566 2993 3621 Mundum
3021 3608 3036 3632 ,
3079 3566 3410 3624 habitatores
3436 3568 3620 3622 mundi
3668 3569 3748 3622 in-

2148 3668 2475 3731 terpretatus
2517 3660 2807 3731 Apostolus
2846 3661 3115 3728 ostendit,
3148 3661 3292 3732 quod
3346 3678 3439 3732 pro
3465 3663 3638 3732 impiis
3660 3704 3675 3728 ,
3701 3671 3747 3715 et

2146 3755 2497 3827 peccatoribus
2545 3765 2773 3810 mortuus
2797 3765 2870 3809 est
2903 3754 3161 3821 Christus,
3195 3766 3248 3810 ut
3269 3773 3417 3811 suam
3444 3758 3747 3812 charitatem

2147 3850 2526 3905 commendaret
2573 3850 2625 3903 in
2648 3850 2824 3915 nobis,
2850 3852 2938 3919 qui
2972 3864 3159 3905 sumus
3182 3851 3232 3904 in
3282 3851 3484 3906 mundo
3516 3869 3529 3904 :
3558 3863 3611 3907 et
3633 3867 3747 3904 mo-

2146 3944 2277 3997 ritur
2298 3986 2312 4010 ,
2370 3944 2572 4012 inquit,
2614 3944 2880 4009 Christus,
2914 3961 3006 4014 pro
3043 3944 3214 4013 impiis
3234 3986 3249 4011 ,
3280 3955 3325 3999 et
3350 3946 3697 4015 peccatoribus
3726 3964 3745 4012 ;

2146 4038 2562 4108 quandoquidem
2591 4039 2675 4092 vix
2696 4054 2788 4106 pro
2807 4041 2956 4111 justo
2983 4039 3099 4105 quis
3143 4040 3391 4105 moritur,
3445 4040 3558 4093 licet
3586 4039 3742 4110 forsi-

2147 4138 2236 4184 tan
2284 4147 2377 4200 pro
2427 4131 2559 4186 bono
2620 4133 2737 4202 quis
2794 4130 2981 4185 audeat
3042 4133 3191 4185 mori.
3249 4131 3439 4187 .lamne
3492 4132 3745 4202 intelligis

2148 4237 2306 4293 quam
2355 4225 2790 4280 inenarrabiliter
2845 4225 3119 4295 praecellat
3165 4224 3384 4279 dilectio
3425 4225 3517 4279 Dei
3546 4224 3634 4279 ubi
3664 4234 3745 4279 est

2146 4319 2390 4375 veritatis
2413 4320 2718 4389 expressio,
2750 4329 2805 4376 et
2833 4335 2993 4390 quam
3023 4320 3196 4372 minor
3227 4319 3296 4373 sit
3325 4317 3547 4373 dilectio
3569 4318 3744 4373 Abra-

2150 4409 2234 4465 lttn
2281 4413 2370 4465 ubi
2420 4412 2588 4482 ﬁgura
2620 4413 2827 4482 signata
2853 4412 2983 4467 est?
3026 4411 3142 4467 Non
3177 4412 3280 4467 hoc
3308 4411 3433 4467 dico
3458 4412 3611 4482 quasi
3633 4428 3743 4466 non

2154 4504 2384 4558 multum
2427 4505 2679 4560 dilexerit
2728 4505 3041 4573 Abraham;
3082 4507 3247 4560 immo
3299 4515 3503 4560 tantum
3555 4505 3746 4560 dilexit

514 4600 628 4656 Vll.
661 4601 810 4656 Facit
831 4599 900 4655 ad
947 4613 1200 4665 causam,
1254 4597 1301 4652 si
1347 4597 1538 4652 dixero
1581 4608 1642 4649 se
1683 4592 2040 4656 ιηίιιοτοηινθί
2071 4557 2125 4616 D
2153 4598 2317 4652 Deum
2357 4610 2613 4668 quantum
2646 4609 2699 4654 et
2748 4602 2952 4670 potuit,
3008 4612 3266 4670 quantum
3310 4614 3469 4655 nemo
3508 4615 3574 4655 ex
3604 4600 3744 4654 nalis

442 4692 564 4747 sine
594 4672 683 4746 illa
713 4692 1024 4746 conditione
1051 4688 1308 4760 praesenti
1325 4687 1648 4757 quandoque
1695 4681 2042 4738 mortalitatis

443 4786 566 4855 lege
594 4785 913 4838 moriturum
943 4801 955 4837 ε
990 4792 1175 4838 contra
1200 4824 1212 4846 ,
1243 4780 1497 4836 examina
1527 4780 1548 4811 ⁵
1580 4778 1706 4848 quid
1732 4778 1873 4830 Deus
1904 4789 2041 4845 prie;

438 4879 689 4938 stiterit:
742 4877 911 4931 ﬁlium
955 4892 1111 4931 suum
1165 4874 1414 4944 priestitit
1444 4873 1813 4944 unigenitum,
1879 4884 2038 4940 quem

438 4987 550 5029 non
577 4986 701 5026 sero
727 4986 795 5025 ex
821 4969 1049 5039 alicujus
1076 4968 1302 5038 adeptus
1332 4977 1414 5023 est
1443 4968 1612 5040 gratia
1631 5010 1645 5035 ,
1678 4967 1783 5023 sed
1825 4980 2042 5035 semper

441 5070 609 5126 habet
636 5070 753 5123 sine
775 5066 929 5120 initio
958 5081 1026 5121 ex
1056 5063 1384 5134 proprietate
1414 5075 1620 5117 natura:
1653 5072 1839 5116 natum
1882 5063 1950 5117 de
1982 5075 2041 5114 se

442 5164 637 5231 talem,
684 5161 859 5232 qualis
901 5166 955 5213 et
984 5158 1101 5227 ipse
1130 5164 1280 5225 pater
1310 5165 1390 5210 est
1420 5156 1512 5224 qui
1554 5170 1676 5209 eum
1710 5156 1933 5225 genuit,
1962 5156 2043 5208 in-

442 5257 742 5319 visibilem,
786 5250 1243 5316 intestimabilem,
1276 5247 1685 5318 sempiternum,
1720 5248 2042 5316 impassibi-

442 5345 547 5401 lem
567 5356 621 5402 et
644 5347 1001 5403 immortalem
1024 5354 1078 5402 et
1098 5345 1556 5413 omnipotentem,
1585 5340 1724 5396 sicut
1746 5341 1863 5410 ipse
1888 5349 2042 5411 pater

517 5488 530 5517 ‘
570 5486 738 5539 Etiam

516 5560 535 5590 ²
566 5556 967 5611 Commendarit.

515 5631 535 5661 ³
578 5628 679 5694 Qui
727 5627 925 5691 ﬁnium.

516 5709 535 5732 δ
591 5699 701 5754 Hoc
753 5707 826 5753 est
859 5698 926 5751 si.

2148 4691 2431 4745 mulierum
2465 4692 2777 4763 supergredi
2806 4703 3001 4763 potest.
3048 4693 3153 4749 Sed
3184 4693 3311 4748 licet
3340 4694 3564 4747 multum
3612 4693 3747 4747 dile-

2149 4784 2289 4837 xerit
2307 4783 2495 4851 Deum,
2518 4794 2572 4840 et
2598 4785 2666 4840 de
2685 4794 2800 4841 toto
2827 4785 2992 4841 corde
3018 4796 3071 4840 et
3092 4786 3159 4840 de
3179 4785 3302 4839 totis
3320 4784 3527 4841 viribus
3552 4786 3746 4840 anima}

2147 4892 2259 4930 sua:
2280 4876 2531 4931 dilexerit
2561 4894 2574 4931 :
2607 4886 2785 4932 tamen
2818 4877 3163 4932 inenarrabili
3184 4876 3640 4946 supereminentia
3668 4875 3750 4930 di-

2147 4969 2285 5023 vina:
2309 4968 2613 5029 dilectionis
2661 4970 2711 5023 in
2759 4968 3028 5025 inﬁnitum
3060 4979 3366 5039 superatur.
3417 4969 3550 5036 Quis
3600 4970 3745 5024 enim

2150 5062 2317 5131 possit
2343 5062 2617 5128 explicare
2647 5062 2998 5117 dilectionem
3018 5077 3180 5132 quam
3206 5062 3347 5118 Deus
3378 5062 3579 5117 tuundo
3609 5077 3748 5132 pra:—

2146 5158 2313 5221 stitit,
2364 5156 2498 5211 dans
2538 5156 2873 5225 unigenitum
2924 5156 3090 5212 ﬁlium
3134 5172 3289 5212 suum
3320 5158 3424 5223 ita,
3476 5166 3532 5211 ut
3582 5156 3747 5211 homo

2147 5257 2462 5304 nasceretur
2481 5248 2570 5319 qui
2596 5248 2737 5303 Deus
2757 5257 2842 5304 est
2875 5265 2889 5313 ;
2914 5259 2968 5304 et
2994 5248 3217 5305 haberet
3246 5248 3543 5305 secundum
3574 5250 3594 5281 ⁷
3626 5264 3749 5304 car-

2146 5361 2269 5402 nem
2302 5345 2533 5399 humaua
2560 5353 2708 5402 sorte
2736 5344 2944 5401 initium
2974 5345 3297 5415 nativitatis,
3333 5346 3425 5419 qui
3454 5346 3572 5401 sine
3594 5344 3748 5401 initio

2219 5486 2241 5516 ⁸
2291 5484 2463 5551 Quod.

2219 5558 2240 5586 6
2287 5556 2512 5586 [ιηεληυι

2220 5558 2240 5586 θ
2287 5556 2573 5625 Quidquid.

2220 5629 2239 5657 ⁷
2288 5625 2470 5682 Carnis
2515 5630 2756 5683 humana:
2803 5639 3010 5684 sortem.
