4150 6176
332 268 405 322 57
1746 267 1835 323 DF.
1873 264 2267 323 TRINITATE.
3577 281 3646 337 58

330 385 400 440 de
431 393 587 456 patre
625 391 783 440 natus
803 391 888 439 est
918 399 932 449 ;
964 393 1020 441 et
1048 384 1140 440 ille
1166 386 1389 455 aequalis
1420 385 1529 444 Deo
1561 386 1612 443 in
1645 387 1815 443 forma
1848 387 1941 443 Dei
1967 399 2019 460 Α
2048 388 2229 457 ptionc
2260 386 2330 441 sit
2360 384 2503 441 ﬁlius
2526 427 2543 454 ,
2576 396 2631 442 et
2657 400 2763 443 non
2793 402 2955 445 verus
3011 390 3174 449 ﬁlius.
3208 393 3276 449 Et
3306 395 3465 462 bene,
3503 400 3646 470 quod

332 477 581 534 existens
628 493 869 548 semper,
906 489 1130 549 accepta
1153 477 1325 534 forma
1346 481 1529 535 servili
1556 481 1731 535 minor
1762 480 1935 547 ﬁeret,

333 586 448 627 non
483 572 675 627 solum
694 582 877 641 patre,
934 588 1125 627 verum
1177 572 1342 628 etiam
1393 574 1634 645 angelis,
1680 572 1846 628 immo
1885 582 1939 628 et

337 664 681 727 hominibus,
714 663 930 729 nescio,
966 664 1011 719 si
1061 678 1168 718 non
1198 674 1247 719 ct
1282 665 1510 721 multum
1555 664 1730 731 infra,
1763 666 1777 695 ¹
1813 680 1938 719 ver-

342 758 451 812 mis
490 772 698 827 qunqne
746 758 1153 826 comparatione
1186 773 1199 821 ;
1233 768 1284 811 et
1315 766 1627 828 postremo,
1655 768 1711 812 ιιι
1743 771 1937 812 secun-

341 851 469 905 dum
520 861 762 904 naturam
792 859 1061 919 susceptae
1109 851 1128 881 ¹
1153 850 1383 917 animae,
1416 866 1589 921 usque
1616 850 1681 905 ad
1712 858 1940 905 mortem

340 946 607 1000 tristitiam
655 954 967 1014 pateretur,
1018 944 1109 1015 qui
1184 952 1330 999 totus
1378 945 1631 1014 gaudium
1661 955 1784 1009 est,
1835 958 1940 999 non

334 1042 511 1093 solum
545 1037 812 1105 Abrahze,
846 1038 934 1108 qui
959 1036 1094 1091 diem
1118 1026 1467 1109 ejus-cupiens
1491 1037 1703 1102 ridere,
1738 1036 1865 1091 vidit
1894 1045 1942 1090 et

333 1134 542 1204 gavisus
587 1141 665 1186 est
695 1129 879 1201 (Joan.
934 1146 1061 1191 vm.
1093 1130 1221 1201 56),
1253 1131 1349 1187 sed
1375 1138 1430 1186 et
1473 1131 1713 1186 omnium
1771 1130 1945 1185 homi-

333 1241 465 1280 num
518 1236 852 1280 sanctorum.
888 1222 1147 1278 Praestitit
1193 1238 1323 1294 ergo
1366 1222 1570 1278 mundo
1608 1222 1943 1294 unigenitum

337 1317 509 1373 ﬁlium
541 1333 728 1381 suum,
780 1326 839 1372 ut
877 1317 967 1388 qni
1025 1333 1147 1372 vera
1178 1316 1287 1371 vita
1316 1328 1397 1373 est
1422 1359 1435 1381 ,
1496 1317 1737 1387 pendens
1776 1316 1830 1371 in
1882 1317 1945 1371 li-

338 1413 451 1467 gno
507 1397 803 1452 secundum
834 1412 1088 1463 carnem,
1145 1407 1375 1452 mortem
1406 1399 1582 1452 crucis
1632 1407 1943 1467 pateretur,

341 1493 617 1547 occultata
666 1493 874 1547 interim
903 1492 1231 1561 sempiterna
1263 1502 1317 1546 et
1344 1492 1641 1547 inviolabili
1665 1491 1947 1545 divinitate

339 1586 489 1655 ejus,
523 1602 644 1655 quae
684 1585 759 1639 illi
815 1600 918 1639 una
972 1593 1203 1639 estcutn
1262 1594 1412 1654 patre
1455 1584 1595 1654 ejus.
1644 1583 1780 1637 Vide
1814 1582 1950 1637 dile-

340 1679 613 1744 ctionem,
648 1687 706 1733 ut
752 1693 852 1749 pro
900 1677 1084 1732 nmndi
1132 1677 1308 1732 salute
1342 1678 1602 1732 Dominus
1648 1677 1949 1746 majestatis

340 1772 687 1841 cruciligatur
717 1770 770 1825 in
827 1779 974 1827 terra
1010 1770 1099 1841 qui
1149 1785 1209 1826 se
1255 1770 1422 1826 ﬁlium
1467 1772 1558 1826 Dei
1602 1770 1949 1825 credentibus

340 1865 509 1920 vitam
530 1874 789 1919 teternam
818 1873 1038 1933 prtcstat
1080 1864 1133 1918 in
1180 1864 1354 1918 caelis.
1383 1862 1429 1919 0
1459 1873 1511 1919 te
1545 1864 1947 1929 beatissimum,

342 1959 647 2031 patriarcha
678 1959 975 2025 Abraham,
994 1959 1148 2029 cujus
1173 1960 1405 2015 maxima
1432 1959 1655 2015 dilectio
1682 1961 1734 2014 in
1781 1959 1949 2013 Demn

344 2070 458 2109 non
485 2054 586 2108 nisi
616 2053 1007 2121 inexplicabilis
1045 2054 1242 2109 divinzn
1263 2054 1569 2109 dilectionis
1600 2053 1951 2109 inundatione

338 2146 709 2216 submergitur
742 2164 754 2200 :
781 2156 835 2202 et
883 2148 1068 2203 nescio
1097 2147 1141 2201 si
1173 2162 1279 2202 non
1307 2148 1409 2202 hoc
1440 2146 1663 2219 (totum)
1696 2161 1795 2217 pro
1824 2162 1947 2201 res-

339 2250 503 2311 pectu
532 2252 635 2295 tua:
686 2240 991 2297 dilectionis
1035 2250 1091 2296 et
1132 2240 1256 2297 ﬁdei
1315 2241 1452 2296 Deus
1482 2242 1649 2312 impio
1700 2241 1950 2311 prazstitit

338 2334 564 2392 mundo.
609 2334 726 2390 Tibi
755 2335 898 2389 enim
927 2343 982 2389 et
1028 2333 1221 2389 semini
1279 2342 1371 2388 tuo
1401 2334 1725 2402 promiserat
1771 2333 1946 2399 Deus,

341 2439 401 2484 ut
432 2429 599 2483 hwres
626 2445 760 2484 esses
791 2429 966 2483 mundi
994 2445 1085 2498 per
1104 2429 1363 2502 justitiam
1386 2427 1692 2499 [idei(!lom.
1726 2442 1797 2493 tv,
1834 2424 1948 2496 13),

337 2526 482 2580 sicut
512 2523 675 2577 ducet
701 2523 980 2593 apostolus
1035 2523 1254 2578 Paulus.

410 2616 504 2671 ιχ.
532 2616 639 2671 Sed
663 2617 797 2670 satis
822 2615 974 2670 tardo
993 2616 1057 2681 ,si
1094 2615 1236 2670 hunc
1258 2615 1431 2671 locum
1462 2615 1688 2671 voluero
1735 2614 1947 2685 plenius

336 2711 564 2780 exsequi
590 2728 602 2762 :
634 2710 700 2765 ad
731 2719 781 2765 te
812 2720 1118 2775 convertar,
1145 2710 1432 2776 hmretice,
1464 2723 1819 2764 couimonens
1842 2750 1856 2773 ,
1888 2716 1947 2761 ut

336 2803 591 2858 intendas
655 2802 927 2872 quomodo
975 2802 1120 2857 Deus
1190 2802 1421 2873 diligens
1452 2803 1749 2867 mundum,
1800 2801 1948 2857 dedit

338 2897 674 2966 unigenitum
712 2910 869 2950 suum
902 2896 1067 2950 ﬁlium
1088 2895 1192 2959 ,vel
1222 2938 1235 2962 ,
1267 2905 1324 2949 ut
1349 2896 1425 2949 ait
1453 2894 1748 2964 Apostolus
1770 2935 1785 2959 ,
1810 2910 1947 2964 quu-

338 2994 499 3048 mo.lo
518 3010 616 3047 suo
653 2994 766 3063 ﬁlio
793 3009 894 3047 non
942 2994 1202 3063 pepercit,
1250 2992 1341 3046 sed
1391 3008 1485 3062 pro
1533 2992 1676 3045 nobis
1704 2990 1946 3045 omnibus

344 3088 562 3141 tradidit
590 3105 724 3142 eum.
772 3086 827 3143 Si
854 3095 1249 3143 sacramentum
1302 3086 1457 3140 istius
1489 3085 1776 3139 ineﬁ‘abilis
1808 3084 1943 3139 divi-

2043 477 2307 544 Joannes,
2344 479 2433 535 ille
2450 478 2687 536 Joannes
2710 483 2975 538 recubans
2996 500 3155 556 supra
3188 499 3375 558 pectus
3404 492 3647 561 Domini,

2040 589 2258 629 causam
2280 575 2466 647 scripti
2496 575 2769 645 Evangelii
2801 578 3045 637 referens
3097 584 3311 652 posuit,
3369 595 3425 640 et
3463 587 3600 642 dixit
3633 606 3645 643 :

2045 670 2214 725 Multa
2236 672 2443 742 quidem
2468 682 2515 727 et
2536 674 2640 728 alia
2671 676 2819 745 signa
2848 678 2968 746 fecit
2988 675 3142 733 Jesus
3172 696 3343 735 coram
3387 684 3651 754 discipulis

2043 766 2170 827 suis,
2201 782 2315 834 quia
2342 782 2441 821 non
2470 778 2588 821 sunt
2608 770 2799 837 scripta
2821 770 2873 823 in
2896 771 3026 825 libro
3055 772 3187 829 hoc:
3212 776 3319 830 hac
3333 788 3501 831 autem
3525 780 3653 833 scri-

2045 865 2133 925 pta
2160 866 2307 922 sunt,
2343 866 2396 911 ut
2430 859 2652 915 credatis
2673 902 2686 925 ,
2714 863 2957 931 quoniam
2984 862 3019 916 J
3025 882 3141 919 esus
3159 876 3231 920 est
3252 865 3484 924 Christus
3509 872 3652 941 ﬁlius

2049 946 2185 1014 Dei,
2242 960 2289 1005 et
2324 959 2379 1003 ut
2428 950 2689 1006 credentes
2733 956 2886 1007 vitam
2931 965 3176 1011 arternam
3228 960 3454 1015 habeatis
3484 963 3536 1017 in
3560 980 3654 1018 no-

2046 1040 2181 1095 mine
2224 1042 2387 1112 ipsius
2414 1040 2592 1115 (Joan.
2648 1060 2753 1108 xx.
2810 1045 2899 1113 50,
2938 1045 3053 1118 51).
3089 1050 3249 1105 Estne
3291 1066 3427 1121 opus
3466 1052 3643 1112 adhuc

2053 1136 2291 1202 apertius
2328 1138 2618 1207 explanare
2644 1141 2667 1193 ’ἰ
2692 1139 2890 1207 multa,
2916 1143 3118 1212 inquit,
3155 1154 3202 1197 ιι
3230 1146 3334 1200 alia
3363 1148 3508 1220 signa
3532 1151 3652 1219 fecit

2048 1228 2247 1284 Jesus:
2286 1238 2341 1284 et
2387 1230 2513 1285 licet
2568 1247 2675 1285 non
2727 1233 2836 1287 sint
2888 1236 3071 1289 omnia
3101 1237 3336 1305 scripta,
3378 1240 3503 1309 quia
3554 1255 3653 1295 ttec

2049 1321 2212 1376 scribi
2237 1331 2449 1391 poterat
2476 1322 2684 1378 inﬁnita
2715 1340 2894 1380 rerum
2926 1326 3114 1397 copia;
3148 1336 3325 1382 tamen
3374 1330 3487 1384 lucc
3538 1331 3650 1401 ipsa

2048 1414 2171 1471 ideo
2184 1418 2383 1485 scripta
2413 1426 2560 1481 sunt,
2578 1427 2636 1472 nt
2664 1418 2972 1484 credamus,
2998 1422 3135 1484 quod
3154 1420 3309 1477 Iesus
3325 1433 3397 1477 est
3422 1422 3655 1479 Christus

2051 1508 2191 1576 ﬁlius
2257 1507 2400 1576 Dei;
2444 1521 2497 1565 et
2550 1522 2605 1565 ut
2674 1511 2833 1566 lidem
2908 1513 3242 1584 singulorum
3299 1528 3651 1586 provocaret,

2051 1603 2289 1658 ostendit
2318 1614 2371 1659 et
2400 1607 2676 1675 praemium
2704 1606 2891 1661 dicens
2917 1625 2929 1660 :
2957 1617 3008 1661 nt
3036 1610 3298 1665 credentes
3325 1612 3481 1665 vitam
3508 1622 3656 1666 teter-

2053 1714 2173 1751 nant
2222 1698 2449 1753 habeatis
2498 1700 2550 1754 in
2592 1701 2800 1755 nomine
2826 1704 2959 1773 ejus.
3010 1702 3068 1759 Si
3120 1704 3142 1734 ‘
3196 1720 3321 1761 vere
3363 1705 3657 1777 adeptione

1981 1800 2197 1861 Besset
2254 1792 2393 1847 ﬁlius
2454 1793 2583 1860 Dei,
2617 1804 2670 1849 et
2703 1810 2806 1849 non
2841 1806 3066 1864 natura,
3119 1798 3163 1851 si
3221 1799 3335 1853 sola
3377 1814 3655 1871 nuncupa-

2056 1888 2240 1951 tione,
2304 1896 2359 1940 et
2403 1902 2508 1940 non
2558 1888 2720 1941 etiam
2765 1888 2905 1957 quod
2959 1888 3013 1943 in
3057 1890 3448 1958 nuncupationi
3500 1892 3658 1947 intel-

2054 1978 2267 2049 ligentia
2302 1988 2385 2033 est
2414 1995 2427 2041 ;
2461 1993 2723 2049 nusquam
2774 1982 2943 2049 magis
2986 1980 3089 2035 hoc
3140 1981 3314 2050 ipsum
3369 1982 3659 2052 explanas-

2053 2081 2168 2133 set,
2201 2086 2361 2140 quam
2420 2072 2472 2125 in
2524 2071 2717 2125 ultimo
2748 2071 3089 2142 scriptionis,
3139 2089 3205 2128 ne
3239 2073 3372 2129 ﬁdes
3433 2076 3485 2129 in
3542 2090 3659 2129 am-

2053 2160 2213 2232 biguo
2242 2162 2504 2217 derelicta
2526 2206 2540 2229 ,
2575 2164 2737 2217 vitam
2770 2174 3033 2220 aeternam
3084 2166 3332 2236 perderet
3397 2183 3494 2238 per
3531 2184 3654 2224 cre-

2052 2254 2290 2309 dulitatis
2346 2257 2631 2312 incertum.
2686 2258 2790 2314 Sed
2858 2258 3233 2329 Evangelista,
3289 2262 3380 2331 qui
3434 2262 3501 2316 ad
3552 2264 3653 2321 hoc

2056 2349 2265 2419 positus
2314 2359 2397 2404 est
2424 2391 2437 2414 ,
2473 2359 2529 2404 ut
2553 2349 2759 2406 habens
2844 2354 3070 2421 gratiam
3099 2353 3271 2407 sant-ti
3302 2353 3537 2423 Spiritus
3565 2355 3657 2412 illa

2054 2442 2294 2496 maxime
2339 2441 2568 2496 lucidius
2622 2443 2917 2513 panderet,
2974 2460 3097 2515 quae
3146 2445 3212 2498 ad
3264 2446 3390 2500 vita:
3435 2455 3655 2503 :eterme

2052 2536 2273 2605 praemia
2301 2536 2653 2604 pertinerent,
2676 2550 2779 2589 non
2798 2536 3048 2606 ambiguo
3070 2538 3265 2593 clausit
3282 2538 3654 2609 Evangelium,

2053 2628 2148 2683 sed
2182 2626 2622 2683 manifestissime
2651 2630 2938 2698 expressit.
2967 2628 3085 2683 ideo
3116 2632 3317 2700 scripta
3336 2629 3654 2702 Evangelia,

2053 2731 2108 2773 ut
2173 2720 2433 2788 credatis,
2466 2722 2672 2791 inquit,
2715 2723 2958 2791 quoniam
2983 2720 3137 2777 Jesus
3188 2732 3263 2776 est
3309 2720 3544 2778 Christus
3594 2724 3660 2793 fi-

2051 2816 2152 2869 lius
2222 2812 2356 2879 Dei,
2403 2824 2451 2869 et
2506 2825 2562 2869 ut
2606 2818 2868 2870 credentes
2941 2817 3095 2870 vitam
3131 2828 3379 2872 wternam
3427 2818 3659 2873 habeatis

2050 2909 2103 2961 in
2133 2909 2338 2961 nomine
2366 2911 2499 2981 ejus.
2531 2908 2704 2962 Etiam
2738 2923 2805 2962 ne
2837 2908 2924 2963 hic
2970 2908 3212 2978 suspicio
3263 2918 3345 2963 est
3394 2921 3658 2964 creatura:

2052 2999 2106 3054 in
2137 2999 2248 3054 ﬁlio
2280 3000 2395 3066 Dei,
2427 3000 2535 3067 ubi,
2566 3002 2656 3071 qui
2700 3000 2994 3056 crediderit
3050 3002 3192 3071 quod
3254 3002 3396 3056 lilius
3454 3002 3546 3057 Dei
3577 3012 3659 3058 est

2050 3093 2320 3161 Christus,
2345 3104 2603 3149 aeternam
2631 3095 2793 3148 vitam
2818 3093 3081 3163 possidet,
3106 3106 3159 3149 et
3183 3112 3289 3150 non
3314 3096 3471 3150 aliter
3496 3111 3655 3165 quam

338 3196 433 3235 rise
451 3181 749 3234 dilectionis
772 3194 1099 3250 agnosceres
1119 3221 1134 3246 ,
1162 3194 1450 3248 numquam
1479 3178 1736 3232 adversus
1767 3177 1933 3231 ﬁlium
1967 3189 2012 3254 ρ
2044 3185 2098 3240 in
2153 3186 2373 3241 nomine
2422 3186 2541 3257 ejus
2564 3187 2587 3240 ?
2614 3189 2702 3257 qui
2776 3185 2963 3255 utique
3014 3202 3120 3242 ηοιι
3149 3199 3229 3242 εει
3259 3198 3528 3254 creatura,
3563 3189 3656 3243 sed

344 3274 445 3329 Dei
502 3275 698 3343 impias
750 3288 1108 3343 componeres
1139 3274 1509 3341 quaestiones;
1569 3286 1701 3341 quas
1724 3270 1813 3342 qni
1846 3272 1945 3340 piae

339 3369 540 3423 mentis
568 3377 671 3434 est,
694 3383 789 3436 per
808 3367 897 3422 illa
920 3382 1038 3437 qum
1055 3380 1216 3436 supra
1231 3365 1495 3429 diximus,
1521 3364 1770 3434 intelligit
1790 3365 1947 3418 abso-

338 3462 503 3517 lutas.
538 3460 642 3515 Sed
669 3460 847 3515 adhuc
893 3461 1155 3530 reliquam
1189 3472 1394 3530 partem
1419 3458 1682 3530 propositi
1707 3458 1950 3512 testimo-

336 3554 417 3608 nii
441 3553 461 3583 ³
506 3552 880 3614 videamus,ut
903 3564 1007 3606 tute
1026 3551 1218 3607 frontis
1245 3553 1576 3622 impudentia
1601 3550 1771 3605 multo
1798 3565 1951 3620 pres-

335 3648 457 3703 sius
486 3648 507 3678 ὐ
534 3648 829 3701 obteratur.
862 3645 995 3701 Nam
1046 3662 1167 3701 cum
1213 3646 1441 3701 dixisset
1467 3663 1479 3699 :
1510 3644 1601 3701 Sic
1626 3646 1764 3700 enim
1821 3645 1951 3699 dile—

335 3744 419 3797 a'it
446 3740 589 3797 Deus
618 3741 863 3795 mundum
886 3782 901 3807 ,
954 3750 1008 3795 ut
1035 3742 1198 3809 ﬁlium
1227 3757 1376 3794 suum
1399 3740 1718 3811 unigenitum
1771 3739 1948 3802 daret,

339 3835 726 3907 prosequitur,
755 3843 810 3891 et
863 3835 993 3890 dicit
1026 3855 1036 3888 :
1076 3833 1143 3890 Ut
1199 3836 1365 3888 omnis
1409 3836 1496 3900 qui
1530 3834 1692 3887 credit
1718 3834 1769 3887 in
1808 3849 1946 3897 eum,

340 3948 450 3985 non
476 3940 677 4001 pereat,
700 3930 791 3984 sed
836 3929 1017 3984 habent
1034 3930 1187 3983 vitam
1209 3940 1475 3984 aeternam.
1508 3929 1707 3983 lterum
1729 3928 1942 3992 ditant,

340 4035 432 4081 est
464 4024 773 4094 unigenitus
799 4023 982 4077 ﬁlitts:
1029 4022 1302 4091 quomodo
1349 4022 1436 4091 qui
1467 4020 1641 4076 credit
1688 4021 1739 4074 in
1788 4034 1947 4086 eum,

342 4132 457 4172 non
490 4118 658 4185 perit,
682 4116 778 4171 sed
807 4117 968 4170 vitam
1003 4114 1219 4169 habebit
1241 4122 1498 4168 teternam
1519 4154 1533 4177 ,
1566 4128 1689 4167 eum
1722 4111 1949 4167 credere

344 4210 404 4264 in
451 4222 749 4264 creaturam
772 4250 787 4275 ,
837 4208 910 4263 sit
943 4208 1250 4263 Divinitatis
1300 4205 1577 4260 uli'ensio?
1609 4204 1837 4274 Respice
1881 4203 1947 4259 ad

343 4303 650 4374 apostolum
707 4302 931 4357 Paulum
985 4320 999 4369 ;
1051 4302 1367 4367 considera,
1419 4298 1539 4370 quae
1623 4296 1945 4367 cpprobria,

343 4412 486 4467 quas
516 4397 536 4427 ⁸
570 4396 932 4452 obscenitates
962 4395 1030 4451 de
1059 4396 1140 4449 bis
1171 4395 1373 4449 referat
1394 4435 1409 4459 ,
1461 4391 1550 4461 qui
1570 4433 1582 4456 ,
1606 4401 1663 4445 ut
1693 4391 1807 4458 ipse
1852 4390 1945 4454 ait,

342 4497 784 4545 commutaverunt
824 4488 1086 4543 veritatem
1146 4485 1242 4541 Dei
1267 4487 1322 4541 in
1376 4486 1677 4551 mendacio,
1703 4493 1750 4537 et
1777 4484 1949 4537 colue-

2053 3290 2287 3349 creator,
2315 3290 2496 3335 etnon
2521 3281 2810 3351 adoptione
2834 3282 2975 3337 ﬁlius
2992 3322 3007 3351 ,
3027 3283 3120 3336 sed
3140 3284 3157 3313 ⁷
3184 3298 3341 3335 verus
3366 3283 3505 3336 ﬁlius
3531 3282 3654 3335 Dei:

2054 3371 2108 3426 in
2137 3372 2359 3427 nomine
2382 3375 2525 3428 enim
2557 3384 2821 3429 creatura:
2854 3390 2921 3430 ne
2948 3376 3165 3445 quidem
3195 3375 3357 3429 vitam
3389 3386 3659 3444 tempora-

2054 3463 2157 3517 lem
2182 3474 2359 3533 potest
2384 3465 2504 3535 quis
2544 3466 2780 3537 assequi,
2819 3466 2919 3521 nisi
2961 3468 3006 3523 si
3031 3466 3226 3539 aliquis
3256 3482 3376 3523 eam
3420 3484 3529 3523 non
3563 3484 3657 3523 au-

2052 3554 2275 3610 ferendo
2303 3570 2560 3625 praeSIare
2588 3559 2822 3615 dicatur.

2124 3647 2192 3701 Χ.
2212 3648 2286 3703 De
2308 3648 2497 3716 nihilo,
2524 3650 2715 3719 inquit,
2739 3651 2867 3706 fecit
2890 3652 3032 3707 Deus
3056 3653 3156 3707 sibi
3176 3652 3364 3707 ﬁlium.
3387 3652 3657 3706 Przctereo

2054 3741 2221 3796 multa
2256 3742 2569 3795 testimonia
2603 3760 2616 3796 :
2649 3743 2899 3811 loquatur
2928 3743 3166 3798 Joannes
3210 3743 3409 3797 Christi
3446 3744 3655 3797 Domini

2052 3832 2343 3887 dilectione
2369 3833 2972 3903 perspicuus.Scriheus
2996 3834 3293 3904 Epistulam
3324 3839 3399 3886 ait
3426 3851 3439 3886 :
3476 3833 3658 3887 Omnis

2012 3957 2017 3960 -
2053 3926 2142 3994 qui
2186 3926 2355 3999 diligit
2403 3936 2619 3995 patrem,
2679 3926 2849 3998 diligit
2900 3942 3014 3980 eum
3057 3927 3144 3988 qui
3173 3942 3237 3980 ea:
3274 3942 3332 3979 eo
3386 3935 3537 3979 natus
3581 3934 3657 3980 est

2054 4020 2112 4093 (Ι
2140 4020 2299 4075 Joan.
2334 4037 2383 4084 v,
2418 4019 2480 4092 ι)
2516 4044 2528 4074 ;
2564 4020 2825 4090 numquid
2868 4022 2964 4085 ait,
2999 4022 3167 4092 diligit
3194 4038 3306 4075 eum
3337 4037 3499 4093 quem
3532 4020 3659 4077 fecit

2056 4116 2196 4171 Deus
2219 4130 2285 4170 ex
2320 4115 2530 4169 nihilo?
2553 4114 2648 4169 sed
2678 4130 2776 4169 nec
2810 4126 3015 4185 patrem
3034 4117 3257 4170 omnino
3285 4116 3620 4170 nominasset
3641 4158 3655 4179 ,

2055 4210 2153 4263 nisi
2187 4208 2380 4263 scisset
2428 4209 2495 4263 de
2530 4226 2595 4264 eo
2643 4218 2824 4263 natum
2852 4208 3019 4263 ﬁiinnt
3049 4210 3090 4262 ⁸.
3128 4210 3191 4263 Ει
3225 4210 3304 4263 lae
3337 4224 3499 4272 nunc,
3531 4208 3657 4279 quia

2053 4304 2124 4357 ita
2156 4302 2563 4372 intelligendum
2589 4310 2693 4368 est,
2738 4313 2794 4355 ut
2818 4312 2892 4366 tu,
2930 4301 3203 4367 haeretice,
3237 4301 3611 4372 interpretaris
3641 4317 3656 4367 ;

2052 4396 2196 4468 quod
2227 4397 2435 4451 scilicet
2475 4397 2543 4450 ab
2569 4411 2634 4449 co
2657 4396 2827 4449 factus
2858 4396 2929 4449 sit
2960 4412 3022 4450 es
3072 4395 3263 4459 nihilo,
3293 4410 3453 4464 quem
3478 4409 3541 4447 ex
3567 4409 3663 4463 pa-

2054 4498 2134 4544 tre
2166 4496 2349 4543 natum
2378 4487 2510 4543 dicit
2532 4486 2770 4543 Joannes
2801 4506 2814 4541 :
2841 4497 2894 4541 et
2941 4503 3143 4557 quaero,
3176 4485 3438 4553 numquid
3468 4499 3661 4539 secun-

342 4592 475 4635 runt
521 4592 568 4635 et
616 4581 906 4635 servierunt
981 4588 1232 4634 creaturae
1295 4578 1467 4649 potius
1512 4593 1667 4647 quam
1722 4574 1949 4630 Creatori
1978 4583 2031 4643 Ι)
2055 4581 2181 4636 dum
2213 4593 2263 4635 te
2290 4583 2439 4636 solus
2467 4581 2715 4636 Christus
2746 4580 2920 4635 factus
2951 4593 3033 4636 est
3063 4597 3127 4635 ex
3162 4580 3334 4634 nihilo
3378 4579 3403 4632 ?
3432 4578 3621 4632 Nonne
3641 4620 3657 4645 ,

344 4675 536 4749 (Rom.
581 4690 633 4739 ι,
680 4672 800 4744 9.3).
846 4674 927 4727 'l‘u
974 4673 1017 4727 si
1059 4672 1138 4727 sic
1190 4672 1405 4735 credis,
1449 4678 1505 4725 et
1549 4670 1627 4724 sic
1668 4667 1843 4733 colis,
1896 4676 1951 4722 et

338 4768 528 4824 servis
566 4767 839 4837 unigenitn
898 4765 1007 4819 lilio
1058 4762 1151 4818 Dei
1179 4805 1193 4829 ,
1227 4772 1287 4816 ut
1322 4778 1443 4816 eum
1475 4761 1622 4815 dicas
1649 4773 1769 4813 esse
1798 4772 1953 4813 crea-

337 4872 563 4924 turam,
595 4860 686 4913 illa
721 4841 772 4914 te
797 4857 940 4913 mala
983 4857 1149 4911 miser
1174 4863 1495 4925 exspectant
1518 4853 1714 4923 quibus
1746 4851 1819 4905 illi
1853 4866 1951 4921 pu-

336 4957 605 5020 niuntur,
653 4955 744 5024 qui
771 4960 1238 5007 commutaverunt
1277 4949 1562 5004 veritatem
1597 4947 1690 5001 Dei
1718 4948 1769 5001 in
1796 4960 1947 5001 meu-

338 5050 543 5112 tlacio,
592 5057 647 5103 et
700 5047 1061 5102 colueruntet
1112 5043 1419 5099 servierunt
1455 5050 1720 5096 creatura:
1767 5040 1946 5109 potius

337 5158 509 5213 quam
556 5141 812 5197 creatori.
861 5137 1201 5208 Adeptione,
1253 5136 1455 5206 inquit,
1519 5131 1767 5189 Christus
1806 5133 1946 5188 lilius

338 5237 444 5293 Dei
469 5246 573 5303 est,
611 5246 666 5292 et
698 5251 804 5291 non
839 5248 998 5289 verus
1042 5232 1201 5288 ﬁlius.
1232 5231 1421 5287 Omnia
1476 5231 1725 5301 leguntur
1773 5232 1949 5285 Evan-

334 5328 485 5402 gelia
505 5336 581 5394 ,et
602 5341 867 5399 nusquam
909 5325 1168 5395 scriptum
1198 5334 1280 5381 est
1302 5364 1319 5393 ,
1351 5324 1496 5396 quod
1545 5324 1794 5381 Christus
1816 5323 1949 5379 ado-

420 5508 439 5537 ¹
503 5502 783 5560 Vermium.

416 5579 439 5608 ³
486 5574 749 5631 Humana:
800 5574 1006 5630 animat.

418 5648 441 5679 ⁸
508 5645 716 5701 Videas.

419 5720 441 5750 ⁸
478 5718 777 5773 Obturetttr.

422 5792 444 5822 ⁵
497 5788 866 5848 Obscuritates.

2060 4686 2118 4729 ut
2146 4684 2351 4730 taceam
2380 4676 2446 4729 de
2471 4675 2589 4728 aliis
2609 4716 2624 4741 ,
2649 4674 2812 4729 etiam
2844 4673 3075 4728 mundus
3100 4674 3215 4742 ipse
3243 4688 3309 4725 ex
3354 4669 3522 4726 niltilo
3554 4671 3663 4727 lac-

2061 4778 2146 4824 tus
2172 4768 2302 4823 est?
2359 4784 2487 4839 ergo
2518 4779 2572 4823 et
2619 4768 2853 4821 mundus
2883 4783 2911 4820 a
2945 4765 3100 4820 nobis
3126 4763 3433 4835 diligendus
3477 4772 3580 4829 est,
3615 4764 3659 4818 si

2059 4861 2365 4932 diligendus
2382 4871 2464 4917 est
2488 4872 2656 4931 pater.
2678 4861 2781 4915 Sed
2805 4861 3002 4915 clamat
3026 4858 3165 4914 idem
3190 4858 3456 4914 Joannes:
3486 4855 3663 4911 Nolite

2057 4956 2273 5028 diligere
2303 4956 2549 5009 mundum
2580 4955 2632 5027 (1
2662 4955 2819 5008 Joan.
2843 4971 2903 5017 ll,
2931 4952 3044 5023 15‘).
3078 4952 3346 5023 Numquid
3392 4962 3496 5005 tam
3528 4950 3659 5005 levis

2049 5057 2132 5102 est
2158 5046 2417 5110 Joannes,
2452 5055 2508 5099 ut
2540 5048 2654 5116 ipse
2682 5046 2779 5100 sibi
2807 5045 3078 5100 contraria
3110 5046 3427 5114 praedicaret
3457 5043 3480 5097 ?
3507 5042 3657 5095 Absit

2050 5140 2165 5196 hate
2179 5140 2449 5210 impietas,
2469 5150 2525 5195 ut
2552 5141 2781 5205 dicatur,
2797 5140 3031 5196 Joannes
3049 5138 3399 5210 repugnantia
3423 5134 3559 5188 sibi’
3584 5132 3655 5185 lo-

2049 5234 2252 5304 quitur,
2284 5234 2374 5305 qui
2408 5233 2462 5288 in
2494 5244 2680 5289 sancto
2710 5234 2913 5304 Spiritu
2946 5230 3284 5303 loquebatur.
3313 5225 3424 5280 Stil
3455 5223 3659 5278 distan-

2055 5326 2185 5381 tiam
2214 5326 2339 5384 l'aCIi
2362 5338 2417 5383 et
2448 5328 2561 5382 nati
2587 5327 2641 5382 in
2669 5326 2787 5398 ipso
2806 5326 2916 5397 jam
2951 5322 3214 5396 principio
3241 5315 3525 5388 Evangelii
3553 5315 3657 5383 sui,

2133 5506 2154 5537 ⁸
2183 5506 2347 5564 Forte
2364 5550 2378 5574 ,
2418 5525 2555 5565 vero.

2132 5579 2151 5609 ’
2215 5577 2366 5635 Vero.

2132 5650 2155 5681 ⁸
2205 5648 2425 5723 filium,
2464 5660 2512 5707 et
2564 5666 2666 5708 non
2708 5652 2947 5723 factum:
3007 5646 3184 5705 Nunc.

2135 5724 2156 5753 ⁹
2211 5719 2397 5793 Loqui.
