4150 6176
466 236 535 291 59
1714 230 2036 290 FAUSTINI
2074 229 2513 288 PRESBYTER]
3705 232 3775 287 t:0

462 352 601 406 sicut
632 364 792 421 supra
814 350 1119 421 expositum
1152 357 1234 406 est
1262 391 1275 414 ,
1301 364 1420 404 cum
1452 349 1519 404 de
1546 348 1662 418 ipso
1691 347 1927 418 capitulo
1955 355 2063 402 tra-
2086 351 2138 409 Α
2166 348 2351 417 utique
2403 358 2622 418 propter
2664 363 2765 405 nos
2820 348 3064 405 excreuit
3086 389 3099 413 ,
3142 346 3490 419 subsequitur
3539 348 3728 404 dicens
3756 368 3771 405 :

460 453 736 501 ctaretur:
794 453 850 500 et
902 444 1024 499 ideo
1071 458 1176 497 non
1210 450 1267 497 ut
1320 441 1581 496 facturam
1633 438 1887 509 intelligit
1914 454 2061 508 eum,

461 553 624 611 quem
664 537 796 593 dicit
834 553 901 592 ex
950 545 1103 605 patre
1139 543 1322 588 natum
1351 550 1365 599 ;
1399 533 1522 604 quia
1571 547 1670 587 nec
1719 532 2066 602 singulariter

466 641 728 704 poneret,
758 630 802 683 si
835 628 937 682 hoc
966 626 1107 698 quod
1135 642 1202 682 ex
1245 635 1395 696 patre
1444 633 1627 679 natum
1659 634 1770 690 est,
1804 625 2065 678 facturam

466 726 727 780 voluisset
750 720 999 793 intelligi,
1016 722 1192 776 sciens
1223 720 1419 774 multos
1443 721 1611 774 factos
1632 734 1753 774 esse
1776 733 1839 773 ex
1866 717 2064 783 nihilo;

464 818 560 873 sed
594 815 941 887 singulariter
975 828 1183 885 ponens
1204 856 1218 882 ,
1247 812 1315 868 de
1356 812 1474 867 solo
1500 828 1627 869 vero
1656 814 1766 867 tilio
1792 812 1969 883 posuit
1988 811 2069 865 di-

465 902 629 976 cens,
682 907 825 981 quod
857 924 921 962 ex
970 920 1124 979 patre
1176 917 1332 962 natus
1376 918 1478 973 est,
1512 909 1634 977 quia
1668 908 1782 977 ipse
1826 906 1976 961 solus
2002 922 2069 961 ex

467 1013 618 1073 patre
644 1010 802 1056 natus
830 1010 932 1066 est,
966 1001 1151 1056 caeteri
1177 1010 1359 1055 autem
1402 1013 1591 1055 omnes
1623 998 1747 1054 facti
1797 1007 1923 1053 sunt
1949 1009 2009 1053 ut
2037 1012 2069 1053 a

468 1094 774 1149 conditore.
808 1092 925 1147 Noli
952 1108 1083 1161 ergo
1134 1092 1309 1146 facere
1332 1091 1530 1147 divinis
1558 1092 1901 1148 sermonibus
1926 1092 2065 1147 vim:

468 1186 595 1259 quid
626 1186 811 1253 infers,
843 1186 981 1257 quod
1013 1186 1103 1241 ille
1121 1200 1226 1241 non
1258 1186 1533 1258 loquitur?
1561 1186 1687 1258 quid
1711 1186 1895 1253 doces,
1929 1185 2071 1257 quod

470 1281 561 1336 ille
585 1297 687 1335 non
714 1280 895 1336 docuit
916 1278 939 1333 ?
962 1281 1019 1337 Si
1047 1280 1389 1336 Christianus
1412 1298 1490 1348 es,
1522 1291 1576 1337 et
1604 1282 1650 1336 si
1672 1280 1816 1351 apud
1840 1290 1890 1337 te
1914 1296 2071 1338 verus

472 1374 662 1431 doctor
686 1385 764 1429 est
793 1374 1027 1430 Joannes
1046 1419 1059 1443 ,
1091 1375 1254 1429 crede
1278 1374 1418 1444 quod
1448 1375 1655 1431 docuit.
1683 1373 1766 1429 Ea:
1795 1386 1956 1445 patre,
1988 1376 2072 1429 in-

465 1471 614 1541 quit,
639 1481 788 1523 natus
820 1480 891 1523 est
921 1488 933 1523 :
970 1470 1069 1523 hoc
1092 1468 1184 1540 (si)
1212 1469 1541 1538 credideris,
1566 1471 1613 1523 si
1635 1469 1817 1537 diligis
1841 1477 2071 1537 patrem.

472 1578 522 1620 et
548 1563 819 1635 diligendo
849 1574 1078 1634 patrem,
1097 1561 1276 1632 diligis
1302 1562 1466 1615 ﬁlium
1492 1562 1577 1631 qui
1597 1577 1667 1614 ex
1693 1575 1759 1615 eo
1781 1572 1936 1613 natus
1958 1569 2069 1614 est:

472 1657 614 1730 quod
645 1657 687 1711 si
714 1674 816 1710 nott
836 1654 1151 1719 credideris,
1182 1656 1308 1725 quia
1329 1670 1395 1708 ex
1425 1662 1574 1724 patre
1600 1664 1755 1707 natus
1781 1661 1899 1717 est;
1932 1650 2075 1722 quod

2168 451 2215 494 et
2254 441 2391 495 dedit
2437 441 2581 494 nobis
2620 442 2933 497 intellectum
2982 442 3210 496 bonum:
3258 443 3375 496 sine
3430 440 3596 497 dubio
3642 444 3775 513 quia

2168 534 2284 604 ipse
2355 534 2515 588 dator
2571 534 2743 589 bonus
2795 542 2907 602 est,
2966 535 3102 589 dans
3159 534 3493 597 intellectum
3544 533 3775 594 bonum.

2166 628 2282 683 Non
2324 628 2487 698 impie
2513 628 2888 699 intelligimus,
2917 628 2963 683 si
2997 629 3138 683 hunc
3193 628 3529 684 intellectum
3562 627 3767 685 bonum

2168 724 2466 779 dixerimus
2511 724 2775 794 Spiritum
2820 733 3066 778 sanctum
3117 736 3270 787 esse,
3324 722 3415 792 qui
3474 732 3531 778 et
3580 720 3783 779 dicitur

2171 816 2405 885 Spiritus
2457 816 2850 885 intelligentiae,
2912 817 2963 870 in
3015 831 3122 885 quo
3171 815 3556 885 cognoscimus
3604 816 3780 885 ipsum

2171 923 2377 963 verum.
2434 908 2562 963 Sine
2610 906 2817 978 Spiritu
2866 908 3013 964 enim
3069 917 3257 962 sancto
3298 924 3405 961 non
3464 916 3645 977 potest
3693 923 3786 964 vo-

2170 1000 2301 1055 ritas
2339 1000 2626 1070 cognosci:
2680 999 2847 1055 babes
2905 999 3271 1055 testimonium
3336 999 3389 1052 in
3446 999 3780 1069 Evangelia,

2175 1091 2262 1149 ubi
2295 1103 2350 1149 et
2394 1094 2412 1123 ³
2460 1093 2627 1148 Deum
2673 1093 2847 1164 ipsum
2879 1102 3125 1148 sanctum
3174 1092 3441 1163 Spiritum
3474 1093 3783 1163 pollicetur.

2173 1194 2229 1240 et
2277 1186 2345 1240 de
2390 1186 2511 1255 ipso
2562 1189 2668 1250 ait,
2714 1186 2858 1256 quod
2914 1188 3021 1258 ipse
3051 1187 3179 1240 mihi
3227 1187 3568 1241 testimonium
3614 1186 3787 1258 perhi-

2173 1278 2300 1335 bebit
2334 1277 2531 1350 (Joan.
2589 1295 2693 1343 xv,
2728 1278 2797 1334 26
2829 1279 2889 1351 );
2924 1280 3107 1350 utique
3165 1294 3259 1348 per
3311 1280 3625 1350 apostolos,
3700 1281 3786 1337 vel

2176 1388 2270 1442 per
2327 1373 2602 1442 quoslibet
2659 1372 2755 1426 lilii
2804 1372 2904 1427 Dei
2947 1372 3351 1442 praedicatores,
3403 1373 3539 1428 dans
3582 1374 3662 1429 eis
3704 1375 3787 1430 in-

2177 1467 2552 1536 telligentiam,
2602 1484 2703 1537 qua
2736 1468 2756 1499 ⁵⁵
2787 1467 3023 1538 Spiritus
3056 1468 3424 1537 intelligentiae
3469 1486 3659 1525 verum
3688 1484 3787 1525 co-

2174 1559 2493 1628 gnoscendi.
2544 1560 2697 1616 Unde
2751 1572 2806 1616 et
2853 1562 3133 1631 apostolus
3173 1561 3371 1616 Paulus
3419 1562 3665 1620 scribens
3717 1562 3787 1618 ad

2176 1653 2493 1709 Corinthios
2518 1656 2591 1709 ait
2630 1672 2642 1709 :
2672 1654 2785 1710 Nos
2807 1665 2975 1709 autem
3005 1672 3107 1710 non
3134 1657 3370 1725 spiritum
3419 1656 3575 1723 huius
3604 1657 3787 1710 mundi

475 1765 648 1821 neque
673 1759 876 1820 patrem
899 1748 1102 1819 diligis,
1131 1763 1307 1817 neque
1329 1762 1451 1802 eum
1477 1748 1566 1817 qui
1586 1762 1653 1801 ex
1682 1761 1747 1800 eo
1771 1757 1928 1799 natus
1954 1754 2069 1800 est:
2104 1744 2153 1806 B
2182 1750 2471 1819 accepimus
2490 1789 2505 1813 ,
2556 1750 2646 1803 sed
2675 1750 2918 1818 spiritum
2946 1750 3036 1823 qui
3065 1766 3128 1804 ea:
3158 1748 3269 1803 Deo
3293 1759 3366 1803 est
3399 1767 3412 1803 :
3453 1760 3507 1803 ut
3537 1750 3786 1817 sciamus,

476 1857 581 1897 non
614 1854 791 1897 autem
843 1842 1019 1913 diligis
1047 1841 1151 1897 ltoe
1178 1841 1356 1906 modo,
1392 1856 1512 1893 cum
1542 1845 1595 1893 in
1628 1848 1775 1909 patre
1803 1854 1969 1908 negas
1991 1852 2077 1891 es-

478 1952 537 1990 se
571 1935 711 2005 quod
754 1934 917 2004 patris
947 1944 1062 1999 est,
1098 1934 1150 1989 id
1180 1944 1265 1990 est
1292 1948 1569 2004 generare,
1599 1942 1654 1987 et
1692 1932 1744 1987 in
1771 1932 1880 1985 lilio
1913 1945 2079 2001 negas

476 2042 596 2081 esse
628 2026 771 2097 quod
805 2026 899 2080 lilii
944 2036 1025 2081 est
1046 2068 1061 2093 ,
1096 2025 1148 2079 id
1174 2036 1255 2080 est
1284 2027 1453 2081 nasci.
1487 2024 1555 2078 Et
1577 2024 1697 2078 audi
1724 2038 1887 2090 nunc,
1920 2022 2080 2093 quale

478 2118 570 2171 tibi
604 2118 790 2173 beatus
835 2117 1073 2173 Joannes
1102 2132 1301 2171 nomen
1326 2116 1580 2187 imposuit
1621 2114 1846 2169 dicens:
1883 2112 1983 2167 llic
2011 2124 2083 2167 est

479 2213 830 2278 antichristus,
844 2213 929 2283 qui
942 2221 1093 2284 negat
1108 2220 1302 2281 patrem
1313 2222 1359 2265 et
1374 2212 1540 2280 ﬁliuni
1562 2209 1605 2281 (l
1622 2208 1781 2263 Joan.
1798 2224 1857 2275 tt,
1871 2205 1985 2278 Ἡ).
2003 2206 2085 2262 Τιι

484 2304 701 2375 quidem
736 2304 873 2359 falso
910 2303 1207 2359 Christiani
1240 2303 1331 2358 tibi
1358 2317 1659 2373 Cognomcn
1688 2301 1957 2371 imponis;
1989 2299 2084 2355 sed

486 2400 499 2429 ¹
536 2415 563 2451 a
595 2398 837 2453 veridico
864 2398 1072 2453 Joanne
1105 2413 1201 2469 pro
1227 2408 1391 2453 sectae
1426 2406 1531 2451 tuae
1579 2396 1772 2449 merito
1823 2392 2087 2447 antichri-

486 2500 602 2545 stus
626 2491 901 2546 voritaris.
937 2492 1191 2559 Mentior,
1223 2492 1265 2544 si
1300 2506 1405 2545 non
1432 2500 1486 2543 ιιι
1535 2490 1585 2543 in
1636 2489 1803 2559 patris
1827 2486 2089 2542 vocabulo

490 2584 743 2655 intelligis
780 2594 1102 2649 creatorem,
1131 2583 1178 2638 si
1229 2599 1336 2638 non
1383 2584 1433 2638 in
1484 2581 1577 2637 ﬁlii
1627 2580 1844 2635 nomine
1890 2578 2092 2633 asseris

488 2686 811 2734 creaturam.
842 2678 1079 2734 Joannes
1111 2686 1317 2747 patrem
1348 2684 1402 2730 et
1461 2674 1629 2729 lilium
1676 2678 1989 2741 nuncupat:
2036 2678 2093 2726 et

490 2782 545 2828 tu
580 2775 630 2829 in
664 2772 747 2828 liis
778 2773 1087 2828 nominibus
1138 2778 1441 2827 creatorem
1490 2780 1544 2823 et
1583 2776 1887 2823 creaturam
1920 2765 2091 2818 inter-

492 2866 739 2937 pretaris.
774 2864 966 2920 Merito
998 2879 1129 2934 ergo
1153 2863 1365 2918 vocaris
1390 2860 1764 2925 antichrisms,
1809 2858 1899 2929 qui
1929 2869 2094 2926 negas

491 2970 696 3031 patrem
729 2970 781 3015 et
813 2960 979 3014 ﬁlium
1010 2960 1111 3014 sub
1142 2959 1588 3028 interpretatione
1622 2952 1806 3025 impia.

567 3052 657 3107 XI.
689 3051 794 3108 Sed
821 3051 998 3106 adhuc
1026 3050 1151 3105 audi
1182 3092 1197 3118 ,
1232 3065 1264 3104 o
1294 3049 1533 3119 quisquis
1559 3046 1649 3101 ille
1691 3061 1750 3101 es
1782 3044 2020 3099 insolens
2041 3049 2096 3098 et

2183 1858 2299 1912 qua:
2341 1857 2372 1893 a
2420 1841 2527 1895 Deo
2576 1844 2770 1896 donata
2822 1850 2940 1897 sunt
2990 1844 3159 1897 nobis.
3217 1841 3374 1896 Dedit
3412 1857 3541 1910 ergo
3587 1843 3789 1897 intelle-

2183 1944 2321 1987 ctum
2345 1934 2551 2000 bonum,
2586 1936 2635 1988 id
2661 1946 2744 1990 est
2763 1934 3021 2005 Spiritum
3047 1944 3317 2000 sanctum,
3341 1944 3395 1989 ut
3416 1951 3789 2005 cognoscamus

2185 2027 2353 2095 ipsum
2406 2026 2639 2100 verum(l
2687 2028 2810 2084 Cor.
2867 2045 2939 2093 ιι,
2984 2029 3099 2099 12).

2262 2118 2377 2176 XII.
2419 2120 2611 2175 Adhuc
2640 2121 2683 2176 si
2722 2137 2827 2175 non
2876 2121 3141 2191 intelligis
3193 2121 3262 2176 de
3314 2129 3394 2177 tot
3428 2135 3587 2192 supra
3628 2120 3792 2176 editis

2190 2212 2556 2279 dictionibus,
2636 2214 2718 2269 vel
2776 2228 2845 2269 ex
2899 2213 3357 2282 consequentibus
3422 2214 3791 2269 animadverte

2193 2322 2383 2362 omnes
2426 2309 2765 2378 suspiciones
2804 2307 2981 2378 impiae
3006 2308 3470 2377 interpretationis
3500 2307 3788 2364 exclusas:

2199 2400 2267 2456 Ut
2296 2404 2483 2466 simus,
2518 2401 2721 2472 inquit,
2756 2402 2809 2455 in
2840 2402 2955 2472 ipso
2992 2418 3109 2455 vero
3156 2401 3268 2470 ﬁlio
3312 2403 3424 2472 ejus
3468 2399 3596 2455 Jcsu
3636 2400 3792 2456 Citrio

2195 2504 2292 2549 sto.
2342 2495 2407 2549 Et
2441 2495 2615 2549 adhuc
2644 2494 2879 2565 amplius
2906 2495 3101 2550 densat
3148 2496 3288 2564 piant
3336 2497 3495 2551 ﬁdem
3536 2494 3723 2549 dicens
3777 2510 3790 2547 :

2202 2586 2301 2640 Hic
2332 2598 2403 2641 est
2435 2602 2583 2642 verus
2610 2586 2755 2641 Deus
2792 2603 2810 2641 :
2848 2595 2904 2643 et
2932 2586 3168 2642 nondum
3211 2588 3416 2655 tacuit,
3462 2586 3556 2642 sed
3608 2600 3796 2640 cumu-

2198 2679 2273 2734 lat
2310 2689 2364 2735 et
2407 2690 2694 2751 esatggerat
2720 2722 2734 2746 ,
2780 2689 2837 2735 ut
2877 2681 3076 2750 impius
3104 2692 3300 2734 sensus
3328 2679 3636 2749 sophisticis
3664 2693 3799 2733 con-

2200 2773 2371 2827 hdens
2397 2772 2951 2842 argumentationibus
2971 2773 3265 2827 obruatur:
3291 2768 3629 2840 subsequens
3648 2771 3795 2825 enim

2199 2868 2315 2932 ait,
2365 2865 2432 2919 Et
2478 2867 2582 2920 vita
2635 2876 2863 2932 aeterna,
2910 2876 2957 2919 ct
2998 2864 3302 2919 resurrectio
3346 2872 3523 2917 nostra
3558 2863 3612 2916 in
3656 2863 3791 2931 ipso.

2202 2959 2304 3016 Ubi
2358 2968 2484 3014 sunt
2537 2974 2677 3014 nunc
2728 2959 2817 3013 illa
2868 2958 3029 3027 impia
3078 2964 3254 3011 vestra
3299 2955 3630 3024 sophlsmata
3674 2969 3797 3024 qua:

2202 3051 2512 3107 Aristotelis
2533 3050 2772 3120 episcopi
2804 3049 2969 3104 vestri
2998 3048 3310 3118 magisterio
3327 3046 3592 3102 didicistis
3612 3046 3801 3103 dicen-

494 3154 786 3201 contumax
817 3145 871 3199 in
903 3144 1092 3208 ﬁlium,
1146 3156 1199 3197 et
1237 3142 1305 3197 de
1351 3142 1515 3211 patris
1546 3153 1775 3211 persona
1803 3137 2090 3208 gloriaris:

2205 3155 2285 3201 les
2318 3163 2329 3200 :
2365 3145 2532 3200 Filius
2562 3152 2646 3199 est
2670 3184 2687 3210 ,
2720 3142 2813 3199 sed
2848 3159 2954 3198 non
2985 3151 3070 3197 est
3097 3156 3261 3197 verus
3290 3140 3426 3195 ﬁlius
3458 3158 3471 3193 ι
3505 3141 3645 3194 Deus
3674 3150 3755 3194 est
3779 3181 3795 3206 ,

494 3253 548 3295 et
577 3237 840 3308 intellige,
872 3238 995 3308 quia
1040 3245 1243 3307 patrem
1279 3235 1478 3289 habere
1524 3250 1630 3288 non
1669 3240 1843 3303 potes,
1897 3232 1942 3287 si
1990 3247 2096 3285 non

490 3334 801 3391 eonlitearis
827 3344 880 3389 et
912 3333 1103 3389 ﬁlium.
1128 3331 1273 3386 Idem
1300 3330 1647 3400 prosequitur
1673 3327 1909 3383 Joannes
1936 3344 1948 3379 :
1996 3326 2100 3390 Qui

493 3436 644 3499 negat
689 3426 879 3495 ﬁlium,
933 3440 1092 3493 neque
1149 3432 1349 3493 patrem
1397 3418 1664 3492 (habet):
1713 3421 1799 3491 qui
1830 3418 2101 3489 confitetur

495 3519 679 3587 ﬁlium,
706 3517 777 3589 (et
809 3516 994 3585 ﬁlium)
1021 3526 1065 3570 ct
1090 3524 1283 3583 patrem
1314 3511 1668 3585 Itabct(lbid.
1698 3554 1712 3579 ,
1744 3510 1856 3583 23)
1892 3552 1903 3564 .
1934 3508 2100 3565 Vides

494 3610 689 3681 ubique
717 3607 954 3663 Joannes
989 3608 1102 3675 ipsa
1134 3607 1350 3661 nomina
1401 3620 1633 3675 ponere,
1686 3614 1745 3659 ιιι
1772 3604 1905 3659 nihil
1954 3602 2097 3656 aliud

495 3704 847 3774 intelligatur,
879 3717 1039 3773 quam
1071 3700 1213 3771 quod
1242 3709 1324 3755 est
1370 3701 1422 3755 in
1457 3709 1647 3753 natura
1682 3699 1959 3753 nominum
1991 3715 2003 3752 :
2045 3706 2100 3750 et

496 3808 694 3863 tamen,
727 3796 771 3851 si
817 3794 993 3849 adhuc
1021 3794 1172 3849 frons
1217 3793 1567 3863 impudentiae
1596 3800 1701 3845 tuae
1734 3798 1915 3860 potest
1958 3788 2099 3842 ictus

495 3890 731 3962 lapidum
756 3890 1044 3953 sustinere,
1080 3896 1137 3942 et
1160 3888 1202 3939 si
1230 3896 1375 3940 tanta
1415 3883 1713 3939 obstinatio
1757 3881 1968 3937 duritiae
1995 3890 2101 3935 tuae

500 3990 616 4047 est,
652 3990 708 4035 ut
734 3995 856 4034 cum
888 3979 1045 4033 audis
1079 3990 1283 4048 patrem
1329 3987 1385 4033 et
1417 3977 1606 4043 lilium,
1643 3989 1748 4030 non
1783 3983 1960 4029 tamen
2007 3989 2104 4028 ve-

497 4089 614 4128 rum
648 4082 852 4142 patrem
885 4086 1061 4142 neque
1106 4085 1293 4125 verum
1322 4069 1488 4124 ﬁlium
1522 4067 1718 4123 credas
1749 4084 1763 4130 ;
1796 4080 1925 4122 ecce
1956 4064 2099 4120 idem

496 4166 732 4221 Joannes
768 4164 857 4235 qui
908 4172 992 4219 est
1029 4164 1258 4219 dilectus
1304 4178 1333 4216 a
1368 4162 1618 4228 Domino,
1662 4163 1833 4214 vicem
1867 4159 2102 4214 reddens

498 4258 785 4313 dominicae
807 4256 1114 4324 dilectioni,
1150 4255 1358 4311 fortiori
1394 4254 1569 4324 lapide
1592 4254 1703 4323 jam
1744 4269 1851 4307 non
1894 4258 2139 4306 tantum.

499 4350 752 4415 frontem,
790 4350 883 4405 sed
927 4350 1100 4420 ipsum
1127 4347 1679 4419 caputscrpentinum
1714 4358 1818 4402 tuae
1838 4358 2105 4415 conquas-

500 4453 583 4500 sat
611 4443 923 4515 impietatis,
948 4442 1198 4497 scribens
1231 4442 1282 4495 in
1312 4440 1504 4495 ultimo
1531 4439 1775 4512 epistolae
1796 4454 1907 4493 suae
1938 4454 1950 4491 :
1985 4437 2104 4492 Sci-

2201 3241 2297 3296 sed
2353 3255 2457 3294 non
2512 3247 2598 3293 est
2646 3253 2805 3293 verus
2856 3236 3033 3293 Deus?
3075 3236 3213 3292 Ecce
3240 3251 3348 3289 uno
3381 3234 3692 3290 testimonio
3724 3242 3800 3289 tot

2202 3335 2378 3391 modis
2404 3334 2497 3388 ﬁlii
2531 3348 2720 3389 verum
2751 3346 2945 3386 nomen
2986 3343 3301 3400 eXpressnm
3330 3338 3415 3383 est
3437 3369 3453 3395 ,
3488 3328 3651 3385 immo
3675 3328 3799 3398 quia

2202 3438 2261 3486 et
2289 3443 2447 3485 verus
2492 3428 2635 3482 Deus
2677 3434 2778 3480 est.
2818 3423 3101 3491 Quomodo
3125 3422 3269 3477 enim
3293 3436 3401 3477 non
3429 3434 3589 3477 verus
3615 3419 3757 3475 Deus
3780 3458 3798 3487 ,

2202 3523 2290 3591 qui
2340 3534 2501 3575 verus
2551 3528 2632 3572 est
2680 3516 2863 3571 ﬁlius?
2908 3512 3341 3583 quandoquidem
3388 3526 3495 3567 non
3534 3511 3704 3566 solum
3733 3510 3801 3566 de

2207 3612 2320 3669 veri
2374 3610 2470 3667 ﬁlii
2511 3609 2731 3665 nomine
2781 3607 2924 3664 Deus
2966 3621 3125 3661 verus
3174 3605 3471 3675 probatur,
3515 3604 3610 3660 sed
3638 3605 3801 3658 etiam

2203 3720 2301 3776 per
2348 3704 2449 3758 hoc
2476 3743 2491 3769 ,
2538 3699 2685 3772 quod
2718 3700 2825 3754 vita
2864 3708 3071 3754 aeterna
3116 3707 3217 3753 est.
3248 3696 3369 3753 Vita
3410 3696 3554 3752 enim
3599 3706 3800 3751 aeterna

2204 3814 2309 3853 non
2354 3797 2517 3852 habet
2566 3795 2779 3850 initium
2834 3808 3007 3861 neque
3047 3792 3209 3848 ﬁnem
3255 3806 3428 3862 :ergo
3462 3790 3603 3846 Deus
3634 3803 3802 3845 verus

2202 3901 2285 3946 est
2330 3886 2599 3952 Christus,
2620 3901 2725 3941 non
2757 3887 2960 3941 habens
2990 3885 3201 3939 initium
3230 3898 3406 3952 neque
3435 3878 3621 3949 ﬁnem,
3652 3882 3803 3937 exis-

2198 3994 2326 4051 tens
2370 3982 2483 4051 ipse
2529 3982 2639 4034 vita
2679 3990 2877 4035 aeterna
2904 4019 2921 4046 ,
2968 3994 3089 4049 quas
3134 3986 3217 4033 est
3256 3978 3377 4032 sine
3428 3975 3583 4031 initio
3632 3984 3689 4031 et
3742 3975 3805 4029 li-

2206 4094 2291 4132 ne.
2343 4075 2449 4130 Sed
2488 4086 2545 4129 et
2582 4089 2705 4128 cum
2754 4072 3084 4129 resurrectio
3117 4081 3297 4125 nostra
3326 4078 3411 4126 est
3433 4108 3449 4133 ,
3480 4077 3719 4137 potestas
3746 4068 3801 4125 in

2202 4186 2272 4226 eo
2325 4183 2468 4223 verae
2515 4167 2812 4222 divinitatis
2858 4166 3209 4236 agnoscitur,
3259 4179 3382 4219 cum
3427 4173 3656 4218 mortem
3706 4177 3803 4233 per

2209 4263 2457 4317 virtutem
2489 4259 2902 4316 resurrectionis
2928 4257 3165 4313 excludit
3190 4298 3203 4321 ,
3249 4254 3501 4327 exemplo
3528 4256 3611 4311 sui
3640 4271 3800 4327 quem

2207 4356 2497 4424 assumpsit
2528 4352 2759 4409 hominis
2781 4393 2796 4419 ,
2830 4352 2882 4406 in
2913 4366 3020 4420 quo
3051 4357 3105 4405 et
3144 4348 3211 4404 de
3257 4347 3475 4419 Virgine
3519 4348 3666 4402 nasci
3716 4346 3802 4402 di-

2207 4457 2402 4518 gnatus
2451 4457 2562 4511 est,
2608 4446 2659 4499 in
2688 4459 2794 4515 quo
2823 4454 2878 4500 et
2907 4458 3007 4497 nos
3030 4442 3141 4512 jam
3185 4440 3584 4496 resurreximus
3606 4482 3621 4507 ,
3654 4439 3804 4494 habi-

502 4556 613 4593 mus
659 4540 780 4611 quia
810 4538 950 4607 ﬁlius
980 4535 1078 4590 Dei
1106 4538 1239 4591 venit
1267 4536 1317 4609 (Ι
1349 4533 1505 4589 Joan.
1531 4549 1585 4597 V.
1615 4534 1706 4598 20,
1734 4531 1799 4586 21
1836 4532 1879 4605 ).
1932 4541 1985 4586 el
2024 4530 2104 4586 in-
2132 4529 2185 4589 D
2212 4540 2318 4595 turi
2348 4539 2713 4610 unusquisque
2754 4546 2996 4593 nostrum
3028 4534 3318 4605 specialem
3346 4535 3803 4592 resurrectionem

500 4643 753 4687 carnatns
778 4642 861 4686 est
894 4639 1111 4701 propter
1139 4645 1259 4697 nos,
1293 4640 1346 4683 et
1371 4643 1561 4699 ρτιεδιιε
1590 4637 1696 4693 est,
1723 4638 1777 4682 θι
1811 4640 2103 4695 resurgens

501 4724 569 4778 de
599 4725 825 4779 mortuis
855 4724 1149 4793 assumpsit
1178 4737 1296 4786 nos,
1331 4732 1377 4775 et
1400 4721 1539 4774 dedit
1566 4721 1710 4774 nobis
1741 4720 1760 4749 ¹
1791 4718 2107 4773 intrllectum

504 4818 714 4884 bonum,
750 4828 803 4871 ut
835 4834 1201 4890 cOgnoscamus
1222 4817 1389 4887 ipsum
1419 4831 1616 4881 verum,
1651 4823 1696 4867 et
1727 4814 1885 4867 simus
1915 4813 1965 4866 iu
1994 4814 2107 4882 ipso

504 4928 623 4966 vero
672 4910 781 4980 ﬁlio
807 4911 916 4980 ejus
945 4909 1067 4963 Jesu
1098 4907 1319 4963 Christo.
1360 4907 1459 4961 Hic
1485 4918 1555 4962 est
1582 4905 1769 4979 (Deus)
1799 4922 1942 4961 verus
1970 4916 2013 4959 et
2038 4906 2113 4960 vi-

506 5016 559 5062 ta
598 5014 821 5069 wterna,
850 5013 896 5056 et
924 5004 1228 5057 resurrectio
1255 5012 1428 5057 nostra
1460 5002 1511 5055 in
1537 5001 1670 5073 ipso.
1700 4999 1968 5072 Explicari
2000 5014 2106 5053 non

508 5110 723 5173 potest,
756 5106 986 5169 quantos
1014 5097 1295 5152 adversum
1356 5108 1407 5153 te
1438 5112 1751 5152 sermonum
1800 5094 2010 5165 lapides
2056 5103 2111 5149 et

510 5208 639 5250 saxa
693 5192 967 5262 congessit
1026 5192 1126 5245 sub
1156 5206 1263 5243 uno
1320 5189 1423 5244 hoc
1488 5190 1817 5243 testimonio.
1870 5188 2107 5251 Scimus,

508 5286 711 5356 inquit,
761 5286 883 5358 quia
938 5285 1077 5353 ﬁlius
1116 5280 1212 5337 Dei
1257 5284 1412 5337 venit.
1467 5282 1642 5337 Habes
1677 5297 1837 5336 unam
1889 5282 1957 5337 de
1999 5282 2111 5337 tilio

511 5362 932 5442 confessionem,
984 5386 1039 5435 et
1087 5376 1363 5448 paululum
1418 5374 1557 5430 infra
1608 5384 1731 5446 post
1773 5385 2110 5431 sacramenta

511 5471 901 5528 incarnationis
918 5481 971 5527 et
994 5470 1263 5543 passionis
1303 5469 1422 5541 ejus
1445 5478 1501 5525 et
1523 5468 1961 5539 resurrectionis,
1992 5484 2112 5539 quae

591 5614 609 5647 ί
674 5613 909 5670 Veridico
936 5611 1150 5676 Joanni.

583 5688 604 5722 ⁹
647 5686 888 5747 Sensum.

589 5758 610 5795 '
640 5758 917 5819 Christum.

2212 4650 2307 4705 pro
2331 4634 2524 4689 merito
2552 4633 2675 4687 ﬁdei
2709 4647 2773 4687 ac
2812 4632 2939 4686 vitae
2961 4673 2975 4695 ,
3019 4631 3131 4685 sive
3169 4628 3237 4685 ad
3283 4628 3616 4699 refrigerium
3641 4668 3656 4694 ,
3692 4627 3806 4684 sive

2212 4726 2279 4780 ad
2326 4727 2616 4781 ustionem.
2654 4724 2817 4789 Vide,
2864 4724 3067 4786 miser,
3128 4736 3195 4777 ne
3237 4720 3415 4775 adhuc
3464 4734 3569 4775 non
3616 4718 3805 4775 credas

2217 4834 2401 4873 verum
2433 4832 2554 4873 esse
2585 4816 2793 4882 ﬁlium,
2845 4826 2900 4870 et
2946 4814 3170 4884 incipias
3211 4813 3411 4869 habere
3456 4814 3811 4867 resurrectio-

2216 4928 2340 4967 nctn
2370 4911 2435 4966 ad
2466 4926 2679 4981 pinnam
2711 4920 3027 4981 perpetuam
3053 4909 3316 4979 gehennae
3356 4908 3406 4961 in
3441 4904 3678 4961 tenebris
3716 4920 3812 4961 ex—

2219 5004 2510 5060 terioribus
2537 5044 2550 5067 .
2608 5004 2695 5058 ubi
2741 5014 2837 5060 erit
2877 5002 3031 5071 ﬂetus
3066 5000 3335 5054 oculorum
3373 5006 3417 5054 et
3460 4996 3651 5051 stridor
3681 4996 3810 5051 den-

2215 5099 2343 5151 tium
2370 5096 2584 5167 (Matth.
2618 5112 2745 5161 nn,
2776 5094 2865 5165 η)
2893 5135 2907 5161 ,
2932 5094 2978 5148 si
3010 5103 3187 5148 tamen
3221 5108 3329 5148 non
3379 5089 3555 5145 adhuc
3606 5087 3810 5161 aliquid

2220 5190 2241 5219 "
2270 5190 2461 5245 tetrius
2494 5198 2676 5243 manet
2718 5186 2910 5256 impios
2940 5186 2991 5239 in
3027 5184 3218 5240 ﬁlium.

2288 5280 2425 5338 Xlll.
2470 5281 2643 5345 Satis,
2689 5290 2744 5335 ut
2783 5280 3013 5350 opinor,
3049 5280 3177 5336 licet
3209 5277 3451 5348 pauculis
3482 5274 3811 5332 testimoniis

2214 5374 2627 5445 comprobatum
2675 5381 2793 5441 est,
2834 5372 2976 5444 quod
3014 5373 3085 5426 sit
3128 5386 3286 5425 verus
3320 5370 3414 5425 Dei
3444 5369 3581 5423 ﬁlius
3604 5410 3621 5435 ,
3654 5378 3813 5423 natus

2216 5470 2284 5527 de
2315 5478 2470 5541 patre
2494 5510 2509 5535 ,
2545 5484 2652 5525 non
2692 5468 2865 5525 factus
2892 5483 2959 5525 ex
2998 5465 3187 5523 nihilo.
3233 5462 3341 5522 Sed
3380 5463 3557 5522 adhuc
3585 5475 3769 5535 quaeso
3795 5501 3811 5528 ,

2292 5612 2315 5645 ι
2343 5612 2617 5668 Dominus.

2293 5685 2316 5723 '
2344 5684 2601 5752 Deterius.
