4150 6176
328 261 396 317 ﬁt
1720 254 1811 311 DE
1852 253 2245 313 τηιΝιτΑτε.
3572 254 3644 310 62

331 376 531 431 exhibe
582 373 976 447 infatigabilem
1031 370 1340 441 patientiam
1368 413 1380 436 ,
1440 378 1498 425 ut
1542 371 1644 424 huc
1683 372 1853 442 ipsum
1881 370 1948 426 de
1976 378 2022 435 Α
2053 384 2174 424 cum
2205 384 2269 425 ex
2298 378 2455 426 utero
2482 371 2709 441 genuit,
2740 388 2851 430 non
2880 381 3070 429 contra
3098 385 3260 444 quam
3291 370 3399 427 Deo
3424 370 3647 440 dignum

332 470 510 525 veteri
560 468 840 539 Scriptura
873 464 959 519 vel
1015 480 1120 518 uno
1162 462 1473 517 testimonio
1502 464 1939 535 comprobemus.

334 563 490 620 Dicis
519 605 532 626 ,
575 561 826 616 hmretiee
849 602 864 625 ,
908 574 973 613 ex
1018 557 1186 612 nihilo
1226 555 1394 609 ﬁlium
1425 556 1621 611 factum
1646 598 1659 622 ,
1691 572 1811 612 cum
1841 556 1943 612 hoc

339 671 615 727 nusquam
660 652 852 723 legeris
902 669 914 705 :
960 664 1127 718 negas
1177 646 1308 704 illud
1352 648 1496 719 quod
1528 649 1784 719 scriptum
1816 659 1941 704 est:

342 750 471 821 quia
502 766 565 803 ea:
587 756 731 819 patre
759 756 909 799 natus
941 753 1037 799 est.
1071 743 1165 798 Dic
1193 740 1323 797 mihi
1350 782 1364 808 ,
1396 740 1551 810 cujus
1584 742 1747 797 verba
1777 753 1901 797 sunt
1929 759 1941 795 :

347 843 435 898 Ex
480 854 622 896 utero
672 849 792 893 ante
832 839 1107 909 luciferum
1150 838 1306 909 genui
1336 844 1381 889 te
1408 835 1581 909 (Psal.
1615 852 1724 903 etx,
1758 836 1816 905 5)
1840 836 1861 889 ?
1888 834 1946 891 Si

342 936 607 1006 ambigis,
658 933 875 1003 respice
929 931 996 986 ad
1042 932 1249 985 initium
1297 929 1494 985 Psalmi
1536 930 1693 999 ejus,
1737 938 1792 983 et
1835 930 1949 998 lege

340 1031 601 1101 scriptum
635 1046 647 1082 :
683 1027 831 1082 Dixit
860 1024 1113 1080 Dominus
1142 1024 1365 1079 Domino
1401 1040 1533 1089 meo,
1572 1024 1707 1077 Sede
1726 1023 1793 1076 ad
1824 1024 1950 1078 dea:-

342 1134 503 1178 teram
546 1139 746 1185 meam,
798 1121 960 1175 donec
1005 1135 1194 1190 ponam
1238 1117 1474 1171 inimicos
1514 1126 1625 1170 tuos
1671 1116 1952 1171 scabellum

343 1215 535 1289 pedum
583 1225 791 1269 tuorum
842 1211 1006 1287 (Ibid.
1033 1254 1045 1277 ,
1080 1212 1154 1283 1).
1190 1210 1304 1266 Hoc
1333 1210 1642 1265 testimonio
1682 1212 1794 1282 ipse
1832 1212 1950 1266 Sal-

342 1320 500 1365 vator
530 1323 664 1364 usus
695 1316 816 1374 est,
856 1307 871 1337 ¹
906 1319 961 1361 ut
1002 1322 1123 1360 cum
1173 1306 1286 1359 vult
1335 1321 1394 1360 se
1432 1305 1718 1360 Dominum
1756 1304 1949 1372 credi,

345 1403 586 1473 loquens
614 1402 676 1456 ad
709 1416 803 1456 eos
844 1400 933 1471 qui
980 1400 1130 1454 illum
1162 1400 1336 1453 solum
1367 1399 1637 1454 hominem
1675 1407 1855 1453 natum
1886 1415 1952 1455 ex

348 1496 567 1550 semine
594 1494 846 1564 putabant
878 1490 1043 1546 David
1066 1533 1081 1558 ,
1117 1506 1222 1546 non
1256 1494 1415 1545 etiam
1441 1500 1494 1544 ct
1522 1491 1689 1545 Deum
1717 1506 1823 1561 qua
1857 1490 1953 1545 Dei

345 1590 545 1643 lilium.
581 1588 689 1644 Sed
722 1597 773 1642 ct
802 1586 999 1641 Paulus
1033 1585 1309 1656 aposmlus
1338 1584 1439 1639 hoc
1469 1584 1643 1655 ipsum
1682 1583 1911 1638 credens
1934 1624 1950 1651 ,

343 1682 486 1750 quod
516 1692 569 1736 et
595 1681 725 1736 olim
762 1678 997 1749 Spiritus
1025 1686 1243 1732 sanctus
1278 1680 1327 1731 in
1362 1677 1529 1732 David
1558 1676 1770 1731 locutus
1796 1685 1876 1732 est
1903 1684 1958 1732 et

2046 474 2128 519 est
2150 506 2165 530 ,
2197 465 2501 533 opinemur.
2532 464 2663 521 lllud
2691 467 2712 497 '
2746 477 2923 523 tamen
2952 467 3257 522 certissime
3280 463 3645 521 conﬁteudntn

2045 565 2130 612 est
2159 598 2173 622 ,
2205 556 2347 627 quod
2375 573 2535 613 verus
2561 568 2647 615 est
2670 560 2921 616 conditor
2951 560 3002 613 in
3039 558 3436 629 signiﬁcatione
3460 557 3644 627 operis

2046 664 2301 704 manuum
2327 691 2341 713 .
2393 660 2448 706 et
2492 668 2654 707 verus
2694 667 2773 708 εει
2809 664 2959 723 pater
3001 653 3053 706 iit
3086 652 3480 724 signiﬁcatione
3510 650 3651 709 uteri

2047 741 2317 811 gignentis
2346 783 2359 806 ,
2394 744 2495 798 etsi
2527 742 2662 798 nihil
2690 745 2742 799 in
2766 759 2827 799 se
2857 744 3229 799 membrorum
3256 742 3471 798 habeat.

2122 834 2263 889 XlV.
2304 835 2411 891 Sed
2459 836 2585 907 quia
2615 836 2807 891 soletis
2837 837 3043 902 dicere,
3072 853 3104 890 ο
3124 837 3312 893 Ariani
3340 878 3354 904 ,
3385 854 3404 888 ι
3443 835 3501 893 in
3539 836 3653 893 Deo

2050 926 2103 981 id
2136 928 2310 996 ipsum
2343 938 2426 984 est
2452 928 2632 985 facere
2655 970 2671 997 ,
2712 930 2855 1001 quod
2885 940 2939 985 et
2979 944 3262 1001 generare,
3296 948 3315 981 ι
3346 938 3654 1000 Opportune

2051 1030 2108 1078 et
2152 1022 2291 1078 hanc
2317 1034 2552 1079 vestram
2585 1026 2997 1095 perversitatem
3032 1024 3098 1079 de
3126 1024 3381 1094 prtesenti
3412 1023 3658 1078 occasio-

2053 1132 2122 1173 ne
2153 1118 2491 1173 convincam.
2535 1118 2699 1173 Multa
2729 1128 2855 1174 sunt
2883 1133 3076 1187 nempe
3103 1133 3268 1188 Opera
3298 1117 3318 1147 °
3361 1131 3616 1172 manuum
3637 1157 3651 1181 ,

2054 1210 2149 1265 sed
2184 1226 2323 1266 unus
2351 1221 2435 1266 est
2466 1212 2773 1283 unigenitus
2820 1212 2962 1267 ﬁlius
3006 1214 3211 1267 ventris
3245 1230 3257 1266 :
3302 1227 3409 1267 non
3444 1226 3574 1282 ergo
3602 1210 3655 1268 id

2054 1305 2227 1373 ipsum
2252 1315 2334 1360 est
2363 1303 2560 1373 facere,
2592 1304 2736 1373 quod
2762 1312 2817 1361 et
2843 1320 3104 1375 generare
3129 1313 3214 1360 :et
3234 1306 3412 1360 omnia
3440 1304 3657 1374 quidem

2056 1414 2153 1470 per
2204 1398 2478 1465 Verbum,
2530 1406 2587 1454 et
2627 1400 2678 1455 in
2723 1399 2989 1470 sapientia
3043 1398 3182 1454 facta
3218 1408 3383 1463 sunt;
3420 1397 3659 1453 Verbum

2058 1501 2237 1546 autem
2265 1492 2380 1545 sive
2410 1492 2678 1561 sapientia
2702 1533 2721 1557 ,
2751 1509 2855 1546 non
2888 1507 2983 1562 per
3009 1492 3245 1562 aliquem
3271 1533 3288 1558 ,
3319 1490 3418 1547 sed
3450 1506 3515 1546 ex
3550 1491 3661 1545 Deo

2059 1594 2187 1637 nata
2214 1583 2233 1614 "
2264 1592 2391 1639 sunt
2418 1601 2433 1637 :
2471 1584 2612 1640 unde
2639 1600 2746 1638 non
2776 1583 2826 1638 id
2854 1584 3031 1654 ipsum
3064 1592 3149 1640 est
3174 1583 3352 1639 lacere
3378 1624 3393 1649 ,
3419 1582 3564 1653 quod
3606 1589 3664 1637 et

2058 1694 2341 1749 generare.
2392 1679 2505 1734 Nisi
2556 1679 2701 1733 enim
2746 1687 2895 1735 esset
2936 1678 3189 1733 distantia
3226 1679 3368 1733 inter
3406 1676 3584 1733 lacere
3609 1685 3665 1731 et

346 1785 533 1846 postea
564 1772 838 1843 exposuit,
873 1770 949 1825 ait
975 1768 1027 1823 iit
1061 1770 1302 1840 Epistola
1336 1783 1430 1823 sua
1464 1788 1475 1822 :
1506 1768 1587 1821 Ad
1614 1785 1760 1836 quem
1784 1778 1954 1821 autem
1982 1781 2030 1840 Β
2060 1785 2350 1839 generare,
2403 1771 2535 1826 nihil
2589 1770 2980 1840 prohibebatur
3030 1770 3219 1826 dicere
3246 1811 3260 1835 ,
3300 1786 3486 1823 manus
3536 1784 3665 1823 mea:

345 1866 649 1937 angelorum
694 1864 821 1917 dixit
868 1862 1150 1930 aliquando
1176 1902 1190 1927 ,
1242 1860 1356 1914 sede
1402 1861 1469 1914 ad
1500 1861 1757 1914 dexteram
1786 1876 1953 1914 meum

345 1957 508 2032 (Heb.
562 1973 580 2011 ι
606 2001 618 2021 ,
655 1954 787 2026 i5)?
820 1954 921 2009 hoc
947 1954 1243 2024 explanatis
1272 1995 1287 2021 ,
1315 1954 1438 2025 quia
1466 1967 1626 2007 nemo
1651 1950 1719 2007 de
1748 1951 1955 2021 angelis

348 2052 472 2105 talis
521 2059 644 2113 est,
676 2047 849 2118 qualis
892 2058 945 2101 et
994 2046 1137 2100 ﬁlius
1182 2063 1194 2099 :
1231 2061 1419 2100 omnes
1450 2046 1590 2099 enim
1621 2045 1798 2115 angeli
1829 2044 1955 2099 l'..cti

349 2153 517 2209 sunt,
547 2142 699 2197 solus
729 2152 903 2196 autem
934 2137 1079 2194 ﬁlius
1111 2150 1267 2195 natus
1297 2150 1375 2194 est
1400 2180 1414 2207 ,
1448 2140 1529 2193 cui
1562 2148 1615 2193 et
1640 2137 1806 2203 dicit,
1837 2139 1956 2193 sede

348 2241 423 2291 ad
458 2237 723 2291 dexteram
747 2252 908 2289 meam
934 2252 951 2299 ;
981 2234 1104 2304 quia
1135 2244 1189 2288 et
1216 2233 1362 2288 solus
1408 2234 1523 2304 ipse
1553 2244 1636 2288 est
1666 2234 1957 2304 unigenitus

350 2333 496 2402 ﬁlius
539 2332 624 2401 qui
650 2339 722 2385 est
749 2330 803 2383 in
832 2330 947 2383 sinu
978 2329 1139 2400 patris
1168 2328 1351 2399 (Joan.
1398 2345 1410 2382 ι
1438 2372 1451 2395 ,
1486 2328 1600 2399 18).
1629 2327 1745 2383 Non
1777 2339 1956 2382 autem

352 2440 497 2478 nunc
528 2421 798 2490 expositio
828 2426 993 2476 totius
1015 2421 1205 2492 psalmi
1232 2423 1537 2475 necessaria
1564 2432 1674 2487 est,
1710 2421 1804 2475 sed
1827 2419 1959 2475 illud

351 2516 531 2571 solum
570 2513 907 2586 probandum
938 2554 953 2580 ,
985 2513 1107 2583 quia
1137 2510 1393 2566 Dominus
1444 2512 1604 2567 Pater
1650 2513 1778 2567 dicit
1824 2512 1960 2566 Filio

354 2609 581 2664 Domino
627 2624 771 2672 meo,
810 2607 944 2661 Sede
991 2606 1059 2659 ad
1107 2605 1366 2660 dexteram
1411 2621 1577 2659 meam
1601 2623 1620 2673 ;
1653 2615 1708 2659 ut
1736 2616 1790 2661 et
1822 2604 1953 2661 illud

353 2704 499 2772 quod
558 2701 609 2755 in
668 2700 914 2771 sequenti
971 2697 1198 2763 dicitur,
1257 2714 1361 2752 non
1411 2696 1547 2751 alius
1599 2712 1759 2767 quant
1813 2705 1964 2766 pater

355 2797 561 2852 dixisse
590 2794 842 2849 credatur
863 2834 877 2859 ,
913 2791 961 2846 id
991 2801 1073 2845 est
1098 2833 1113 2857 ,
1145 2789 1231 2844 Ea:
1259 2800 1401 2844 utero
1429 2799 1547 2843 ante
1576 2790 1847 2860 luciferum
1876 2803 1965 2859 ge-

358 2890 446 2943 nui
501 2898 566 2944 te.
616 2887 806 2942 Nonne
850 2885 1012 2941 etiam
1046 2884 1148 2939 hoc
1180 2884 1489 2938 testimonio
1526 2884 1810 2939 verissime
1840 2898 1966 2954 pro-

363 2984 544 3037 batutn
588 2991 701 3047 est,
734 2980 1003 3051 sepultam
1031 2994 1218 3033 vocem
1251 2978 1468 3047 impiam
1498 2992 1621 3031 esse
1649 2977 1964 3042 dicentium,

365 3075 509 3147 quod
542 3091 606 3129 ex
648 3074 816 3128 nihilo
858 3070 1051 3127 iecerit
1089 3071 1230 3126 Deus
1260 3070 1426 3124 lilium
1449 3069 1472 3122 ?
1499 3067 1781 3137 Quomodo
1820 3067 1964 3123 enim

2055 1873 2429 1934 generaverunt
2458 1872 2507 1918 te
2526 1903 2540 1928 ,
2572 1875 2620 1919 et
2644 1864 2760 1917 ειειὶ
2792 1864 2980 1918 uentris
3023 1864 3120 1916 mei
3150 1872 3267 1916 sunt
3294 1878 3473 1933 opera.
3505 1860 3662 1934 (Sed)

2056 1954 2198 2011 sicut
2242 1954 2409 2009 dictio
2455 1956 2675 2010 multum
2727 1954 2893 2009 habet
2934 1953 3300 2010 diﬁ'erentiam
3329 1995 3345 2019 ,
3392 1954 3462 2008 ita
3494 1962 3549 2008 et
3579 1970 3665 2008 res

2057 2063 2193 2119 quas
2244 2048 2412 2103 dictio
2460 2049 2805 2104 determinat.
2854 2047 2940 2103 Ea:
2981 2059 3124 2105 utero
3146 2090 3162 2116 ,
3193 2049 3407 2120 inquit,
3434 2058 3552 2102 ante
3580 2049 3663 2103 lu-

2059 2144 2273 2214 ciferum
2303 2144 2455 2215 genui
2500 2155 2569 2198 te.
2624 2142 2734 2200 iloc
2774 2154 2954 2199 autem
2999 2144 3129 2199 dicit
3171 2153 3324 2214 pater
3353 2142 3418 2197 ad
3450 2141 3619 2197 ﬁlium
3644 2185 3660 2209 ,

2060 2252 2167 2289 non
2210 2238 2352 2305 quod
2402 2236 2543 2291 ﬁlius
2584 2238 2605 2267 ⁸
2636 2238 2909 2309 ignoraret
2935 2278 2949 2303 ,
2977 2236 3075 2293 sed
3104 2248 3158 2290 ttt
3187 2252 3286 2291 nos
3311 2236 3453 2291 scire
3479 2249 3666 2307 possc-

2062 2343 2183 2383 mus
2214 2330 2604 2399 proprietatem
2638 2332 2808 2400 patris
2837 2330 2904 2385 ad
2959 2329 3164 2394 lilittttt,
3212 2330 3294 2383 vel
3326 2328 3419 2382 ﬁlii
3453 2327 3520 2382 ad
3569 2342 3666 2398 pa-

2065 2430 2202 2478 trem
2253 2442 2264 2477 :
2314 2423 2435 2479 idco
2467 2424 2537 2478 ita
2568 2424 2827 2495 scriptum
2859 2435 2982 2493 est,
3012 2426 3154 2480 sicut
3201 2433 3256 2480 et
3307 2426 3422 2493 ipse
3474 2424 3667 2494 unige-

2063 2512 2208 2567 nitus
2239 2514 2379 2569 ﬁlius
2410 2516 2649 2572 existens
2676 2518 2945 2587 sapientia
2974 2519 3053 2573 ait
3087 2535 3099 2571 :
3136 2519 3270 2573 Ante
3301 2533 3478 2572 omnes
3495 2527 3669 2571 autem

2065 2606 2219 2661 colles
2249 2609 2423 2679 genuit
2463 2624 2545 2663 me
2590 2607 2775 2683 (Prov.
2824 2626 2950 2676 vui,
2982 2609 3097 2681 25).
3143 2609 3295 2667 Unde
3324 2617 3380 2665 et
3406 2608 3509 2664 hoc
3548 2609 3670 2664 loco

2064 2708 2182 2753 ante
2214 2700 2491 2772 luciferum
2519 2702 2733 2772 genitus
2762 2717 2884 2757 esse
2912 2701 3131 2757 dicitur.
3176 2701 3234 2755 In
3278 2701 3485 2773 lueiferi
3511 2715 3671 2757 voca-

2066 2793 2195 2848 bulo
2224 2795 2401 2849 omnis
2429 2795 2518 2849 ubi
2565 2795 2653 2849 ubi
2684 2796 2910 2851 lucidior
2936 2806 3180 2851 creatura
3208 2796 3450 2867 signatur
3483 2812 3497 2850 :
3529 2795 3670 2851 unde

2066 2901 2186 2940 cunt
2216 2888 2436 2957 dicitur,
2465 2904 2528 2942 ea:
2557 2898 2704 2943 utero
2725 2898 2845 2945 ante
2872 2888 3147 2959 luciferum
3162 2892 3377 2961 genitus
3397 2889 3520 2955 hoc,
3547 2904 3670 2958 spe.

2067 2978 2279 3033 cialiter
2325 2978 2554 3035 docetur
2577 3022 2593 3048 ,
2652 2980 2796 3052 quod
2844 2996 2971 3037 vere
3002 2998 3064 3037 ex
3096 2993 3247 3053 patre
3278 2983 3350 3037 sit
3388 2990 3547 3037 natus
3572 3022 3585 3047 ,
3616 2990 3672 3037 et

2071 3085 2176 3125 non
2238 3072 2410 3126 lactus
2459 3089 2472 3125 :
2518 3073 2661 3142 quod
2685 3082 2861 3129 autem
2902 3075 3014 3138 ait.
3059 3087 3177 3130 ante
3216 3077 3515 3148 luciferum,
3543 3085 3671 3131 ante

362 3185 428 3223 ex
465 3166 633 3222 nihilo
657 3207 674 3234 ,
704 3182 825 3220 cum
858 3165 973 3235 ipse
999 3174 1149 3235 pater
1172 3163 1373 3218 clamet
1400 3204 1413 3228 ,
1446 3158 1529 3215 Ea:
1558 3171 1699 3215 utero
1731 3171 1848 3214 ante
1881 3160 1963 3214 ιιι·
1992 3163 2041 3227 C
2073 3178 2288 3218 omnem
2316 3174 2617 3221 creaturam
2647 3165 2951 3236 signiﬁcat,
2976 3167 3275 3223 secundum
3298 3167 3439 3237 quod
3464 3167 3668 3222 dictum

363 3264 583 3334 ciferum
613 3262 789 3332 genuit
820 3258 913 3313 te?
942 3258 1006 3313 Et
1031 3258 1151 3313 vide
1174 3300 1189 3325 ,
1222 3273 1288 3312 ne
1315 3265 1469 3328 putes
1499 3271 1597 3311 nos
1620 3256 1921 3327 intelligere
1945 3293 1961 3321 ,

363 3354 512 3425 quod
567 3353 711 3408 Deus
777 3352 1147 3406 membrorum
1202 3348 1508 3420 partiuntve
1572 3347 1967 3417 compositione

363 3450 681 3505 ’consistat.
711 3445 1002 3502 Absithtec
1030 3446 1295 3516 impietas.
1320 3443 1459 3499 Deus
1488 3442 1653 3507 enim,
1673 3441 1971 3512 quodcum-

362 3562 469 3615 que
497 3543 625 3597 illud
656 3553 737 3596 est
767 3582 784 3607 ,
814 3538 1039 3611 simplex
1073 3549 1191 3603 est;
1220 3546 1362 3593 totus
1389 3537 1529 3591 idem
1558 3546 1640 3591 est
1670 3534 1967 3589 secundum

361 3635 725 3691 substantiam
756 3676 770 3697 ,
813 3648 919 3687 non
969 3647 1093 3704 pars
1136 3641 1189 3686 et
1227 3646 1388 3700 pars,
1438 3644 1542 3683 non
1574 3628 1873 3683 membrum
1916 3635 1972 3683 et

365 3729 673 3785 membrum
700 3744 715 3793 ;
766 3725 859 3780 sed
890 3767 904 3790 ,
939 3737 995 3780 ut
1040 3724 1297 3788 diximus,
1325 3721 1553 3793 simplex
1584 3721 1768 3775 nescio
1798 3720 1925 3789 quid
1951 3762 1967 3788 ,

364 3822 509 3895 quod
553 3822 623 3877 sit
666 3820 957 3890 integrum,
1013 3828 1066 3872 et
1122 3815 1446 3887 perlectum,
1507 3825 1560 3868 et
1598 3811 1973 3869 inaestimabile

368 3919 389 3947 ³
424 3928 603 3971 tamen
636 3924 689 3970 et
721 3910 1121 3984 inexplicabile.
1150 3908 1298 3966 Licet
1329 3925 1459 3980 ergo
1486 3909 1607 3963 talis
1641 3918 1742 3976 est,
1777 3916 1835 3962 ttt
1864 3924 1972 3963 nott

365 4011 628 4065 membris
660 4009 971 4078 partibnsve
1002 4006 1261 4061 subsistat
1290 4047 1304 4072 ,
1356 4014 1536 4059 tamen
1563 4003 1842 4072 Scriptura
1886 4002 1971 4058 di-

370 4108 497 4159 vina
543 4117 665 4157 cum
701 4101 812 4155 vult
858 4099 1013 4156 nobis
1056 4097 1397 4154 labricatoris
1432 4112 1614 4152 veram
1668 4096 1977 4168 intelligen-

374 4198 504 4253 liam
534 4193 953 4264 commendare,
1007 4209 1071 4249 ex
1123 4191 1209 4247 his
1247 4208 1367 4263 quae
1420 4191 1662 4245 novimus
1688 4232 1702 4256 ,
1744 4190 1977 4262 loquitur

374 4291 566 4345 dicens
619 4308 631 4341 :
686 4290 859 4360 Opera
906 4304 1155 4343 manuum
1200 4286 1311 4350 eius
1354 4302 1461 4339 esse
1494 4284 1645 4338 caelos
1673 4282 1849 4354 (Psal.
1884 4298 1933 4339 Cl
1959 4324 1975 4352 ,

372 4384 470 4447 26)
494 4425 509 4447 ,
565 4382 649 4437 vel
682 4397 1121 4452 unamquamque
1150 4390 1459 4435 creaturam
1496 4396 1507 4431 :
1542 4378 1665 4448 quia
1696 4378 1838 4449 apud
1886 4377 1981 4432 lto-

375 4480 555 4533 mines
587 4491 714 4531 vere
758 4484 812 4530 et
847 4473 1070 4546 proprie
1097 4488 1235 4541 Opus
1264 4471 1345 4527 vel
1380 4470 1584 4526 fabrica
1616 4469 1939 4541 intelligitur
1960 4512 1975 4538 ,

375 4569 524 4642 quod
569 4568 802 4623 efﬁcitur
858 4563 1154 4639 (manibus)
1191 4584 1201 4619 :
1252 4564 1486 4635 denique
1526 4580 1647 4620 cum
1682 4565 1855 4620 visum
1894 4573 1977 4620 est
2002 4552 2056 4615 D
2082 4562 2249 4618 ﬁlium

375 4672 500 4717 arte
529 4661 730 4732 aliquid
760 4660 1081 4714 fabricatum
1109 4703 1123 4727 ,
1159 4658 1223 4712 ad
1259 4673 1448 4713 manus
1475 4657 1709 4713 refertur
1732 4655 1976 4712 artiﬁcis.

376 4753 647 4808 Similiter
694 4762 874 4807 autem
917 4751 939 4782 ⁸
982 4753 1124 4807 inter
1166 4767 1264 4805 nos
1296 4751 1544 4805 volentes
1573 4750 1667 4804 ﬁlii
1696 4750 1982 4820 designare

378 4856 661 4910 naturam,
698 4844 834 4900 uteri
874 4843 1102 4898 facimus
1131 4845 1466 4897 mentionem
1500 4860 1511 4894 :
1546 4858 1708 4897 nemo
1744 4843 1886 4897 enim
1915 4840 1983 4897 de

381 4943 527 4995 veris
560 4939 691 4995 ﬁliis
734 4955 839 4993 non
867 4938 934 4993 de
964 4950 1116 4992 utero
1150 4937 1405 4993 nascitur.
1437 4937 1501 4991 Et
1536 4937 1676 4992 Deus
1704 4952 1835 5007 ergo
1885 4952 1987 4990 vos»

378 5034 501 5088 lens
551 5049 619 5087 ex
665 5046 725 5086 se
773 5041 955 5084 natum
1003 5030 1169 5083 ﬁliuni
1217 5029 1632 5093 demonstrare,
1666 5027 1799 5082 dixit
1839 5028 1985 5098 quod

386 5142 510 5183 eum
544 5143 608 5182 ex
645 5136 802 5180 utero
831 5126 1120 5196 genuerit,
1168 5140 1237 5180 ne
1288 5132 1377 5189 tu,
1427 5121 1685 5177 haeretice
1712 5164 1727 5191 ,
1782 5123 1990 5180 calum-

387 5221 703 5275 niarerisex
719 5218 914 5274 nihilo.
931 5214 1036 5273 Sed
1059 5218 1199 5271 sicut
1222 5232 1342 5271 cum
1365 5216 1502 5271 Deus
1521 5217 1769 5271 manibus
1792 5215 1988 5274 fecisse

386 5311 629 5377 dicitur,
684 5320 745 5366 ut
795 5311 907 5365 Deo
958 5308 1177 5378 dignum
1215 5307 1627 5379 intelligendum
1676 5318 1797 5369 est:
1832 5310 1987 5367 itaet

468 5490 485 5518 ¹
532 5486 598 5541 Ut
626 5501 766 5539 eum.
806 5481 874 5538 Ut
903 5479 1209 5538 redundare
1238 5479 1469 5535 videtur.

471 5561 490 5591 ’
532 5556 813 5613 Subsistat.

473 5628 493 5664 ³
528 5629 713 5701 Forte,
745 5636 963 5688 tantum.

473 5705 495 5739 δ
535 5706 680 5763 Inter
714 5721 825 5763 nos.
856 5702 1038 5763 Malim
1066 5709 1113 5760 et
1140 5716 1253 5761 nos.

478 5778 500 5816 ³
543 5777 781 5839 Tantum.

2070 3268 2190 3327 est,
2225 3255 2291 3311 Et
2318 3259 2428 3329 ipse
2456 3268 2529 3313 est
2558 3268 2677 3314 ante
2701 3276 2873 3314 omnes
2907 3259 3131 3331 (Coloss.
3162 3276 3202 3327 t,
3248 3258 3360 3330 i7).

2694 3392 2926 3450 CAPUT
2956 3393 3043 3449 Ill.

2075 3506 2227 3574 Quod
2268 3502 2365 3561 Dei
2410 3508 2550 3577 ﬁlius
2591 3509 2655 3564 sit
2688 3511 3010 3579 omnipotens
3036 3553 3049 3574 ,
3080 3519 3127 3566 et
3154 3510 3540 3567 indemulabilis
3569 3556 3581 3573 .
3626 3524 3671 3567 et

2143 3599 2283 3668 quod
2319 3616 2423 3653 una
2465 3600 2532 3653 sit
2578 3601 2948 3669 omnipotentia
2979 3601 3155 3656 Patris
3184 3612 3232 3656 et
3264 3602 3427 3671 Filii,
3463 3605 3593 3658 sicut
3625 3614 3671 3658 et

2145 3709 2248 3746 una
2276 3694 2442 3747 deitas
2476 3710 2493 3747 :
2525 3705 2571 3747 et
2599 3695 2662 3749 de
2692 3707 3010 3752 sacramento
3041 3698 3413 3755 incarnationis
3438 3699 3535 3768 ﬁlii
3557 3741 3568 3761 ,
3601 3698 3675 3753 vel

2147 3792 2317 3862 potius
2355 3793 2578 3863 suscepti
2608 3792 2669 3845 ab
2696 3808 2755 3845 eo
2787 3792 3028 3846 hominis.

2147 3902 2188 3959 l.
2232 3901 2612 3959 Percutiamus
2641 3914 2699 3960 et
2729 3904 2887 3959 aliam
2919 3919 3106 3961 eorum
3131 3904 3523 3975 blaSphemiam
3543 3946 3556 3969 ,
3582 3921 3678 3975 per

2075 4011 2271 4068 quam,
2322 4005 2381 4050 ut
2421 3995 2649 4061 scribis,
2681 3996 2868 4053 dicunt
2896 3998 3037 4070 quod
3076 4014 3181 4053 non
3227 3999 3295 4054 sit
3335 3999 3678 4068 omnipotens

2077 4089 2241 4144 ﬁlius.
2274 4089 2339 4143 Et
2367 4088 2471 4144 hoc
2498 4090 2738 4146 breviter
2767 4090 2957 4146 faciam
2979 4132 2997 4157 ,
3027 4108 3093 4147 ne
3121 4092 3333 4163 longius
3355 4093 3677 4159 extendens,

2079 4183 2319 4241 laborem
2366 4184 2563 4256 legenti
2608 4188 2628 4217 θ
2666 4186 2917 4243 tribuam.
2955 4187 3144 4243 Dicant
3169 4229 3185 4257 ,
3213 4188 3431 4260 quando
3462 4197 3681 4244 nonest

2079 4285 2424 4353 omnipotens
2446 4328 2461 4352 ,
2492 4302 2589 4359 per
2614 4302 2776 4359 quem
2809 4328 2824 4353 ,
2855 4296 2917 4342 ut
2939 4288 3038 4357 ipsi
3065 4303 3281 4359 quoque
3308 4288 3636 4344 conﬁtentur
3661 4329 3677 4356 ,

2080 4380 2264 4435 omnia
2312 4381 2451 4437 laeta
2491 4392 2614 4438 sunt
2647 4400 2660 4435 :
2690 4382 2819 4438 dent
2848 4398 3012 4441 unum
3040 4398 3177 4452 opus
3207 4382 3376 4454 patris
3402 4382 3542 4451 quod
3574 4398 3681 4437 non

2087 4469 2277 4527 iecerit
2306 4480 2357 4527 et
2388 4472 2529 4528 ﬁlius
2553 4515 2567 4541 ,
2598 4483 2657 4527 ut
2699 4474 2931 4543 probent
2966 4490 3072 4529 non
3104 4488 3225 4531 esse
3255 4474 3680 4544 omnipotentem

2298 4581 2311 4617 :
2360 4572 2415 4617 at
2457 4579 2579 4621 cum
2630 4564 2837 4620 nullum
2883 4566 2954 4620 sit
2979 4565 3325 4635 opus,quod
3372 4580 3476 4620 non
3514 4565 3683 4634 patris

2078 4656 2273 4711 existat
2325 4665 2381 4711 et
2424 4656 2542 4720 ﬁlii,
2572 4660 2693 4715 sine
2718 4657 2881 4713 dubio
2912 4656 3259 4728 omnipotens
3289 4667 3373 4714 est
3400 4657 3574 4724 ﬁlius,
3608 4657 3685 4713 la-

2085 4750 2235 4806 cieus
2261 4765 2619 4822 qua-cumque
2649 4751 2776 4807 facit
2798 4754 3143 4821 omnipotens
3171 4763 3345 4821 pater.
3376 4752 3608 4817 Sufﬁcit,
3636 4753 3686 4809 si

2087 4842 2189 4897 hoc
2235 4843 2407 4913 ipsum
2457 4845 2618 4900 etiam
2683 4846 2876 4901 divinis
2922 4846 3244 4904 testimoniis
3300 4848 3683 4919 approbemus.

2089 4936 2245 5007 Apud
2280 4938 2596 5008 prophetam
2643 4939 2958 4996 Zachariam
3004 4941 3233 5011 legimus
3265 4960 3277 4998 :
3315 4942 3391 5010 0,
3421 4959 3452 4996 ο
3478 4983 3492 5007 ,
3527 4944 3687 5014 fugite

2092 5052 2123 5089 a
2152 5048 2288 5089 terra
2315 5037 2585 5107 Aquilonis
2612 5080 2626 5105 ,
2659 5041 2782 5094 dicit
2823 5040 3104 5107 Dominus,
3134 5041 3375 5111 quoniant
3407 5057 3437 5092 a
3466 5047 3687 5109 quatuor

2092 5130 2253 5183 ventis
2282 5131 2399 5184 caeli
2431 5130 2675 5202 colligam
2703 5150 2789 5186 vos
2813 5135 2865 5187 in
2891 5134 3023 5189 Sion
3048 5150 3065 5189 :
3092 5133 3421 5188 resalt'amini
3443 5176 3456 5198 ,
3490 5129 3577 5202 qui
3605 5130 3688 5182 in-

2092 5222 2333 5279 habitatis
2384 5225 2550 5294 filiam
2592 5224 2904 5297 Babylonis,
2936 5228 3176 5299 quoniam
3206 5226 3315 5280 haec
3348 5224 3469 5276 dicit
3496 5219 3682 5276 Domi-

2088 5330 2184 5370 nus
2214 5328 2534 5387 omnipotens
2568 5335 2585 5374 :
2614 5319 2743 5377 Post
2765 5320 3009 5377 honorem
3041 5321 3176 5375 misit
3209 5333 3288 5371 me
3315 5331 3467 5387 super
3514 5326 3687 5389 gentes

2171 5476 2193 5511 ⁸
2232 5480 2290 5535 Μ
2293 5500 2445 5541 anus.

2172 5550 2191 5581 ⁷
2230 5548 2349 5613 Est.

2173 5623 2194 5659 '
2232 5618 2464 5701 gnam,

2172 5702 2193 5739 ⁹
2232 5698 2556 5777 legentibus.
