4150 6176
487 245 560 303 es
1737 211 2055 296 FAUSTINI

2199 237 2540 300 ESBYTERI
3722 245 3797 302 64

489 380 606 438 quo:
632 361 1048 437 exspoliaverunt
1071 377 1191 427 vos;
1217 361 1464 428 quoniam
1489 360 1580 428 qui
1607 359 1771 429 tangit
1796 373 1883 412 vos
1907 399 1922 425 ,
1953 359 2088 412 sicut
2116 363 2168 422 Α
2196 359 2451 417 Hebraeos
2480 361 2639 436 (Heb.
2666 378 2683 416 ι
2707 403 2722 430 ,
2758 361 2974 432 1042).
3013 360 3192 418 Habes
3218 375 3349 434 ergo
3370 376 3466 432 per
3500 361 3615 418 hate
3643 364 3797 435 capi-

491 460 582 529 qui
629 459 793 530 tangit
840 457 1094 530 pupillam
1139 455 1272 508 oculi
1314 453 1480 524 ipsius
1514 469 1532 508 :
1567 453 1811 524 quoniam
1843 469 1958 508 ecce
1994 470 2087 526 ego

490 552 662 624 infero
707 566 918 605 manum
967 565 1132 606 meam
1171 563 1328 617 super
1363 562 1482 614 eos;
1513 557 1561 602 et
1586 558 1738 602 erunt
1763 549 1931 615 spolia
1952 590 1967 616 ,
2000 550 2090 618 qui

493 649 846 722 spoliaverunt
883 644 1005 699 illos
1057 660 1076 699 :
1127 653 1174 698 et
1220 644 1236 674 ¹
1283 641 1455 696 scietis
1492 643 1614 714 quia
1636 640 1893 697 Dominus
1925 645 2090 698 omni-

493 749 672 812 potens
709 737 849 792 misit
891 752 972 792 me
1001 735 1184 809 (Zaclt.
1214 751 1274 800 ιι,
1307 730 1447 805 6-9).
1476 734 1531 791 Si
1573 735 1822 791 intendas
1853 734 1979 789 huic
2000 750 2092 790 ca-

494 824 686 903 pitulo,
719 830 962 886 invenies
988 829 1132 900 quod
1164 829 1307 884 lilius
1338 831 1682 898 omnipotens
1726 843 1756 881 a
1791 838 1943 898 patre
1973 843 2090 882 om-

493 925 771 996 nipotente
817 924 889 979 sit
935 924 1173 989 missus,
1220 933 1279 978 ut
1324 923 1514 994 positis
1545 922 1596 978 in
1624 921 1937 988 captivitate
1964 920 2093 974 sub-

491 1018 693 1072 veniat.
721 1015 1019 1072 Considera
1046 1017 1191 1071 enim
1221 1015 1540 1086 prophetam
1561 1012 1743 1069 dicere
1779 1030 1791 1066 :
1819 1011 1945 1067 Haec
1967 1012 2091 1066 dicit

493 1110 744 1164 Dominus
774 1109 1095 1180 omnipotens
1122 1124 1140 1162 :
1169 1116 1222 1162 et
1257 1106 1538 1162 audiamus
1562 1147 1577 1171 ,
1615 1107 1635 1136 ¹
1669 1104 1930 1176 propheta
1959 1103 2091 1160 refe-

490 1212 647 1258 rente
669 1243 683 1268 ,
726 1200 853 1273 quid
893 1199 1026 1255 dicit
1065 1199 1325 1255 Dominus
1351 1199 1694 1268 omnipotens
1723 1215 1736 1250 :
1767 1195 1894 1250 Post
1922 1195 2088 1249 Itono-

491 1312 598 1350 rem
623 1335 637 1360 ,
682 1294 885 1366 inquit,
914 1294 1056 1348 misit
1079 1308 1159 1346 me
1185 1305 1339 1364 super
1361 1300 1534 1363 gentes
1560 1306 1578 1344 :
1609 1289 1726 1344 sine
1756 1288 1919 1343 dubio
1948 1286 2091 1342 ﬁlius

492 1399 615 1457 est,
648 1391 738 1460 qui
768 1397 887 1458 post
919 1388 1180 1466 honorem
1207 1387 1227 1417 ³
1257 1387 1480 1441 missum
1520 1400 1641 1440 esse
1676 1399 1736 1438 se
1772 1383 1904 1438 dicit
1929 1382 2092 1452 super

491 1493 682 1555 gentes
707 1524 720 1547 ,
764 1496 924 1553 quem
966 1480 1228 1551 propheta
1259 1479 1392 1534 dicit
1429 1477 1713 1533 Dominum
1751 1477 2092 1546 omnipoten-

493 1585 623 1631 tem.
657 1574 757 1630 Hic
805 1588 939 1645 ergo
987 1572 1127 1628 lilius
1165 1573 1405 1627 existens
1447 1567 1705 1624 Dominus
1749 1569 2091 1639 omnipotens

495 1672 548 1724 in
593 1667 786 1723 ultimo
816 1665 1126 1723 testimonio
1147 1707 1162 1733 ,
1194 1675 1242 1720 et
1271 1664 1439 1719 scietis
1473 1665 1595 1734 quia
1635 1662 1888 1716 Dominus
1928 1663 2092 1716 omni-

2195 455 2301 510 tnla
2347 465 2401 512 et
2438 458 2864 526 omnipotentem
2907 455 3076 512 ﬁlium
3099 498 3114 524 ,
3144 464 3199 511 et
3224 455 3669 512 indemutabilem
3695 499 3709 523 ,
3739 466 3797 515 et

2191 549 2430 603 omnium
2462 549 2831 616 conditorem,
2860 551 2998 603 sicut
3030 559 3084 604 et
3115 549 3353 603 omnium
3385 549 3684 617 artiﬁcem,
3716 550 3798 606 di-

2190 653 2348 697 cente
2396 642 2689 698 Salomone
2726 661 2738 696 :
2777 643 3017 697 Omnium
3053 645 3187 697 enim
3224 644 3413 716 artifex
3448 645 3625 699 docuit
3667 661 3744 700 me
3772 646 3794 676 ⁸

2189 737 2445 804 sapientia
2477 737 2633 808 (Sap.
2677 753 2745 791 vn
2771 777 2786 803 ,
2820 737 2934 807 21).
2971 737 3077 791 Sed
3118 752 3186 792 ne
3221 737 3360 792 duos
3390 739 3792 810 omnipotentes

2191 829 2460 900 intelligas
2481 873 2497 897 ,
2531 830 2942 898 przecavendum
2970 840 3053 887 est
3083 849 3095 884 :
3134 832 3258 886 licet
3289 833 3432 887 enim
3455 843 3510 888 et
3540 845 3693 902 pater
3726 835 3797 892 sit

2191 923 2533 992 omnipotens
2582 932 2635 978 et
2683 922 2853 990 ﬁlius,
2899 933 3073 978 tamen
3122 938 3258 978 unus
3298 933 3382 978 est
3411 927 3792 996 omnipotens,

2191 1018 2330 1074 sicut
2369 1027 2424 1072 et
2473 1033 2609 1071 unus
2657 1026 2738 1073 est
2779 1017 2919 1072 Deus
2954 1036 2966 1070 :
3005 1019 3126 1088 quia
3170 1019 3342 1072 Patris
3369 1030 3423 1073 et
3452 1018 3570 1074 Filii
3600 1019 3794 1075 eadem

2191 1109 2584 1180 omnipotentia
2625 1120 2738 1176 est,
2780 1109 2922 1165 sicut
2961 1121 3008 1166 et
3041 1111 3228 1165 eadem
3263 1111 3466 1179 deitas,
3496 1113 3794 1170 secundum

2191 1203 2333 1274 quod
2363 1220 2524 1273 supra
2567 1220 2664 1273 pro
2693 1204 2900 1259 viribus
2930 1214 2985 1258 et
3006 1205 3314 1261 conditione
3351 1209 3610 1278 temporis
3639 1225 3796 1265 coar-

2192 1298 2390 1351 ctuntis
2420 1292 2738 1367 expressum
2768 1307 2869 1352 est.
2909 1297 3016 1352 Sed
3060 1308 3113 1352 et
3159 1314 3300 1353 nunc
3331 1299 3570 1366 inferius
3608 1302 3793 1371 expla-

2194 1390 2409 1444 nabitur
2459 1390 2767 1445 testimonio
2818 1389 2991 1445 Esaia:
3039 1391 3315 1460 prOpheta:
3369 1411 3380 1446 :
3428 1391 3671 1465 Fatigata
3719 1406 3794 1449 est

2194 1479 2501 1552 /Egyptus,
2554 1494 2603 1536 et
2647 1483 2924 1552 negotiatio
2974 1482 3324 1554 ίΕιΙιὶοριιηι,
3353 1495 3402 1539 ει
3450 1486 3663 1541 Sabaim
3700 1489 3795 1542 viri

2193 1573 2380 1628 excelsi
2409 1574 2476 1627 ad
2515 1583 2562 1628 te
2613 1576 2942 1642 transibunt,
2985 1587 3032 1630 et
3076 1577 3148 1630 tui
3187 1589 3332 1631 erunt
3370 1580 3500 1632 servi
3527 1590 3574 1632 et
3604 1590 3717 1650 post
3749 1590 3796 1634 te

2191 1675 2464 1730 sequentur
2488 1666 2686 1737 alligati
2711 1668 2928 1721 vinculis
2954 1712 2967 1734 ,
3021 1678 3069 1722 et
3108 1669 3398 1723 adorabunt
3442 1681 3488 1724 te
3513 1713 3526 1737 ,
3567 1682 3615 1724 et
3654 1672 3708 1724 in
3748 1681 3795 1726 te

491 1770 672 1835 potens
710 1761 849 1815 misit
895 1777 1006 1825 me,
1041 1768 1098 1813 ut
1128 1773 1288 1828 supra
1331 1756 1531 1811 dictum
1570 1763 1692 1822 est,
1737 1756 1804 1807 ab
1845 1753 2092 1824 omllipo-
2119 1756 2169 1813 B
2197 1759 2605 1828 deprecabuntur
2659 1777 2676 1814 :
2723 1763 2965 1830 quoniam
3006 1763 3061 1816 in
3103 1774 3149 1815 te
3190 1773 3265 1816 est
3309 1763 3482 1825 Deus,
3515 1773 3562 1817 et
3592 1781 3694 1818 non
3723 1774 3795 1819 est

493 1863 640 1910 tentc
682 1853 880 1907 missus
913 1859 998 1908 est
1029 1859 1205 1922 patre.
1240 1849 1346 1906 Sed
1375 1856 1431 1904 et
1468 1847 1743 1919 apostolus
1767 1845 2005 1902 Joannes
2032 1846 2086 1900 in

493 1949 816 2021 Apocalypsi
861 1949 978 2004 haec
1015 1947 1147 2004 dicit
1192 1965 1206 2003 :
1261 1948 1450 2014 Amen,
1483 1946 1625 2001 testis
1653 1945 1852 2016 ﬁdelis,
1885 1945 2091 1998 initium

490 2056 738 2100 creatura:
768 2043 865 2099 Dei
902 2043 1086 2117 (Apoc.
1120 2058 1212 2108 ιιι,
1259 2041 1348 2111 14)
1371 2083 1385 2106 ,
1453 2042 1540 2112 qui
1577 2049 1687 2107 est,
1737 2049 1785 2096 et
1829 2041 1916 2110 qui
1945 2051 2087 2108 erat,

491 2147 540 2193 et
566 2138 655 2208 qui
681 2148 922 2192 venturus
950 2146 1023 2191 est
1058 2135 1312 2189 Dominus
1349 2134 1490 2188 Deus
1530 2134 1850 2205 omnipotens
1896 2133 2087 2206 (Apoc.

491 2249 539 2298 ι,
574 2233 608 2288 4
631 2273 646 2297 ,
673 2231 739 2298 8;
771 2247 824 2286 tv
845 2271 859 2295 ,
905 2230 986 2299 8).
1021 2229 1087 2284 Et
1123 2227 1381 2284 Salomon
1411 2227 1553 2282 inter
1579 2238 1774 2282 caetera
1809 2227 1880 2280 ait
1911 2226 1979 2281 de
2005 2240 2092 2281 sa-

497 2325 728 2396 pientia,
763 2338 883 2394 qum
927 2322 1114 2392 utique
1143 2320 1388 2376 Christus
1414 2319 1556 2375 ﬁlius
1589 2319 1681 2375 Dei
1713 2329 1797 2375 est
1833 2336 1847 2374 :
1903 2319 2093 2389 Splen-

493 2417 590 2471 dor
615 2416 636 2447 ⁸
675 2427 746 2470 est
778 2417 913 2470 enim
944 2415 1074 2470 lucis
1099 2422 1308 2469 (eterna
1331 2455 1346 2481 ,
1374 2423 1420 2468 et
1441 2413 1706 2484 speculum
1725 2414 1834 2466 sine
1854 2415 2093 2478 macula;

493 2507 746 2563 Dominus
773 2507 1114 2577 omnipotens,
1143 2521 1326 2561 nomen
1351 2506 1484 2560 estei
1507 2504 1660 2575 (Sap.
1683 2520 1757 2559 vn
1779 2547 1793 2570 ,
1821 2504 1892 2559 26
1916 2545 1932 2570 ,
1956 2504 2048 2575 27)
2079 2523 2090 2558 :

493 2602 628 2658 ltem
660 2620 673 2656 :
717 2599 840 2674 Ipse
864 2609 914 2655 et
942 2601 1030 2672 qui
1061 2601 1276 2655 redemit
1303 2600 1422 2654 illos
1444 2640 1459 2665 ,
1493 2599 1748 2654 Dominus
1777 2601 2096 2670 omnipotens

493 2713 674 2751 nomen
709 2705 785 2751 est
820 2695 920 2750 illi.
952 2694 1084 2750 Item
1120 2696 1172 2749 in
1220 2695 1394 2749 Mach.
1434 2713 1448 2746 :
1491 2693 1735 2748 Nondum
1764 2695 1896 2748 enim
1924 2696 2094 2749 omni-

493 2790 713 2860 potentis
739 2831 754 2855 ,
779 2797 824 2842 et
845 2790 1019 2843 omnia
1039 2788 1349 2853 possidentis
1370 2785 1469 2840 Dei
1480 2787 1734 2858 judicium
1751 2831 1763 2852 ,
1789 2789 2092 2859 majestatis,

493 2891 541 2937 et
561 2882 732 2951 imago
763 2881 1004 2936 bonitatis
1029 2880 1174 2936 illius
1195 2923 1210 2947 ,
1239 2890 1287 2934 et
1308 2897 1424 2935 cum
1445 2883 1510 2934 sit
1537 2889 1639 2935 una
1662 2922 1677 2948 ,
1712 2882 1886 2935 omnia
1909 2892 2092 2952 potest.

491 2973 777 3042 Quomodo
814 2989 920 3028 non
970 2975 1315 3044 omnipotens
1367 2983 1471 3041 est,
1509 2989 1630 3028 cunt
1671 2975 1840 3042 possit
1881 2977 2096 3030 omnia?

493 3068 626 3124 Nam
667 3077 723 3122 et
757 3083 920 3138 supra
965 3067 1032 3122 de
1078 3067 1270 3122 eadem
1311 3069 1572 3137 sapientia
1615 3067 1860 3134 dixerat,
1897 3085 2096 3124 omnem

2193 1849 2334 1905 Deus
2376 1863 2560 1924 prwter
2589 1864 2655 1908 te.
2698 1853 2774 1907 Tu
2808 1855 2940 1909 enim
2981 1872 3034 1909 es
3077 1855 3252 1923 Deus,
3307 1867 3353 1910 et
3399 1858 3788 1924 nesciebamus,

2198 1942 2332 1996 Deus
2404 1941 2572 1998 Israel
2626 1945 2891 2001 Salvator.
2949 1945 3266 2001 Erubescent
3317 1959 3362 2002 et
3411 1950 3793 2020 confundentur

2194 2054 2368 2092 omnes
2389 2079 2402 2102 ,
2440 2039 2528 2109 qui
2569 2039 2906 2094 adversantur
2933 2041 2979 2093 ei
2999 2082 3011 2103 ,
3046 2051 3091 2095 et
3116 2041 3261 2096 ibunt
3293 2042 3313 2072 ⁸
3335 2057 3448 2095 cum
3471 2045 3791 2114 confusione.

2198 2129 2333 2200 (Isa.
2368 2147 2499 2198 ην,
2547 2133 2656 2204 iis).
2686 2133 2912 2189 Intende
2935 2177 2949 2200 ,
2985 2134 3108 2204 quia
3152 2135 3218 2189 ad
3251 2136 3421 2189 lilium
3469 2136 3665 2191 dicitur
3689 2176 3704 2202 ,
3748 2113 3793 2190 et

2174 2227 2270 2304 tui
2299 2236 2446 2281 erunt
2476 2228 2641 2296 servi,
2673 2239 2720 2282 et
2743 2239 2856 2301 post
2885 2239 2932 2284 te
2954 2240 3230 2300 sequentur
3254 2231 3455 2302 alligati
3483 2233 3717 2296 vinculis,
3747 2240 3794 2286 et

2196 2320 2484 2374 adorabunt
2522 2332 2598 2387 te,
2649 2334 2696 2378 et
2735 2325 2787 2377 in
2835 2333 2883 2378 te
2927 2324 3355 2393 deprecabuntur.
3393 2325 3534 2396 Ergo
3579 2335 3634 2380 et
3671 2325 3795 2381 hinc

2198 2412 2341 2468 Deus
2360 2429 2522 2470 verus
2552 2416 2855 2470 Ostenditur
2879 2416 3016 2471 ﬁlius
3045 2459 3058 2482 ,
3083 2433 3204 2472 cum
3230 2418 3507 2473 aduratur.
3533 2418 3628 2472 Dei
3651 2419 3792 2472 enim

2196 2517 2282 2562 est
2317 2508 2532 2563 adorari
2569 2529 2580 2563 :
2620 2511 2885 2581 siquidem
2915 2521 2966 2566 et
2997 2512 3120 2567 alibi
3151 2514 3170 2544 ⁷
3202 2513 3361 2569 docet
3387 2513 3677 2583 Apostolus
3727 2513 3796 2569 de

2199 2600 2308 2654 tilio
2339 2601 2433 2655 Dei
2463 2618 2585 2658 esse
2616 2604 2873 2673 scriptum
2910 2624 2922 2659 :
2966 2603 3034 2657 Et
3075 2605 3288 2660 adorent
3331 2622 3448 2660 eum
3491 2623 3662 2660 omnes
3704 2624 3796 2660 ana

2198 2694 2298 2764 geli
2331 2693 2426 2749 Dei
2459 2694 2614 2767 (Heb.
2650 2712 2700 2760 ι,
2729 2695 2784 2768 6)
2815 2715 2827 2750 :
2860 2697 3065 2751 scilicet
3091 2698 3212 2767 quia
3247 2713 3375 2754 vere
3402 2698 3567 2752 Deum
3599 2707 3654 2753 et
3695 2699 3800 2752 Do-

2199 2787 2426 2841 minum.
2480 2788 2587 2844 Sed
2642 2791 2691 2843 in
2738 2790 2992 2858 prmsenti
3036 2789 3345 2844 testimonio
3398 2789 3609 2854 Esaim,
3659 2790 3798 2843 sicut

2197 2876 2312 2946 ipse
2363 2880 2503 2934 Deus
2533 2922 2546 2945 ,
2599 2881 2674 2935 sic
2727 2882 2889 2934 etiam
2935 2883 2985 2934 in
3035 2882 3150 2950 ipso
3175 2880 3318 2934 Deus
3353 2888 3436 2935 est
3467 2898 3480 2935 :
3511 2880 3587 2934 ait
3615 2880 3793 2953 enim,

2203 2975 2467 3041 Quoniam
2493 2977 2545 3027 in
2571 2986 2616 3029 te
2646 2974 2781 3028 Deus
2813 2984 2920 3040 est,
2952 2984 3121 3028 etnon
3150 2985 3221 3028 est
3245 2973 3388 3028 Deus
3418 2984 3602 3044 prazter
3629 2982 3695 3027 te.
3734 2973 3800 3028 Et

2200 3083 2321 3121 cum
2375 3066 2577 3122 dixerit
2625 3067 2675 3120 in
2739 3068 2846 3120 Dcn
2899 3068 3066 3121 Deum
3111 3081 3274 3132 esse,
3317 3066 3665 3135 subsequitur
3692 3107 3705 3130 ,
3745 3075 3800 3120 et

493 3161 684 3216 habens
723 3162 960 3216 virtutem
1012 3159 1204 3230 (Ibid.,
1246 3159 1338 3229 25)
1377 3179 1390 3215 :
1434 3177 1564 3232 ergo
1605 3164 1945 3232 omnipotens
1975 3173 2091 3230 est,
2123 3155 2170 3219 C
2199 3158 2329 3214 dicit
2362 3177 2374 3212 :
2409 3159 2484 3213 Tu
2512 3160 2645 3214 enim
2670 3177 2720 3215 es
2772 3158 2910 3213 Deus
2934 3202 2947 3225 ,
2981 3170 3024 3213 et
3058 3160 3401 3213 nesciebamus
3423 3202 3436 3224 ,
3468 3158 3605 3212 Deus
3635 3157 3800 3214 Israel

496 3271 694 3309 omnem
721 3253 918 3310 habens
947 3255 1202 3308 virtutem.
1249 3253 1354 3310 Sed
1387 3254 1562 3309 adhuc
1593 3256 1707 3326 ipse
1738 3255 1992 3311 Salomon
2021 3257 2098 3310 ait

496 3346 566 3402 de
613 3345 803 3402 eadem
859 3346 1125 3416 sapientia
1200 3368 1214 3400 :
1266 3345 1334 3400 Et
1381 3363 1687 3418 permanens
1725 3349 1778 3402 in
1827 3350 2098 3419 semetipsa

496 3447 666 3492 manet
696 3437 887 3510 (lbid.,
918 3437 1032 3510 27).
1067 3437 1138 3493 Et
1166 3438 1296 3494 alibi
1325 3437 1583 3494 Salomon
1624 3457 1637 3493 :
1678 3439 1801 3494 Non
1835 3442 1969 3500 enim
2003 3442 2100 3495 im-

498 3532 761 3605 possibilis
783 3542 860 3587 est
888 3533 1210 3602 omnipotens
1227 3542 1314 3588 tua
1337 3549 1521 3587 ntanus
1545 3533 1701 3606 (Sap.
1725 3534 1937 3602 ιι,18).
1966 3534 2099 3589 Item

499 3626 616 3695 ipse
665 3642 680 3679 :
739 3623 1076 3696 Omnipotens
1115 3642 1280 3680 sermo
1315 3636 1431 3680 tuus
1470 3627 1711 3681 exsiliens
1747 3627 1811 3681 de
1846 3627 2102 3698 regalibus

499 3717 705 3772 sedibus
733 3717 890 3791 (Sap.
929 3734 1059 3773 xvm
1082 3761 1096 3785 ,
1132 3718 1243 3789 15).

572 3809 638 3867 ll.
678 3811 926 3881 Agnosce
969 3812 1416 3881 omnipotentiam
1459 3812 1616 3880 ejus,
1655 3827 1776 3866 cum
1805 3813 1983 3866 omnia
2021 3812 2105 3866 in-

501 3912 664 3958 novat
704 3921 717 3955 :
753 3917 988 3972 agnosce
1033 3904 1234 3957 interea
1277 3911 1330 3956 et
1371 3902 1514 3972 quod
1561 3903 1962 3959 indemutabilis
1989 3916 2100 3972 est,

501 4010 624 4050 cum
680 3995 734 4049 in
799 3994 1088 4064 semetipsa
1137 4007 1416 4064 permanet
1456 3996 1633 4051 omnia
1675 3998 1939 4052 innovans
1983 4015 1996 4052 :
2053 3998 2102 4052 id

501 4097 616 4153 est,
651 4087 779 4142 licet
807 4088 986 4142 omnia
1026 4088 1278 4155 innovct,
1331 4089 1444 4158 ipsa
1488 4099 1663 4144 tamen
1705 4089 2104 4146 indemutabilis

502 4190 847 4251 perseverat;
895 4179 1040 4250 quod
1094 4181 1194 4235 nisi
1245 4196 1352 4236 non
1413 4181 1506 4236 Dei
1557 4184 1942 4253 omnipOIentis
1999 4194 2101 4237 εει.

502 4274 610 4332 Sed
659 4275 782 4347 quia
829 4289 960 4330 vere
1001 4273 1404 4330 indemutabilis
1459 4283 1544 4330 est
1586 4275 1728 4330 ﬁlius
1765 4287 1818 4331 et
1858 4276 2106 4330 conditor

503 4367 744 4423 omnium
767 4409 783 4434 ,
814 4367 980 4424 etiam
1023 4368 1105 4422 his
1139 4367 1439 4422 Psalmista:
1467 4367 1714 4424 versibus
1734 4369 2062 4438 approbatur
2089 4390 2100 4425 :

504 4464 572 4520 In
599 4467 747 4522 initio
772 4474 825 4520 tu
849 4463 1067 4520 Domine
1093 4475 1282 4520 terram
1313 4466 1576 4537 fundasti,
1605 4475 1652 4521 et
1677 4483 1834 4536 opera
1858 4483 2099 4520 manuum

2202 3251 2461 3306 Salvator.
2485 3251 2625 3320 Ergo
2649 3265 2772 3305 cum
2803 3251 2944 3305 Deus
2973 3249 3028 3304 in
3047 3251 3155 3304 Dco
3183 3260 3262 3304 est
3281 3292 3296 3317 ,
3328 3261 3381 3305 et
3413 3267 3516 3303 non
3545 3260 3628 3304 est
3657 3251 3800 3305 Dens

2201 3353 2399 3413 praeter
2423 3357 2548 3398 eum
2574 3344 2624 3397 in
2657 3357 2764 3413 quo
2789 3343 2930 3396 Dens
2959 3351 3076 3409 est,
3126 3351 3181 3396 et
3221 3343 3338 3411 ipse
3377 3351 3460 3396 est
3502 3342 3643 3395 Deus
3685 3341 3800 3396 Sal-

2201 3447 2358 3493 vator
2389 3437 2584 3503 Israel;
2617 3438 2920 3492 ostenditur
2955 3440 3130 3491 unitas
3152 3437 3446 3491 divinitatis
3479 3437 3530 3490 in
3563 3436 3718 3491 Patre
3748 3444 3803 3490 et

2206 3529 2340 3584 Filio
2367 3571 2381 3594 ,
2431 3530 2569 3584 sicut
2625 3540 2679 3583 et
2717 3531 3124 3599 omnipotentiae
3150 3571 3166 3596 ,
3205 3539 3261 3584 et
3295 3529 3550 3599 quidquid
3581 3529 3801 3582 omnino

2202 3623 2398 3678 divinas
2451 3624 2766 3678 substantiae
2802 3633 2885 3677 est
2932 3642 2945 3677 :
2999 3621 3101 3677 hoc
3140 3611 3542 3678 solodiﬁ'ereus
3588 3638 3616 3675 a
3651 3631 3802 3691 patre

2205 3716 2376 3780 ﬁlius,
2410 3717 2551 3787 quod
2576 3717 2665 3770 illo
2693 3726 2844 3786 pater
2872 3725 2993 3783 est,
3023 3725 3078 3772 et
3107 3715 3192 3770 hic
3221 3715 3396 3781 ﬁlius;
3430 3715 3482 3770 id
3513 3725 3628 3780 est,
3659 3715 3802 3779 quod

2204 3811 2297 3867 ille
2320 3811 2505 3882 genuit
2531 3853 2544 3876 ,
2587 3822 2639 3866 et
2673 3811 2758 3865 hic
2787 3821 2944 3865 natus
2973 3820 3057 3865 est
3101 3828 3114 3865 :
3147 3824 3254 3864 non
3284 3817 3459 3863 tamen
3489 3808 3611 3879 quia
3648 3818 3802 3862 natus

2205 3917 2288 3964 est
2314 3948 2330 3974 ,
2375 3909 2550 3962 minus
2598 3907 2760 3960 habet
2785 3905 2983 3975 aliquid
3011 3946 3026 3971 ,
3056 3921 3216 3976 quam
3245 3905 3386 3975 quod
3419 3906 3468 3959 in
3519 3906 3628 3960 Deo
3654 3911 3805 3974 patre

2206 4009 2326 4064 est,
2376 4001 2549 4069 imago
2601 3997 2695 4052 Dei
2733 3998 3004 4053 invisibilis
3061 3998 3301 4053 existens
3331 3998 3553 4068 (Coloss.
3587 4014 3642 4064 ι,
3675 3997 3799 4067 iii),

2205 4105 2252 4149 et
2281 4095 2524 4166 splendor
2551 4095 2731 4166 gloria!
2754 4135 2769 4155 ,
2798 4102 2844 4146 et
2867 4093 3128 4146 character
3163 4092 3459 4145 substantia:
3485 4092 3598 4153 eius
3641 4090 3803 4162 (Heb.

2205 4202 2256 4253 ι,
2285 4187 2365 4256 5).
2402 4187 2512 4241 lloc
2541 4186 2631 4255 qui
2672 4185 2740 4240 de
2776 4183 2890 4238 ﬁlio
2923 4184 3016 4237 Dei
3048 4199 3153 4238 non
3185 4183 3444 4247 credunt,
3481 4181 3654 4237 Esaias
3681 4198 3808 4237 sen-

2205 4279 2426 4332 tentiam
2477 4276 2820 4331 suslinebunt
2865 4275 3096 4329 dicentis
3148 4272 3544 4337 :Erubescent,
3593 4283 3640 4326 et
3686 4289 3808 4327 con-

2205 4370 2486 4442 fundentur
2535 4385 2710 4423 omnes
2757 4367 2846 4436 qui
2892 4367 3230 4420 adversantur
3268 4367 3316 4419 ei
3350 4407 3364 4430 ,
3391 4375 3438 4419 et
3468 4365 3614 4418 ibunt
3642 4366 3662 4395 ⁸
3692 4381 3805 4418 cum

2205 4464 2523 4534 confusione.
2574 4461 2679 4515 Sed
2711 4471 2765 4515 et
2795 4463 2814 4493 ⁰
2862 4458 3125 4514 Jeremias
3165 4458 3231 4512 de
3272 4457 3366 4511 lilii
3395 4456 3593 4512 dcitate
3623 4457 3804 4527 expri-

504 4570 712 4616 tuarum
743 4570 865 4615 sunt
888 4560 1004 4616 οωιὶ
1038 4576 1056 4615 :
1081 4562 1182 4630 ipsi
1208 4561 1464 4630 peribunt,
1485 4570 1537 4614 tu
1567 4570 1735 4615 autem
1765 4559 2101 4629 permanebis,
2134 4547 2186 4606 D
2213 4557 2308 4611 mit
2337 4556 2524 4611 dicens
2559 4572 2571 4609 :
2595 4553 2696 4609 Hic
2725 4554 2862 4609 Deus
2890 4563 3057 4607 noster
3086 4563 3178 4617 est,
3207 4561 3252 4607 et
3281 4569 3380 4605 non
3406 4551 3447 4582 ¹⁰
3474 4551 3808 4616 deputabitur

503 4661 550 4704 et
579 4669 754 4706 omnes
783 4655 913 4706 sicut
943 4653 1293 4707 vestimentum
1319 4661 1627 4705 veterascent
1655 4667 1675 4706 :
1706 4661 1754 4704 et
1786 4651 1918 4704 sicut
1949 4666 2101 4720 oper-

505 4743 692 4796 torium
722 4747 941 4798 nmtabis
969 4762 1057 4800 eos
1080 4786 1094 4812 ,
1128 4755 1176 4799 et
1198 4744 1529 4798 mutabuntur
1555 4761 1574 4798 :
1601 4754 1655 4798 tu
1675 4753 1844 4798 autem
1873 4744 2005 4798 idem
2025 4762 2100 4809 es,

505 4844 553 4888 et
581 4836 704 4888 anni
730 4835 803 4888 tui
831 4852 930 4889 non
952 4837 1190 4904 deficient
1212 4836 1382 4908 (Psal.
1407 4851 1482 4903 Cl,
1510 4835 1728 4908 26-28).
1761 4838 1872 4892 lloc
1897 4837 1964 4892 de
1996 4837 2105 4892 ﬁlio

509 4925 602 4981 Dei
654 4926 914 4998 scriptum
969 4928 1354 4998 interpretatus
1416 4938 1500 4985 est
1543 4928 1744 4986 Paulus
1770 4929 2016 4986 scribens
2035 4930 2103 4986 ad

579 5104 597 5135 ¹
639 5098 912 5156 Sciebatis.

578 5175 600 5205 ί
645 5171 956 5245 Prop/ictam
985 5173 1308 5241 referentem.

580 5245 602 5275 ³
644 5243 807 5311 Quem
843 5243 1135 5297 missurum.

582 5335 604 5365 ’⁵
644 5336 905 5404 Splendor
915 5345 1009 5403 est,
1025 5343 1130 5390 etc.
1147 5333 1321 5390 Locus
1337 5333 1422 5388 hic
1440 5347 1468 5386 a
1484 5331 1857 5404 librariomale
1871 5333 2103 5400 habitus,

510 5407 591 5462 sic
633 5403 848 5462 restitui
885 5422 1045 5476 posse
1073 5405 1317 5472 videtur,
1351 5405 1481 5475 Sap.
1513 5419 1584 5459 vn
1608 5444 1623 5468 ,
1652 5403 1722 5459 26
1750 5444 1764 5468 ,
1791 5403 1881 5458 27.
1918 5404 2100 5476 Splen-

512 5478 608 5532 dor
636 5487 713 5531 est
733 5479 869 5530 enim
888 5473 1030 5534 lucis
1050 5488 1274 5546 (sternte,
1302 5486 1350 5532 et
1375 5473 1639 5546 speculum
1657 5476 1766 5531 sine
1785 5473 1989 5530 macula
2011 5473 2113 5531 Dei

513 5548 818 5624 majestatis,
848 5550 1086 5624 et_imago
1110 5549 1348 5624 bonitatis
1368 5547 1530 5624 illius.
1557 5547 1622 5624 Et
1645 5563 1760 5624 cum
1771 5547 1836 5600 sit
1860 5563 2111 5624 una,_om-

519 5616 611 5676 niti
653 5626 836 5701 potest.
890 5616 1041 5673 ltem'
1079 5639 1091 5674 ;
1146 5621 1268 5705 Ipse
1303 5623 1391 5688 qui
1424 5621 1636 5704 redemit
1669 5619 1786 5674 illos
1810 5660 1824 5684 ,
1861 5618 2113 5673 Dominus

525 5697 846 5748 omnipotens
873 5703 1058 5744 nomen
1087 5702 1159 5744 est
1187 5691 1286 5746 illi.
1311 5693 1442 5748 Item
1465 5707 1518 5746 tn
1539 5690 1782 5747 Machab.
1818 5708 1832 5744 :
1867 5689 2113 5745 Nondum

525 5706 846 5758 omnipotens
873 5706 1058 5744 nomen
1087 5706 1159 5744 est
1187 5706 1286 5746 ιιιι.
1313 5706 1442 5748 Item
1465 5707 1518 5746 tn
1539 5706 1782 5747 maenaa.
1818 5708 1832 5744 :
1867 5706 2113 5745 nonaum

525 5757 888 5829 omnipotentis
926 5768 976 5814 et
1014 5762 1186 5816 omnia
1234 5763 1542 5831 possidentis
1567 5759 1664 5819 Dei
1684 5761 1941 5836 judicium
1973 5772 2118 5834 potes

2211 4651 2344 4705 alius
2371 4651 2557 4719 absque
2582 4667 2640 4703 eo
2671 4666 2688 4704 :
2717 4649 2805 4715 qui
2843 4647 3033 4701 invenit
3069 4662 3270 4701 omnem
3307 4647 3441 4698 viam
3482 4644 3766 4713 prudentia:
3791 4685 3806 4707 ,

2211 4753 2256 4797 et
2271 4743 2408 4796 dedit
2422 4759 2531 4796 eum
2546 4741 2580 4796 I
2585 4743 2708 4796 acob
2729 4757 2885 4812 puero
2913 4757 3030 4801 suo.
3063 4749 3108 4794 et
3131 4739 3296 4793 Israel
3319 4739 3502 4792 dilecto
3524 4738 3620 4791 sibi
3652 4754 3669 4790 :
3696 4746 3808 4808 post

2215 4837 2372 4909 (ha'c)
2402 4839 2454 4892 in
2486 4851 2621 4891 terra
2650 4839 2786 4891 visus
2815 4847 2919 4904 est,
2953 4847 3137 4890 etcum
3169 4835 3457 4888 hominibus
3485 4843 3811 4887 conversatus

2211 4941 2282 4986 est
2309 4931 2562 5005 (Barttclt.
2595 4947 2651 4986 Ill
2675 4973 2690 4999 ,
2721 4929 2934 4999 56-38).
2959 4928 3072 4983 Non
3118 4929 3299 4999 utique
3331 4938 3481 4999 pater
3510 4929 3682 4994 Deus,
3716 4925 3811 4981 sed

2207 5099 2446 5174 e/Tugere.
2505 5098 2811 5174 Quomodo-
2832 5110 2937 5174 non
2979 5095 3322 5174 omnipotens
3348 5135 3362 5159 ,
3393 5101 3498 5147 etc.
3516 5089 3711 5174 .Oxon.
3734 5108 3812 5169 ιτ-

2207 5165 2750 5244 Legerimequidem
2797 5168 2850 5244 in
2889 5167 3008 5244 loco
3041 5165 3283 5244 Maghab.
3329 5184 3340 5218 :
3391 5165 3562 5244 onmia
3595 5165 3812 5244 prospi-

2207 5235 2406 5299 cientis.
2438 5235 2596 5311 Vulg.
2622 5239 2669 5294 ll
2697 5237 2938 5294 Machab.
2971 5253 3046 5292 vn
3077 5278 3091 5306 ,
3125 5238 3194 5294 55
3223 5255 3236 5292 :
3269 5237 3444 5291 omnia
3467 5235 3811 5306 inspicientis.

2283 5337 2304 5366 ⁵
2346 5333 2690 5405 Sapientiam.

2285 5407 2307 5438 °
2347 5404 2412 5459 In
2429 5404 2817 5476 confusionem.

2285 5479 2304 5511 τ
2346 5477 2502 5533 Dicit.

2284 5551 2306 5582 ⁸
2338 5549 2405 5605 In
2434 5549 2805 5621 confusionem.

2283 5626 2305 5657 ⁹
2349 5621 2518 5677 Immo
2533 5618 2776 5675 'Baruch.

2291 5695 2334 5726 ¹⁰
2368 5691 2778 5750 Existimabitur.
