4150 6176
262 252 338 308 65
1649 247 1740 305 DE
1780 246 1894 305 TR]

1999 246 2176 303 .‘ATE.
3507 258 3577 318 66

262 368 409 421 ﬁlius
440 365 612 419 luctus
643 363 809 418 homo
837 361 890 417 in
919 365 1060 417 terra
1090 359 1236 416 visus
1268 367 1350 416 est
1378 401 1394 428 ,
1427 367 1483 417 et
1510 372 1864 422 conversatus
1888 368 1939 429 Α
1971 373 2023 418 te
2052 361 2270 419 deitatis
2299 369 2524 432 praestat
2547 361 2603 420 in
2632 362 2929 423 salutarem
2959 364 3196 425 hominis
3214 366 3574 444 disciplinam,

261 468 488 515 estcum
522 457 864 524 hominibus,
898 465 1144 510 naturam
1179 455 1230 509 in
1260 470 1319 510 se
1351 454 1584 511 hominis
1609 474 1869 513 exercens

259 554 387 608 sine
441 561 674 625 peccato
720 561 936 622 propter
978 558 1221 605 nostram
1261 551 1530 618 salutem;
1567 552 1634 607 de
1671 568 1776 623 quo
1817 562 1872 608 et

261 649 502 718 legimus
537 667 550 703 :
597 646 661 700 Et
695 646 918 700 Verbum
945 662 1067 699 caro
1096 649 1291 716 factum
1323 655 1419 712 est,
1464 654 1509 699 et
1549 646 1790 699 habitavit
1818 647 1870 700 in

265 742 419 795 nobis
453 757 472 795 :
503 753 548 795 et
583 740 798 794 uidimus
836 739 1060 809 gloriam
1087 741 1228 811 ejus,
1262 738 1480 809 gloriam
1515 739 1664 809 quasi
1694 744 1872 811 unige-

264 836 366 888 niti
393 851 426 886 α
459 845 602 904 patre
633 831 814 890 (Joan.
851 847 904 897 l,
939 830 1050 901 M).

340 927 424 983 Ill.
457 927 511 982 Si
554 942 684 996 ergo
718 925 949 979 Verbum
989 940 1110 978 caro
1141 924 1337 992 factum
1365 933 1442 979 cst
1464 966 1479 989 ,
1531 933 1578 979 et
1627 924 1874 978 habitavit

265 1025 320 1078 in
345 1023 506 1088 nobis,
539 1032 700 1077 natus
733 1037 800 1076 ex
835 1019 1048 1090 virgine
1074 1019 1342 1073 nobiscum
1373 1018 1549 1085 Deus;
1576 1035 1684 1090 quo
1708 1034 1870 1085 nunc,

265 1119 520 1176 hmretice
546 1162 560 1185 ,
600 1118 862 1190 proﬁcis?
905 1117 962 1172 Si
995 1117 1338 1173 inﬁrmitates
1361 1129 1652 1188 assumpta:
1697 1118 1876 1173 carnis

265 1216 492 1285 objicias
517 1257 534 1282 ,
564 1215 608 1270 si
640 1215 837 1268 anima:
870 1215 1116 1268 humanae
1145 1228 1304 1283 quam
1335 1229 1454 1267 cum
1489 1228 1652 1268 carne
1693 1227 1877 1267 susce-

266 1317 456 1378 perat,
491 1309 507 1338 ¹
544 1307 710 1362 utiles
735 1306 888 1360 nobis
912 1314 1076 1360 (estus
1123 1304 1400 1359 describas
1429 1322 1443 1369 ;
1495 1320 1616 1360 cum
1662 1314 1876 1360 constet

267 1416 419 1465 cum,
451 1399 750 1455 secundum
777 1398 920 1469 quod
956 1399 1099 1452 Deus
1129 1407 1211 1452 est
1239 1407 1292 1452 et
1329 1398 1421 1452 Dei
1453 1398 1612 1464 ﬁlius,
1641 1413 1762 1454 esse
1783 1415 1878 1470 per

267 1494 461 1549 omnia
527 1504 584 1548 ut
632 1494 843 1549 Patrem
896 1493 1307 1562 impassibilem.
1360 1492 1484 1547 Ideo
1527 1493 1670 1547 enim
1702 1503 1757 1548 et
1785 1493 1877 1547 illa

269 1603 397 1656 qua:
423 1595 552 1642 sunt
581 1587 799 1642 deitatis
841 1587 959 1656 ejus
993 1587 1351 1653 praemisimus
1381 1628 1396 1652 ,
1451 1596 1506 1639 ut
1539 1587 1646 1656 jam
1680 1587 1722 1640 si
1753 1586 1879 1656 quid

269 1678 598 1734 humilitatis
627 1689 681 1734 et.
709 1678 1040 1733 inﬁrmitatis
1070 1679 1122 1732 in
1153 1677 1370 1733 Christo
1397 1679 1611 1748 legitur,
1643 1693 1748 1734 non
1769 1679 1882 1733 dci—

1975 455 2253 510 salvantur
2279 455 2481 525 mulli).

2048 545 2138 600 ιν.
2190 545 2481 604 Videamus
2529 564 2674 606 nunc
2721 561 2776 607 et
2825 562 3226 610 sacramentum
3284 557 3575 627 passionis.

1974 636 2146 692 Totus
2174 639 2344 694 Adam
2378 651 2700 710 peccaverat
2735 659 2750 710 ;
2803 653 2951 700 totus
2993 645 3165 702 Adam
3211 650 3472 719 expulsus
3513 651 3582 707 de

1976 733 2232 802 paradiso
2261 734 2472 791 fuerat:
2509 746 2678 793 totum
2710 741 2991 810 suscipere
3039 741 3225 798 debuit
3253 744 3536 814 expulsum
3562 785 3580 813 ,

1975 827 2067 898 qui
2116 835 2287 882 tntum
2339 830 2548 886 salvare
2597 842 2838 888 venerat.
2908 832 3025 889 Non
3072 846 3251 891 autem
3301 837 3585 894 videbatur

1978 925 2148 973 totum
2178 920 2462 989 crpulsum
2491 922 2542 978 in
2573 937 2634 978 se
2662 926 2971 996 suscepisse
3002 969 3015 991 ,
3059 927 3163 983 nisi
3211 929 3362 985 illum
3393 945 3585 989 susce-

1979 1012 2146 1081 pisset
2177 1027 2274 1082 per
2299 1014 2660 1071 substantiam
2690 1019 2870 1074 carnis
2901 1030 2955 1076 et
3003 1024 3198 1077 anima:
3224 1040 3238 1078 :
3287 1023 3390 1080 hoc
3437 1026 3582 1081 enim

1978 1112 2122 1160 totus
2165 1103 2330 1162 homo
2359 1117 2443 1163 est
2477 1123 2573 1177 per
2616 1120 2884 1165 naturam.
2941 1112 3054 1168 Hoc
3085 1123 3264 1171 autem
3297 1124 3422 1172 tunc
3464 1133 3588 1188 pro-

1979 1194 2098 1251 bari
2132 1199 2310 1267 potuit
2333 1238 2349 1264 ,
2382 1200 2429 1254 si
2474 1201 2616 1270 ipsas
2659 1202 2997 1260 inﬁrmitates
3027 1207 3206 1262 carnis
3237 1207 3356 1279 ejus
3385 1219 3439 1264 et
3465 1210 3586 1264 ani-

1980 1306 2084 1345 mae
2116 1294 2408 1350 sustineret
2432 1337 2446 1362 ,
2494 1295 2625 1351 licet
2654 1298 2770 1354 sine
2798 1300 2928 1355 vitio
2959 1311 3306 1370 peccatorum
3333 1321 3349 1371 ;
3379 1314 3438 1360 ut
3462 1321 3590 1362 vere

1981 1400 2090 1439 non
2131 1386 2290 1441 aliam
2333 1388 2687 1445 substantiam
2735 1392 2912 1448 carnis
2961 1405 3014 1449 et
3059 1397 3255 1452 anima:
3285 1399 3590 1469 suscepisse

1983 1485 2301 1546 putaretur:
2338 1489 2394 1534 ut
2421 1496 2546 1536 eum
2578 1483 2629 1536 in
2660 1497 2720 1538 se
2760 1483 3033 1542 hominem
3083 1488 3152 1543 ab
3181 1489 3590 1548 inﬁrmitatibus

1985 1577 2039 1623 et
2077 1570 2419 1640 paSsionibus
2453 1573 2684 1640 liberat,
2713 1576 2876 1632 etiam
2921 1578 3022 1634 hos
3050 1581 3140 1651 qui
3170 1583 3464 1639 secundum
3498 1599 3593 1641 ve-

1985 1664 2141 1733 stigia
2173 1664 2290 1733 ejus
2317 1674 2612 1734 sectantur,
2641 1669 2895 1726 liberatos
2922 1687 3045 1728 esse
3072 1674 3442 1732 crederemus.
3481 1677 3590 1734 Sed

270 1782 357 1826 tas
387 1772 506 1840 ejus
534 1772 727 1825 violata
760 1771 1045 1837 credatur,
1079 1771 1173 1826 sed
1203 1780 1409 1826 natura:
1439 1775 1676 1842 suscepti
1707 1772 1878 1827 homi-

1999 1759 2359 1825 patrucinetur
2390 1759 2514 1816 huic
2563 1762 2748 1817 sensui
2795 1766 3034 1835 gentium
3081 1767 3271 1823 doctor
3300 1769 3592 1840 Apostolus

269 1864 362 1918 his
385 1905 401 1929 ,
455 1872 507 1918 et
536 1863 842 1933 disciplinae
870 1879 1027 1933 quam
1059 1864 1334 1928 tradebat,
1383 1865 1662 1920 exsecutio
1695 1867 1714 1895 ²
1746 1879 1877 1934 pro-

269 1955 456 2010 betur.
514 1955 722 2009 Vanum
755 1966 837 2009 est
864 1957 1006 2010 enim
1036 1955 1274 2010 noluisse
1303 1965 1356 2010 ut
1380 1955 1654 2011 hominem
1689 1958 1834 2013 nasci
1863 1999 1876 2020 ,

267 2048 402 2103 licet
450 2064 512 2103 es
569 2048 774 2118 virgine
806 2048 826 2077 ³
878 2058 1056 2103 tamen
1103 2047 1418 2117 hominem,
1473 2065 1572 2104 nec
1613 2050 1880 2104 inﬁrmam

269 2140 522 2194 hominis
549 2141 603 2194 in
632 2156 690 2194 se
723 2139 1004 2212 designare
1037 2149 1305 2194 naturam.
1356 2141 1561 2196 Vanum
1610 2153 1692 2198 est
1741 2159 1881 2212 pra:-

271 2246 439 2302 cepta
468 2233 618 2298 dare,
652 2233 842 2303 quibus
873 2232 1122 2288 homines
1153 2234 1434 2300 viverent,
1467 2243 1520 2287 et
1550 2234 1719 2303 ipsum
1745 2235 1880 2304 jam,

273 2327 404 2397 quia
433 2325 606 2380 semel
640 2325 800 2380 homo
826 2341 951 2380 esse
990 2326 1239 2396 dignatus
1280 2336 1360 2380 est
1386 2367 1400 2391 ,
1434 2327 1552 2382 sine
1583 2335 1882 2397 prlecepto-

273 2439 400 2477 rum
434 2422 813 2477 observatione
857 2419 1218 2476 concurrisse.
1268 2421 1364 2476 llle
1404 2421 1452 2475 si
1492 2437 1598 2475 non
1650 2420 1887 2476 hominis

277 2516 655 2570 inﬁrmitatem
702 2516 877 2570 factus
919 2516 1084 2570 homo
1133 2529 1386 2570 exercere
1417 2514 1715 2579 voluisset,
1767 2514 1887 2584 quis

277 2609 714 2679 crederet,quod
748 2609 910 2664 homo
937 2609 1114 2663 factus
1136 2607 1312 2662 fuerat
1340 2623 1406 2662 ex
1433 2608 1659 2678 originis
1689 2619 1887 2663 nostrae

279 2704 545 2769 matrice,
595 2702 716 2757 licet
761 2702 878 2757 sine
929 2701 1031 2756 viri
1077 2701 1406 2769 complexu?
1452 2700 1887 2770 quandoquidem

282 2793 554 2865 hodieque
594 2811 703 2848 non
735 2794 960 2860 desunt,
1002 2794 1093 2864 qui
1146 2802 1343 2864 negent
1373 2809 1496 2848 eum
1525 2802 1766 2847 nostram
1799 2809 1891 2863 ge-

286 2895 468 2942 stasse
506 2887 899 2956 corpulentiam
927 2929 942 2954 ,
986 2886 1149 2941 etiam
1196 2896 1380 2955 postea
1416 2902 1576 2955 quam
1608 2885 1891 2939 inﬁrmita-

290 2992 398 3036 tem
423 2982 603 3037 carnis
631 2981 895 3037 exercuit.
926 2979 1022 3035 Ille
1051 2980 1095 3034 si
1125 2978 1295 3034 factus
1326 2978 1490 3033 homo
1520 2994 1626 3033 non
1673 2993 1886 3032 servas-

290 3087 376 3130 set
405 3117 418 3140 ,
464 3091 620 3142 quam
653 3075 852 3129 docere
879 3082 1104 3128 venerat
1133 3072 1473 3141 disciplinam
1497 3113 1511 3136 ,
1543 3087 1648 3125 non
1687 3071 1889 3126 bonum

1984 1850 2246 1916 vivacius,
2279 1861 2333 1907 et
2363 1864 2416 1906 ut
2438 1855 2697 1926 mysticus
2719 1857 2996 1913 scribens:
3021 1859 3170 1914 Sicut
3192 1864 3328 1916 enim
3350 1863 3403 1916 in
3420 1863 3594 1920 Adam

1987 1957 2160 1996 omnes
2202 1945 2494 1999 moriuntur
2516 1988 2530 2012 ,
2577 1948 2650 2001 ita
2681 1959 2725 2002 et
2755 1949 2808 2003 in
2837 1951 3042 2006 Christo
3067 1970 3241 2020 omnes
3265 1956 3594 2020 uiri/icantur

1989 2037 2032 2108 (l
2061 2036 2182 2092 Cor.
2208 2029 2303 2106 xv,
2335 2040 2452 2112 2'5).
2485 2041 2591 2098 Sed
2625 2053 2872 2100 naturam
2903 2050 3140 2118 suscepti
3166 2051 3218 2105 in
3261 2068 3328 2107 eo
3355 2054 3597 2110 hominis

1989 2133 2182 2187 melius
2219 2133 2492 2190 describat
2532 2136 2758 2195 Esaias:
2790 2138 3010 2196 Domine
3038 2145 3154 2214 quis
3193 2145 3412 2201 credidit
3440 2148 3595 2203 audi-

1987 2226 2064 2278 tui
2103 2237 2281 2281 nostra
2314 2229 2340 2282 Ρ
2375 2239 2424 2284 et
2467 2229 2735 2286 brachium
2777 2233 2991 2289 Domini
3035 2238 3118 2290 cui
3166 2240 3444 2295 revelatum
3484 2243 3598 2298 est?

1989 2318 2421 2375 Annuntiauimus
2449 2325 2757 2394 coramipso
2787 2328 2921 2382 sicut
2938 2346 3082 2398 puer,
3110 2332 3242 2387 sicut
3288 2335 3444 2390 rudia:
3473 2337 3494 2369 ⁸
3519 2337 3600 2392 in-

1989 2419 2215 2464 ueterata
2241 2413 2470 2468 sitienti:
2493 2432 2594 2470 non
2622 2427 2696 2472 est
2727 2421 2922 2488 species
2949 2423 2991 2476 ei
3015 2440 3174 2493 neque
3194 2424 3360 2481 honor
3377 2432 3561 2500 forma:
3579 2446 3598 2485 :

1991 2513 2036 2557 et
2065 2504 2288 2560 uidimus
2316 2524 2429 2561 eum
2450 2551 2466 2577 ,
2498 2519 2547 2564 et
2593 2527 2695 2566 non
2738 2514 2952 2569 habebat
2993 2519 3218 2588 speciem
3253 2537 3414 2593 neque
3451 2523 3602 2580 deco-

1990 2612 2131 2650 rem:
2149 2600 2240 2653 sed
2265 2601 2460 2670 species
2486 2605 2598 2674 ejus
2625 2605 2735 2660 sine
2759 2605 2956 2663 honore
2973 2651 2988 2676 ,
3022 2611 3264 2681 deﬁciens
3286 2625 3472 2686 praeter
3497 2634 3601 2672 ctu-

1994 2699 2128 2746 teros
2165 2692 2428 2750 homines:
2463 2696 2616 2752 homo
2655 2698 2708 2753 in
2741 2701 2896 2772 plaga
2931 2705 3164 2773 positus,
3192 2719 3238 2761 et
3272 2711 3438 2766 sciens
3466 2713 3604 2782 ferre

1993 2786 2379 2856 inﬁrmitatem,
2407 2791 2530 2862 quia
2556 2809 2736 2850 aversa
2777 2805 2851 2850 est
2887 2798 3044 2866 [acies
3078 2816 3097 2853 :
3142 2800 3458 2870 depretiatus
3496 2817 3601 2874 est,

1995 2896 2086 2933 nec
2106 2881 2390 2936 asstimatus
2413 2894 2506 2938 est.
2545 2885 2647 2939 Hic
2673 2899 2881 2956 peccata
2907 2900 3086 2946 nostra
3115 2898 3237 2966 fert,
3261 2907 3312 2952 et
3337 2915 3430 2966 pro
3459 2900 3603 2955 nobis

1996 2973 2132 3026 dolet
2157 2990 2176 3026 :
2205 2985 2251 3028 et
2280 2977 2647 3034 testimavimus
2677 2998 2791 3036 eum
2813 2983 2867 3038 in
2896 2985 3075 3041 dolore
3093 3005 3202 3045 esse
3227 3001 3273 3044 et
3306 2993 3359 3047 in
3380 2994 3538 3066 plaga
3559 3003 3605 3050 et

1996 3067 2050 3121 in
2081 3069 2216 3123 malo
2240 3089 2257 3124 ,ο
2300 3071 2410 3141 ipse
2439 3085 2609 3128 autent
2641 3077 2937 3134 uulneratus
2959 3092 3031 3135 est
3065 3094 3276 3155 propter
3314 3086 3607 3159 iniquitates

291 3167 597 3238 magisterii
621 3167 860 3222 dedisset
900 3166 1227 3235 exemplum.
1280 3163 1410 3231 Quis
1462 3165 1605 3218 enim
1656 3165 1893 3233 discipu-
1917 3169 1962 3232 ο
1997 3170 2220 3226 nostras,
2249 3173 2294 3216 et
2334 3165 2630 3233 inﬁrmatus
2657 3179 2729 3224 est
2767 3181 2978 3243 prapter
3011 3186 3217 3245 peccata
3257 3183 3610 3235 ηοεινατάοσ.

290 3262 472 3317 lorum
520 3277 740 3317 servare
781 3269 1108 3324 conaretur,
1156 3257 1295 3328 quod
1343 3273 1448 3312 non
1495 3257 1750 3326 magister
1778 3259 1892 3326 ipse

292 3366 571 3413 servasset
595 3357 762 3412 lactus
791 3366 846 3410 ut
879 3355 1074 3418 homo;
1105 3371 1224 3409 cum
1256 3354 1414 3410 hodie
1439 3354 1548 3424 jam
1569 3355 1894 3423 quicumque

293 3457 480 3505 servat
523 3451 694 3519 ipsius
736 3449 986 3517 exemplo
1012 3490 1026 3513 ,
1057 3448 1328 3502 relevatur
1366 3460 1422 3501 ut
1452 3458 1632 3502 servet
1663 3447 1686 3500 ?
1730 3446 1896 3502 Vides

296 3545 424 3614 quia
451 3551 505 3598 et
534 3542 872 3598 inﬁrmitates
903 3542 1009 3612 pati
1037 3541 1260 3608 debuit,
1297 3551 1354 3596 ut
1382 3541 1545 3596 homo
1590 3551 1748 3595 natus
1777 3555 1898 3610 pro-

296 3637 524 3692 baretur
547 3653 563 3702 ;
595 3647 644 3692 et
672 3636 846 3692 factus
874 3636 1036 3692 homo
1063 3637 1353 3692 observare
1381 3636 1756 3707 quodcumque
1800 3637 1899 3693 do-

298 3730 502 3784 cuisset
530 3772 546 3795 ,
583 3738 638 3783 ut
667 3740 896 3784 ueteres
924 3729 1178 3785 invitaret
1204 3747 1218 3795 ;
1249 3731 1420 3801 magis
1449 3740 1627 3783 autem
1670 3729 1902 3784 dixerim

299 3831 362 3877 ut
387 3831 624 3878 creteros
652 3824 992 3879 sublevaret:
1022 3823 1133 3892 jam
1164 3823 1307 3878 enim
1348 3837 1476 3877 caro
1504 3831 1690 3876 nostra
1717 3821 1907 3876 didicit

302 3916 423 3985 ejus
473 3931 638 3970 carne
691 3916 946 3971 relevari.
1004 3915 1059 3971 Si
1109 3915 1252 3970 enim
1299 3914 1642 3968 inﬁrmitates
1678 3914 1909 3968 hominis

302 4009 418 4080 pati
451 4007 716 4061 noluisset
739 4048 754 4073 ,
787 4019 841 4061 ut
871 4005 999 4076 qttid
1030 4015 1081 4061 et
1112 4005 1182 4061 de
1222 4006 1426 4076 virgine
1455 4003 1476 4034 '°
1503 4004 1722 4060 homine
1754 4016 1911 4060 natus

305 4119 392 4160 e51
427 4105 451 4156 ‘3
495 4113 550 4158 et
577 4105 618 4158 si
653 4105 866 4159 nolebat
896 4103 1187 4158 observare
1233 4112 1502 4173 praecepta
1528 4143 1541 4166 ,
1571 4103 1693 4171 quia
1724 4100 1911 4156 Domi-

310 4212 457 4255 nus;
511 4206 567 4249 ut
595 4196 719 4266 quid
753 4206 807 4250 et
837 4195 1066 4250 fortnam
1097 4195 1238 4251 servi
1267 4204 1554 4264 acceperat
1579 4235 1594 4261 ,
1628 4208 1750 4265 quae
1779 4209 1916 4262 prtu-

313 4289 492 4358 ceptis
522 4299 575 4342 et
601 4288 922 4343 obedientizn
949 4287 1182 4343 obnoxia
1211 4289 1334 4344 est?
1365 4286 1386 4318 ³
1416 4287 1600 4356 atquin
1630 4295 1803 4341 totum
1825 4301 1915 4340 sa-

313 4389 658 4435 cramentum
690 4395 719 4434 a
754 4380 865 4434 Deo
894 4381 1157 4450 assumpti
1188 4379 1420 4435 hominis
1447 4380 1550 4435 hoc
1574 4422 1589 4446 ,
1627 4379 1647 4410 ⁶
1674 4377 1818 4450 quod
1865 4378 1917 4434 in

315 4473 494 4528 Adam
529 4489 635 4528 non
667 4483 750 4529 est
778 4474 844 4529 de
890 4473 1260 4530 inobedientia
1299 4485 1596 4542 servatum,
1625 4473 1678 4528 in
1702 4473 1922 4528 Christo

1998 3255 2132 3308 trina
2157 3256 2298 3323 pacis
2338 3267 2526 3313 nostrte
2560 3277 2715 3330 super
2755 3280 2868 3317 cum
2905 3283 2916 3317 :
2958 3267 3114 3338 plaga
3157 3272 3269 3341 ejus
3304 3287 3396 3325 nos
3439 3272 3607 3326 sanati

1997 3363 2195 3403 smnus.
2254 3349 2444 3406 Omnes
2476 3355 2608 3408 sicut
2634 3371 2750 3410 oves
2795 3360 3073 3415 erravimus
3107 3377 3126 3414 :
3153 3363 3305 3418 homo
3335 3383 3366 3419 a
3395 3365 3476 3420 uia
3513 3383 3612 3422 sua

2001 3442 2219 3508 errauit,
2255 3453 2300 3496 et
2326 3442 2584 3500 Dominus
2609 3450 2826 3503 tradidit
2851 3468 2967 3506 enm
2997 3472 3090 3526 pro
3128 3459 3348 3526 peccatis
3378 3463 3567 3518 nostris
3590 3479 3610 3519 :

2003 3539 2048 3583 et
2078 3531 2188 3598 ipse
2211 3545 2420 3604 propter
2444 3538 2584 3606 quod
2618 3541 2752 3594 male
2781 3551 3030 3600 tractatus
3053 3557 3151 3614 est,
3174 3566 3276 3605 non
3304 3555 3510 3622 aperuit
3530 3571 3609 3610 os.

2007 3621 2155 3678 Sicut
2191 3627 2298 3678 ovis
2320 3627 2390 3680 ad
2416 3629 2718 3686 occisionem
2757 3635 3011 3692 adductus
3052 3650 3158 3706 est,
3197 3652 3246 3697 et
3289 3621 3420 3699 sicut
3449 3663 3614 3718 agnus

2007 3731 2179 3769 coram
2205 3717 2447 3774 tondente
2481 3736 2566 3787 se,
2598 3723 2672 3776 sic
2699 3740 2801 3778 non
2832 3729 3036 3796 aperuit
3067 3747 3123 3786 os
3144 3750 3294 3787 suum
3316 3751 3336 3790 :
3371 3737 3424 3790 in
3444 3717 3614 3792 humi-

2009 3813 2154 3867 litate
2169 3815 2433 3887 judicium
2481 3820 2593 3890 ejus
2637 3819 2899 3875 sublatum
2933 3833 3028 3877 est.
3085 3824 3480 3886 Generationem
3504 3834 3616 3905 ejus

2011 3907 2124 3978 quis
2153 3908 2589 3981 enarrabit?.quia
2618 3916 2880 3984 auferetur
2904 3934 2936 3970 a
2963 3929 3098 3974 terra
3126 3920 3228 3974 vita
3259 3925 3406 3994 ejus:
3427 3924 3490 3978 ab
3513 3927 3616 3980 ini-
3661 3915 3666 3920 ’

2013 4001 2293 4070 quitatibus
2323 4003 2486 4072 plebis
2515 4022 2639 4060 mea:
2665 4007 2922 4066 adductus
2948 4023 3024 4067 est
3053 4015 3122 4068 ad
3143 4025 3388 4086 mortem;
3417 4029 3468 4075 et
3487 4021 3620 4076 dabo

2018 4096 2180 4150 malos
2215 4113 2308 4165 pro
2343 4097 2613 4168 sepultura
2657 4103 2807 4172 ejus,
2853 4113 2899 4158 et
2937 4106 3077 4176 ipsos
3121 4109 3300 4164 divites
3336 4129 3430 4183 pro
3461 4125 3622 4169 morte

2019 4192 2154 4261 ejus.
2177 4193 2197 4223 9
2229 4190 2365 4256 Quia
2417 4193 2741 4262 iniquitatem
2775 4214 2874 4253 non
2906 4201 3052 4270 fecit,
3076 4219 3239 4274 neque
3264 4205 3442 4262 dolum
3462 4209 3514 4264 in
3536 4227 3624 4266 ore

2021 4300 2115 4338 suo
2143 4283 2340 4340 locutus
2367 4296 2441 4342 est
2469 4286 2605 4360 (lsa.
2639 4305 2753 4358 LIII,
2786 4294 2972 4364 1-9).

2096 4376 2162 4432 ν.
2199 4372 2412 4435 Sufﬁcit
2440 4379 2546 4437 hoc
2593 4385 2906 4443 testimonio
2953 4389 3234 4458 probatum
3259 4435 3273 4460 ,
3318 4395 3464 4466 quod
3502 4413 3622 4454 om-

2025 4485 2148 4525 nem
2179 4472 2231 4524 in
2260 4485 2319 4526 se
2363 4473 2600 4531 hominis
2649 4487 2896 4534 naturam
2943 4483 3184 4554 peregit,
3237 4486 3354 4542 sine
3399 4501 3624 4558 peccato

318 4564 547 4620 homine
575 4568 641 4620 de
680 4565 985 4622 obedientia
1031 4576 1360 4622 servaretur.
1411 4565 1524 4622 Hoc
1572 4567 1746 4636 ipsum
1778 4566 1894 4637 Apo

1999 4585 2002 4614 ι
2029 4569 2209 4616 tamen
2234 4577 2333 4618 suo
2354 4605 2370 4631 ,
2403 4564 2526 4621 licet
2563 4578 2783 4638 peccata
2812 4578 2994 4628 nostra
3022 4573 3065 4605 ¹⁰
3095 4584 3354 4644 portaret.
3405 4578 3512 4635 Sed
3557 4597 3627 4638 ne

322 4659 500 4713 stolus
529 4659 724 4715 Paulus
755 4661 894 4715 inter
920 4669 1113 4716 caetera
1147 4676 1267 4730 qua:
1297 4661 1478 4716 divine
1519 4670 1741 4728 tractat,
1774 4675 1922 4716 asse-

321 4751 425 4806 rit:
457 4750 609 4805 Sicnt
634 4754 765 4806 enim
793 4769 884 4823 per
904 4753 1301 4807 inobedientiam
1325 4753 1475 4806 unius
1497 4752 1718 4806 hominis
1746 4769 1926 4820 pecca-

325 4852 460 4897 tores
482 4844 746 4897 constituti
777 4853 896 4898 sunt
927 4845 1094 4910 multi,
1118 4845 1194 4898 ita
1222 4855 1268 4896 et
1296 4860 1385 4914 per
1406 4844 1561 4898 unius
1590 4843 1927 4898 obeditionem

315 4937 451 5008 justi
481 4939 860 4992 constituuntur
884 4937 1031 4992 multi
1071 4937 1090 5007 (
1114 4936 1266 4991 Rom.
1298 4953 1328 4988 v
1350 4977 1363 5003 ,
1395 4936 1461 4991 19
1562 4935 1756 5008 (Sicut
1781 4935 1925 4990 enim

326 5044 426 5100 per
448 5030 604 5084 unius
635 5030 870 5085 hominis
899 5038 1266 5099 contemptum
1293 5037 1610 5099 peccatores
1650 5028 1928 5082 constituti

326 5134 460 5179 sunt
505 5125 662 5180 multi
690 5165 705 5190 ,
755 5126 774 5156 ⁷
808 5125 879 5179 ita
911 5134 967 5180 et
1009 5141 1106 5195 per
1135 5132 1535 5180 sacramentum
1564 5121 1932 5178 obauditiouis

330 5217 386 5274 in
414 5218 632 5276 Christo
654 5261 669 5289 ,
699 5234 861 5291 quam
887 5233 993 5275 non
1023 5235 1086 5276 ex
1117 5219 1432 5276 inﬁrmitate
1457 5259 1471 5286 ,
1501 5217 1595 5275 sed
1623 5233 1691 5276 ex
1722 5217 1933 5274 bonita-

407 5427 425 5456 ¹
463 5424 598 5482 Utile
627 5435 722 5482 est.

407 5500 429 5527 ³
463 5495 792 5553 Prabaretur.

411 5567 434 5598 ³
475 5567 716 5625 Tantum.

412 5640 434 5668 "
467 5639 535 5694 In
557 5645 760 5699 homine
787 5645 961 5700 homo.

338 5757 341 5774 ί
418 5712 438 5784 ἕ
469 5714 643 5784 Atqui.

416 5783 440 5813 ⁵
467 5783 630 5845 Forte
661 5788 833 5856 desit,
859 5803 935 5844 ut.

2030 4654 2196 4711 homo
2227 4659 2599 4714 tantummodo
2620 4661 2960 4732 crederetur,
2985 4664 3340 4738 interposuit,
3370 4681 3422 4727 et
3450 4672 3587 4730 dixit
3612 4693 3626 4732 :

2033 4748 2425 4806 Generationetn
2453 4754 2564 4824 ejus
2590 4757 2704 4826 quis
2733 4761 3032 4815 enarrabit?
3059 4762 3202 4818 illam
3229 4765 3418 4837 utique
3442 4767 3481 4800 ¹¹
3505 4768 3630 4841 quia

2033 4843 2101 4899 de
2133 4845 2243 4901 Deo
2271 4856 2426 4916 patre
2449 4859 2738 4917 generatus
2759 4862 2843 4908 est
2865 4896 2881 4920 ,
2919 4872 3040 4927 qua:
3079 4858 3199 4916 sine
3233 4861 3385 4918 initio
3411 4872 3535 4921 est:
3578 4873 3634 4921 et

2036 4935 2161 4992 ideo
2189 4937 2256 4993 de
2285 4955 2346 4994 ea
2377 4941 2474 5006 ait,
2511 4941 2905 5001 Generationem
2925 4953 3041 5023 ejus
3061 4953 3176 5023 quis
3201 4957 3500 5012 enarrabit?
3523 4973 3633 5012 non

2035 5032 2185 5101 quasi
2219 5030 2605 5102 ignorabilem,
2637 5037 2732 5092 sed
2762 5041 2914 5106 quasi
2947 5042 3384 5114 inexplicabilem
3425 5049 3631 5105 dicens.

2038 5120 2240 5178 Omnes
2267 5125 2410 5180 enim
2437 5127 2689 5186 catholici
2736 5132 2980 5204 scimus,
3029 5137 3153 5208 quia
3203 5138 3271 5196 de
3314 5141 3424 5196 Deo
3481 5148 3635 5210 patre

2039 5225 2198 5274 natus
2221 5228 2324 5288 est,
2358 5220 2453 5277 sed
2480 5221 2954 5286 inenarrabiliter:
2978 5239 3032 5288 et
3061 5231 3186 5288 ideo
3212 5234 3307 5299 ait,
3336 5231 3637 5290 Generatio—

2116 5426 2137 5458 τ
2164 5422 2358 5481 Habes.

2117 5498 2140 5571 ἕ
2169 5495 2480 5571 [πνείει-ητα.
2509 5497 2697 5571 Forte,
2729 5502 2784 5558 in
2803 5510 2958 5558 terra.

2117 5570 2138 5600 9
2164 5567 2349 5635 Forte,
2381 5571 2495 5638 qui.

2123 5639 2165 5670 ¹⁰
2194 5639 2376 5710 Forte,
2405 5644 2645 5710 portarit.

2125 5713 2163 5796 ξι
2196 5704 2584 5796 QuiaJForte:
2630 5731 2750 5785 qua.
2795 5716 2886 5796 Sic
2922 5718 3066 5796 enim
3095 5704 3257 5793 paulo
3287 5735 3449 5796 post:
3491 5728 3643 5786 Hanc

2051 5793 2218 5838 autem
2245 5791 2641 5855 generationem,
2679 5802 2783 5852 qua
2809 5791 2872 5846 de
2898 5791 3371 5864 virgine'uascititr.
