4150 6176
473 242 540 314 σει
1610 274 1613 277 η
1730 228 2054 311 rans'rmt
2094 248 2535 312 passurum
3712 256 3781 309 cs

394 346 406 361 ’
474 388 593 427 nent
616 372 729 444 ejus
753 370 871 444 quis
916 370 1217 427 enarrabit?
1256 368 1405 424 Hanc
1443 375 1623 423 autem
1669 365 2079 436 generationem
2104 377 2159 438 Α
2183 368 2474 440 passionem
2502 365 2713 432 mortis,
2744 373 2790 419 et
2820 364 2957 436 quod
2994 364 3163 436 gratia
3184 362 3286 418 Dei
3312 380 3405 437 pro
3436 366 3669 421 omnibus
3690 384 3784 437 gu-

476 481 579 535 qua
620 464 688 520 de
726 465 929 535 virgine
975 462 1213 518 nascitur
1250 459 1546 516 secundum
1598 473 1819 514 carnem
1846 500 1860 526 ,
1912 456 2081 514 refert

477 556 828 626 Evangelium
846 598 860 623 ,
888 555 1005 624 ejus
1033 567 1247 623 quoque
1276 561 1519 621 tempora
1550 550 1886 608 describens.
1935 549 2081 605 Divi-

478 662 567 702 nae
591 656 767 705 autem
800 644 1167 714 generationis
1194 643 1433 710 initium,
1469 651 1529 698 ut
1556 643 1818 709 diximus,
1859 640 2081 697 investi-

480 740 593 811 gari
625 754 732 794 non
760 747 979 808 potest,
1030 739 1172 793 sicut
1214 752 1314 793 nec
1363 736 1664 792 divinitatis
1690 749 1813 806 quae
1857 735 1935 790 illi
1977 749 2083 789 una

479 847 601 893 cum
636 839 788 901 patre
818 838 903 886 est
934 848 947 884 ε
991 839 1044 887 et
1072 829 1196 886 ideo
1223 830 1299 885 ait
1328 869 1343 896 ,
1395 828 1785 883 Generationem
1833 829 1943 898 ejus
1971 827 2085 897 quis

484 923 790 978 enarrabit?
834 922 893 979 Si
942 936 1071 993 ergo
1101 923 1153 999 iu
1185 930 1527 977 sacramento
1554 919 1680 976 ﬁdei
1724 920 1828 975 hoc
1876 919 2088 990 accepi-

487 1034 648 1085 mus,
697 1026 753 1071 ιιι
792 1014 1074 1071 Christum
1115 1016 1286 1070 Deum
1328 1014 1618 1069 credamus
1660 1021 1716 1069 et
1767 1012 2084 1077 hominem;

489 1112 656 1165 Deum
687 1109 903 1181 quidem
926 1148 941 1176 ,
970 1110 1037 1164 de
1067 1111 1176 1163 Deo
1203 1109 1319 1163 sine
1343 1108 1497 1162 initio
1531 1117 1735 1162 tantum
1763 1120 1778 1171 ;
1814 1106 2088 1161 hominem

486 1213 665 1257 autem
688 1240 706 1269 ,
751 1203 877 1272 quia
925 1201 994 1257 de
1020 1201 1229 1272 virgine
1261 1204 1311 1255 in
1340 1198 1678 1270 temporibus
1705 1209 1889 1254 uatum
1918 1214 1931 1252 :
1983 1214 2088 1253 non

486 1293 877 1349 calumniemur
902 1291 1171 1347 divinitati
1199 1292 1315 1363 ejus
1335 1333 1352 1361 ,
1385 1304 1508 1361 cum
1536 1307 1634 1361 pro
1657 1298 1844 1347 nostra
1875 1290 2085 1346 medela

488 1402 609 1457 qua:
634 1394 765 1441 sunt
794 1385 1029 1441 hominis
1055 1386 1375 1456 exsequitur
1399 1426 1414 1451 ,
1466 1384 1671 1440 habens
1714 1385 1767 1439 in
1812 1397 1873 1439 se
1900 1396 2095 1454 accep-

492 1490 597 1536 tam
623 1481 859 1537 hominis
887 1491 1133 1535 naturam
1160 1497 1173 1532 :
1204 1481 1325 1550 quia
1358 1493 1458 1534 nec
1490 1480 1652 1533 homo
1679 1477 1958 1549 negandus
1985 1485 2091 1544 est,

489 1591 614 1629 cum
636 1574 866 1645 propriae
888 1573 1185 1629 divinitatis
1208 1564 1509 1627 naturalem
1537 1571 1710 1627 exerit
1742 1579 2090 1642 potestatem,

490 1678 719 1739 accepta
738 1670 791 1724 iu
817 1683 876 1724 se
904 1666 1075 1723 forma
1106 1668 1305 1723 servili.
1362 1666 1420 1722 Si
1465 1680 1596 1737 ergo
1621 1674 1675 1721 et
1701 1675 1820 1722 orat
1842 1675 2049 1735 patrem
2077 1705 2092 1729 ,

2181 462 2333 515 stavit
2376 468 2595 514 mortem
2622 499 2636 522 ,
2685 456 2752 512 ad
2782 456 3034 511 decorem
3065 457 3249 527 operis
3280 456 3668 528 interpretatur
3695 475 3786 515 sa-

2186 549 2551 623 pientissimus
2595 547 2791 604 Paulus
2832 549 2903 602 ita
2960 547 3301 619 subsequens
3339 568 3350 604 :
3403 548 3630 605 Decebat
3656 553 3789 606 enim

2184 660 2299 699 eum
2330 653 2541 716 propter
2569 657 2719 712 quem
2745 644 2917 695 omnia
2948 684 2961 706 ,
2996 650 3041 695 et
3074 659 3163 707 per
3191 659 3341 713 quem
3368 645 3543 697 omnia
3566 686 3580 709 ,
3615 645 3790 701 multis

2187 737 2310 805 ﬁliis
2337 738 2390 791 in
2411 735 2633 809 gloriam
2658 735 2918 802 adductis,
2946 735 3126 789 ducem
3153 736 3336 790 salutis
3363 752 3539 790 eorum
3563 754 3652 807 per
3679 755 3793 810 pus-

2186 830 2352 883 sioncs
2374 845 2731 883 consummare
2751 827 3084 900 (Ibid.,10).
3111 825 3272 883 Vides
3294 843 3453 896 quam
3482 827 3791 899 pulchrum,

2189 937 2421 991 quamve
2449 922 2706 978 decorum
2741 930 2941 977 nostra:
2971 922 3164 977 salutis
3195 932 3589 978 sacramentum
3620 920 3673 978 in
3704 939 3794 991 eo,

2190 1015 2333 1087 quod
2362 1015 2505 1071 ﬁlius
2534 1025 2638 1081 est,
2673 1015 2973 1069 minoratus
3000 1013 3329 1069 ostenditur.
3362 1015 3645 1083 Quomodo
3665 1031 3798 1086 ergo

2193 1109 2259 1163 ad
2299 1108 2671 1164 oﬁ‘uscaudam
2699 1106 3041 1163 divinitatem
3075 1108 3193 1177 ejus
3225 1108 3557 1179 improperas
3582 1151 3597 1176 ,
3650 1108 3798 1180 quod

2193 1201 2503 1272 exsequitur
2551 1201 2618 1255 ad
2667 1200 2965 1256 decorem?
3010 1197 3171 1254 Pater
3213 1202 3380 1272 major
3409 1218 3487 1256 me
3533 1210 3607 1256 est
3643 1218 3655 1254 :
3697 1200 3801 1257 hoc

2194 1304 2324 1349 tunc
2349 1295 2483 1351 dixit
2508 1337 2523 1361 ,
2553 1302 2739 1366 postea
2770 1310 2928 1366 quam
2972 1292 3191 1349 Verbum
3222 1311 3342 1348 caro
3385 1292 3583 1364 factum
3612 1306 3682 1349 est
3708 1337 3721 1360 ,
3751 1304 3800 1349 et

2197 1387 2445 1441 habitavit
2472 1388 2525 1441 in
2552 1388 2696 1443 nobis
2708 1428 2719 1439 .

2270 1480 2335 1536 ll.
2371 1484 2435 1536 Et
2466 1483 2592 1537 vide
2622 1497 2688 1538 ne
2719 1481 3105 1537 demutabilem
3135 1480 3328 1536 credas
3351 1522 3366 1547 ,
3395 1480 3553 1551 quasi
3584 1480 3806 1537 desierit

2198 1588 2322 1631 esse
2358 1574 2582 1629 Verbum
2609 1616 2624 1639 ,
2652 1582 2834 1644 postea
2864 1589 3023 1645 quam
3054 1589 3174 1627 caro
3206 1577 3401 1645 factum
3428 1580 3541 1640 est;
3568 1572 3661 1628 sed
3694 1590 3807 1626 ma-

2201 1680 2338 1721 nens
2378 1680 2596 1736 semper
2632 1665 2853 1721 Verbum
2886 1666 3026 1720 Deus
3052 1704 3067 1729 ,
3118 1675 3171 1720 et
3206 1680 3327 1719 caro
3352 1678 3565 1735 quoque
3614 1669 3808 1737 {actum

491 1762 612 1816 etsi
637 1760 770 1815 nihil
793 1776 819 1812 a
846 1775 907 1815 se
936 1760 1111 1817 facere
1134 1773 1195 1813 se
1222 1757 1353 1813 dicit
1382 1757 1562 1830 (Joan.
1594 1770 1648 1822 ν,
1683 1757 1799 1828 l9),
1824 1757 1927 1811 nisi
1950 1754 2097 1827 quod
2126 1774 2174 1834 Β
2201 1769 2296 1815 est.
2328 1759 2444 1815 Etsi
2471 1760 2617 1815 enim
2647 1758 2805 1825 dixit,
2838 1756 2908 1813 Et
2932 1757 3152 1813 Verbum
3174 1772 3293 1813 caro
3313 1762 3510 1829 factum
3530 1766 3621 1826 est,
3651 1772 3807 1827 pres-

494 1863 700 1923 patrem
729 1852 925 1907 viderit
952 1851 1244 1906 facientem
1268 1866 1282 1916 ;
1317 1861 1371 1905 ut
1402 1849 1534 1913 nihil
1568 1863 1709 1905 nunc
1732 1848 1875 1905 aliud
1894 1850 2093 1915 dicam,

492 1957 640 2003 certe
668 1947 918 2001 humanae
944 1946 1276 2002 extolletnize
1300 1945 1543 2011 modum,
1572 1957 1676 2015 qua
1710 1944 1966 2014 magister
1992 1945 2096 1997 itu~

495 2042 646 2112 ponit
685 2057 701 2107 ;
754 2051 813 2096 ιιι
852 2051 1001 2096 tanto
1044 2040 1215 2110 magis
1257 2039 1434 2095 discat
1477 2040 1642 2093 homo
1686 2036 1797 2093 Deo
1841 2038 2098 2105 deierre,

494 2145 697 2206 quanto
726 2134 922 2190 detulit
947 2143 1004 2189 et
1028 2146 1190 2188 verus
1218 2133 1363 2187 ﬁlius
1386 2172 1403 2198 ,
1432 2132 1525 2201 qui
1560 2144 1779 2187 causam
1809 2130 2103 2205 subjectis-

498 2229 582 2283 uis
615 2231 887 2298 propriam
916 2242 1024 2281 non
1046 2226 1304 2293 habebat,
1327 2226 1416 2295 qui
1446 2236 1499 2279 et
1530 2224 1759 2280 formam
1789 2224 1976 2279 orandi
2002 2223 2099 2279 de-

497 2320 691 2390 derat,
731 2331 792 2375 ut
818 2335 926 2376 non
957 2330 1065 2375 tam
1093 2319 1211 2375 ﬁeri
1237 2328 1479 2375 nostram
1502 2319 1837 2374 voluntatem
1879 2331 2103 2388 rogare-

500 2430 624 2470 mus
646 2455 662 2481 ,
692 2413 789 2469 sed
816 2412 1134 2467 voluntatem
1164 2410 1343 2465 Patris
1372 2414 1458 2478 qui
1502 2411 1556 2464 in
1591 2408 1733 2465 cwlis
1762 2419 1837 2464 est
1868 2408 1886 2482 (
1911 2408 2102 2463 Matth.

502 2522 557 2563 ιιι
584 2548 602 2573 ,
635 2507 699 2562 21
729 2511 768 2578 ).
821 2507 889 2561 Ει
935 2506 1059 2562 ideo
1097 2505 1243 2576 quod
1282 2504 1545 2560 docuerat
1576 2512 1635 2560 ut
1662 2504 1947 2574 impleret,
1982 2501 2059 2557 ait
2090 2518 2104 2555 :

505 2601 629 2656 Non
650 2601 763 2656 ueni
792 2617 957 2655 meant
986 2600 1298 2654 uoluntatem
1327 2601 1519 2670 facere,
1547 2598 1637 2651 sed
1658 2597 1973 2651 voluntatem
1997 2597 2109 2668 ejus

503 2697 588 2766 qui
615 2695 754 2747 misit
783 2711 862 2748 me
892 2692 1075 2766 (Joan.
1109 2708 1182 2760 vr,
1207 2690 1324 2764 ‘58).
1349 2691 1455 2748 Sed
1484 2700 1539 2745 et
1563 2690 1708 2760 quod
1734 2690 1911 2743 minor
1935 2684 2111 2744 factus

504 2799 587 2843 est
612 2829 630 2855 ,
673 2786 818 2858 quod
847 2788 1084 2851 crescit,
1113 2785 1257 2855 quod
1300 2783 1535 2855 proﬁcit,
1567 2782 1713 2853 quod
1745 2782 1938 2848 esurit,
1964 2779 2110 2852 quod

507 2877 646 2947 sitit,
670 2877 813 2949 quod
845 2877 1074 2944 laborat,
1105 2877 1247 2947 quod
1270 2876 1388 2945 ﬁet,
1416 2874 1561 2945 quod
1585 2874 1754 2940 dolet,
1777 2874 1919 2945 quod
1942 2874 2113 2929 tristis

505 2981 585 3026 est
605 3013 618 3038 ,
656 2977 936 3041 postremo
967 2968 1114 3040 quod
1143 2969 1374 3023 moritur
1403 2985 1416 3021 :
1466 2968 1533 3023 ad
1566 2976 1815 3021 naturam
1846 2961 2115 3036 assumpti

509 3066 744 3123 hominis
763 3063 1110 3121 referendum
1132 3070 1239 3130 est,
1252 3078 1414 3133 quam
1440 3078 1539 3132 pro
1557 3073 1762 3116 nostra:
1777 3068 2117 3116 sacramento

2203 1855 2314 1909 sius
2345 1855 2488 1925 loqui
2516 1854 2722 1920 Voluit,
2770 1868 2841 1909 ne
2887 1854 3008 1924 quis
3055 1854 3107 1908 iu
3141 1869 3207 1909 eo
3238 1868 3343 1907 non
3376 1868 3557 1908 veram
3587 1867 3808 1907 carnem

2203 1949 2471 2005 crederet.
2519 1949 2790 2020 Siquidem
2821 1958 2874 2004 et
2906 1958 3027 2020 post
3056 1958 3161 2003 tam
3190 1962 3431 2018 pressam
3478 1946 3807 2002 locutionem

2206 2058 2313 2099 non
2340 2043 2533 2099 desunt
2559 2043 2648 2115 qui
2674 2043 2894 2110 dicunt,
2925 2057 3145 2099 carnem
3176 2042 3328 2097 illum
3361 2039 3617 2097 habuisse
3647 2049 3805 2111 puta-

2211 2138 2395 2192 tivam.
2433 2135 2503 2192 Ut
2531 2144 2711 2193 autem
2744 2135 3090 2192 manifestum
3123 2134 3194 2191 sit
3224 2135 3460 2191 Verbum
3490 2151 3707 2191 carnem
3736 2134 3813 2188 fa-

2210 2242 2354 2286 ctum
2386 2270 2401 2294 ,
2432 2244 2538 2283 non
2563 2229 2931 2284 demutatione
2958 2228 3156 2284 divinae
3187 2228 3508 2283 substantiae
3532 2270 3545 2293 ,
3575 2227 3668 2283 sed
3696 2241 3815 2282 sus-

2211 2322 2460 2391 ceptione
2485 2318 2665 2376 carnis
2696 2321 2944 2376 humame
2966 2362 2981 2387 ,
3015 2319 3237 2377 intende
3265 2321 3390 2389 quid
3419 2320 3662 2392 sequitur
3692 2338 3704 2373 :
3750 2318 3817 2373 Et

2214 2417 2458 2470 habitarit
2488 2416 2539 2469 in
2569 2415 2733 2469 nobis.
2768 2413 2884 2469 Non
2917 2429 3048 2486 ergo
3080 2415 3438 2484 interceptum
3469 2424 3550 2470 est
3584 2412 3818 2469 Verbum

2213 2509 2585 2565 demutatioue
2614 2550 2628 2573 ,
2657 2506 2798 2579 quod
2834 2523 2929 2577 per
2955 2523 3174 2564 carnem
3200 2516 3533 2578 assumptam
3579 2505 3821 2560 habitavit

2216 2605 2269 2657 in
2292 2604 2437 2658 nobis
2456 2622 2467 2656 :
2493 2603 2754 2658 habitatio
2775 2600 2920 2658 enim
2942 2603 3133 2673 probat
3150 2603 3609 2673 perseverantiam
3631 2596 3819 2655 Verbi.

2220 2695 2335 2752 Hoc
2363 2695 2485 2751 ideo
2514 2695 2833 2766 interposui,
2866 2711 2935 2751 ne
2958 2696 3076 2764 quis
3106 2695 3272 2748 lilium
3312 2694 3405 2749 ltci
3434 2691 3822 2749 demutabilem

2220 2789 2403 2844 credat
2431 2829 2446 2854 ,
2478 2803 2600 2845 cum
2632 2788 2759 2858 legit
2785 2805 2798 2841 :
2835 2785 2903 2841 Et
2941 2785 3163 2840 Verbum
3190 2801 3311 2839 caro
3333 2789 3530 2856 factum
3555 2794 3647 2838 est.
3683 2783 3824 2837 Dicit

2221 2899 2351 2954 ergo
2377 2881 2543 2948 ﬁlius,
2578 2878 2736 2936 Pater
2764 2884 2935 2954 major
2962 2897 3041 2935 me
3072 2889 3166 2946 est,
3200 2884 3383 2949 postea
3406 2894 3565 2948 quam
3596 2875 3823 2930 Verbum

2225 2993 2343 3030 caro
2393 2980 2588 3046 factum
2632 2984 2746 3040 est,
2793 2983 2845 3028 et
2891 2973 3127 3043 suscepit
3174 2970 3409 3025 ofﬁcium
3442 2969 3821 3024 ministrantis.

2231 3070 2384 3124 Venit
2413 3070 2544 3123 enim
2571 3084 2675 3122 non
2698 3067 2999 3133 ministrari,
3023 3063 3112 3121 sed
3135 3067 3444 3119 ministrare.
3486 3062 3643 3119 Pater
3660 3068 3829 3136 major

510 3160 703 3215 salutis
734 3159 963 3231 mystice
995 3157 1258 3220 exercuit,
1292 3155 1394 3212 sub
1425 3155 1780 3225 intelligentia
1810 3169 1916 3225 qua
1955 3166 2119 3222 supra
2148 3154 2196 3223 (ι
2226 3181 2305 3219 me
2334 3175 2406 3219 εει
2433 3163 2451 3234 (
2480 3161 2667 3216 Manli,
2696 3176 2788 3225 xx,
2812 3160 2881 3217 28
2904 3160 2945 3230 ).
2977 3157 3116 3227 Quid
3145 3157 3225 3213 ais
3256 3157 3275 3188 ³
3307 3156 3526 3213 deitas?
3557 3155 3827 3228 quomodo

513 3253 565 3308 in
596 3251 906 3308 testimonio
930 3250 1106 3305 Esaia:
1134 3249 1362 3305 relatum
1394 3256 1499 3303 est.
1525 3247 1640 3303 Sub
1659 3250 1758 3301 hoc
1785 3247 1908 3301 ﬁdei
1938 3260 2123 3301 sacra-

516 3355 701 3401 mento
727 3360 836 3401 non
859 3343 1032 3399 solum
1086 3342 1175 3397 illa
1223 3342 1460 3412 capitula
1507 3341 1795 3396 solvuntur
1825 3338 1894 3395 de
1920 3338 2120 3409 quibus

516 3442 853 3512 interrogare
865 3440 1085 3510 dignata
1108 3452 1190 3504 es,
1215 3436 1311 3493 sed
1342 3447 1395 3491 et
1417 3450 1609 3491 omnes
1633 3436 1961 3506 quaestiones
1986 3446 2123 3504 quas

514 3541 703 3589 contra
733 3532 829 3587 lilii
860 3531 1204 3587 divinitatem
1235 3537 1495 3599 coaptant
1518 3528 1668 3599 impii
1699 3526 1961 3584 lueretici.

1140 3664 1368 3725 CAPUT
1407 3664 1497 3723 IV.

625 3782 706 3841 De
734 3780 831 3839 hoc
860 3780 999 3855 quod
1023 3780 1097 3838 ait
1132 3779 1306 3837 Filius
1332 3797 1351 3837 :
1382 3782 1565 3837 Pusn
1590 3795 1759 3837 IAJOR
1786 3796 1859 3835 ut:
1881 3795 1999 3836 ss'r.

590 3900 633 3955 ι.
660 3900 887 3971 Accipe‘
911 3913 1056 3953 nunc
1083 3906 1137 3952 et
1163 3896 1261 3952 has
1286 3896 1638 3967 quaastioncs,
1662 3910 1799 3967 quas
1819 3912 1884 3951 ex
1907 3895 2126 3951 diversa

524 3995 544 4023 '
575 3999 733 4061 parte
768 3978 1128 4059 proposueras
1158 3988 1446 4055 fortiores,
1489 3990 1801 4059 specialiter
1827 3989 2125 4045 absolutas.

527 4084 764 4147 Dicunt,
799 4081 975 4152 inquis
1002 4118 1018 4147 ,
1047 4079 1289 4136 hatretici
1318 4081 1384 4135 ad
1415 4080 1823 4151 depretiaudam
1877 4082 1972 4136 ﬁlii
2006 4097 2128 4152 per-

527 4187 740 4248 petuam
775 4182 831 4232 et
862 4177 1157 4246 perfectam
1187 4177 1241 4230 iu
1262 4177 1513 4233 oumibus
1541 4176 1822 4243 deitatem,
1846 4176 2000 4231 Pater
2019 4193 2131 4230 ma-

519 4276 610 4346 jor
639 4289 718 4327 nte
753 4281 824 4326 est
861 4270 1060 4341 (Joan,
1086 4287 1174 4326 x1v
1200 4312 1214 4335 ,
1247 4271 1371 4342 i8).
1427 4271 1535 4328 Sed
1574 4272 1955 4343 requirendum
2002 4282 2086 4327 est
2108 4309 2126 4337 ,

528 4367 745 4436 quando
773 4364 875 4421 hoc
907 4364 1048 4419 ﬁlius
1074 4363 1212 4420 dixit
1237 4380 1249 4417 :
1284 4379 1465 4421 nonne
1494 4364 1715 4435 quando
1742 4365 2023 4435 impletum
2047 4373 2135 4420 est

530 4456 583 4513 itt
613 4473 679 4513 eo
708 4455 852 4528 quod
882 4457 1143 4527 scriptum
1172 4466 1253 4512 est
1283 4476 1296 4511 :
1328 4456 1609 4511 Minorasti
1627 4475 1743 4513 eum
1770 4459 1928 4527 paulo
1960 4459 2133 4513 minus

2225 3256 2359 3312 dicis
2393 3264 2597 3325 patrem
2630 3264 2679 3308 te
2704 3266 2825 3309 esse
2858 3251 3157 3321 majorem?
3183 3258 3333 3305 certe
3363 3264 3470 3304 una
3499 3249 3592 3304 tibi
3621 3260 3673 3304 et
3692 3249 3829 3320 patri

2226 3352 2405 3421 imago
2436 3356 2520 3406 est
2552 3347 2851 3405 secundum
2880 3346 3099 3419 Moysen
3124 3388 3137 3412 ,
3190 3344 3489 3416 eademque
3536 3343 3702 3399 forma
3744 3358 3833 3397 sc-

2227 3440 2462 3500 cundum
2493 3442 2800 3512 apostolum
2831 3439 3055 3494 Paulum
3081 3480 3096 3501 .
3147 3439 3237 3508 qui
3283 3453 3370 3493 me
3419 3438 3575 3493 etiam
3607 3435 3831 3501 docuit,

2227 3534 2371 3605 quod
2401 3534 2476 3587 sis
2505 3532 2750 3604 splendor
2787 3531 2968 3602 gloria:
2997 3539 3042 3584 et
3071 3531 3341 3585 character
3381 3529 3683 3585 substantia:
3720 3531 3833 3599 ejus

2230 3629 2250 3695 (
2272 3627 2400 3682 Heb.
2435 3641 2474 3693 ι,
2503 3626 2538 3679 5
2560 3624 2599 3698 ).
2628 3624 2734 3680 Sed
2766 3633 2821 3679 et
2847 3632 2904 3679 tu
2933 3623 3050 3694 ipse
3077 3623 3308 3679 docuisti
3340 3622 3526 3679 dicens
3560 3640 3573 3675 :
3624 3621 3725 3687 Qui
3753 3637 3836 3675 me

2229 3721 2357 3777 vidit
2384 3762 2398 3785 ,
2450 3720 2575 3773 vidit
2618 3729 2864 3791 patrem;
2914 3729 2966 3774 et
3009 3735 3099 3789 ego
3144 3718 3199 3772 in
3232 3728 3374 3787 patre
3400 3728 3447 3772 et
3478 3725 3623 3787 pater
3656 3717 3710 3769 in
3757 3732 3836 3769 me

2234 3815 2415 3888 (Joan.
2442 3829 2549 3880 xtv,
2575 3811 2656 3886 9).
2686 3810 2800 3887 Ego
2828 3820 2875 3867 et
2902 3820 3048 3883 pater
3070 3828 3230 3865 unum
3248 3828 3424 3865 sumus
3444 3808 3622 3881 (Joan.
3644 3826 3696 3871 ιι,
3719 3808 3834 3878 50).

2232 3909 2340 3965 Sed
2369 3917 2422 3965 et
2449 3921 2809 3979 quzecumque
2834 3905 2964 3962 facit
2993 3914 3147 3974 pater
3167 3947 3183 3972 ,
3218 3903 3351 3959 facis
3380 3914 3433 3959 et
3464 3912 3519 3957 tu
3548 3903 3796 3958 similiter
3821 3918 3835 3955 :

2234 4010 2326 4058 tua
2355 4004 2497 4058 enim
2526 4000 2692 4056 verba
2716 4010 2874 4055 sunt:
2911 3999 3259 4067 Quacumque
3287 4000 3421 4052 enim
3450 3997 3539 4051 ille
3564 3997 3710 4069 facit,
3734 3997 3841 4049 lucc

2233 4105 2287 4150 et
2314 4094 2457 4163 ﬁlius
2484 4093 2720 4147 similiter
2744 4091 2867 4162 facit
2898 4106 2917 4145 :
2962 4100 3006 4145 et
3037 4091 3166 4144 sicut
3201 4102 3345 4159 pater
3372 4091 3585 4143 suscitat
3609 4098 3835 4142 mortuos

2234 4196 2286 4242 et
2316 4187 2561 4255 viviﬁcat,
2593 4187 2668 4239 sic
2696 4195 2744 4240 et
2772 4184 2932 4254 ﬁlius,
2965 4198 3092 4254 quos
3125 4184 3231 4237 vult
3257 4226 3271 4248 ,
3302 4183 3522 4251 vivi/ient
3547 4223 3563 4248 ,
3594 4190 3718 4235 etut
3744 4181 3840 4233 Ito-

2239 4278 2509 4346 noriﬁcent
2529 4277 2696 4348 ﬁlium
2724 4318 2738 4342 ,
2766 4277 2895 4331 sicut
2926 4274 3271 4343 honoriﬁcam
3298 4285 3494 4345 patrem
3536 4272 3730 4345 (Joan.
3768 4288 3796 4326 v
3821 4312 3839 4339 ,

2244 4368 2497 4441 19—21).
2525 4367 2661 4424 Cum
2686 4382 2813 4437 ergo
2840 4367 3028 4423 eadem
3055 4367 3149 4423 tibi
3179 4368 3355 4437 imago
3379 4377 3484 4431 est,
3512 4366 3698 4422 eadem
3730 4364 3841 4419 for-

2242 4478 2328 4516 ma
2360 4462 2656 4532 eademque
2686 4460 2984 4516 substantia
3010 4502 3025 4527 ,
3059 4461 3247 4515 eadem
3278 4471 3480 4514 natura:
3505 4459 3681 4513 unitas
3711 4498 3725 4524 ,
3754 4471 3845 4511 ea-

530 4552 593 4607 ab
621 4551 841 4625 angelis,
881 4550 1047 4623 gloria
1077 4558 1125 4605 et
1144 4551 1340 4605 honore
1366 4551 1621 4606 coronati
1644 4566 1761 4606 eum
1789 4548 1809 4623 (
1834 4549 1978 4605 Psat.
2013 4566 2128 4618 vut,
2161 4552 2218 4616 D
2243 4556 2364 4609 dem
2390 4561 2651 4624 potestas,
2680 4552 2871 4608 eadem
2900 4551 3117 4608 libertas
3142 4552 3455 4618 voluntatis,
3482 4551 3623 4607 idem
3649 4551 3843 4618 honor,

532 4643 591 4712 6)
614 4644 637 4697 ?
658 4643 939 4711 Quomodo
968 4644 1270 4697 minoratus
1297 4653 1401 4712 est,
1430 4654 1667 4714 exponat
1689 4644 1968 4713 apostolus
1991 4642 2135 4699 Pau-

534 4735 619 4789 lus
651 4734 793 4792 tertii
819 4737 942 4794 ctnli
975 4738 1228 4793 conscius
1258 4754 1269 4791 :
1306 4735 1480 4791 Paulo
1501 4738 1694 4803 minus,
1720 4738 1921 4807 inquit,
1947 4737 2010 4791 ab
2039 4754 2137 4790 an-

533 4828 662 4900 gelis
710 4830 1022 4883 minoratum
1078 4831 1309 4885 videmus
1355 4829 1536 4884 Jesum
1583 4841 1793 4901 propter
1845 4831 2137 4901 passionem

535 4925 750 4990 mortis;
778 4923 947 4994 gloria
972 4932 1021 4979 et
1042 4924 1238 4978 honore
1262 4932 1581 4991 coronatum,
1604 4933 1659 4979 ut
1685 4925 1853 4997 gratia
1874 4922 1973 4979 Dei
1998 4940 2138 4978 mor-

536 5030 637 5075 tem
657 5027 883 5093 gustaret
911 5035 1003 5091 pro
1029 5018 1265 5075 omnibus
1294 5019 1313 5090 (
1342 5018 1473 5075 Heb.
1506 5035 1563 5089 ιι,
1594 5020 1627 5077 9
1652 5021 1693 5091 ).
1730 5018 1835 5075 Pro
1855 5019 2091 5075 omnibus
2114 5059 2131 5085 ,

537 5113 649 5183 ait,
683 5129 787 5169 nou
816 5126 914 5185 pro
952 5128 1049 5167 se:
1076 5127 1204 5183 ergo
1231 5114 1320 5183 qui
1349 5130 1443 5182 pro
1483 5114 1719 5169 omnibus
1747 5115 1973 5185 gustavit
1999 5127 2142 5167 rnor-

538 5218 672 5276 tem,
716 5206 843 5280 quid
874 5206 1067 5261 mirum
1105 5206 1151 5260 si
1197 5221 1290 5275 pro
1319 5204 1559 5260 amoribus
1601 5215 1658 5261 et
1682 5206 1982 5261 minoratus
2009 5208 2139 5262 est?

540 5296 652 5353 Pro
673 5300 905 5355 omnibus
936 5295 1160 5372 (autem)
1187 5298 1411 5369 gustavit
1435 5306 1683 5361 mortem;
1709 5313 1815 5352 non
1847 5314 1944 5369 pro
1966 5314 2043 5367 se,
2070 5316 2139 5356 eo

542 5392 683 5459 quod
714 5407 805 5459 pro
835 5390 1070 5446 omnibus
1101 5390 1151 5442 iu
1180 5387 1387 5459 peccati
1419 5398 1571 5444 reatu
1608 5388 1797 5459 positis
1828 5389 1947 5459 ipse
1972 5390 2141 5447 homo

542 5480 735 5547 factus,
768 5483 917 5540 nullo
947 5483 1168 5554 proprio
1191 5490 1415 5552 peccato
1442 5482 1727 5539 tenebatur
1752 5484 2041 5540 obnoxius.
2070 5484 2143 5541 Et

544 5569 667 5627 vide
693 5573 963 5641 quomodo
986 5574 1089 5638 hoc
1113 5575 1311 5645 ipsum,
1340 5572 1484 5646 quod
1512 5574 1798 5631 minorum
1828 5584 1903 5631 est
1933 5584 2146 5651 prapter

623 5692 639 5721 ¹
660 5689 1051 5757 Acceperunt.

621 5761 643 5794 ¹
668 5760 813 5816 Arte.

2241 4660 2298 4704 ct
2345 4650 2524 4703 omnia
2566 4649 2787 4703 omnino
2815 4664 2933 4719 quae
2960 4648 3127 4719 patris
3159 4657 3322 4713 sunt,
3382 4655 3472 4703 tua
3513 4658 3637 4702 sunt
3663 4689 3676 4714 ,
3720 4645 3847 4716 quia

2242 4759 2365 4816 quae
2415 4754 2505 4800 tua
2549 4752 2712 4814 sunt,
2764 4747 2935 4817 patris
2963 4756 3127 4811 sunt;
3161 4743 3432 4815 quomodo
3460 4742 3636 4808 dicis,
3688 4739 3849 4793 Pater

2246 4838 2417 4907 major
2443 4852 2523 4890 me
2549 4847 2645 4905 est,
2675 4851 2797 4892 cum
2827 4838 2883 4891 in
2912 4838 3164 4892 omnibus
3195 4852 3315 4907 qua:
3341 4846 3471 4892 sunt
3498 4834 3735 4901 deitatis,
3770 4842 3854 4888 ta-

2246 4931 2319 4987 lis
2354 4947 2413 4987 es
2444 4930 2621 5002 qualis
2648 4940 2702 4987 et
2729 4932 2928 5003 pater?
2959 4930 3233 5002 Loquatur
3262 4931 3542 5002 apostolus
3563 4926 3765 4984 Paulus
3797 4926 3853 4982 iu

2248 5040 2358 5098 quo
2385 5024 2633 5082 ChriStus
2677 5025 2995 5094 loquebatur
3018 5067 3034 5092 ,
3082 5022 3378 5081 secundum
3415 5022 3554 5092 quod
3585 5022 3704 5091 ipse
3734 5019 3847 5074 ait:

2255 5120 2333 5173 An
2361 5120 2762 5190 experimentum
2802 5118 3034 5187 qttwritis
3061 5160 3075 5185 ,
3115 5118 3200 5189 qui
3224 5118 3276 5171 in
3304 5133 3381 5171 me
3412 5114 3637 5183 loquitur
3661 5109 3857 5167 Christi

2250 5210 2321 5282 (ll
2346 5210 2597 5277 Cor.xm,
2626 5210 2709 5279 '5)?
2730 5208 2867 5278 Quid
2896 5208 3026 5266 dicit
3051 5208 3379 5281 Apostolus?
3405 5208 3493 5277 qni
3532 5223 3650 5260 cum
3670 5207 3723 5260 in
3747 5203 3859 5273 for-

2253 5323 2337 5359 ma
2368 5305 2463 5358 Dei
2482 5304 2618 5359 esset
2644 5307 2951 5360 constitutus
2978 5347 2992 5372 ,
3027 5322 3130 5360 non
3168 5305 3405 5374 rapinam
3429 5301 3713 5355 arbitratus
3758 5306 3855 5365 est,

2251 5414 2362 5453 esse
2391 5413 2444 5452 se
2465 5398 2712 5468 a’qaalem
2740 5397 2851 5453 Deo
2883 5398 3144 5470 (Philipp.
3173 5412 3232 5463 ιι,
3264 5393 3355 5467 6).
3389 5396 3532 5465 Ergo
3556 5389 3859 5449 secundum

2255 5493 2380 5557 hoc,
2413 5494 2556 5564 quod
2583 5495 2636 5549 iu
2668 5495 2835 5550 forma
2864 5495 2958 5551 Dei
2978 5503 3062 5549 est
3086 5502 3141 5549 et
3166 5492 3309 5564 quod
3338 5490 3563 5562 :equalis
3589 5498 3674 5545 est
3712 5486 3858 5552 Deo,

2257 5600 2365 5641 non
2394 5599 2477 5644 est
2512 5588 2685 5659 major
2724 5596 2899 5660 pater.
2951 5585 3021 5643 Et
3048 5585 3331 5658 quomodo
3357 5583 3539 5655 major
3566 5590 3653 5641 est
3679 5590 3857 5654 pater:

2262 5760 2267 5769 ,
2337 5701 2359 5732 ³
2393 5702 2615 5761 Veritas.
