4150 6176
330 289 404 349 eo
1744 284 1830 344 DE
1869 272 2261 346 mnstrare.
3582 284 3651 349 to

326 408 716 479 subsequentis
743 404 1168 491 demonstrant:
1224 405 1332 461 Sed
1366 406 1719 472 semetipsum,
1748 405 1941 476 inquit,
1978 412 2022 473 Α
2053 407 2174 479 fecit
2203 408 2337 460 hunc
2360 405 2563 471 Iesum,
2594 422 2745 477 quem
2772 422 2861 461 vos
2892 406 3243 477 cruciﬁxistis.
3278 405 3417 479 (Act.
3452 421 3509 473 tt,
3534 405 3653 477 56.)

328 503 643 568 exinanicit,
678 506 895 573 formam
921 498 1054 556 serui
1078 501 1340 569 accipiens
1366 499 1557 573 (Ibid.,
1590 499 1642 566 7,
1673 500 1751 569 8).

406 595 505 650 ιιι.
540 594 675 650 Vide
720 606 788 648 ne
814 599 872 648 et
921 591 1008 647 hic
1058 590 1509 662 interceptionem
1536 590 1837 647 divinitatis
1869 589 1952 646 in—

337 691 559 761 telligas
583 729 598 757 ,
626 703 742 744 cum
772 688 927 743 audis
949 728 963 755 ,
997 687 1327 760 semetipsum
1376 688 1656 743 exinanisit
1682 706 1700 742 :
1730 686 1952 744 intende

340 785 490 837 enim
522 782 589 836 ad
630 782 731 837 hoc
772 780 915 850 quod
945 784 1190 851 sequitur
1213 823 1226 846 ,
1262 782 1481 851 formam
1511 781 1643 835 servi
1669 781 1948 851 accipiens.

343 878 559 934 Manere
585 893 717 947 ergo
746 877 800 931 in
823 891 923 931 suo
950 882 1094 932 statu
1122 874 1446 942 ostenditur,
1473 875 1561 945 qui
1587 875 1815 930 formam
1840 889 1955 931 scr-

341 974 393 1027 vi
427 971 626 1027 dicitur
653 970 958 1040 accepisse.
1017 966 1124 1024 Sed
1154 969 1400 1039 quamvis
1430 978 1644 1022 maneat
1676 976 1728 1022 et
1770 983 1955 1038 perse-

335 1073 487 1121 veret
518 1064 575 1118 in
615 1077 684 1119 eo
714 1070 892 1118 status
918 1060 1171 1124 divinus;
1220 1072 1397 1116 tamen
1440 1063 1789 1130 semetipsum
1841 1060 1956 1115 exi-

337 1157 565 1222 nanivit,
587 1154 802 1211 scilicet
828 1166 922 1224 per
944 1152 1364 1209 occultationem
1389 1149 1706 1217 divinitatis,
1734 1150 1953 1221 formam

336 1253 469 1305 serui
495 1250 761 1320 accipiens
790 1248 843 1301 in
873 1244 1212 1301 similitudine
1240 1244 1507 1300 hominum
1550 1248 1719 1317 factus
1740 1289 1753 1313 ,
1788 1254 1834 1299 et
1863 1245 1957 1298 Ita-

340 1344 451 1397 Μία
503 1344 735 1395 inuentus
782 1350 839 1394 at
896 1340 1067 1394 homo.
1146 1335 1456 1393 Humiliavit
1505 1340 1731 1409 seipsum
1787 1341 1955 1409 factus

345 1435 595 1491 obediens
622 1448 781 1505 usque
804 1432 875 1486 ad
906 1442 1122 1486 mortem
1141 1473 1156 1497 ,
1188 1441 1397 1486 mortem
1425 1441 1595 1486 autem
1618 1431 1811 1485 crucis.
1838 1429 1955 1486 Jam

350 1529 472 1583 talis
496 1538 578 1582 est
607 1528 649 1582 si
689 1526 861 1592 dicat,
892 1523 1052 1579 Pater
1078 1526 1245 1596 major
1270 1542 1351 1580 me
1379 1534 1451 1580 est
1478 1542 1489 1578 :
1535 1524 1649 1579 Non
1678 1526 1958 1595 impugnat

344 1621 713 1689 aequalitatem
758 1618 1059 1675 divinitatis
1086 1660 1101 1685 ,
1154 1617 1249 1673 sed
1281 1618 1528 1689 designat
1555 1627 1956 1673 sacramentum

344 1711 698 1768 humanitatis
726 1720 825 1781 per
881 1710 985 1765 hoc
1012 1708 1154 1779 quod
1185 1710 1512 1781 semetipsum
1534 1708 1815 1765 exinanivit
1844 1707 1956 1777 for-

2054 498 2160 554 Sed
2194 497 2354 568 hujus
2398 514 2617 569 quoque
2666 499 2989 569 qna-stionis
3042 500 3316 555 absolutio
3366 498 3655 556 manifesta

2056 600 2139 647 est
2164 592 2458 648 secundum
2494 593 2831 663 superiorem
2865 592 3356 662 expositionem,in
3389 608 3492 664 qua
3521 591 3661 647 dixi-

2056 703 2178 743 mus
2241 688 2410 743 lilium
2476 688 2569 743 Dei
2635 688 2797 743 etiam
2871 687 3036 741 lilium
3112 686 3348 741 hominis
3430 686 3653 741 factum.

2056 784 2159 849 Qui
2190 780 2294 837 etsi
2319 782 2425 852 pati
2461 798 2566 837 non
2602 790 2799 851 potest,
2836 772 2958 850 quia
2994 780 3134 834 lilius
3167 780 3261 835 Dei
3301 790 3384 834 est
3417 778 3656 835 Verbum

2056 882 2109 929 et
2136 874 2399 944 sapientia
2439 873 2529 928 Dei
2559 872 2803 928 existens
2826 914 2839 935 ,
2898 871 3019 940 quia
3054 869 3353 925 secundum
3386 870 3486 925 hoc
3515 868 3659 924 sem-

2060 982 2155 1035 per
2186 965 2537 1035 itnpassihilis
2571 974 2887 1036 perseverat
2920 964 3059 1018 sicut
3098 972 3154 1019 et
3196 970 3346 1033 pater
3390 961 3541 1032 ejus;
3577 972 3658 1018 ta-

2061 1077 2185 1116 men
2230 1076 2328 1131 per
2370 1059 2472 1115 hoc
2498 1059 2640 1131 quod
2675 1059 2842 1115 homo
2871 1059 3044 1114 factus
3071 1067 3181 1123 est,
3214 1064 3374 1111 natus
3400 1057 3466 1111 de
3494 1054 3660 1111 Maria

2060 1155 2291 1225 virgine,
2326 1155 2599 1225 passiliilis
2631 1164 2717 1210 est
2752 1176 2764 1209 :
2798 1154 2999 1226 quippe
3031 1153 3120 1222 qui
3150 1161 3204 1207 et
3234 1161 3468 1207 monent
3501 1149 3665 1205 susti-

2062 1252 2207 1317 nuit,
2242 1258 2295 1305 et
2330 1258 2557 1305 mortem
2592 1249 2792 1317 crucis,
2840 1263 3067 1303 manens
3099 1246 3151 1302 in
3180 1262 3239 1303 se
3266 1261 3506 1316 semper,
3537 1245 3662 1315 quia

2062 1347 2204 1402 Dens
2246 1344 2573 1401 inviolabilis
2600 1388 2615 1414 ,
2664 1346 2829 1401 etiam
2860 1360 2982 1399 cum
3014 1352 3264 1398 versatur
3293 1341 3344 1396 in
3370 1339 3589 1396 homine
3611 1346 3667 1393 et.

2061 1437 2415 1508 cruciﬁgitur.
2477 1437 2631 1493 Hunc
2687 1451 2820 1507 ergo
2860 1436 3045 1493 Jesnm
3095 1436 3184 1506 qui
3235 1445 3317 1490 est
3368 1430 3664 1489 secundum

2061 1545 2322 1595 carnem,
2361 1528 2648 1583 Dominum
2700 1528 2851 1583 illum
2905 1539 2959 1585 et
3008 1527 3288 1584 Christum
3338 1524 3463 1581 fecit
3496 1524 3664 1581 Dens.

2063 1622 2195 1677 Nam
2236 1621 2531 1676 secundum
2578 1620 2681 1675 hoc
2712 1621 2854 1691 quod
2892 1635 2973 1677 est
3006 1622 3315 1692 unigenilus
3355 1618 3500 1673 ﬁlius
3529 1613 3662 1685 Dei,

2062 1717 2153 1787 qui
2186 1726 2272 1771 est
2302 1714 2539 1771 Verbum
2568 1725 2623 1771 et
2645 1715 2908 1786 sapientia
2937 1716 3052 1781 Dei,
3087 1732 3191 1770 non
3225 1722 3311 1771 est
3336 1714 3515 1785 aliqua
3553 1710 3667 1766 fac-

346 1820 485 1859 mam
508 1806 639 1861 servi
672 1806 949 1873 accipiens.
992 1803 1109 1859 Jam
1134 1804 1257 1859 talis
1287 1802 1330 1858 si
1360 1804 1503 1858 dieat
1528 1846 1540 1867 ,
1576 1802 1679 1870 Qui
1714 1802 1853 1857 misit
1882 1818 1959 1857 me
1988 1810 2037 1873 Β
2068 1820 2181 1863 tura
2205 1852 2219 1875 ,
2251 1820 2424 1878 neque
2466 1816 2793 1878 exspectans
2833 1807 3207 1877 promotiones
3228 1850 3243 1873 ,
3303 1805 3503 1876 quippe
3551 1802 3665 1858 exi-

348 1897 511 1953 Pater
536 1940 551 1965 ,
593 1898 893 1952 mandatam
920 1897 1046 1951 mihi
1070 1897 1241 1965 dedit,
1270 1896 1395 1968 quid
1425 1896 1593 1951 dicam
1614 1939 1628 1963 ,
1655 1907 1702 1950 et
1731 1896 1857 1967 quid
1882 1896 1961 1951 lo-

344 2006 479 2059 quar
498 1988 682 2059 (Joan.
713 2004 817 2054 stt,
844 1987 937 2060 49)
961 2006 974 2057 ;
1003 1997 1088 2045 et:
1121 1986 1373 2043 Desceudi
1402 1989 1464 2043 de
1496 1989 1639 2055 ratio,
1667 2006 1769 2043 non
1800 1999 1853 2042 ut
1876 1992 1958 2059 fa-

348 2082 492 2136 ciam
510 2081 823 2136 uoluntatem
851 2096 1038 2149 meam,
1072 2082 1161 2135 sed
1187 2082 1496 2136 uoluntatem
1527 2084 1642 2153 ejus
1660 2082 1749 2150 qui
1771 2097 1849 2135 me
1867 2081 1962 2133 mi-

350 2174 423 2226 sit
458 2171 642 2244 (Joen.
680 2188 747 2237 tt,
774 2173 897 2241 38);
930 2173 1205 2237 ostendit,
1241 2172 1384 2241 quod
1435 2174 1758 2242 semetipsum
1784 2174 1963 2227 exina-

351 2267 520 2333 nivit,
565 2268 783 2337 [erutam
808 2267 941 2320 serui
966 2266 1256 2337 accipiens,
1297 2267 1350 2320 in
1376 2265 1765 2320 similitudinem
1798 2267 1964 2320 Itami-

351 2378 479 2417 num
502 2362 693 2432 factus,
726 2371 773 2416 et
804 2361 982 2417 habitu
1015 2361 1252 2416 inventus
1277 2370 1334 2415 ut
1360 2364 1512 2415 homo
1538 2362 1867 2415 :humiliavit
1909 2377 1963 2415 se

352 2461 527 2527 ipsum
561 2462 731 2529 {actus
750 2458 987 2513 obediens
1012 2474 1169 2528 usque
1194 2456 1263 2509 ad
1289 2466 1498 2511 mortem
1518 2471 1535 2510 :
1558 2467 1610 2511 et
1642 2466 1817 2512 tamen
1842 2471 1962 2526 qua:

352 2564 437 2611 est
465 2555 520 2609 in
553 2553 636 2608 his
682 2552 968 2607 diminutio
989 2552 1105 2622 ejus
1132 2551 1463 2617 divinitatis,
1494 2552 1538 2606 si
1574 2549 1639 2605 ad
1681 2561 1963 2621 amputan-

351 2647 477 2702 dam
506 2646 563 2701 in
591 2644 900 2701 hominibus
929 2646 1293 2717 arrogantiam
1314 2645 1432 2715 ipse
1456 2660 1560 2699 non
1580 2643 1680 2699 sibi
1703 2656 1963 2715 arrogans

355 2738 722 2811 loqueretur?
752 2737 1001 2806 Mentior,
1043 2737 1089 2794 si
1112 2754 1219 2793 non
1261 2736 1363 2792 hoc
1385 2737 1561 2807 ipsum
1595 2736 1961 2793 testimOnium

354 2834 478 2889 ideo
500 2834 681 2903 posuit
730 2832 1015 2902 apostolus
1037 2831 1259 2899 Paulus,
1288 2842 1343 2885 at
1365 2829 1430 2886 ad
1465 2830 1821 2886 humilitatem
1847 2830 1965 2885 Sal-

354 2926 561 2981 vatoris
588 2925 841 2995 exemplo
875 2924 1119 2995 singulos
1154 2932 1489 2994 provocaret.
1535 2921 1649 2978 Hoc
1703 2923 1773 2976 ita
1816 2925 1965 2977 inve-

358 3019 499 3084 nies,
524 3019 568 3072 si
593 3017 841 3073 eamdem
856 3015 1157 3088 Epistolam
1181 3031 1340 3087 quam
1364 3015 1551 3072 scribit
1573 3015 1637 3069 ad
1654 3014 1965 3085 Philippen-

356 3126 451 3166 ses
472 3151 489 3177 ,
514 3111 775 3166 intentius
806 3109 1021 3181 legeris.
1066 3108 1171 3166 Sed
1203 3119 1257 3165 et
1289 3107 1529 3163 hwrclici
1571 3111 1757 3163 uolunt
1777 3108 1847 3163 ob
1877 3122 1963 3161 sa-

2064 1913 2212 1958 stens
2244 1902 2294 1955 in
2325 1902 2577 1957 omnibus
2603 1903 2744 1957 Deus
2775 1902 3047 1971 perfectus
3065 1944 3079 1966 ,
3111 1900 3252 1955 sicut
3274 1911 3326 1956 et
3352 1910 3503 1971 pater
3526 1903 3665 1974 ejus.

2064 1991 2160 2051 ilic
2190 2002 2371 2049 autem
2400 1993 2555 2048 Jesns
2584 2036 2597 2059 ,
2630 1993 2927 2053 secundum
2962 2008 3183 2048 carnem
3206 1990 3227 2025 ¹
3256 1991 3512 2049 Christus
3546 1996 3661 2051 fac-

2068 2098 2152 2143 tus
2180 2096 2282 2155 est,
2308 2088 2525 2159 quando
2557 2090 2785 2157 primum
2818 2086 2989 2141 forma
3019 2087 3109 2141 illa
3142 2087 3359 2142 servilis
3392 2102 3551 2156 quam
3578 2102 3669 2143 ach

2065 2192 2285 2253 ceperat
2309 2182 2375 2236 dc
2402 2181 2533 2237 Adae
2565 2190 2811 2252 peccato,
2841 2180 3069 2237 liberata
3094 2189 3197 2237 est.
3230 2179 3399 2235 Adam
3430 2180 3573 2237 enim
3599 2181 3668 2238 de

2065 2275 2309 2331 dominio
2340 2276 2395 2351 in
2423 2277 2740 2331 servitutem
2794 2274 2989 2331 recidit
3017 2292 3082 2331 ex
3120 2274 3511 2332 commissione
3544 2290 3669 2346 pce-

2064 2369 2207 2423 cati:
2236 2367 2416 2421 Omnis
2449 2368 2581 2421 enini
2600 2368 2690 2439 qui
2702 2368 2827 2437 facit
2858 2379 3150 2439 peccatum,
3172 2382 3346 2423 servus
3377 2367 3667 2435 esl.(Joan.

2068 2477 2185 2528 vni,
2213 2462 2329 2530 54.)
2362 2462 2612 2516 Salvator
2658 2471 2837 2517 autem
2894 2464 3178 2517 renovavit
3223 2461 3397 2517 multo
3428 2462 3667 2529 firmius,

2069 2552 2234 2608 immo
2263 2562 2318 2608 et
2345 2554 2813 2621 incorrUptibilius
2847 2553 2900 2608 in
2931 2562 3211 2624 assumpto
3244 2552 3465 2610 homine
3493 2554 3671 2611 domi-

2069 2646 2217 2702 nium
2246 2690 2259 2714 ,
2292 2663 2417 2701 cum
2450 2646 2499 2701 in
2545 2662 2611 2702 eo
2658 2646 2835 2717 ipsum
2871 2654 3147 2717 peccatum
3183 2646 3323 2719 quod
3360 2665 3456 2717 per
3497 2651 3666 2703 Adam

2070 2739 2247 2794 fuerat
2279 2752 2442 2793 causa
2473 2736 2699 2808 abjecue
2723 2738 3028 2805 servitutis,
3054 2737 3329 2794 abstersit.
3363 2739 3468 2795 Sed
3498 2740 3675 2796 {actus

2070 2841 2153 2886 est
2185 2832 2381 2887 iterum
2415 2846 2543 2886 vere
2586 2828 2867 2892 Dominus.
2903 2846 3024 2884 cunt
3071 2828 3123 2884 in
3156 2829 3304 2885 illum
3331 2832 3516 2904 populi
3548 2847 3671 2888 cre-

2070 2924 2265 2978 dentes
2283 2936 2341 2978 se
2360 2922 2477 2994 ejus
2504 2920 2747 2977 dominio
2771 2922 3152 2978 subdiderunt.
3175 2923 3508 2979 Provocatus
3525 2925 3669 2980 enim

2070 3030 2169 3087 per
2199 3014 2543 3071 hortamenta
2592 3029 2762 3071 sacra:
2812 3013 3109 3087 Scriptura:
3164 3015 3428 3083 dicentis,
3472 3017 3673 3074 Servile

2074 3108 2295 3164 Domino
2344 3111 2398 3164 in
2432 3112 2615 3165 timore
2666 3109 2850 3176 (Psal.
2882 3124 2943 3176 ll,
2979 3108 3103 3179 il);
3141 3111 3513 3183 unusquisque
3558 3114 3668 3182 jam

356 3212 695 3257 cramentum
754 3201 1015 3257 exinaniti
1057 3201 1149 3256 Dei
1207 3217 1303 3271 per
1355 3202 1723 3272 acceptionem
1779 3200 1966 3254 forma:
1993 3200 2037 3262 C
2073 3217 2408 3273 cognoscens
2428 3201 2480 3257 in
2500 3201 2717 3258 Christo
2739 3202 2977 3257 salutare
3010 3202 3310 3258 dominium
3339 3204 3414 3258 ait
3442 3222 3455 3257 :
3482 3202 3673 3259 Nonne

358 3296 583 3351 servilis
612 3311 734 3351 esse
764 3295 967 3351 dictum
999 3335 1014 3361 ,
1067 3290 1226 3348 Pater
1256 3298 1424 3368 major
1451 3310 1530 3347 me
1553 3302 1648 3347 est.
1714 3292 1966 3347 Dicamus

360 3402 415 3447 et
440 3406 541 3447 nos
555 3402 765 3462 patrem
791 3392 1050 3461 majorem
1072 3387 1140 3445 de
1165 3390 1281 3444 solo
1300 3396 1639 3444 sacramento
1663 3386 1967 3458 generatio-

358 3486 478 3540 nis:
522 3492 579 3540 et
616 3482 764 3539 hunc
812 3486 955 3538 enim
1007 3483 1152 3553 pium
1181 3496 1396 3536 sensum
1429 3480 1671 3535 nonnulli
1716 3477 1967 3533 catholici

362 3578 638 3649 prosecuti
680 3584 806 3632 sunt
835 3576 1116 3641 dicentes,
1155 3584 1362 3645 patrem
1411 3583 1467 3629 et
1514 3573 1681 3627 tilium
1724 3572 1967 3642 ejusdem

359 3670 685 3726 substantia:
710 3710 725 3736 ,
778 3676 832 3723 et
879 3667 1003 3723 ideo
1028 3665 1322 3723 secundum
1356 3666 1710 3722 substantiam
1738 3665 1968 3719 alterum

358 3764 535 3818 altero
560 3776 670 3817 non
696 3775 817 3817 esse
832 3759 1112 3831 majorem.
1137 3760 1321 3828 Qualis
1342 3760 1488 3814 enim
1517 3766 1670 3828 pater
1692 3766 1774 3813 est
1802 3757 1968 3823 Deus,

362 3856 490 3911 talis
521 3867 576 3912 et
608 3855 750 3911 Deus
782 3853 926 3910 illius
952 3863 1036 3911 est
1074 3872 1087 3909 :
1138 3854 1274 3909 nihil
1320 3854 1462 3909 enim
1496 3852 1672 3907 minus
1702 3867 1769 3908 ex
1792 3864 1851 3907 se
1880 3866 1973 3923 ge-

363 3948 524 4017 nuit,
576 3963 736 4019 quam
766 3947 881 4019 ipse
912 3956 996 4002 est
1024 3964 1038 4000 :
1081 3945 1346 4017 perfectus
1376 3946 1520 4002 enim
1579 3946 1817 4001 existens
1850 3959 1975 4014 per-

364 4045 570 4099 fectum
608 4042 813 4113 genuit.
869 4041 986 4096 Etsi
1017 4056 1146 4111 ergo
1172 4080 1187 4108 ,
1239 4055 1341 4111 qna
1378 4041 1521 4095 Deus
1551 4079 1566 4104 ,
1605 4037 1714 4093 Deo
1750 4036 1974 4108 aequalis

366 4145 458 4191 est
480 4135 619 4190 ﬁlius
643 4149 661 4201 ;
690 4144 891 4197 tamen,
920 4148 1021 4203 qua
1051 4132 1190 4188 lilius
1217 4175 1232 4199 ,
1258 4133 1438 4187 minor
1478 4130 1673 4186 dicitur
1700 4142 1851 4201 patre
1876 4147 1887 4183 :
1920 4128 1975 4184 id

365 4239 457 4285 est
482 4269 496 4293 ,
546 4228 667 4298 quia
695 4225 835 4282 illius
865 4226 934 4282 de
961 4238 1116 4298 patre
1154 4227 1225 4281 sit
1253 4268 1267 4293 ,
1319 4232 1375 4282 et
1427 4225 1709 4297 plenitudo
1732 4224 1974 4280 existens

370 4319 763 4391 plenitudinem
801 4319 1026 4390 genuit:
1060 4326 1216 4389 pater
1240 4326 1424 4373 autem
1461 4318 1647 4387 genuit
1686 4316 1890 4379 lilium,
1922 4320 1999 4369 et‘

371 4414 498 4471 ideo
525 4427 630 4469 non
658 4413 815 4482 dixit,
851 4411 1026 4468 «Deus
1056 4409 1227 4482 major
1258 4425 1344 4466 me
1366 4419 1501 4478 est,»
1520 4409 1636 4475 sed,
1671 4408 1834 4463 Pater
1865 4422 1978 4460 ma-

376 4510 471 4580 jor
500 4516 687 4561 meest.

1004 4616 1235 4677 CAPUT
1269 4616 1333 4675 V.

373 4757 535 4825 Quod
584 4758 638 4812 in
688 4757 899 4812 Actibus
955 4756 1329 4828 Apostolorum
1378 4758 1566 4829 legitur
1597 4774 1615 4811 :
1644 4757 1975 4814 Cenrtssnts

448 4864 643 4914 moue
683 4866 835 4907 scus
881 4865 1038 4908 cluis
1088 4866 1261 4907 sonus
1306 4851 1519 4918 issam,
1572 4866 1694 4915 ouis
1728 4854 1976 4907 Domuum

452 4959 613 4999 luunt
646 4960 715 4999 ιτ
745 4944 1027 5003 Catusruu
1056 4946 1203 5003 Deus
1235 4962 1390 5003 sectr
1422 4962 1561 5003 nunc
1590 4947 1761 5004 lusus
1784 4990 1800 5017 ,
1831 4963 1976 5011 QDBI

450 5050 545 5091 V08
569 5048 976 5093 οισοιηιιετιε.

453 5146 492 5201 1.
533 5148 684 5205 inter
712 5160 912 5207 cmtera
942 5152 1348 5220 haereticorum,
1382 5164 1439 5210 ut
1471 5152 1679 5211 scilicet
1711 5153 1805 5210 Dei
1836 5153 1979 5211 illius

378 5240 587 5298 factura
616 5243 898 5313 credetur,
924 5245 1084 5301 etiam
1112 5245 1216 5303 hoc
1238 5263 1302 5304 ex
1329 5263 1563 5319 persona
1592 5248 1825 5305 diversae
1856 5262 1982 5320 par-

375 5335 449 5389 tis
470 5336 489 5366 ¹
519 5339 778 5406 posuistis
796 5382 811 5406 ,
833 5338 980 5410 quod
1003 5339 1230 5413 legimus
1258 5340 1313 5396 in
1345 5342 1568 5398 Actibus
1592 5341 1979 5413 Apostolorum

378 5427 544 5484 beato
573 5430 740 5486 Petro
782 5432 1002 5489 dicente
1028 5455 1040 5490 ε
1070 5431 1368 5489 Certissime
1414 5434 1587 5503 itaque
1637 5436 1766 5491 sciat
1817 5435 1983 5491 omnis

378 5523 567 5577 domus
585 5522 777 5593 Israel,
802 5527 923 5596 quia
944 5536 991 5581 et
1012 5525 1291 5582 Dominum
1316 5526 1467 5581 illum
1490 5536 1537 5581 et
1556 5527 1819 5583 Christum
1839 5524 1982 5583 Deus

458 5661 473 5738 ξ
519 5660 798 5721 Posuistis.
822 5665 987 5722 Forte
1008 5667 1223 5738 posuisti
1249 5664 1531 5738 scripserit
1566 5671 1780 5738 auctor,
1820 5660 1979 5721 Flac-

380 5731 574 5809 ejllam_
602 5738 959 5809 compellans,
1005 5731 1065 5809 ut
1086 5752 1233 5807 saepe
1260 5731 1414 5791 alias.
1447 5736 1509 5809 Et
1530 5737 1630 5791 sub
1660 5731 1837 5809 tinent
1866 5738 1985 5809 qui-

382 5800 513 5860 dem
558 5800 771 5880 hujus'§
804 5809 863 5877 l,
897 5800 1144 5866 eamdem
1169 5800 1411 5880 reginam
1444 5806 1727 5881 alloquens
1758 5848 1772 5875 ,
1804 5800 1935 5865 dicit
1965 5825 1979 5863 :

2074 3296 2184 3353 Deo
2212 3297 2415 3354 subdita
2436 3308 2510 3352 est
2539 3298 2717 3352 anima
2743 3315 2859 3352 mea
2887 3297 3062 3369 (Psal.
3088 3313 3197 3361 ιιι,
3222 3297 3333 3370 2)τ
3363 3296 3531 3368 Hujus
3556 3312 3673 3354 ser-

2070 3406 2197 3445 vum
2247 3392 2360 3445 iieri
2415 3388 2612 3445 summi
2645 3389 2857 3445 decoris
2888 3400 3000 3457 est,
3034 3398 3087 3445 et
3112 3392 3271 3461 quasi
3303 3390 3550 3461 qumdam
3583 3405 3676 3445 su-

2072 3482 2418 3552 pereminens
2450 3481 2652 3537 mundo
2682 3481 2959 3537 nobilitas.
2996 3481 3121 3538 Ideo
3151 3492 3206 3538 ct
3236 3481 3533 3553 Apostolus
3557 3482 3677 3554 glo-

2074 3575 2208 3629 riam
2243 3589 2395 3627 snam
2419 3574 2610 3629 scribit
2633 3593 2646 3629 :
2683 3572 2887 3629 Paulus
2912 3590 3089 3628 servus
3112 3573 3239 3630 Jesu
3266 3575 3461 3631 Christi
3494 3575 3671 3646 (Rom.

2075 3682 2114 3735 ι,
2152 3666 2226 3739 l).
2266 3668 2427 3723 Vides
2465 3669 2740 3739 quomoda
2787 3669 2858 3723 sit
2910 3670 3081 3726 lactus
3132 3672 3427 3737 Dominus,
3458 3670 3674 3742 quando

2076 3760 2230 3816 illum
2262 3769 2314 3815 et
2358 3762 2402 3815 is
2446 3760 2536 3831 qui
2568 3770 2895 3831 persecutus
2925 3760 3100 3816 fuerat
3127 3805 3141 3828 ,
3194 3778 3352 3819 suum
3383 3762 3673 3818 Dominum

2075 3869 2177 3925 pro
2204 3870 2411 3909 summa
2441 3855 2541 3910 sibi
2574 3854 2742 3926 gloria
2767 3852 3075 3910 conﬁtetur.
3216 3928 3223 3933 _

2150 3946 2213 4003 li.
2258 3946 2453 4002 Factus
2502 3956 2586 4003 est
2629 3958 2813 4004 autem
2843 3947 2866 3979 ⁸
2908 3948 3068 4005 Jesns
3121 3945 3422 4005 secundum
3458 3962 3677 4005 carnem

2080 4052 2186 4095 non
2217 4038 2393 4094 solum
2416 4038 2696 4107 Dominus,
2732 4039 2825 4095 sed
2858 4050 2912 4096 et
2938 4039 3213 4096 Christus.
3248 4039 3303 4096 In
3337 4039 3541 4096 Christi
3578 4057 3679 4096 au-

2078 4141 2189 4188 tem
2240 4132 2497 4198 nomine,
2544 4132 2687 4204 regis
2730 4134 3142 4204 saccrdotisque
3191 4142 3530 4189 sacramenta
3560 4148 3685 4190 ver-

2079 4236 2289 4282 santur.
2344 4226 2602 4298 Legimus
2646 4228 2697 4282 itt
2751 4226 2923 4283 veteri
2957 4228 3259 4299 Scriptura,
3277 4228 3593 4284 sacerdotes
3621 4236 3679 4284 et

2083 4332 2237 4391 reges
2285 4319 2425 4390 apud
2466 4320 2737 4376 Israelitas
2769 4319 2876 4375 olei
2911 4320 3170 4375 unctione
3198 4321 3567 4390 consignatos,
3601 4328 3682 4375 at-

2081 4430 2186 4484 que
2234 4415 2356 4469 idco
2402 4414 2589 4469 christl
2636 4416 2989 4470 vocabantur.
3040 4413 3291 4469 Christus
3341 4414 3485 4469 enim
3532 4412 3689 4493 quod.

2082 4506 2271 4562 Graece
2300 4504 2519 4573 dicitur,
2556 4506 2659 4560 hoc
2688 4505 2829 4576 apud
2867 4504 3092 4560 Latinos
3121 4514 3315 4560 unctus
3344 4504 3460 4561 sive
3491 4505 3677 4559 linitus

2002 4586 2058 4650 1)
2083 4610 2166 4656 est
2197 4601 2608 4669 interpretatus.
2638 4597 2744 4654 Sed
2773 4597 3026 4653 Salvator
3052 4607 3241 4652 noster
3282 4611 3411 4652 vere
3434 4594 3681 4653 Christus

2082 4694 2378 4749 secundum
2420 4706 2641 4747 carnem
2688 4688 2861 4746 iactus
2902 4700 3021 4757 est,
3065 4691 3306 4746 existens
3332 4704 3492 4745 verus
3521 4689 3636 4745 Rex
3662 4730 3680 4757 ,

2080 4803 2243 4843 verus
2272 4796 2326 4843 et
2352 4786 2621 4843 Sacerdos
2649 4803 2662 4839 :
2694 4796 2987 4857 utrumque
3028 4783 3168 4841 idem
3201 4786 3337 4857 ipse,
3371 4800 3440 4841 ne
3470 4786 3597 4856 quid
3632 4785 3685 4842 in

2081 4880 2364 4936 Salvatore
2420 4880 2600 4935 minus
2645 4878 2963 4935 haberetur.
3016 4876 3153 4934 Audi
3186 4878 3364 4951 itaque
3387 4879 3566 4951 ipsum
3592 4890 3682 4935 re-

2078 4984 2199 5043 gem
2233 4970 2431 5026 factum
2461 4983 2584 5025 eum
2613 4969 2745 5025 dicit
2787 4988 2800 5026 :
2837 4968 2951 5043 Ego
2998 4980 3168 5025 autem
3200 4973 3509 5026 constitutus
3556 4982 3673 5024 sam

2083 5078 2179 5119 rex
2220 5064 2284 5118 ab
2323 5080 2381 5117 eo
2422 5079 2579 5134 super
2616 5062 2745 5119 Sion
2782 5073 3008 5119 montem
3060 5073 3292 5119 sanctum
3334 5065 3447 5133 ejus
3487 5060 3673 5133 (Psal.

2088 5173 2145 5224 tt,
2181 5155 2259 5229 6).
2292 5155 2431 5213 Audi
2463 5155 2606 5226 quod
2634 5157 2798 5210 etiam
2828 5156 3083 5212 sacerdos
3120 5157 3191 5211 sit
3223 5158 3290 5211 de
3322 5155 3493 5225 patris
3526 5151 3684 5205 testi-

2090 5251 2274 5306 monio
2300 5249 2531 5306 dicentis
2555 5268 2567 5305 :
2587 5248 2667 5305 Tu
2696 5266 2750 5306 es
2779 5252 3017 5306 sacerdos
3042 5252 3093 5305 in
3127 5258 3371 5305 a'ternam
3401 5245 3687 5301 secundum

2090 5346 2323 5400 ordinem
2351 5343 2726 5399 Melchisedech
2754 5343 2929 5415 (Psal.
2950 5359 3059 5410 cu,
3077 5342 3155 5413 4).
3184 5340 3368 5397 Aaron
3398 5339 3607 5412 primus
3628 5342 3687 5397 in

2090 5436 2210 5506 lege
2238 5451 2301 5490 ex
2332 5435 2593 5489 unctione
2632 5434 2945 5489 chrismatis
2976 5433 3149 5487 factus
3193 5438 3278 5487 est
3311 5431 3604 5497 sacerdos;
3628 5439 3689 5488 et

2093 5541 2201 5581 non
2235 5526 2392 5593 dixit,
2425 5523 2725 5581 secundum
2758 5527 2961 5590 Aaron,
2996 5536 3065 5580 ne
3091 5533 3146 5580 et
3176 5520 3485 5581 Salvatoris
3507 5537 3693 5581 sacer-

2104 5662 2257 5716 Vides
2284 5663 2558 5732 quomodo,
2582 5669 2687 5717 etc.

2166 5736 2187 5766 ²
2229 5733 2502 5790 Dominus.

2169 5804 2189 5837 ³
2230 5802 2501 5859 Dominus.
