4150 6176
479 259 546 316 π
1728 249 2050 309 FAUSTINI
2086 250 2525 311 PRESBYTER!
3721 264 3791 320 72

491 374 697 430 dotinm
727 372 1080 431 successione
1114 370 1299 426 haberi
1348 383 1508 441 posse
1548 367 1890 425 crederetur.
1941 368 2079 423 Illud
2110 371 2157 431 Α
2186 377 2331 433 sunt,
2357 376 2582 440 apparet
2597 368 2709 441 jam
2738 370 3013 440 quomodo
3033 370 3235 427 dictum
3258 371 3350 437 sit,
3374 371 3671 429 Certissime
3690 374 3794 427 ita-

491 469 636 525 enim
667 468 1025 525 sacerdotium
1056 464 1198 537 quod
1231 464 1330 519 fuit
1376 465 1431 518 in
1484 464 1665 517 Aaron
1691 504 1705 525 ,
1731 461 2084 517 successione

491 562 775 619 constabat
806 559 1207 616 :sacerdotium
1235 571 1367 612 vero
1399 554 1698 613 Salvatoris
1720 569 1828 611 non
1864 556 1918 608 in
1945 555 2083 608 alte-

490 671 609 710 rum
632 651 982 709 successione
1019 649 1363 712 transfertur,
1390 664 1456 705 eo
1487 646 1632 720 quod
1667 647 1785 717 ipse
1816 645 2081 702 sacerdos

484 748 685 818 jngiter
708 753 1051 815 perseveret,
1077 741 1375 799 secundum
1396 741 1538 812 quod
1564 740 1824 810 scriptum
1844 747 1929 793 est
1960 754 1972 790 :
2003 736 2084 790 Tu

488 856 539 894 es
564 839 803 894 sacerdos
849 838 904 891 in
952 847 1198 892 wternum
1237 836 1518 889 secundum
1547 833 1779 888 ordinem
1810 830 2085 885 Melchise-

488 932 637 987 dech.
672 930 765 986 Est
796 945 925 1001 ergo
953 928 1205 983 Salvator
1226 926 1523 982 secundum
1546 939 1792 991 carnem,
1814 930 1870 978 et
1890 922 2002 977 Rex
2028 930 2084 977 et

392 1088 405 1097 _
490 1022 780 1088 Sacerdos,
803 1022 899 1078 sed
928 1037 1037 1077 non
1060 1020 1423 1091 corporaliter
1452 1025 1671 1085 unctus,
1700 1016 1795 1074 sed
1827 1015 2085 1087 spiritua-

491 1116 635 1173 liter.
692 1115 768 1170 Illi
823 1115 968 1172 enim
1014 1113 1156 1185 apud
1189 1112 1464 1169 Israelitas
1509 1125 1665 1182 reges
1691 1118 1747 1167 et
1773 1108 2085 1165 sacerdotes

489 1208 594 1264 olei
619 1208 877 1264 unctione
923 1205 1283 1277 corporaliter
1326 1203 1497 1269 uncti,
1544 1216 1700 1274 reges
1727 1210 1885 1257 erant
1914 1209 1971 1256 et
1998 1215 2086 1254 sa-

490 1301 777 1367 cerdotes;
813 1314 919 1353 non
953 1309 1243 1369 utrumque
1274 1311 1442 1361 unus,
1470 1296 1567 1351 sed
1598 1295 1797 1365 singuli
1828 1294 1845 1324 ¹
1872 1307 2085 1363 quoque

490 1409 684 1449 eorum
716 1402 807 1447 aut
844 1407 938 1448 rex
967 1398 1087 1447 erat
1109 1401 1199 1446 aut
1226 1387 1525 1445 sacerdos:
1557 1387 1658 1443 soli
1694 1388 1840 1443 enim
1863 1384 2085 1441 Christo

492 1485 753 1557 perfectio
785 1484 837 1539 in
870 1483 1125 1539 omnibus
1161 1492 1217 1538 et
1247 1480 1529 1554 plenitudo
1556 1482 1576 1511 '
1603 1479 1833 1535 debetur
1861 1519 1875 1543 ,
1907 1478 2000 1548 qui
2029 1486 2087 1533 et

492 1582 667 1650 legem
719 1585 947 1635 venerat
988 1576 1307 1649 adimplere.
1355 1574 1463 1631 Sed
1496 1574 1622 1630 licet
1661 1587 1764 1628 non
1798 1580 2085 1642 utrumque

490 1671 688 1743 singuli
743 1686 932 1727 eorum
965 1679 1172 1737 essent,
1216 1678 1394 1724 tamen
1425 1668 1593 1739 regali
1644 1677 1736 1722 aut
1762 1664 2085 1722 sacerdotali

2185 480 2285 535 que
2309 466 2440 520 sciat
2463 457 2627 520 omnis
2644 464 2834 532 Israel,
2853 467 2975 535 quia
2990 475 3036 522 et
3062 466 3345 523 Dominum
3364 469 3513 523 illum
3535 479 3585 524 et
3610 469 3794 526 Chris-

2188 565 2295 609 tum
2333 555 2474 611 Deus
2524 557 2642 627 fecit
2671 598 2686 623 ,
2718 558 2853 612 hunc
2877 557 3072 613 scilicet
3110 559 3294 615 Iesum
3324 578 3475 632 quem
3502 576 3591 616 vos
3621 563 3790 617 cruci-

2184 646 2412 713 ﬁxistis;
2440 662 2598 717 quem
2628 658 2678 702 et
2705 648 2846 704 idem
2872 649 3070 705 Petrus
3100 666 3263 723 supra
3289 653 3459 707 virum
3490 651 3793 711 nominavit

2186 736 2374 793 dicens
2406 756 2419 793 :
2456 737 2568 793 Viri
2599 738 2856 796 Israelita:
2883 744 3056 798 audite
3086 745 3238 799 verba
3280 745 3391 800 hazc
3413 762 3433 800 :
3460 745 3646 801 Iesum
3672 747 3790 802 Να-

2184 844 2452 893 zarenum,
2476 832 2641 885 virum
2668 849 2699 886 a
2727 832 2838 888 Deo
2863 836 3132 904 probatum
3163 838 3216 891 in
3248 838 3387 894 vobis
3429 841 3709 902 virtutibus
3740 852 3789 898 et

2188 922 2439 993 prodigiis
2467 933 2517 977 et
2547 925 2708 995 signis
2752 926 2901 995 (Act.
2932 942 2991 992 ιι,
3015 927 3148 998 22);
3182 929 3323 985 hunc
3354 933 3566 991 scilicet
3596 936 3791 995 Iesum

2186 1013 2485 1082 Christum,
2515 1033 2674 1088 quem
2699 1027 2753 1074 et
2773 1018 2973 1075 Paulus
2997 1021 3254 1077 hominem
3282 1023 3421 1080 dixit
3449 1028 3694 1087 scribens
3719 1033 3790 1089 ad

2187 1106 2530 1165 Timotheum
2558 1127 2570 1163 :
2606 1110 2749 1165 Unus
2780 1111 2945 1179 Deus,
2979 1130 3114 1168 unus
3140 1124 3191 1168 et
3216 1117 3467 1172 mediator
3494 1119 3590 1175 Dei
3626 1133 3672 1178 et
3693 1125 3790 1178 ho-

2188 1200 2385 1253 minum
2406 1242 2421 1266 ,
2475 1202 2626 1256 homo
2655 1202 2814 1259 Iesus
2845 1204 3081 1259 Christus
3120 1206 3177 1279 (1
3208 1207 3344 1263 Tim.
3377 1226 3439 1277 tl,
3487 1212 3570 1277 5).
3606 1215 3707 1282 Qui
3734 1227 3792 1274 et

2188 1290 2402 1347 dicebat
2428 1292 2481 1347 in
2513 1293 2815 1366 Evangelio
2843 1313 2855 1348 :
2886 1295 3039 1351 Nunc
3069 1310 3242 1353 autem
3284 1303 3519 1371 quwritis
3544 1322 3624 1362 me
3651 1311 3789 1363 occi-

2188 1385 2327 1455 dere,
2360 1387 2621 1442 hominem
2647 1391 2735 1459 qui
2762 1390 3027 1446 veritatem
3068 1392 3268 1449 locutus
3298 1412 3414 1450 sum
3437 1398 3580 1455 vobis
3605 1399 3786 1472 (Ioan.

2188 1492 2301 1547 Vlll,
2329 1479 2447 1551 40).

2261 1567 2352 1626 IV.
2397 1572 2514 1626 Non
2550 1574 2828 1645 proimpio
2851 1575 3081 1633 Photino
3104 1577 3218 1636 hmc
3248 1581 3544 1654 loquinmr,
3568 1587 3659 1656 qni
3689 1603 3789 1643 nu-

2188 1663 2316 1720 dum
2341 1666 2455 1721 vult
2479 1682 2601 1723 esse
2627 1668 2902 1726 hominem
2930 1671 3049 1728 sine
3073 1672 3167 1728 Dei
3197 1674 3355 1731 Verbi
3389 1677 3785 1748 incarnatione,

404 1838 405 1841 η
489 1767 611 1822 oleo
642 1765 786 1821 uncti
838 1763 1199 1834 corporaliter
1227 1761 1416 1817 christi
1443 1759 1797 1815 vocabantur.
1835 1757 2083 1814 Salvator
2109 1766 2161 1827 Β
2188 1756 2284 1812 sed
2320 1769 2509 1814 contra
2563 1761 2747 1816 Arium
2776 1763 3152 1820 antichristum
3206 1768 3530 1838 recitamus,
3556 1773 3649 1843 qui
3675 1775 3790 1829 vult
3866 1772 3867 1775 “

488 1868 669 1914 autem
700 1858 790 1929 qui
822 1872 952 1912 vere
990 1853 1240 1911 Christus
1267 1863 1373 1922 est,
1405 1852 1610 1923 Spiritu
1660 1860 1851 1907 sancto
1887 1857 2082 1905 unctus

489 1962 591 2020 est,
622 1964 679 2008 ut
708 1951 1095 2023 adimpleretur
1124 1949 1269 2019 quod
1300 1948 1367 2005 de
1395 1963 1463 2004 eo
1492 1946 1753 2018 scriptum
1785 1955 1869 2002 est
1901 1964 1915 2000 :
1946 1945 2082 2001 Pro-

489 2058 664 2119 pterea
691 2047 840 2102 unxit
862 2056 928 2108 te.
957 2045 1121 2110 Deus,
1145 2044 1289 2098 Deus
1317 2052 1436 2097 tuus
1462 2042 1572 2097 oleo
1599 2042 1792 2097 lwtitiw
1822 2056 1930 2109 pra:
1964 2057 2086 2095 con-

487 2142 709 2197 sortibus
741 2140 841 2195 tuis
872 2137 1049 2213 (Psal.
1082 2152 1230 2203 xuv,
1257 2135 1335 2209 8).
1374 2136 1431 2191 In
1462 2135 1567 2191 hoc
1597 2137 1741 2192 enim
1772 2133 1894 2205 plus
1919 2150 2081 2205 quam

488 2245 774 2293 consortes
802 2234 959 2289 istius
984 2233 1222 2288 nominis
1251 2239 1447 2301 unctus
1483 2239 1600 2296 est,
1625 2244 1748 2284 cum
1779 2238 1861 2283 cst
1891 2237 2084 2283 unctus

490 2332 603 2386 oleo
627 2329 854 2393 lwtitite,
886 2341 995 2398 quo
1028 2341 1135 2382 non
1167 2323 1315 2381 aliud
1360 2323 1736 2395 signiﬁcatur,
1767 2336 1929 2393 quam
1963 2320 2086 2391 Spi-

488 2424 624 2480 ritus
653 2430 896 2478 sanctus.

556 2516 648 2572 Ill.
694 2516 806 2571 lloc
831 2528 1018 2570 verum
1056 2527 1201 2581 esse,
1231 2512 1301 2567 ab
1342 2511 1461 2581 ipso
1489 2509 1771 2566 Salvatore
1800 2507 2085 2579 cognosci-

486 2626 628 2668 mus.
660 2609 793 2665 Nam
819 2623 941 2664 cum
967 2607 1270 2677 accepisset
1298 2604 1495 2659 librum
1528 2601 1729 2668 Esaiae,
1759 2611 1814 2658 et
1841 2601 2082 2673 legisset,

489 2706 723 2779 Spiritus
744 2703 961 2759 Domini
981 2719 1137 2774 super
1160 2718 1260 2768 me,
1276 2709 1485 2779 prapter
1505 2698 1642 2767 quod
1656 2696 1803 2752 unxit
1831 2712 1911 2749 me
1927 2694 2079 2767 (Luc.

486 2815 565 2867 ιν,
599 2797 724 2871 18),
766 2797 1113 2868 adimpletam
1163 2801 1295 2849 tunc
1321 2793 1457 2848 dixit
1496 2789 1839 2861 prephetiam
1883 2790 1939 2844 in
1990 2804 2085 2843 au-

484 2892 636 2949 ribus
662 2890 989 2946 auditorum.
1021 2886 1127 2943 Sed
1176 2896 1232 2941 et
1276 2886 1473 2940 Petrus
1505 2882 1758 2954 princeps
1790 2879 2087 2951 Apostolo-

484 3002 604 3041 rum
629 2983 758 3041 illud
781 2982 1022 3040 chrisma
1041 2979 1185 3035 unde
1206 2978 1458 3035 Salvator
1478 2976 1725 3031 Christus
1754 2973 2079 3040 ostenditur,

483 3077 668 3133 docuit
694 3091 817 3131 esse
848 3074 1111 3146 Spiritum
1141 3080 1412 3136 sanctum,
1438 3068 1490 3124 id
1519 3069 1695 3138 ipsum
1737 3076 1794 3122 et
1818 3068 2077 3121 virtutem

2187 1852 2363 1922 ipsum
2393 1855 2728 1925 unigenitum
2754 1855 2946 1924 ﬁlium,
2965 1859 3054 1929 qui
3084 1870 3167 1915 est
3195 1859 3424 1916 Verbum
3441 1872 3497 1919 et
3520 1866 3787 1935 sapientia

2188 1944 2302 2010 Dei,
2337 1962 2441 2017 qua
2472 1948 2659 2015 Deum,
2692 1959 2746 2005 et
2777 1966 2883 2006 non
2913 1968 3014 2022 qua
3050 1953 3325 2009 hominem
3354 1957 3697 2026 cruciﬁxum,
3726 1970 3782 2016 et

2188 2037 2360 2107 ipsum
2394 2054 2516 2095 esse
2552 2039 2752 2097 factum
2797 2044 3086 2100 Dominum
3118 2056 3174 2103 et
3203 2046 3503 2105 Christum.
3543 2052 3650 2108 Sed
3680 2055 3784 2110 etsi

2185 2129 2474 2187 durissima
2518 2133 2884 2193 obstinatione
2913 2139 3253 2195 contendunt
3280 2139 3529 2199 dicentes
3558 2142 3625 2200 de
3666 2144 3786 2216 ipso

2188 2221 2300 2277 Deo
2336 2224 2510 2280 Verbo
2539 2226 2802 2297 scriptum
2833 2244 2986 2297 esse,
3020 2230 3163 2301 quod
3207 2233 3350 2289 Deus
3401 2234 3551 2291 illum
3599 2236 3788 2293 fecerit

2186 2328 2241 2374 et
2270 2319 2555 2376 Dominum
2599 2331 2655 2377 et
2679 2320 2990 2391 Christum;
3021 2340 3121 2380 nec
3149 2327 3228 2381 sic
3254 2328 3692 2397 pertimescimus
3720 2331 3787 2386 ﬁ-

2186 2408 2342 2467 ducia
2381 2414 2646 2480 veritatis,
2670 2430 2740 2472 ne
2771 2415 2910 2473 forte
2935 2433 3031 2489 per
3066 2418 3169 2475 hoc
3199 2421 3343 2491 quod
3375 2424 3637 2494 scriptum
3668 2434 3784 2491 est.

2188 2501 2426 2559 Verbum
2459 2506 2551 2561 Dei
2573 2505 2786 2563 factura
2814 2508 3089 2565 credatur.
3122 2511 3231 2567 Fac
3260 2514 3405 2569 enim
3435 2515 3666 2573 Verbum
3696 2520 3787 2575 Dei

2188 2593 2385 2651 factum
2418 2612 2539 2653 esse
2570 2598 2853 2654 Dominum
2878 2611 2933 2657 et
2961 2601 3277 2671 Christum;
3310 2607 3331 2637 ⁵
3363 2608 3489 2677 quid
3520 2610 3621 2665 hoc
3652 2627 3790 2681 prae-

2182 2686 2389 2757 judicat
2418 2689 2539 2760 ejus
2585 2690 2937 2760 substantiae,
2994 2711 3097 2766 qua
3153 2711 3373 2767 semper
3414 2710 3499 2755 est
3548 2701 3784 2759 Verbum

2190 2779 2321 2834 Dei?
2352 2780 2577 2839 Intende
2603 2784 2749 2840 enim
2780 2785 2908 2856 quia
2947 2803 3054 2842 non
3096 2788 3453 2845 substantiam
3488 2792 3648 2849 Verbi
3689 2796 3784 2851 Dei

2187 2872 2321 2927 dixit
2350 2889 2474 2930 esse
2506 2874 2724 2943 factam,
2752 2877 2848 2932 sed
2876 2879 2977 2934 hoc
3010 2880 3180 2949 ipsum
3211 2879 3441 2936 Verbum
3469 2885 3612 2954 quod
3639 2901 3785 2940 scm-

2187 2978 2285 3034 per
2315 2975 2399 3021 est
2425 2966 2563 3022 lilius
2590 2968 2916 3033 Dei,lactum
2940 2984 3064 3026 esse
3092 2970 3377 3027 Dominum
3409 2986 3459 3029 et
3479 2974 3783 3032 Christum.

2187 3055 2305 3112 Non
2337 3058 2481 3113 enim
2514 3059 2567 3114 id
2600 3060 2775 3130 ipsum
2800 3069 2904 3127 est.
2936 3062 3041 3119 hoc
3070 3064 3214 3135 quod
3247 3066 3473 3121 omnino
3502 3083 3609 3122 non
3641 3078 3784 3137 erat,

485 3172 603 3239 Dei,
625 3168 842 3239 quando
864 3168 917 3221 in
949 3166 1171 3221 Actibus
1196 3161 1585 3233 Apostolorum
1608 3160 1673 3215 ad
1706 3158 2077 3215 ﬁdelissimum
2106 3170 2151 3235 ρ
2187 3150 2328 3218 ﬁeri,
2359 3163 2413 3207 et
2442 3152 2491 3207 id
2525 3152 2669 3224 quod
2704 3163 2822 3209 erat
2848 3196 2863 3220 ,
2896 3155 3101 3227 aliquid
3136 3157 3274 3213 ﬁeri.
3308 3158 3441 3214 Nam
3469 3169 3526 3216 et
3554 3160 3698 3215 Dens
3730 3161 3788 3217 ﬁt

485 3279 542 3326 et
570 3267 978 3327 misericordem
1001 3261 1382 3337 (Cornelium)
1404 3259 1494 3331 qui
1522 3268 1639 3314 erat
1662 3267 1790 3313 tunc
1801 3255 2077 3320 Centurio,

486 3365 829 3435 loquebatur.
865 3359 996 3417 Nam
1027 3360 1170 3413 inter
1199 3367 1401 3411 caetera
1434 3353 1510 3408 ait
1538 3369 1552 3407 :
1581 3351 1845 3423 Incipiens
1874 3366 1907 3403 a
1933 3346 2082 3402 Gali-

487 3457 585 3512 la’a
612 3466 724 3526 post
753 3454 1060 3524 baptismum
1086 3449 1222 3523 quod
1255 3448 1551 3519 prtvdicavit
1575 3445 1829 3511 Ioannes,
1857 3442 2035 3498 Iesum
2059 3441 2080 3471 ³

488 3547 776 3616 Nazareth,
806 3564 957 3620 quem
1001 3546 1150 3600 unxit
1176 3542 1315 3598 Deus
1347 3541 1551 3613 Spiritu
1591 3548 1766 3593 sancto
1795 3545 1843 3591 et
1874 3536 2077 3601 virtute,

486 3644 570 3700 hic
626 3643 856 3698 circuiuit
904 3642 1096 3710 faciens
1144 3638 1360 3692 virtutes
1406 3646 1451 3691 et
1504 3632 1804 3706 magnalia,
1861 3630 1881 3661 ⁵
1927 3641 2080 3700 atque

487 3754 663 3794 omnes
709 3736 931 3791 liberans
986 3732 1216 3787 obsessos
1241 3749 1276 3786 a
1303 3729 1507 3784 diabolo
1541 3727 1700 3800 (Act.
1725 3741 1779 3793 Χ,
1820 3725 1887 3780 57
1912 3767 1926 3790 ,
1960 3722 2078 3793 58).

487 3832 652 3889 Vides
690 3831 814 3904 quia
849 3810 912 3886 et.
950 3826 1145 3884 Petrus
1188 3824 1323 3881 dixit
1379 3823 1522 3877 hunc
1559 3821 1742 3876 Iesum
1779 3815 2076 3874 secundum

484 3939 707 3984 carnem
741 3931 960 3978 unctum
992 3934 1117 3976 esse
1145 3917 1352 3987 Spiritu
1374 3922 1564 3970 sancto
1594 3921 1649 3967 et
1678 3911 1897 3966 virtute.
1925 3908 2080 3965 Unde

484 4028 539 4074 et
560 4032 688 4073 vere
714 4017 831 4087 ipse
859 4014 1019 4071 Iesus
1045 4010 1342 4069 secundum
1380 4022 1598 4064 carnem
1622 4005 1795 4062 factus
1817 4015 1899 4060 est
1920 4002 2079 4059 Chri-

484 4120 601 4167 stus
626 4128 639 4165 :
666 4109 757 4181 qui
779 4107 1034 4163 unctione
1055 4104 1227 4162 Sancti
1254 4103 1487 4175 Spiritus
1511 4111 1563 4157 et
1600 4116 1696 4156 rex
1728 4098 1904 4154 factus
1924 4105 2010 4153 est
2024 4107 2079 4153 et

485 4204 745 4261 sacerdos
772 4203 823 4257 in
870 4213 1156 4257 aeternum.
1201 4198 1329 4254 Haec
1375 4206 1556 4253 autem
1588 4194 1712 4250 ideo
1762 4201 2079 4265 prosecutus

484 4316 630 4367 sum,
664 4306 723 4353 ut
781 4293 987 4367 liquido
1018 4300 1276 4363 appareat
1318 4290 1501 4347 Iesum
1531 4289 1697 4343 ﬁlium
1729 4287 1824 4342 Dei
1863 4300 1969 4341 non
1993 4300 2078 4340 se-

484 4392 720 4449 cundum
764 4387 909 4461 quod
936 4396 1021 4443 est
1041 4385 1280 4442 Verbum
1310 4393 1363 4440 et
1408 4382 1674 4454 sapientia
1714 4380 1812 4435 Dei
1846 4422 1861 4447 ,
1901 4377 2078 4435 cruci-

484 4488 687 4553 ﬁxum,
722 4483 809 4540 vel
850 4480 1050 4538 factum
1083 4494 1205 4537 esse
1236 4477 1523 4534 Dominum
1555 4483 1611 4531 et
1635 4473 1950 4539 Christum;
1979 4470 2073 4527 sed

2187 3244 2474 3315 aliquoties
2498 3244 2713 3315 adiutor
2754 3254 2808 3301 et
2846 3256 3147 3318 protector,
3182 3266 3289 3303 non
3315 3258 3497 3305 tamen
3524 3252 3649 3321 quia
3682 3253 3789 3309 lac-

2188 3347 2274 3391 tus
2315 3346 2399 3393 est
2445 3339 2664 3409 adjutor
2694 3349 2749 3394 et
2784 3348 3094 3408 protector,
3123 3342 3235 3413 jam
3291 3346 3454 3400 etiam
3510 3346 3611 3402 hoc
3642 3348 3785 3417 quod

2186 3429 2331 3486 Deus
2358 3441 2443 3488 est
2460 3474 2474 3497 ,
2500 3432 2676 3489 iactus
2699 3448 2820 3489 esse
2846 3434 3149 3490 credendus
3190 3446 3292 3492 est.
3328 3437 3462 3492 Nam
3487 3448 3541 3495 et
3569 3439 3784 3511 Moyses

2184 3535 2373 3596 postea
2405 3542 2571 3595 quam
2617 3525 2855 3580 divinum
2887 3527 3059 3582 sensit
3103 3530 3360 3584 auxilium
3409 3540 3463 3586 et
3496 3534 3789 3602 protectio-

2184 3632 2331 3681 nem,
2360 3616 2431 3672 de
2458 3618 2566 3672 Deo
2597 3618 2685 3688 qui
2717 3616 2888 3695 (cum)
2913 3627 3105 3673 contra
3140 3619 3478 3678 Pharaonem
3502 3623 3788 3695 adjuverat

2182 3718 2237 3765 et
2267 3718 2600 3780 protexerat,
2637 3710 2813 3765 dixit:
2850 3711 3096 3782 Adjutor,
3125 3722 3172 3767 et
3200 3724 3458 3783 protector
3495 3720 3667 3787 factus
3712 3729 3785 3773 est

2182 3804 2310 3857 mihi
2342 3804 2395 3857 in
2418 3803 2635 3858 salutent
2668 3802 2871 3872 (Exod.
2902 3819 3058 3870 xvm,
3094 3803 3195 3877 4);
3223 3816 3277 3862 ct
3305 3808 3473 3862 multa
3505 3808 3786 3865 simillima

2183 3896 2491 3953 testimonia
2516 3897 2785 3964 invenies,
2809 3914 2928 3967 qua:
2955 3912 3081 3968 ego,
3106 3913 3175 3954 ne
3205 3901 3429 3955 multum
3458 3903 3636 3958 adhuc
3660 3878 3789 3974 pro-

2180 3992 2420 4063 longem,
2447 4002 2736 4063 praetereo.
2785 3990 2843 4047 Si
2884 4006 3015 4061 ergo
3046 4006 3166 4047 cum
3201 3992 3342 4047 Deus
3372 3993 3443 4047 sit
3471 3995 3703 4067 adjutor,
3736 4006 3785 4051 et

2119 4111 2128 4118 -
2182 4094 2461 4157 protector,
2489 4100 2598 4141 non
2623 4084 2729 4140 hoc
2761 4082 2903 4155 quod
2933 4083 3077 4139 Deus
3104 4093 3209 4149 est,
3241 4083 3362 4140 ﬁeri
3391 4084 3655 4155 creditur,
3686 4088 3784 4143 sed

2181 4180 2288 4238 hoc
2312 4182 2491 4252 ipsum
2513 4179 2658 4251 quod
2683 4179 2898 4252 adjutor
2917 4186 2967 4233 et
2995 4186 3253 4250 protector
3278 4193 3400 4235 esse
3425 4178 3741 4250 designatur
3768 4199 3781 4235 :

2180 4278 2309 4349 quid
2342 4287 2427 4335 est
2456 4275 2600 4349 quod
2627 4290 2751 4332 cum
2783 4272 3020 4330 Verbum
3052 4272 3148 4327 Dci
3193 4272 3390 4329 factum
3431 4288 3555 4329 esse
3596 4274 3782 4330 Domi-

2181 4387 2311 4428 num
2344 4379 2400 4426 et
2428 4370 2706 4425 Christum
2735 4365 2923 4423 dicant
2946 4406 2962 4430 ,
3018 4376 3272 4435 putemus
3321 4363 3415 4420 Dei
3444 4364 3605 4420 Verbi
3653 4369 3781 4421 sub-

2181 4465 2432 4522 stantiam
2452 4461 2688 4518 factam?
2715 4458 2987 4529 Numquid
3020 4458 3145 4530 quia
3178 4456 3431 4527 legimus,
3464 4457 3533 4512 Et
3566 4457 3784 4513 Verbum

483 4549 784 4638 secundum
830 4575 935 4631 hoc
962 4573 1105 4645 quod
1147 4570 1442 4642 assumpsit
1478 4568 1546 4624 de
1597 4566 1762 4621 Maria
1790 4582 1803 4618 :
1832 4562 2079 4635 quamvis
2105 4563 2161 4625 1)
2185 4574 2305 4613 caro
2352 4556 2549 4627 factum
2574 4564 2649 4610 est
2674 4595 2689 4622 ,
2719 4553 2842 4608 ideo
2870 4551 3044 4622 ipsum
3075 4565 3292 4622 quoque
3320 4549 3555 4607 Verbum
3584 4550 3782 4607 factum

483 4687 582 4744 per
604 4670 867 4741 assumpti
912 4666 1148 4725 hominis
1189 4665 1535 4735 passionem,
1567 4668 1621 4715 et
1651 4656 1991 4727 unigenitum
2019 4654 2080 4708 ll-

488 4761 619 4817 lium
649 4761 749 4817 Dei
774 4775 987 4831 passum
1027 4772 1150 4815 esse
1197 4754 1473 4816 dicamus;
1507 4766 1613 4805 non
1659 4748 1784 4820 quia
1808 4761 1937 4803 vere
1963 4746 2079 4817 ipse

483 4854 795 4925 unigenitus
833 4851 1008 4917 ﬁlius,
1034 4865 1137 4922 qua
1185 4856 1271 4904 est
1311 4845 1544 4902 Verbum
1579 4852 1633 4899 et
1661 4841 1926 4913 sapientia
1960 4840 2075 4907 Dei,

484 4963 675 5023 passus
720 4955 837 5013 est,
877 4944 975 5001 sed
1018 4943 1141 5014 quia
1168 4940 1429 5015 quidquid
1456 4941 1509 4995 in
1540 4946 1878 5008 assumptum
1904 4935 2079 4990 homi-

484 5060 607 5103 nem
631 5044 749 5115 ejus
774 5039 987 5110 injurite
1008 5039 1094 5095 vel
1132 5037 1399 5110 passionis
1424 5036 1629 5091 illatum
1661 5043 1780 5101 est,
1828 5032 1879 5088 id
1905 5038 2077 5088 totum

482 5139 556 5196 ad
598 5139 772 5211 ipsum
813 5124 1153 5205 unigenitum
1190 5129 1584 5202 impassibilem
1632 5129 1802 5183 Deum
1844 5124 2077 5196 quadam

480 5236 696 5295 ratione
727 5236 1031 5289 revocatur.
1074 5224 1231 5282 Unde
1294 5233 1351 5280 et
1385 5220 1669 5291 apostolus
1704 5218 1902 5273 Paulus
1937 5216 2079 5271 scri-

481 5328 621 5386 bens
656 5327 727 5383 ad
759 5320 1069 5383 Corinthios
1106 5315 1221 5373 ait:
1252 5315 1314 5374 Si
1343 5315 1479 5370 enim
1508 5311 1861 5384 cognovissent
1887 5308 1930 5381 (Ι
1955 5306 2076 5363 Cor.

482 5436 544 5489 ιι,
571 5420 656 5493 8),
689 5419 899 5479 scilicet
926 5414 1201 5489 principes
1232 5409 1391 5482 hujus
1421 5404 1630 5473 saeculi,
1662 5418 1943 5474 numquam
1972 5399 2081 5455 Da-

482 5515 682 5572 minum
729 5511 1013 5585 majestatis
1062 5504 1461 5579 cruciﬁxissenl.
1525 5498 1585 5559 Si
1637 5498 1741 5555 iSta
1790 5493 2079 5552 manifesta

559 5651 578 5683 ί
614 5647 801 5712 Forte,
826 5644 1031 5716 quique.

558 5722 579 5751 ²
621 5718 805 5781 Forte,
835 5714 1124 5771 debebatur.

557 5790 579 5825 ⁸
620 5789 971 5847 Nazareuum.

2183 4668 2306 4710 esse
2334 4651 2666 4708 credendum
2698 4647 2819 4705 est?
2843 4646 2949 4704 Sed
2991 4644 3436 4702 manifestissime
3464 4661 3783 4718 expressum

2183 4755 2288 4812 est,
2318 4760 2426 4800 non
2458 4755 2565 4799 tam
2600 4742 2835 4798 Verbum
2876 4754 3001 4795 esse
3035 4739 3234 4794 laetum
3257 4738 3393 4808 quod
3422 4740 3613 4793 eratin
3639 4740 3784 4811 prin-

2185 4840 2318 4909 cipio
2348 4836 2487 4910 apud
2523 4834 2695 4890 Deum
2739 4832 2925 4907 (Ioan.
2951 4848 2989 4897 ι,
3022 4830 3117 4903 5);
3173 4830 3269 4886 sed
3322 4831 3498 4902 ipsum
3548 4831 3783 4888 Verbum

2183 4930 2328 5003 quod
2375 4943 2593 5000 semper
2622 4936 2762 4995 erat,
2797 4933 2984 4996 postea
3036 4928 3235 4979 tactum
3276 4938 3400 4980 esse
3442 4940 3660 4980 carnem
3682 4966 3697 4992 ,
3726 4934 3787 4981 ut

2185 5022 2391 5079 iactura
2417 5038 2432 5088 ;
2466 5036 2574 5077 non
2600 5021 2723 5085 hoc,
2755 5016 2900 5089 quod
2930 5031 3061 5072 caro
3091 5015 3293 5071 factum
3324 5025 3427 5072 est.
3459 5015 3539 5072 Ita
3570 5033 3702 5088 ergo
3732 5026 3787 5074 et

2185 5133 2307 5174 cum
2339 5116 2536 5172 dicitur
2564 5114 2799 5170 Verbum
2847 5110 2942 5166 Dei
2995 5110 3195 5165 factum
3228 5124 3351 5165 esse
3392 5110 3679 5165 Dominum
3729 5121 3787 5167 et

2187 5210 2485 5274 Christum,
2514 5222 2623 5263 non
2652 5221 2772 5262 eam
2823 5203 3184 5259 substantiam
3236 5202 3399 5259 Verbi
3449 5202 3542 5259 Dei
3587 5202 3784 5259 factam

2186 5320 2309 5362 esse
2336 5298 2749 5373 intelllgendum
2791 5304 2908 5362 est;
2942 5295 3038 5352 sed
3069 5296 3194 5368 quia
3228 5294 3489 5351 Dominus
3518 5306 3575 5351 et
3598 5294 3787 5351 Chris-

2190 5407 2275 5455 tus
2308 5396 2330 5428 ⁸
2361 5394 2559 5451 factum
2588 5400 2674 5450 est
2703 5389 2810 5448 hoc
2860 5390 3037 5463 ipsum
3081 5386 3346 5457 Verbum,
3378 5387 3524 5460 quod
3568 5402 3786 5460 semper

2190 5488 2334 5546 Deus
2352 5495 2493 5545 erat.

2253 5629 2275 5659 ⁸
2316 5627 2385 5685 Et
2410 5643 2601 5685 sanans
2629 5641 2824 5683 omnes.

2255 5701 2277 5731 "
2308 5700 2479 5766 Quod.

2256 5771 2276 5801 ⁶
2317 5770 2533 5825 Factus.
