4150 6176
331 382 403 436 75
1750 375 1837 429 DE
1879 370 2267 427 TRlNlTATE.
3570 382 3635 437 74

412 495 476 548 γ.
522 492 614 548 Fit
637 503 810 547 autem
839 489 1105 545 Dominus
1128 504 1341 555 eorum,
1363 488 1452 557 qui
1487 502 1544 542 se
1570 487 1745 541 eidem
1776 502 1929 540 man-
1958 495 2007 551 Α
2035 482 2161 534 mini
2185 491 2230 535 et
2258 482 2464 538 verbum
2496 502 2597 539 non
2619 500 3007 555 assumpserunt
3040 490 3305 561 (Baruclt.
3339 495 3427 566 in)
3453 539 3465 561 ,
3498 499 3631 554 nihil

336 590 529 659 cipant
562 584 830 657 preposito
854 584 1155 638 serviendi.
1191 582 1259 635 Et
1289 582 1357 635 da
1389 580 1521 635 mihi
1546 579 1781 639 veniam,
1806 579 1933 632 bea-

341 679 559 734 tissime
603 676 888 740 Matthtee,
939 674 985 728 si
1047 673 1282 737 dixero,
1350 670 1494 741 quod
1546 671 1784 724 nondum
1837 666 1933 720 tibi

343 772 592 828 Christus
623 770 766 825 Deus
795 776 916 824 erat
942 766 1204 822 Dominus
1228 807 1243 830 ,
1271 763 1486 835 quando
1508 764 1685 818 adhuc
1734 761 1934 817 telonio

342 868 635 926 serviebas.
673 864 781 922 Sed
834 872 890 917 et
935 861 1212 932 Apostolis
1251 858 1520 915 universis
1548 868 1674 913 tunc
1700 858 1931 927 primum

342 964 603 1019 Dominus
651 959 827 1015 factus
864 967 983 1024 est,
1016 955 1230 1026 quando
1258 953 1537 1009 derelictis
1570 951 1821 1008 omnibus
1859 949 1936 1003 ei-

336 1056 459 1112 dem
509 1054 723 1110 servire
775 1052 1102 1106 maluerunt.
1154 1050 1397 1119 Ipsarum
1445 1062 1661 1117 quoque
1690 1044 1934 1116 gentium

334 1158 463 1204 tunc
492 1148 759 1202 Dominus
791 1144 964 1199 factus
992 1151 1099 1208 est,
1126 1140 1345 1213 quando
1377 1139 1640 1195 idolorum
1681 1152 1819 1192 vana
1846 1151 1935 1191 su-

336 1241 658 1311 perstitione
687 1238 983 1299 derelicta,
1018 1236 1148 1306 ipsa:
1194 1246 1385 1306 gentes
1433 1248 1491 1289 se
1535 1232 1651 1302 ejus
1692 1232 1934 1287 dominio

336 1332 723 1388 tradiderunt:
759 1332 810 1384 in
842 1338 1102 1399 quantum
1131 1328 1275 1383 enim
1324 1326 1444 1397 quis
1486 1325 1689 1394 peccati
1744 1340 1933 1379 servus

337 1436 423 1481 est
449 1425 537 1478 vel
570 1437 907 1488 mammonae,
951 1422 1005 1476 in
1038 1428 1242 1475 tantum
1294 1420 1383 1472 Dei
1443 1432 1632 1473 servus
1658 1432 1779 1472 esse
1826 1431 1931 1470 non

341 1527 544 1589 potest.
590 1520 717 1571 Cum
746 1529 875 1585 ergo
908 1523 1130 1583 peccato
1164 1521 1215 1566 et
1258 1525 1582 1565 mammonze
1627 1509 1747 1579 quis
1778 1508 1935 1562 abre-

338 1610 706 1674 nuutiarerit,
759 1607 965 1663 faciens
987 1603 1251 1675 justitiam
1299 1602 1640 1671 habendique
1669 1600 1936 1668 cupidita-

338 1714 445 1759 tem
498 1715 809 1772 respuens;
861 1710 988 1753 tunc
1022 1697 1179 1752 Jesus
1223 1696 1485 1751 Dominus
1512 1695 1632 1765 ejus
1679 1693 1930 1748 efﬁcitur.

338 1796 542 1854 Eadem
575 1809 792 1865 quoque
821 1792 1035 1847 ratione
1061 1807 1184 1846 eum
1215 1789 1376 1845 etiam
1408 1788 1681 1844 Christum
1713 1788 1828 1843 ﬁeri
1852 1788 1933 1841 iti-

2036 574 2089 627 in
2139 574 2231 628 illa
2271 574 2624 632 sincerissimi
2668 580 2880 636 decoris
2911 582 3217 650 aspiciunt:
3250 588 3391 643 sicut
3432 598 3483 643 ct
3528 591 3631 661 lip-

2039 666 2308 735 pientibus
2330 670 2505 724 oculis
2534 672 2679 726 nulla
2720 685 2801 727 est
2829 674 2964 731 visio
2990 680 3254 747 veritatis,
3294 683 3633 753 quandoqui-

2038 758 2160 814 dem
2187 762 2346 817 aliter
2390 779 2577 819 eorum
2616 769 2890 822 renuntiat
2938 782 3187 840 aspectus
3210 816 3222 836 ,
3252 792 3409 845 quam
3445 781 3495 833 in
3529 781 3635 837 ﬁde

2038 867 2218 907 rerum
2252 863 2363 918 est;
2410 856 2503 910 sed
2535 866 2589 912 et
2614 858 2702 912 cui
2734 874 2980 931 saporem
3017 866 3292 934 preprium
3325 871 3636 929 redundans

2038 945 2119 999 sui
2147 944 2294 1001 fellis
2325 949 2631 1005 amaritudo
2649 952 2878 1019 vitiavit,
2902 955 2949 1009 si
2976 954 3153 1012 dulcia
3184 961 3343 1016 mella
3366 962 3635 1038 degustet,

2037 1048 2097 1093 ut
2122 1054 2361 1095 amaram
2386 1040 2727 1100 dulcedinem
2752 1046 2930 1102 mellis
2957 1049 3205 1114 infamat,
3249 1070 3354 1108 non
3378 1071 3639 1127 recogno-

2038 1145 2197 1186 scens
2242 1133 2441 1187 malum
2486 1138 2724 1206 propriae
2768 1141 3160 1199 amaritudinis.
3214 1145 3352 1211 Sed,
3404 1164 3436 1203 ο
3477 1152 3642 1206 miser

2040 1222 2296 1280 ltmrelice
2316 1268 2330 1293 ,
2362 1228 2488 1297 quid
2526 1239 2679 1297 potes
2707 1234 2817 1286 veri
2849 1234 3067 1290 luminis
3096 1238 3303 1307 videre,
3336 1258 3455 1296 cum
3488 1243 3507 1273 ³
3538 1260 3645 1299 ειε-

2038 1321 2210 1375 cutias
2240 1321 2323 1375 vel
2372 1323 2617 1379 ambules
2648 1326 2704 1379 in
2735 1326 2835 1381 viis
2880 1331 3263 1396 tenebrarum,
3299 1337 3479 1389 omnia
3520 1353 3640 1407 qua:

2039 1413 2485 1511 sunt-impietatis
2516 1419 2869 1487 excogitans?
2909 1420 3121 1479 Clamet
3148 1425 3274 1481 licet
3297 1428 3380 1483 vir
3410 1430 3501 1486 ille
3531 1434 3641 1503 spi-

2039 1504 2246 1559 ritualis
2289 1509 2615 1564 suavissimo
2646 1514 3019 1581 experimento
3064 1519 3259 1575 divina:
3308 1524 3637 1591 epulationis

2038 1596 2309 1654 invitans:
2344 1601 2589 1669 Gustate,
2635 1616 2682 1659 et
2710 1607 2871 1662 videte
2901 1627 3056 1678 quant
3088 1617 3256 1669 suavis
3287 1628 3358 1671 est
3385 1617 3643 1675 Dominus

2039 1690 2227 1763 (Psal.
2258 1708 2451 1762 χχχιιι,
2477 1694 2581 1766 9):
2616 1698 2711 1753 sed
2744 1699 2860 1768 tibi,
2890 1704 2932 1755 si
2960 1708 3286 1775 gnsmveris,
3313 1711 3443 1764 nihil
3476 1727 3642 1768 suave

2039 1784 2272 1837 sentitur
2303 1786 2355 1838 iu
2398 1788 2658 1856 Domino,
2702 1807 2768 1846 eo
2813 1797 2986 1863 quod,
3042 1798 3180 1855 sicut
3225 1804 3488 1873 scriptum
3535 1816 3638 1875 est,

338 1887 604 1958 telligitur
640 1904 654 1940 :
686 1882 984 1955 siquidem,
1011 1892 1067 1937 ut
1110 1898 1272 1952 supra
1316 1882 1517 1936 dictum
1544 1890 1627 1935 est
1652 1923 1666 1943 ,
1700 1894 1853 1949 reges
1879 1888 1934 1933 et
1963 1895 2009 1956 Β
2039 1890 2289 1929 venenum
2320 1879 2561 1945 aspidum
2587 1883 2678 1935 sub
2704 1884 2855 1939 labiis
2887 1888 2986 1939 tuis
3015 1898 3121 1955 est,
3150 1906 3215 1945 eo
3244 1896 3385 1962 quod
3415 1912 3471 1949 os
3501 1906 3643 1952 tuum

337 1981 656 2037 sacerdotes
695 1978 898 2033 Christi
949 1976 1211 2031 vocabulo
1252 1977 1592 2030 taxabantur.
1627 1974 1824 2028 Facws
1854 1983 1937 2027 est

339 2089 479 2144 ergo
504 2071 753 2127 Salvator
793 2086 890 2125 rex
922 2085 1134 2131 eorum,
1165 2069 1252 2139 qui
1286 2082 1456 2138 regno
1484 2068 1678 2123 mortis
1709 2067 1939 2122 ulterius

342 2182 459 2222 non
496 2172 749 2220 tenentur
778 2163 1053 2227 adStricti;
1110 2161 1160 2216 in
1192 2175 1422 2231 quorum
1451 2160 1665 2215 mortali
1710 2144 1939 2230 corpore

341 2259 587 2315 cessavit
616 2272 838 2328 regnare
860 2265 1166 2327 peccatum,
1193 2262 1379 2324 postea
1412 2270 1572 2323 quam
1600 2255 1614 2284 ¹
1642 2270 1737 2324 per
1757 2254 1939 2308 divina

344 2352 655 2424 magisteria
710 2350 1020 2405 didicerunt
1086 2348 1408 2404 docentibus
1457 2348 1770 2417 Apostolis:
1816 2344 1941 2401 Non

344 2463 467 2517 ergo
497 2455 672 2517 regnet
696 2454 964 2517 peccatum
1002 2444 1055 2496 in
1076 2452 1239 2497 vestro
1270 2442 1476 2496 mortali
1498 2458 1709 2513 corpore
1734 2440 1939 2513 (Rom,

346 2553 421 2603 vr,
450 2536 562 2608 12).
599 2536 707 2592 Sed
735 2544 789 2590 et
813 2550 934 2590 cum
965 2534 1207 2604 fungitur
1234 2550 1332 2604 pro
1360 2533 1517 2589 nobis
1543 2532 1841 2588 sacerdotis
1864 2533 1944 2587 oi-

345 2629 494 2696 ﬁcio,
524 2628 778 2684 Christus
807 2627 1087 2683 verissime
1116 2626 1289 2681 factus
1318 2626 1670 2691 est,maxime
1690 2623 1945 2680 defensor

346 2732 400 2780 et
430 2725 733 2779 advocatus
751 2738 848 2793 pro
870 2722 1026 2777 nobis
1052 2736 1269 2792 semper
1292 2720 1575 2784 assistens,
1593 2719 1946 2787 interpellans

348 2832 566 2890 quoque
598 2826 806 2885 patrem
831 2857 846 2879 ,
879 2830 983 2885 qua
1028 2815 1176 2871 solus
1205 2814 1528 2886 purissimus
1568 2813 1853 2877 sacerdos;
1888 2820 1947 2867 ut

348 2910 562 2981 expiata
596 2910 721 2964 labe
751 2909 1161 2978 delinquentiaa,
1200 2906 1380 2962 divina
1411 2906 1529 2976 ejus
1561 2906 1945 2976 propitiatione

350 3017 656 3058 serventur.
707 3001 809 3056 Per
860 3000 975 3055 haec
1025 3014 1190 3069 ergo,
1247 2998 1389 3069 quod
1442 2996 1601 3053 Jesus
1648 2998 1820 3053 factus
1865 3005 1949 3052 est

350 3096 599 3151 Christus
643 3104 699 3152 et
733 3096 1026 3159 Dominus,
1060 3110 1167 3147 non
1203 3103 1310 3148 tam
1359 3092 1674 3148 substantia:
1714 3082 1832 3161 ejus
1864 3092 1947 3147 di-

350 3188 494 3243 vinas
522 3188 725 3259 aliquid
759 3186 1072 3252 confertur,
1113 3201 1274 3256 quam
1305 3194 1643 3254 prospectum
1677 3194 1792 3251 est,
1826 3184 1947 3250 qui-

2039 1967 2401 2062 maledictione
2430 1982 2477 2025 et
2501 1975 2846 2031 amaritudine
2876 1982 3082 2047 plenum
3108 1993 3182 2036 est
3215 1983 3383 2054 (Psal.
3415 2004 3533 2054 xm,
3563 1991 3640 2062 5).

2044 2060 2283 2131 Denique
2332 2078 2453 2117 cum
2504 2066 2710 2123 inﬁnita
2757 2079 2810 2124 et
2860 2072 2973 2141 ipse
3014 2076 3270 2131 Salomon
3315 2079 3382 2135 de
3419 2082 3507 2135 Dei
3558 2060 3645 2138 sa-

2041 2152 2241 2221 pientia
2276 2156 2682 2227 praedicaverit,
2711 2170 2766 2215 et
2807 2162 2880 2217 ita
2914 2164 3093 2222 divine
3121 2168 3187 2223 de
3224 2186 3285 2224 ea
3315 2172 3476 2228 fuerit
3520 2192 3644 2245 pro-

2042 2258 2263 2346 secutus
2284 2290 2299 2314 ,
2336 2260 2391 2303 ιιι
2419 2266 2527 2305 non
2558 2252 2701 2307 aliud
2733 2253 2784 2307 in
2817 2256 2905 2311 illa
2932 2260 3277 2328 crederetur,
3314 2284 3471 2336 quam
3499 2272 3644 2337 quod

2042 2342 2096 2390 in
2144 2350 2335 2393 natura
2370 2342 2462 2396 Dei
2492 2355 2612 2398 est:
2644 2344 2698 2399 in
2732 2348 2836 2401 illis
2869 2353 3121 2408 omnibus
3150 2355 3442 2415 haereticus
3470 2378 3648 2418 ca-cu—

2044 2434 2182 2484 tiens
2206 2430 2309 2486 hoc
2332 2434 2508 2488 solum
2531 2435 2717 2492 videre
2743 2453 2801 2493 se
2819 2442 3070 2510 credidit,
3105 2463 3199 2515 per
3224 2451 3364 2519 quod
3394 2460 3650 2521 probaret

2044 2539 2161 2627 eam
2192 2541 2313 2581 esse
2345 2538 2673 2585 creaturam.
2704 2532 2808 2589 Sed
2851 2538 3113 2607 scriptum
3142 2553 3259 2607 est,
3301 2545 3501 2615 inquit,
3540 2547 3648 2602 Do-

2045 2623 2213 2672 minus
2242 2623 2432 2673 creavit
2464 2638 2542 2675 me
2570 2623 2774 2678 initium
2794 2628 2997 2682 viarum
3024 2649 3239 2687 suarum
3262 2636 3313 2688 in
3344 2654 3499 2707 opera
3531 2657 3643 2694 sua.

2048 2708 2154 2765 Sed
2197 2727 2294 2765 nos
2339 2729 2445 2768 non
2494 2715 2691 2772 ibimus
2740 2720 2981 2791 longius,
3018 2741 3194 2796 neque
3235 2728 3301 2783 de
3346 2732 3466 2785 aliis
3500 2734 3651 2792 libris

2046 2802 2376 2871 Salomonis,
2411 2823 2531 2877 qua:
2574 2821 2699 2865 sunt
2743 2829 2839 2880 pro
2871 2818 3199 2886 sempiterna
3232 2822 3325 2877 Dei
3360 2827 3645 2898 sapientia,

2046 2896 2408 2966 proferemus.
2448 2901 2659 2958 Suiiicit
2688 2922 2829 2961 nunc
2850 2949 2864 2973 ,
2896 2910 2939 2963 si
2969 2911 3035 2965 de
3065 2913 3168 2969 hoc
3202 2917 3317 2984 ipso
3350 2920 3470 2975 loco
3509 2896 3650 2979 unde

2050 2990 2421 3046 tCSIimonium
2449 2996 2690 3063 protulit,
2726 3014 2848 3066 pars
2873 3001 3082 3057 diversa
3118 3021 3425 3076 superetur.

2050 3089 2069 3183 ξ
2111 3081 2184 3183 ἸΙ.
2228 3082 2340 3141 Ais,
2378 3083 2663 3151 lncretice,
2717 3092 3011 3161 scriptum:
3066 3095 3317 3154 Dominus
3348 3106 3535 3159 creavit
3574 3124 3654 3163 nte

2048 3176 2248 3228 initium
2274 3176 2468 3231 viarum
2488 3196 2699 3234 suarunt
2720 3183 2771 3236 in
2799 3201 2956 3253 Opera
2984 3204 3078 3241 sua
3100 3207 3115 3243 ,·
3138 3192 3233 3245 sed
3262 3194 3503 3255 intende.
3524 3202 3649 3267 quia

351 3280 455 3336 bus
479 3280 629 3351 regni
656 3279 774 3350 ejus
799 3288 854 3333 et
880 3278 1170 3333 sacerdotii
1201 3293 1263 3332 ac
1284 3277 1508 3332 dominii
1536 3287 1772 3345 potestas
1800 3276 1947 3331 velut
1971 3277 2016 3339 C
2052 3268 2167 3319 haec
2190 3266 2302 3337 ipsa
2329 3272 2589 3338 sapientia
2618 3274 2967 3331 nihilominus
2996 3284 3103 3334 ait:
3128 3282 3258 3337 Ante
3285 3303 3458 3341 omnes
3481 3266 3650 3344 autem

350 3388 551 3428 munus
577 3373 817 3427 salutare
860 3370 1117 3425 collatum
1161 3380 1263 3425 εει.
1316 3368 1433 3424 Non
1491 3368 1702 3423 videtur
1755 3368 1946 3423 absur-

348 3467 501 3536 dum,
532 3467 579 3522 si
604 3467 739 3522 illud
767 3465 1017 3520 similiter
1050 3465 1349 3533 intelligas,
1380 3462 1521 3533 quod
1555 3462 1667 3515 ait:
1694 3460 1807 3531 Ego
1852 3478 1949 3513 au-

348 3574 454 3618 tem
507 3562 813 3616 constitutus
855 3577 969 3614 sum
997 3576 1090 3614 rex
1139 3559 1201 3612 ab
1240 3576 1301 3613 eo
1341 3574 1500 3629 supra
1548 3555 1677 3609 Sion
1726 3564 1949 3609 ntontent

348 3663 593 3709 sanctum
613 3654 726 3725 ejus
753 3650 925 3720 (Psat.
958 3667 1019 3716 ιι,
1061 3648 1117 3721 6)
1147 3667 1160 3703 :
1194 3650 1294 3704 etsi
1326 3648 1469 3703 enim
1501 3650 1823 3702 constitutus
1854 3662 1948 3701 rex

349 3748 554 3804 dicitur
577 3788 593 3811 ,
652 3755 833 3802 tamen
876 3760 999 3801 cum
1031 3745 1051 3776 ³
1079 3743 1324 3812 addidit,
1376 3760 1535 3812 supra
1569 3743 1697 3797 Sion
1728 3753 1948 3795 montem

351 3850 589 3895 sanctum
619 3842 757 3913 ejus,
782 3837 1261 3907 ostenditur,quod
1293 3852 1399 3892 non
1429 3837 1498 3891 de
1520 3835 1613 3891 illo
1638 3852 1803 3905 regno
1830 3834 1949 3905 ejus

350 3934 499 3991 dicat
527 3934 672 4006 quod
704 3932 895 3988 habuit
923 3932 1084 3993 etiam
1135 3942 1258 3985 ante
1311 3945 1471 4000 quam
1526 3930 1949 3984 constitueretur

353 4044 451 4082 rex
497 4044 654 4099 supra
683 4025 815 4081 Sion
862 4034 1087 4078 montem
1116 4032 1353 4079 sanctum
1382 4023 1517 4087 eius.
1544 4021 1659 4076 Rex
1690 4024 1836 4075 enim
1868 4029 1952 4075 est

357 4126 493 4174 ante
516 4118 692 4172 omnia
722 4132 834 4172 :eva
863 4132 1103 4171 :evorum
1129 4158 1143 4181 ,
1188 4114 1475 4170 continens
1506 4112 1811 4185 (potestate
1855 4128 1950 4167 sua

357 4227 576 4267 omnem
605 4226 765 4282 quam
801 4208 1075 4275 condidit,
1123 4218 1463 4274 creaturam;
1504 4207 1645 4263 unde
1674 4215 1730 4262 et
1775 4208 1953 4261 omni-

358 4303 593 4377 potens)
636 4304 1008 4375 approbatur,
1048 4302 1191 4373 quod
1230 4302 1403 4373 possit
1430 4302 1613 4357 omnia
1668 4301 1953 4358 continere

355 4414 483 4470 qua:
508 4398 646 4455 facta
676 4405 822 4454 suntt

979 4510 1207 4568 CAPUT
1243 4510 1331 4566 Vl.

328 4618 447 4687 'De
473 4630 568 4683 hoc
592 4629 727 4700 quod
767 4627 1013 4684 Salomon
1041 4642 1061 4681 :
1091 4626 1331 4681 Domnus
1365 4628 1591 4680 cumvir
1627 4639 1699 4678 ME
1748 4636 1953 4677 INITIUM

718 4736 915 4778 VIARUM
946 4736 1153 4777 ευΑιιωι
1184 4735 1234 4773 ΙΝ
1263 4733 1436 4773 OPERA
1462 4733 1582 4774 ευΑ.

441 4859 478 4913 l.
512 4858 815 4929 Tangamus
846 4865 900 4913 et
927 4856 1074 4911 illam
1101 4855 1154 4911 in
1182 4854 1370 4908 ultimo
1397 4852 1772 4924 quaestionem,
1793 4866 1953 4921 quam

366 4952 512 5006 inter
536 4957 767 5005 ca‘teras
786 4946 1036 5005 addidisti
1064 4964 1076 5000 :
1124 4946 1397 5008 Dominus,
1448 4944 1645 5013 inquit,
1664 4944 1851 4998 creavit
1878 4959 1959 4996 me

363 5043 565 5097 initium
596 5042 794 5095 viarum
823 5057 1028 5095 suarum
1061 5039 1113 5093 in
1138 5055 1295 5109 opera
1328 5055 1422 5092 sua
1453 5036 1649 5107 (Prov.
1683 5052 1802 5102 vm,
1826 5035 1958 5108 22).

366 5134 510 5189 Dicit
540 5134 827 5189 haereticus
862 5150 873 5185 :
907 5130 1069 5187 Vides
1108 5140 1413 5186 creaturam
1444 5144 1565 5184 esse
1609 5128 1955 5199 sapientiam,

366 5242 489 5297 quae
521 5226 705 5294 utique
748 5226 1043 5294 interprete
1084 5222 1250 5277 Paulo
1278 5221 1529 5293 apostolo
1567 5220 1817 5276 Christus
1854 5229 1957 5276 est.

366 5318 515 5388 Ergo
541 5317 827 5383 Christus,
876 5316 1077 5385 inquit,
1110 5317 1197 5386 qui
1244 5324 1329 5370 est
1379 5316 1677 5384 sapientia,
1724 5329 1832 5368 non
1879 5320 1966 5368 est

364 5425 529 5465 verus
556 5409 729 5475 ﬁlius,
761 5408 855 5463 sed
886 5416 1129 5462 creatura
1178 5406 1347 5462 iactus
1377 5407 1667 5477 adeptione
1692 5410 1966 5461 exsistens

366 5504 535 5559 ﬁlios.
584 5503 695 5559 Hoc
738 5517 1004 5559 venenum
1054 5501 1381 5557 Arianorum
1423 5510 1527 5556 est.
1586 5500 1694 5556 Sed
1741 5516 1776 5555 ο
1804 5516 1963 5570 quam

364 5609 514 5652 om
546 5595 792 5664 impietas
837 5593 905 5649 ad
953 5593 1005 5648 id
1043 5593 1262 5661 videre,
1293 5592 1439 5664 quod
1486 5592 1635 5664 pium
1681 5592 1797 5647 est!
1849 5592 1967 5648 Jam

364 5688 540 5745 semel
570 5687 719 5757 quia,
752 5696 811 5741 ut
832 5687 1091 5756 scriptum
1119 5696 1224 5755 est,
1256 5684 1489 5741 Oderunt
1520 5685 1831 5756 sapientiam
1860 5683 1971 5740 Do-

447 5828 461 5857 ¹
501 5825 668 5882 Forte
693 5824 924 5882 abundat
952 5843 1062 5896 per.

444 5900 465 5929 ’
504 5898 750 5952 Additur.

654 5991 933 6053 PATBUL.
969 5990 1138 6052 XIII.

2049 3357 2206 3411 colles
2230 3363 2402 3428 genuit
2429 3379 2507 3415 me
2539 3363 2722 3435 (Psal.
2758 3382 2873 3432 vni,
2910 3369 3035 3442 25).
3064 3372 3346 3439 Quomodo
3376 3394 3469 3448 erg
3496 3406 3502 3426 ι
3534 3381 3651 3437 lizrc

2052 3449 2164 3516 ipsa
2188 3452 2450 3518 sapientia
2479 3455 2528 3507 in
2559 3457 2748 3511 eodem
2782 3459 2900 3513 loco
2924 3472 2976 3514 et
3003 3474 3239 3520 creatam
3270 3484 3328 3523 se
3354 3486 3475 3525 esse
3501 3474 3655 3543 dicit,

2052 3549 2107 3593 et
2144 3541 2423 3610 genitam?
2470 3544 2626 3600 Prius
2656 3558 2775 3614 est,
2822 3560 2878 3604 Ill
2919 3553 3225 3627 videamus,
3260 3563 3386 3630 quid
3420 3541 3650 3633 primum

2053 3635 2159 3689 sit:
2196 3646 2375 3689 utrum
2407 3639 2549 3708 quod
2578 3644 2754 3709 genita
2787 3653 2899 3707 est,
2931 3662 2996 3700 an
3023 3652 3165 3718 quod
3197 3668 3377 3709 creata
3411 3668 3510 3711 est.
3545 3660 3652 3715 Sed

2053 3730 2178 3784 licet
2208 3730 2436 3797 primum
2464 3732 2693 3787 dixerit:
2721 3735 2972 3791 Dominus
2998 3745 3190 3796 creavit
3211 3763 3289 3799 me
3313 3749 3517 3802 initium
3548 3754 3657 3807 via-

2053 3836 2169 3874 rum
2198 3838 2408 3876 suarum
2440 3824 2492 3876 in
2523 3842 2680 3895 opera
2720 3845 2849 3894 sua;
2897 3839 3106 3897 tamen,
3153 3851 3221 3889 ne
3263 3852 3319 3890 SC
3349 3854 3653 3900 ereattn'am

2052 3924 2295 3984 putares,
2334 3919 2565 3973 recurrit
2590 3920 2653 3973 ad
2680 3921 2811 3975 illud
2841 3924 2982 3993 quod
3013 3926 3161 3995 prius
3186 3941 3289 3997 est,
3325 3932 3380 3987 in
3410 3941 3660 4005 sequenti

2054 4006 2287 4063 dici‘ns:
2340 4010 2469 4065 Ante
2512 4029 2686 4067 ontnes
2730 4025 2899 4069 autem
2948 4018 3104 4074 colles
3154 4025 3330 4093 genuit
3363 4044 3459 4082 me.
3523 4029 3656 4089 Vide

2056 4102 2200 4203 enim
2227 4118 2297 4158 ne
2329 4116 2482 4174 putes
2513 4117 2698 4175 postea
2729 4109 2988 4178 genitam,
3025 4114 3146 4181 quia
3182 4117 3409 4185 primum
3444 4127 3657 4192 praemi-

2056 4200 2190 4247 serit
2232 4209 2291 4249 se
2334 4207 2595 4252 creatam.
2650 4200 2763 4254 Etsi
2810 4202 2953 4255 enim
3004 4202 3058 4258 in
3106 4209 3297 4264 ordine
3343 4226 3655 4272 sermonum

2058 4288 2290 4355 primum
2325 4290 2555 4358 positum
2588 4300 2670 4346 est
2713 4293 2857 4363 quod
2889 4305 3069 4351 creata
3100 4308 3214 4365 est,
3248 4302 3444 4361 deinde
3472 4319 3655 4365 autem

2058 4379 2201 4448 quod
2231 4381 2445 4450 genita;
2499 4392 2675 4439 tamen
2706 4401 2898 4443 sensus
2942 4391 3044 4445 hoc
3088 4392 3333 4464 judicat,
3364 4401 3507 4469 quod
3552 4406 3661 4473 pri-

2059 4487 2209 4526 mum
2236 4484 2320 4529 est
2348 4475 2527 4544 genita
2550 4517 2564 4541 ,
2594 4493 2754 4547 quam
2797 4492 2976 4536 creata
2996 4524 3010 4549 ,
3048 4495 3103 4538 ut
3133 4487 3201 4540 sit
3243 4504 3438 4548 sensus
3468 4496 3537 4549 ita
3567 4514 3659 4552 sa-

2061 4564 2281 4635 pientiae
2310 4566 2542 4623 dicentis
2570 4585 2581 4621 :
2614 4567 2871 4625 Dominus
2897 4576 3086 4628 creavit
3114 4593 3195 4631 me
3222 4579 3426 4637 initium
3456 4588 3658 4645 viarum

1980 4670 2033 4731 ι)
2059 4668 2271 4711 suarum
2313 4658 2367 4711 in
2399 4674 2554 4729 opera
2582 4675 2697 4714 sua.
2736 4660 2843 4716 Sed
2888 4679 2956 4719 ne
2985 4667 3105 4735 quis
3133 4685 3219 4726 me
3251 4683 3402 4742 putet
3428 4692 3527 4747 per
3556 4680 3659 4738 hoc

2062 4766 2185 4807 εεεε
2220 4763 2556 4849 creaturam,
2605 4765 2697 4810 aut
2751 4766 2877 4813 tunc
2931 4760 3161 4829 primum
3219 4781 3343 4824 esse
3391 4774 3663 4849 coepisse,

2064 4845 2280 4915 quando
2313 4862 2399 4901 me
2441 4849 2631 4903 creavit
2670 4850 2873 4904 initium
2916 4855 3111 4908 viarunt
3152 4875 3363 4917 suarum
3405 4865 3458 4919 in
3506 4845 3662 4941 Operti

2065 4955 2190 5005 sua,
2238 4939 2541 5010 subsequor
2588 4951 2642 4997 et
2690 4943 2845 4999 dico:
2890 4949 3020 5001 Ante
3064 4966 3235 5007 omnes
3288 4970 3459 5014 autent
3509 4939 3663 5019 colles

2068 5034 2239 5104 genuit
2263 5050 2379 5100 me;
2409 5046 2465 5087 ut
2492 5035 2632 5089 scias
2657 5040 2806 5106 prius
2829 5055 2915 5096 me
2933 5046 3190 5113 genitam,
3215 5065 3374 5117 quam
3398 5067 3654 5111 creatam.

2066 5127 2199 5181 Cum
2227 5126 2369 5180 enim
2400 5126 2530 5181 dicit
2556 5144 2569 5181 :
2601 5129 2732 5183 Ante
2757 5148 2933 5188 omnes
2972 5147 3140 5191 autent
3167 5143 3327 5197 colles
3358 5150 3529 5216 genuit
3558 5166 3659 5216 me,

2070 5218 2199 5273 fecit
2225 5218 2357 5273 illud
2399 5234 2518 5275 esse
2553 5233 2736 5291 poStea
2762 5226 2905 5294 quod
2930 5240 3110 5284 creata
3152 5243 3265 5297 est,
3308 5245 3365 5287 ut
3391 5240 3663 5302 prmcedat

2067 5323 2122 5367 et
2167 5313 2238 5367 sit
2283 5316 2525 5370 anterius
2574 5317 2740 5381 illud,
2775 5320 2916 5388 quod
2948 5324 3124 5389 genita
3169 5332 3272 5377 εει.
3307 5326 3360 5380 Si
3410 5345 3538 5400 ergo
3583 5334 3662 5391 sic

2067 5420 2246 5463 creata
2279 5420 2393 5473 est,
2441 5420 2493 5463 ιιι
2528 5420 2652 5464 ante
2682 5412 2845 5466 fuerit
2881 5417 3084 5481 genita;
3135 5432 3331 5474 sensus
3372 5422 3664 5494 impietatis

2070 5501 2322 5554 exclusus
2352 5508 2464 5565 est,
2498 5500 2521 5529 "
2564 5516 2665 5571 qua
2704 5518 2823 5556 eam
2856 5503 3064 5559 dixerat
3110 5522 3381 5582 creatam;
3432 5528 3488 5573 ut
3540 5534 3665 5579 ιιιηο

2068 5596 2303 5663 primum
2346 5592 2650 5648 substitisse
2683 5595 2946 5662 sapientia
2977 5598 3325 5672 crederetur,
3365 5615 3579 5679 quando
3611 5628 3666 5672 ct

2073 5687 2261 5741 retulit
2301 5701 2361 5741 se
2386 5693 2626 5741 creatam
2658 5701 2687 5740 a
2715 5685 2944 5744 Domino
2983 5690 3188 5747 initium
3226 5699 3420 5753 viarum
3456 5719 3665 5759 suarum

2146 5821 2166 5851 ³
2207 5820 2382 5874 Cazrus
2412 5822 2568 5874 vivas.

2147 5890 2168 5923 ⁸
2210 5892 2335 5957 Quit!
2364 5891 2498 5945 idco.
