4150 6176
455 378 525 432 75
1702 360 2018 418 FAUSTINI
2061 358 2494 418 rausurrsm
3680 362 3753 421 τε

456 489 510 543 in
537 502 692 556 opera
737 499 852 539 sua.
886 482 1026 537 Ecce
1070 479 1213 534 enim
1264 492 1453 532 sensus
1503 476 1844 540 manifestat,
1888 476 2050 530 etiam
2080 477 2128 534 Α
2229 477 2293 532 ν.
2338 477 2444 533 Sed
2474 477 2650 532 adhuc
2678 474 2918 546 apertius
2947 474 3265 529 edisseram.
3294 473 3459 530 Certe
3487 476 3754 547 sapientia

458 587 584 632 ante
615 591 773 646 quam
810 580 1108 635 crearetur,
1139 569 1456 638 sapientiam
1489 568 1826 632 substitisse,
1860 567 2058 637 quippe

459 687 580 743 qtue
611 670 756 740 prius
787 678 868 720 est
895 664 1100 735 genita,
1128 678 1290 734 quam
1320 671 1524 718 creata.

532 762 618 816 ιιι.
663 757 768 813 Sed
798 757 968 827 magis
997 754 1467 811 commendabitur
1499 753 1584 808 hic
1637 766 1828 808 sensus
1869 750 2059 806 catho-

458 854 628 917 licus,
675 852 720 905 si
765 859 819 906 et
850 850 965 920 ipsa
1013 848 1207 914 verba,
1258 856 1417 916 prout
1454 843 1609 900 nobis
1655 845 1913 916 possibile
1956 852 2060 910 est,

461 944 845 1007 discutiantur,
877 940 1073 1011 quibus
1103 939 1188 993 vel
1217 938 1454 1008 genitam
1480 951 1540 992 se
1570 937 1772 992 referat
1797 935 2062 1005 sapientia

2162 567 2255 622 Dei
2287 569 2400 638 ipsa
2445 576 2560 631 est,
2607 583 2724 637 qum
2768 576 2823 622 et
2849 565 3084 622 Verbum
3131 581 3252 622 esse
3291 567 3583 637 scribitur,
3614 571 3754 624 utin

2095 665 2106 676 ’
2159 663 2532 731 superioribus
2580 670 2856 716 ostensum
2917 667 3022 715 est.
3093 660 3157 714 Et
3206 660 3466 730 numquid
3515 661 3640 732 quia
3690 661 3760 718 de

2167 755 2346 811 Verbo
2379 756 2468 810 Dei
2500 756 2756 826 scriptum
2780 764 2862 810 est
2889 771 2901 808 :
2937 753 3008 808 Et
3043 753 3269 809 Verbum
3291 770 3414 809 caro
3435 758 3632 826 factum
3666 766 3759 824 est,

2161 848 2271 919 jam
2304 857 2356 902 et
2401 848 2630 903 Verbum
2678 846 2940 902 facturam
2970 861 3386 916 asseveramus,
3429 847 3586 920 quasi
3635 858 3763 905 tunc

2167 942 2402 1011 primum
2440 955 2562 996 esse
2597 941 2861 1010 cmperit,
2904 955 3026 996 cum
3066 954 3195 995 caro
3239 940 3433 996 factum
3478 941 3603 997 est?
3654 942 3762 1000 Sed

459 1039 548 1094 vel
593 1047 854 1093 creatam.
908 1032 1198 1099 Dominus,
1254 1030 1461 1100 inquit,
1511 1031 1698 1084 creavit
1736 1046 1815 1084 me
1859 1029 2067 1083 initium
2166 1036 2328 1101 bene,
2355 1037 2476 1107 quia
2499 1034 3279 1106 apertissimedemonstratum
3305 1043 3390 1090 esl,
3410 1050 3503 1105 per
3523 1035 3761 1093 Verbum

462 1133 664 1188 viarum
693 1146 906 1186 suarum
931 1129 986 1181 in
1016 1143 1173 1200 Opera
1199 1143 1312 1180 sua.
1344 1124 1590 1191 intende,
1623 1128 1745 1194 quia
1769 1139 1892 1179 cum
1915 1124 2069 1177 dixe-

462 1229 572 1285 rit:
608 1225 865 1280 Dominus
887 1223 1077 1277 creavit
1101 1237 1199 1285 me,
1233 1237 1338 1274 non
1366 1219 1554 1284 tacuit,
1579 1234 1647 1274 ne
1668 1233 1797 1274 vere
1819 1225 2067 1272 creatura

462 1327 768 1390 putaretur,
794 1317 888 1372 sed
922 1313 1265 1384 prosequitur
1285 1311 1580 1381 explanans
1602 1309 1730 1380 quid
1763 1309 1833 1363 sit
1861 1315 2068 1370 creata,

466 1420 522 1466 et
552 1411 623 1465 ob
651 1424 814 1480 quam
845 1421 1064 1462 causam
1093 1408 1162 1460 sit
1192 1413 1396 1460 creata.
1453 1405 1541 1458 Ait
1569 1404 1746 1470 enim,
1777 1402 1967 1456 creavit
1991 1416 2071 1454 me

467 1505 674 1559 initium
719 1503 915 1556 viarum
944 1515 1156 1556 suarum
1189 1515 1207 1552 :
1251 1507 1307 1552 et
1343 1513 1465 1552 cum
1510 1497 1789 1565 sequitur,
1817 1495 1873 1548 in
1916 1508 2074 1564 Opera

468 1616 565 1653 sua
587 1641 600 1664 ,
633 1597 808 1668 palam
839 1602 954 1663 est,
985 1593 1127 1665 quod
1171 1591 1409 1646 ostendit
1447 1599 1500 1644 et
1548 1603 1742 1644 causas
1765 1602 1864 1642 cur
1891 1593 2074 1642 creata

466 1693 538 1747 sit
566 1691 769 1744 initium
802 1689 998 1743 viarum
1027 1683 1260 1739 Domini.
1291 1683 1409 1738 Non
1440 1697 1572 1752 ergo
1593 1680 1880 1750 sapientia,
1916 1677 2071 1748 quasi

466 1801 589 1856 quae
620 1801 726 1838 non
756 1789 935 1846 esset,
965 1790 1145 1835 creata
1177 1789 1260 1834 est
1286 1777 1352 1830 ad
1397 1776 1498 1831 hoc
1536 1783 1595 1830 ut
1620 1782 1796 1837 esset;
1825 1771 1923 1828 sed
1951 1786 2074 1825 cum

2170 1131 2348 1184 omnia
2381 1130 2540 1193 iacta,
2563 1137 2619 1184 et
2645 1129 2698 1182 in
2725 1128 2930 1183 ultimis
2953 1129 3286 1199 temporibus
3309 1127 3411 1185 hoc
3432 1131 3603 1199 ipsum
3627 1129 3763 1186 Ver-

2171 1221 2298 1278 bum
2329 1236 2545 1276 carnein
2579 1220 2798 1276 factum.
2844 1219 2960 1276 Non
3008 1236 3140 1291 ergo
3180 1220 3385 1276 factura
3417 1231 3500 1277 est
3526 1221 3762 1279 Verbum

2176 1313 2268 1368 Dei
2293 1355 2306 1376 ,
2340 1312 2465 1367 licet
2508 1311 2706 1368 factum
2734 1327 2862 1367 caro
2891 1326 3013 1368 esse
3039 1313 3251 1367 dicatur
3275 1331 3287 1366 :
3320 1314 3393 1367 ita
3418 1323 3475 1369 et
3503 1314 3767 1385 sapientia

2175 1405 2301 1460 licet
2341 1406 2552 1461 dicatur
2579 1417 2762 1461 creata
2803 1420 2926 1461 esse
2973 1406 3177 1460 initium
3216 1407 3414 1460 viarum
3454 1407 3588 1462 etin
3618 1423 3774 1477 opera

2176 1497 2370 1570 (ejus)
2398 1539 2413 1563 ,
2448 1514 2552 1552 non
2587 1507 2768 1553 tamen
2796 1507 3041 1554 creatura
3074 1508 3186 1564 est;
3220 1514 3379 1567 quam
3405 1509 3617 1555 constat
3649 1508 3776 1556 ante

2179 1604 2395 1646 omnem
2441 1605 2563 1646 esse
2616 1601 2955 1657 creaturam,
3006 1591 3436 1662 quandoquidem
3495 1593 3672 1647 omnia
3718 1594 3775 1647 in

2179 1685 2434 1752 sapientia
2457 1686 2597 1754 facta
2628 1685 2730 1738 sint
2756 1683 2930 1757 (Psal.
2960 1699 3072 1756 cut,
3099 1683 3214 1753 26).
3243 1682 3396 1739 Addo
3417 1690 3475 1739 et
3499 1683 3622 1749 hoc,
3645 1685 3770 1755 quia

2180 1793 2288 1831 non
2319 1792 2480 1833 omne
2503 1778 2643 1848 quod
2674 1778 2845 1832 creari
2876 1777 3095 1843 dicitur,
3141 1776 3294 1844 quasi
3327 1779 3418 1831 liat
3443 1779 3496 1831 in
3525 1777 3776 1834 substan-

470 1893 686 1948 semper
715 1872 1147 1930 substantialiter
1176 1871 1356 1933 fuerit,
1405 1879 1530 1923 tunc
1555 1876 1739 1922 creata
1769 1877 1852 1920 est
1883 1880 2077 1921 secun-
2105 1861 2155 1922 B
2183 1871 2274 1939 tia,
2296 1872 2702 1942 intelligendum
2726 1880 2828 1927 est,
2857 1871 3099 1942 Denique
3120 1871 3336 1942 quidam
3365 1870 3447 1926 vir
3468 1871 3654 1926 videns
3679 1885 3776 1926 cor

469 1967 598 2024 dum
644 1963 1104 2034 dispensationem
1151 1961 1357 2014 initium
1387 1960 1588 2014 viarum
1638 1957 1879 2022 Domini,
1923 1964 1978 2011 et
2016 1955 2070 2010 in

468 2041 633 2132 opera
665 2056 878 2112 Domini
904 2065 1084 2111 creata
1111 2062 1214 2109 est.
1249 2052 1465 2106 Initium
1490 2067 1621 2122 ergo
1642 2052 1842 2104 viarum
1863 2047 2076 2103 Domini

472 2159 654 2207 creata
682 2157 800 2216 est,
845 2157 892 2201 et
935 2148 989 2200 in
1019 2162 1173 2216 opera
1205 2143 1420 2199 Domini
1447 2152 1627 2197 creata
1658 2149 1744 2198 est
1769 2142 2032 2212 sapientia
2058 2156 2072 2192 :

472 2261 581 2300 non
617 2253 792 2296 tamen
817 2282 830 2305 ,
877 2240 999 2310 quia
1032 2236 1456 2293 substantialiter
1477 2243 1603 2289 ante
1635 2252 1742 2289 non
1771 2244 1922 2298 erat,
1954 2233 2078 2288 ideo

470 2343 652 2391 creata
682 2344 764 2388 cst
794 2331 1077 2402 sapientia.
1113 2328 1184 2384 At
1207 2343 1337 2383 vero
1363 2344 1484 2381 cum
1515 2327 1646 2382 dicit
1671 2341 1730 2382 se
1757 2335 1875 2379 ante
1904 2342 2078 2381 omnes

471 2430 630 2483 colles
660 2427 932 2497 genitam,
965 2438 1071 2478 non
1108 2431 1329 2492 propter
1373 2419 1647 2494 (aliquam
1696 2435 1808 2474 rem
1841 2419 1973 2474 dicit
2019 2433 2082 2474 se

473 2537 597 2579 esse
624 2523 894 2591 genitam;
939 2515 1033 2572 sed
1080 2515 1350 2570 exsistens
1393 2509 1639 2585 semper)
1675 2513 1840 2580 patris
1876 2511 2080 2580 sempi-

470 2623 630 2670 terna
658 2613 964 2684 progenies,
987 2609 1056 2664 ob
1079 2607 1336 2679 quasdam
1362 2623 1552 2663 causas
1574 2615 1816 2662 creatam
1841 2621 1899 2661 se
1926 2606 2080 2672 dicit,

474 2708 681 2763 initium
701 2707 900 2760 viarum
927 2702 1158 2768 Domini,
1185 2703 1236 2756 id
1266 2712 1371 2768 est,
1401 2702 1454 2754 in
1485 2717 1643 2772 opera
1669 2699 1904 2756 Domini.
1939 2699 2084 2770 Ergo

478 2810 536 2857 ct
559 2817 623 2858 ex
650 2804 752 2858 hoc
775 2800 1122 2855 manifestum
1155 2807 1240 2853 est
1266 2813 1372 2851 non
1397 2812 1521 2852 esse
1539 2806 1844 2851 creaturam
1869 2796 2086 2864 sapien-

477 2897 608 2952 tiam
632 2938 645 2960 ,
692 2911 814 2968 qua}
842 2895 896 2950 in
928 2894 1072 2949 aliud
1105 2901 1284 2948 creata
1315 2900 1428 2952 est,
1461 2889 1513 2945 id
1543 2897 1627 2946 est
1649 2931 1665 2956 ,
1698 2891 1750 2942 in
1783 2905 1940 2958 opera
1971 2887 2084 2943 Do-

477 2990 604 3043 mini
627 3006 644 3054 ;
673 3003 794 3042 cum
819 2987 938 3056 ipsa
964 2987 1035 3040 sit
1057 2983 1260 3056 genita,
1288 3000 1392 3037 non
1417 2985 1468 3036 in
1497 2997 1686 3051 opera,
1707 2981 1801 3037 sed
1824 2981 1891 3036 de
1911 2991 2084 3052 patre,

481 3091 540 3136 ut
571 3080 824 3144 diximus,
859 3079 1133 3134 exsistens
1163 3077 1493 3145 sempiterna
1524 3075 1836 3144 progenies.

552 3170 644 3226 IV.
687 3170 793 3227 Sed
836 3181 891 3225 et
937 3169 1041 3224 hoc
1083 3167 1470 3223 intendendum
1495 3176 1613 3232 est,
1656 3166 1801 3237 quod
1830 3167 1978 3222 aliud
2005 3175 2091 3222 est

2174 1982 2330 2023 Suum
2357 1967 2678 2037 quibusdam
2723 1965 2976 2020 sordibus
3008 1965 3264 2021 infectum
3292 2007 3306 2030 ,
3353 1980 3567 2036 precem
3600 1964 3774 2020 fundit

2176 2060 2243 2115 ad
2287 2062 2568 2115 Dominum
2596 2059 2784 2116 dicens
2811 2077 2825 2113 :
2858 2057 2962 2114 Cor
2990 2059 3241 2114 mundum
3272 2077 3389 2115 creo
3414 2061 3471 2114 in
3497 2077 3599 2125 me,
3633 2059 3776 2115 Deus

2177 2153 2347 2222 (Psal.
2381 2169 2444 2219 ι,
2475 2152 2616 2224 12);
2664 2168 2772 2207 non
2803 2153 2986 2222 utique
3014 2152 3198 2208 cordis
3232 2152 3592 2208 substantiam
3626 2152 3677 2206 in
3721 2166 3782 2207 se

2182 2245 2299 2301 ﬁeri
2329 2247 2684 2315 precabatur,
2719 2246 2813 2300 sed
2857 2257 2914 2300 ut
2955 2246 3057 2302 hoc
3101 2247 3275 2317 ipsum
3304 2261 3402 2300 cor
3445 2244 3498 2300 in
3543 2261 3610 2302 eo
3638 2244 3780 2300 exsi-

2179 2349 2351 2406 steus,
2383 2339 2527 2410 quod
2554 2339 2604 2394 ei
2629 2347 2746 2394 erat
2789 2339 3066 2395 sordidum
3088 2381 3100 2404 ,
3131 2338 3303 2394 creari
3344 2338 3626 2394 mundum.
3657 2337 3772 2393 Non

2181 2448 2345 2488 omne
2373 2431 2517 2503 quod
2561 2421 2734 2488 creari
2771 2432 3002 2498 dicitur,
3047 2431 3157 2502 jam
3185 2433 3364 2487 statim
3393 2441 3447 2486 et
3487 2429 3780 2486 secundum

2183 2526 2540 2581 substantiam
2581 2526 2698 2581 ﬁeri
2746 2525 3157 2596 intelligendum
3189 2534 3272 2581 est
3303 2543 3316 2580 :
3348 2523 3782 2596 quandoquidem

2185 2635 2281 2675 cor
2319 2620 2463 2690 quod
2505 2629 2644 2686 erat,
2694 2619 2747 2674 id
2795 2621 3001 2690 ipsum,
3048 2628 3108 2675 ut
3155 2620 3413 2674 mundum
3443 2632 3722 2675 crearetur
3756 2634 3785 2673 a

2187 2713 2448 2776 Domino,
2483 2712 2824 2782 precabatur.
2870 2713 3010 2780 Ergo
3057 2721 3112 2768 et
3155 2714 3416 2781 sapientia
3447 2727 3567 2767 cum
3604 2721 3787 2768 creata

2187 2805 2406 2874 dicitttr,
2432 2823 2536 2861 non
2567 2817 2676 2861 tam
2703 2807 3000 2862 substantia
3029 2807 3167 2876 ejus,
3190 2811 3339 2876 quasi
3363 2823 3482 2876 qum
3504 2823 3611 2861 non
3640 2813 3780 2869 erat,

2189 2898 2328 2953 facta
2357 2909 2470 2962 est;
2516 2897 2610 2953 sed
2652 2900 2764 2968 ipsa
2806 2898 3097 2965 exsistens,
3129 2907 3187 2952 ut
3215 2898 3416 2969 szepius
3443 2898 3646 2952 dictum
3677 2904 3784 2961 est,

2189 3002 2367 3045 creata
2411 2999 2495 3044 est
2540 2991 2742 3043 initium
2783 2990 2981 3043 viarum
3018 2990 3072 3042 in
3115 3005 3272 3061 Opera
3302 2989 3428 3060 ejus.
3464 2989 3606 3059 Ergo
3635 2988 3782 3059 quod

2191 3092 2370 3138 creata
2399 3093 2478 3136 est
2508 3084 2788 3152 sapientia,
2821 3082 2887 3136 ad
2917 3083 3233 3153 mysterium
3263 3081 3349 3136 vel
3385 3096 3567 3136 rerum
3599 3095 3792 3135 crean-

2190 3176 2380 3232 darum
2435 3178 2519 3232 vel
2567 3178 2818 3233 humanae
2854 3177 3287 3247 dispensationis
3329 3175 3600 3247 intellige,
3631 3192 3793 3247 quam

484 3263 668 3320 dicere
697 3260 875 3317 creari
906 3260 1227 3330 sapientiam
1253 3301 1266 3326 ,
1315 3267 1370 3312 et
1413 3258 1557 3313 aliud
1609 3268 1692 3314 est
1721 3258 1903 3313 dicere
1944 3258 2087 3328 quod

2193 3284 2316 3324 cum
2352 3269 2444 3324 Dei
2471 3271 2735 3340 sapientia
2757 3270 3045 3341 dignanter
3072 3271 3324 3335 assumit,
3345 3282 3528 3326 creata
3557 3271 3791 3325 dicitur:

485 3357 555 3411 sit
583 3363 854 3409 creatura.
886 3352 1147 3420 Quamvis
1176 3352 1320 3406 enim
1371 3351 1577 3421 legatur
1612 3358 1795 3406 creata
1841 3365 1963 3405 esse
2005 3366 2092 3405 sa-

482 3450 721 3522 pientia,
756 3462 1021 3518 nusquam
1065 3455 1247 3502 tamen
1288 3445 1484 3515 legitur
1526 3446 1670 3514 quod
1717 3444 1788 3498 sit
1819 3455 2088 3500 creatura.

489 3543 607 3601 Non
655 3545 801 3599 enim
847 3557 1009 3598 oume
1053 3541 1197 3613 quod
1227 3551 1470 3596 creatum
1519 3551 1640 3606 est,
1687 3540 1797 3610 jam
1845 3549 2094 3596 creatura

488 3637 779 3694 dicendum
809 3645 924 3702 est,
958 3636 1086 3691 licet
1115 3635 1296 3690 omnis
1321 3628 1571 3691 creatura
1599 3644 1779 3690 creata
1811 3635 1880 3689 sit
1905 3653 1918 3688 :
1955 3635 2096 3688 sicut

492 3748 594 3788 nec
621 3747 782 3786 omne
808 3729 949 3802 quod
983 3729 1180 3784 factum
1211 3739 1292 3784 est
1316 3771 1330 3794 ,
1359 3728 1466 3797 iam
1495 3728 1699 3783 factura
1730 3725 2095 3784 asseveranda

492 3837 608 3892 est,
642 3825 770 3882 licet
813 3825 990 3879 omnis
1033 3824 1237 3878 factura
1265 3822 1405 3876 faeta
1446 3823 1536 3876 sit.
1568 3821 1626 3877 Si
1668 3821 1882 3875 videtur
1906 3821 2100 3874 obscu-

493 3935 640 3984 rum,
669 3917 918 3984 exemplo
954 3915 1282 3970 dilttcidabo.
1317 3913 1571 3981 Legimus
1597 3911 1883 3980 quemdam
1913 3920 2100 3982 gratu-

498 4011 620 4073 lari,
647 4023 710 4061 ac
730 4008 916 4061 dicere
944 4007 1009 4058 ad
1036 4006 1203 4060 Deum
1231 4022 1241 4056 :
1282 4003 1392 4074 Ego
1412 4014 1582 4058 autem
1611 4004 1830 4058 cantabo
1860 4007 2100 4059 virtutem

502 4112 664 4166 tuam,
693 4099 927 4155 exaltabo
957 4115 1106 4152 mane
1133 4099 1540 4153 misericordiam
1573 4112 1737 4164 tuam,
1769 4100 1892 4167 quia
1933 4101 2103 4164 factus

493 4209 550 4248 es
579 4202 842 4260 susceptor
866 4207 1031 4255 meus,
1058 4201 1106 4244 et
1130 4191 1390 4260 refugium
1418 4206 1589 4242 meum
1619 4193 1672 4244 in
1693 4191 1778 4244 die
1813 4190 2106 4245 tribulatio-

499 4287 578 4342 nis
604 4301 726 4341 metu
751 4282 932 4358 (Psal.
964 4293 1112 4348 LVttt',
1153 4283 1266 4355 l7).
1302 4284 1443 4338 Ecce
1472 4283 1614 4337 Dcus
1638 4287 1805 4355 factus
1831 4294 1905 4339 est
1936 4301 2108 4338 susce-

504 4388 622 4450 ptor
665 4387 714 4435 et
760 4377 1060 4448 refugium;
1107 4392 1214 4430 non
1263 4385 1441 4430 tamen
1476 4375 1618 4429 Deus
1655 4375 1859 4431 factura
1903 4386 2109 4433 estzet

504 4470 608 4527 hoc
637 4480 742 4534 est,
775 4469 918 4540 quod
946 4468 1057 4522 dixi
1085 4486 1097 4521 :
1127 4467 1246 4524 Non
1273 4483 1432 4523 omne
1453 4470 1595 4539 quod
1637 4468 1833 4524 factum
1861 4479 1970 4535 est,
1995 4470 2106 4540 jam

500 4565 709 4622 faetura
737 4564 1022 4620 dicendum
1053 4572 1155 4619 est.
1201 4564 1346 4618 Dens
1372 4563 1519 4618 enim
1554 4579 1658 4617 non
1700 4564 1971 4618 exsistens
1998 4563 2109 4617 l'ac-

2194 3363 2338 3434 quod
2371 3379 2499 3419 vero
2530 3379 2589 3419 se
2628 3366 2864 3435 genitam
2897 3363 3060 3430 dicit,
3101 3372 3161 3419 ut
3198 3365 3331 3419 nihil
3382 3365 3433 3419 in
3483 3364 3572 3419 illa
3603 3363 3783 3420 minus

2196 3455 2500 3510 divinitatis
2544 3471 2840 3526 agnoscas,
2890 3472 3054 3526 quam
3108 3458 3272 3512 habet
3321 3457 3415 3513 ille
3445 3455 3537 3526 qui
3579 3458 3786 3528 genuit.

2197 3547 2369 3602 Valde
2416 3550 2563 3601 enim
2609 3547 2833 3616 impium
2877 3558 2961 3604 est
3007 3549 3268 3615 credere,
3319 3549 3462 3620 quod
3504 3549 3797 3619 aliquando

2199 3638 2341 3693 Deus
2370 3639 2489 3694 sine
2527 3655 2623 3695 sua
2671 3639 2833 3696 fuerit
2880 3642 3167 3710 sapientia.
3205 3641 3359 3697 Unde
3401 3650 3457 3698 et
3497 3641 3620 3713 quia
3667 3656 3797 3699 vere

2199 3735 2378 3804 genita
2409 3743 2494 3789 est
2522 3750 2551 3789 a
2582 3734 2697 3790 Deo
2726 3735 3022 3806 sapientia,
3055 3735 3269 3806 (idem)
3300 3735 3571 3791 exsistens
3597 3750 3795 3790 secun-

2201 3826 2331 3882 dum
2374 3829 2733 3884 substantiam
2761 3828 2907 3897 quod
2945 3838 3028 3882 est
3058 3829 3300 3899 genitor;
3333 3829 3587 3900 sapientia
3617 3839 3797 3882 autem

2203 3920 2319 3992 ipsa
2349 3918 2582 3975 Christus
2605 3931 2680 3975 est
2710 3919 2757 3989 tl
2776 3919 2921 3986 Cor.,
2949 3935 2988 3985 ι,
3008 3919 3104 3991 24)
3134 3937 3147 3974 :
3178 3936 3308 3990 ergo
3335 3918 3586 3976 Christus
3609 3922 3698 3990 qui
3718 3928 3803 3975 est

2205 4015 2494 4083 sapientia,
2525 4029 2630 4067 non
2658 4021 2743 4067 est
2777 4012 3069 4081 adoptione
3114 4012 3253 4067 lilius
3274 4055 3288 4079 ,
3317 4011 3413 4068 sed
3443 4028 3608 4069 verus
3634 4012 3800 4080 Illius,

2207 4108 2478 4163 exsistens
2507 4107 2601 4162 Dei
2633 4108 2938 4178 progenies,
2967 4118 3020 4162 et
3052 4123 3158 4162 non
3184 4106 3412 4163 factura.

2806 4241 3036 4298 CAPUT
3077 4241 3226 4311 vn,

2721 4354 2798 4408 De
2843 4355 3048 4424 Spiritu
3091 4363 3286 4408 sancto.

2284 4467 2325 4522 Ι.
2367 4467 2664 4524 Universas
2707 4482 2842 4539 quas
2886 4467 2954 4523 de
3007 4467 3164 4522 Patre
3209 4477 3264 4521 et
3314 4464 3454 4520 Filio
3502 4465 3803 4536 scripseras

2213 4561 2573 4632 quaestiones,
2609 4569 2770 4632 prout
2794 4562 2889 4616 Dei
2918 4561 3089 4630 gratia
3124 4561 3406 4632 prmstitit,
3450 4560 3684 4615 arbitror
3713 4560 3808 4614 ab-

505 4667 646 4723 tura,
677 4659 764 4728 qui
797 4673 1013 4724 semper
1037 4666 1141 4715 est.
1177 4655 1350 4710 factus
1376 4664 1461 4710 est
1483 4665 1750 4719 susceptor
1775 4665 1820 4708 et
1849 4657 2108 4724 refugium
2134 4632 2188 4694 ἶ)
2213 4655 2448 4710 solutas:
2482 4657 2525 4710 si
2558 4664 2735 4710 tamen
2779 4655 2880 4710 hoc
2926 4654 3066 4725 apud
3098 4664 3150 4709 te
3193 4669 3381 4709 verum
3407 4662 3522 4718 est,
3554 4662 3642 4709 tua
3676 4652 3805 4707 reli-

502 4748 558 4801 in
586 4749 666 4802 die
694 4748 1040 4802 tribulationis
1071 4745 1304 4810 homini;
1345 4755 1400 4799 ttt
1436 4751 1579 4813 quod
1610 4745 1786 4800 factus
1815 4757 1898 4800 est
1927 4763 2105 4800 susce-

502 4850 620 4910 ptor
660 4851 707 4892 et
734 4839 991 4908 refugium
1025 4840 1080 4891 in
1105 4839 1186 4892 die
1217 4837 1568 4892 tribulationis
1599 4838 1825 4901 homini,
1860 4839 2108 4896 videatur

506 4948 607 4990 con
637 4933 820 4990 ulisse,
847 4929 988 5000 quod
1014 4929 1182 4983 factus
1202 4937 1317 4992 est;
1351 4945 1456 4984 non
1489 4939 1666 4984 tamen
1693 4931 1816 5000 quia
1836 4943 2109 5001 susceptor

504 5037 551 5082 et
581 5024 836 5096 refugium
883 5021 1084 5075 homini
1133 5023 1301 5092 factus
1343 5031 1452 5086 est,
1506 5025 1669 5078 etiam
1707 5023 1848 5078 Deus
1889 5039 2106 5094 quoque

510 5121 714 5178 factura
745 5132 866 5173 esse
905 5104 1209 5170 credendus
1249 5125 1364 5178 est,
1410 5115 1564 5184 cujus
1593 5116 1776 5170 divina
1806 5117 2104 5172 substantia

509 5217 836 5284 sempiterna
868 5219 969 5264 est.
1000 5206 1262 5262 Similiter
1289 5217 1343 5262 et
1374 5208 1640 5272 sapientia
1671 5210 1715 5260 si
1748 5220 1926 5264 creata
1957 5210 2107 5265 dica-

510 5321 635 5372 cur,
683 5325 786 5361 non
827 5315 1004 5359 tamen
1046 5309 1290 5356 creatura
1320 5310 1402 5355 est
1423 5344 1437 5366 ,
1469 5315 1588 5370 quae
1619 5316 1832 5368 semper
1861 5312 1980 5357 est:
2013 5304 2110 5358 sed

512 5412 634 5452 cum
665 5399 895 5453 exsistat
938 5413 1154 5467 semper
1177 5437 1190 5462 ,
1237 5405 1452 5452 creatur
1497 5394 1561 5448 ad
1590 5394 1791 5464 aliquid
1830 5406 1887 5451 ut
1917 5400 2108 5466 prosit,

516 5506 625 5547 non
668 5501 725 5545 ut
752 5500 998 5545 creatura
1026 5492 1236 5547 dicatur
1264 5489 1420 5559 quasi
1466 5487 1635 5553 facta,
1680 5503 1801 5559 quas
1841 5505 1947 5544 non
1989 5490 2108 5544 fuit.

503 5575 650 5640 'Erat
679 5583 821 5637 enim
855 5585 1232 5654 inseparabilis
1254 5601 1282 5640 a
1313 5585 1422 5641 Deo
1454 5585 1551 5639 Dei
1576 5586 1836 5655 sapientia
1867 5603 1879 5640 :
1908 5594 1964 5640 et
1995 5585 2110 5642 lucc

519 5681 634 5750 ipsa
675 5676 946 5731 exsistens
973 5676 1067 5731 Dei
1104 5678 1447 5748 sempiterna-
1463 5678 1783 5749 progenies,
1827 5689 2007 5736 creata
2037 5691 2113 5735 est

519 5771 726 5826 initium
753 5768 952 5821 uiarum
982 5767 1212 5822 Domini.

577 5864 612 5894 ’ί
655 5860 786 5916 Nec.

2209 4749 2358 4817 giosa
2388 4748 2668 4818 prudentia
2692 4747 2957 4819 judicahit
2983 4764 2995 4801 :
3017 4747 3449 4816 quainvislatear
3478 4752 3532 4800 et
3560 4753 3806 4799 coarcta-

2210 4845 2362 4898 tione
2407 4845 2706 4912 temporis,
2754 4851 2810 4897 et
2860 4843 2935 4897 rei
2984 4841 3350 4904 festinatione,
3384 4849 3438 4895 et
3487 4841 3607 4908 ipso
3649 4837 3804 4892 arido

2209 4937 2422 5006 angusti
2467 4935 2574 4990 mei
2615 4934 2885 4991 sermonis
2925 4934 3178 5003 eloquio,
3226 4947 3466 4986 summas
3499 4947 3684 4986 earum
3719 4944 3808 4985 me

2209 5029 2389 5099 potius
2411 5029 2654 5098 tetigisse
2675 5041 2833 5093 quam
2861 5025 3250 5096 plenitudinem
3277 5031 3647 5096 prosecutum;
3679 5021 3804 5092 quia

2208 5138 2313 5175 non
2348 5130 2406 5175 ut
2455 5121 2686 5184 librum,
2735 5121 2876 5172 sicut
2921 5117 3178 5186 pra-dixi,
3231 5117 3474 5172 scribere
3503 5129 3803 5183 creperum,

2211 5215 2304 5270 sed
2330 5223 2390 5267 ut
2415 5215 2566 5283 quasi
2593 5211 2872 5282 cujusdam
2897 5210 3320 5267 abbreviationis
3343 5209 3409 5264 de
3429 5208 3534 5262 lide
3562 5205 3812 5278 quaedam

2213 5308 2416 5362 taxatio
2446 5308 2781 5374 signaretur;
2812 5307 2829 5336 ¹
2878 5320 2946 5360 ne
2973 5305 3040 5360 ad
3079 5304 3182 5359 hoc
3213 5319 3298 5358 me
3329 5299 3420 5356 tua
3459 5302 3596 5356 mira
3639 5302 3811 5355 bene-

2211 5400 2448 5455 VoIeutia
2483 5407 2834 5468 provocatum
2866 5398 3137 5454 infidelem
3167 5396 3445 5462 crederes,
3472 5394 3518 5450 si
3548 5402 3808 5448 tacerem.

2212 5493 2323 5550 Sed
2356 5509 2498 5548 nunc
2525 5494 2594 5550 de
2624 5490 2814 5548 sancto
2839 5492 3046 5563 Spiritu
3069 5533 3082 5557 ,
3113 5490 3218 5546 etsi
3248 5489 3515 5553 breviter,
3547 5484 3815 5540 confiten-

2213 5585 2343 5642 dum
2369 5598 2491 5642 est:
2529 5603 2594 5643 ne
2621 5588 2665 5642 si
2697 5601 2804 5643 non
2835 5584 3039 5655 aliquid
3070 5583 3136 5638 de
3165 5598 3231 5637 eo
3269 5577 3579 5652 specialiter
3607 5576 3816 5634 dixeri-

2214 5697 2366 5746 mus,
2392 5683 2682 5739 credamur
2709 5680 2964 5737 similiter
3005 5677 3418 5748 hiasphemare,
3459 5672 3624 5730 sicuti
3651 5679 3707 5727 et
3735 5668 3818 5725 illi

2219 5775 2310 5843 qui
2329 5774 2513 5832 dicunt
2535 5777 2682 5832 illum
2709 5789 2833 5831 esse
2851 5780 3181 5830 creaturam.
3210 5771 3417 5828 Horum
3446 5777 3627 5826 tamen
3649 5766 3817 5822 mira-
