4150 6176
441 393 509 448 79
1582 372 1901 434 FAUSTINI
1941 367 2377 430 PRESBYTERI
2414 367 2631 425 FIDES.
3333 365 3336 368 ’
3672 356 3745 413 80

437 521 701 578 sequerer
720 512 776 561 et
804 519 907 573 ego
945 499 1159 570 singula
1187 497 1277 552 illa
1307 511 1538 568 quaeque
1566 497 1898 561 testimonia,
1932 495 2036 550 nisi
2068 515 2116 574 Α
2141 493 2351 550 Viderit
2380 492 2428 546 si
2473 490 2595 561 quis
2643 492 2795 557 putat
2838 497 2898 537 se
2942 481 3011 536 de
3042 493 3232 535 eorum
3279 476 3547 533 societate
3589 490 3742 531 reum

441 599 584 669 apud
612 599 846 652 animam
877 585 1088 647 fidelem
1118 591 1184 645 de
1216 590 1299 644 his
1326 605 1543 660 quoque
1570 605 1690 658 qua:
1713 605 1876 657 supra
1905 589 2033 643 bre-

436 693 578 747 viter
608 691 851 743 intimata
893 693 1041 749 sunt,
1075 684 1248 759 sancti
1273 682 1508 750 Spiritus
1546 682 1802 736 divinitas
1854 682 2039 735 eluce-

441 793 526 839 ret
556 801 570 836 :
602 782 836 836 maxime
867 778 991 848 quia
1022 786 1077 831 et
1101 792 1242 831 nunc
1286 774 1417 830 mihi
1451 790 1558 829 non
1601 783 1711 828 tam
1744 773 2040 841 diSputatio

439 876 507 931 de
534 874 739 943 Spiritu
770 881 959 927 sancto
989 870 1265 940 preposita
1307 878 1388 922 est
1414 909 1427 932 ,
1455 882 1615 937 quant
1643 876 1702 921 ut
1747 865 1815 919 de
1855 864 2041 918 divino

439 966 562 1036 ejus
594 964 816 1019 nomine
864 964 948 1033 pia
995 961 1270 1018 confessio
1316 962 1643 1030 signaretur.
1697 959 1810 1013 lloc
1858 967 2041 1011 tamen

436 1058 505 1113 ad
536 1055 917 1124 compendium
947 1054 1239 1124 probanda:
1268 1051 1568 1106 divinitatis
1612 1051 1731 1121 ejus
1770 1049 1997 1103 subdam
2026 1089 2040 1115 ,

435 1149 581 1221 quod
613 1152 775 1205 etiam
811 1164 909 1218 per
950 1149 1053 1202 hoc
1102 1148 1279 1216 ipsum
1330 1146 1473 1200 Deus
1518 1144 1779 1214 probatur
1810 1142 2046 1211 Spiritus

436 1253 688 1304 sanctus,
726 1256 819 1307 per
860 1239 1005 1311 quod
1054 1236 1359 1293 ostenditur
1434 1250 1539 1289 non
1593 1250 1713 1290 esse
1766 1247 2042 1288 creatura.

436 1334 610 1391 Omne
638 1336 781 1390 enim
813 1333 956 1404 quod
987 1342 1092 1399 est,
1125 1331 1492 1386 autdivinitas
1513 1340 1613 1391 est,
1643 1342 1735 1383 aut
1762 1340 2041 1383 creatura:

434 1430 531 1487 sed
563 1429 799 1499 Spiritus
829 1435 1048 1482 sanctus
1099 1426 1199 1479 hoc
1248 1426 1425 1493 ipsum
1458 1423 1751 1487 exsistens,
1792 1423 1913 1476 sine
1946 1419 2047 1473 ini-

439 1523 518 1578 tio
546 1530 601 1577 et
631 1522 770 1583 ﬁne,
800 1537 906 1575 non
936 1531 1019 1574 est
1050 1529 1298 1576 creatura
1334 1536 1346 1570 :
1387 1531 1519 1585 ergo
1545 1516 1781 1582 Spiritus
1824 1523 2046 1569 sanctus

433 1631 527 1670 res
566 1624 651 1669 est
697 1612 1030 1678 divinitatis,
1062 1611 1185 1680 quia
1220 1607 1655 1675 incorruptibilis
1692 1617 1748 1661 et
1794 1605 2045 1661 indemn-

440 1706 622 1762 tabilis
655 1714 706 1761 et
727 1705 1091 1773 sempiternus
1128 1702 1362 1769 Spiritus
1394 1701 1507 1753 Dei.
1545 1699 1659 1754 Una
1690 1707 1773 1753 est
1800 1713 1930 1769 ergo
1959 1697 2048 1751 di-

434 1797 636 1852 vinitas
661 1798 836 1851 Patris
863 1806 918 1852 et
944 1796 1063 1850 Filii
1096 1804 1151 1849 et
1180 1793 1416 1861 Spiritus
1444 1794 1613 1846 sancti
1636 1834 1650 1854 ,
1681 1793 1822 1845 sicut
1848 1804 1901 1844 et
1938 1805 2046 1844 una

432 1891 693 1946 sanctitas
717 1888 957 1957 ejusdem
980 1884 1232 1955 perfecta:
1258 1895 1313 1940 et
1338 1884 1720 1954 inseparabilis
1740 1883 2042 1938 Trinitatis.
2077 1907 2123 1965 Β
2153 1888 2328 1943 stolus
2352 1889 2428 1939 ait
2472 1902 2487 1941 :

505 1982 593 2038 IV.
636 1980 746 2038 Sed
797 1980 884 2034 hic
932 1980 1094 2034 ﬁnem
1145 1977 1454 2032 faciamus:
1503 1977 1555 2031 in
1589 1983 1852 2046 quantum
1893 1976 2039 2031 enim

432 2077 558 2148 quis
590 2076 849 2130 intentior
878 2073 946 2127 ad
978 2087 1165 2127 sacras
1188 2071 1503 2141 Scripturas
1545 2069 1612 2124 de
1645 2069 1745 2124 ﬁde
1770 2069 1918 2139 loqui
1950 2085 2044 2122 vo-

428 2170 629 2233 luerit,
675 2169 729 2223 in
775 2174 983 2220 tantum
1029 2180 1137 2219 non
1188 2163 1363 2218 deerit
1413 2162 1554 2232 quod
1604 2162 1876 2232 loquatur.
1929 2161 2043 2216 Hoc

436 2273 618 2317 autem
653 2275 758 2314 noo
808 2258 1069 2327 ambigo,
1120 2255 1267 2325 quod
1312 2254 1357 2309 si
1416 2254 1539 2325 quis
1591 2253 1732 2309 forte
1782 2255 2045 2323 eloquens

436 2354 554 2409 base
581 2353 698 2421 ipsa
741 2350 977 2422 legerit,
1013 2348 1440 2419 delinquentium
1483 2348 1739 2417 incompti
1774 2347 2043 2402 sermonis

430 2446 712 2508 inVeniet;
767 2458 874 2498 non
907 2449 1086 2498 tamen
1108 2483 1123 2507 ,
1158 2441 1202 2495 si
1233 2439 1409 2495 ﬁdelis
1432 2449 1517 2493 est
1543 2482 1557 2503 ,
1588 2440 1689 2509 pice
1739 2438 2041 2493 confessio-

434 2540 521 2594 nis
549 2552 793 2593 errorem
818 2578 832 2600 ,
865 2551 1025 2605 quam
1073 2532 1294 2604 quidem
1341 2531 1395 2586 in
1445 2532 1604 2586 nobis
1635 2547 1701 2586 ex
1738 2531 1829 2586 Dei
1863 2533 2037 2601 gratia

429 2630 730 2703 praestitum
762 2629 1012 2698 cupimus
1055 2642 1227 2697 usque
1260 2625 1327 2679 ad
1359 2636 1589 2679 mortem
1623 2665 1639 2691 ,
1685 2623 1892 2679 auxilio
1920 2625 2041 2692 ejus

432 2727 524 2796 qui
560 2724 852 2795 praestitit,
877 2721 1160 2776 vindicare
1187 2720 1305 2775 sine
1330 2720 1452 2775 labe
1481 2719 1883 2774 communionis
1929 2718 2043 2773 lia:-

433 2817 729 2891 reticttruttt
772 2824 931 2885 atque
962 2813 1436 2885 prtevaricatorum
1466 2854 1482 2880 ,
1526 2812 1650 2882 quia
1676 2824 1729 2865 et
1761 2814 1869 2866 Uco
1897 2820 2039 2867 teste

435 2910 732 2968 metuimus
773 2923 965 2964 eorum
1016 2906 1385 2963 damnationis
1440 2904 1735 2976 participes
1782 2902 2033 2959 inveniri.

514 3044 531 3075 ³
574 3041 606 3096 Ι
609 3043 789 3099 ntimo.

457 3195 2131 3220 W

2146 602 2253 641 non
2275 600 2435 656 posse
2454 582 2593 648 ﬁeri,
2615 579 2823 633 habens
2835 573 3187 629 conscientia:
3215 570 3445 640 propria:
3469 568 3743 634 fiduciam,

2143 679 2271 749 quia
2329 676 2487 729 ﬁdem
2543 674 2809 741 integram
2865 666 3101 721 vindicat
3169 664 3240 718 ita
3273 705 3287 727 ,
3339 671 3397 717 ut
3445 676 3742 730 numquam

2145 773 2261 842 ipse
2309 769 2428 837 ejus
2459 767 2585 822 fidei
2633 762 3022 835 praevaricator
3078 756 3392 814 exstiterit:
3428 764 3605 809 tamen
3644 769 3746 825 ego

2147 868 2199 922 in
2254 879 2414 920 causa
2468 862 2561 917 Dei
2613 858 2822 914 cautius
2870 856 3064 909 timere
3092 850 3428 921 compellor;
3477 848 3746 915 siquidem

2146 967 2203 1016 et
2243 960 2310 1015 de
2350 957 2479 1027 ipsis
2532 963 2750 1010 cautum
2810 951 3083 1019 legimus:
3127 944 3442 1000 IIwreticum
3490 942 3747 996 hominem

2146 1065 2260 1127 post
2288 1068 2445 1106 unam
2467 1048 2841 1119 correptionem
2877 1044 3042 1096 devita
3075 1081 3089 1107 ,
3137 1040 3301 1093 sciens
3336 1036 3575 1107 quoniam
3619 1051 3743 1107 per-

2146 1163 2318 1203 versus
2366 1156 2438 1199 est
2487 1139 2783 1214 Imjusmodi
2809 1180 2822 1201 ,
2868 1146 2918 1190 et
2946 1142 3151 1205 peccat,
3185 1140 3230 1185 et
3280 1140 3355 1185 est
3398 1146 3428 1181 α
3473 1128 3743 1197 semetipso

2149 1241 2425 1294 damnatus
2454 1235 2616 1307 (Tim.
2652 1249 2732 1298 ut,
2766 1230 2854 1293 10,
2887 1226 2998 1298 Η).
3033 1226 3137 1281 Sed
3175 1235 3229 1279 et
3255 1224 3323 1277 de
3350 1237 3509 1291 paena
3540 1234 3747 1290 praeva-

2148 1335 2441 1388 ricatorum
2492 1328 2755 1397 legimus,
2804 1322 3020 1377 dicente
3060 1317 3214 1373 Esaia
3252 1335 3264 1369 :
3295 1313 3365 1369 Et
3390 1314 3553 1368 ueniet
3583 1312 3747 1366 omnis

2151 1442 2272 1480 curo
2299 1425 2354 1477 in
2385 1432 2657 1488 conspectu
2689 1432 2799 1471 meo
2842 1414 3058 1467 adorare
3106 1411 3160 1463 in
3200 1407 3567 1471 Hierusalem,
3627 1403 3748 1457 dicit

2149 1515 2405 1571 Dominus
2434 1513 2593 1567 Deus.
2618 1510 2687 1564 Et
2716 1508 2991 1579 procedent
3013 1503 3215 1567 sancti,
3247 1510 3293 1555 et
3323 1498 3564 1565 videbunt
3586 1514 3746 1551 mem-

2149 1610 2240 1663 bra
2262 1608 2527 1661 hominum
2547 1604 2633 1674 qui
2649 1599 2975 1670 prwvaricati
2997 1604 3115 1651 sunt
3138 1596 3189 1648 in
3215 1608 3314 1646 me.
3344 1590 3545 1651 Vermis
3574 1606 3749 1644 eorum

2148 1721 2248 1757 non
2274 1703 2538 1767 morietur,
2566 1708 2612 1751 et
2639 1696 2773 1767 ignis
2794 1710 2968 1749 eorum
2996 1708 3096 1745 non
3118 1690 3465 1759 exstinguetur
3488 1702 3506 1739 :
3527 1695 3575 1738 et
3601 1689 3751 1737 erunt

2148 1797 2201 1849 in
2236 1796 2425 1849 visione
2450 1792 2588 1847 omni
2606 1790 2747 1844 carni
2780 1787 2827 1859 (1
2836 1806 2941 1855 δα.,
2973 1802 3116 1850 LXVI,
3140 1783 3233 1847 25,
3256 1780 3370 1853 24).
3391 1781 3501 1836 Sed
3524 1789 3577 1832 et
3606 1777 3753 1848 Apo-

2536 1883 2716 1938 Nolite
2736 1886 2925 1954 jugum
2978 1880 3166 1933 ducere
3188 1891 3304 1929 cum
3333 1872 3627 1943 inﬁdelibus
3658 1873 3676 1941 (
3706 1869 3753 1925 ll

2152 1979 2298 2045 Corn,
2324 1994 2400 2045 γι,
2436 1976 2502 2031 14
2526 1974 2582 2046 );
2617 1978 2742 2045 quia
2773 1982 2827 2027 et
2846 1972 2975 2026 alibi
3014 1969 3157 2025 idem
3185 1966 3476 2037 Apostolus
3501 1974 3625 2035 post
3650 1962 3751 2017 de-

2151 2072 2504 2141 scriptionem
2536 2071 2801 2122 malorum
2830 2063 2986 2119 :Non
3013 2059 3416 2129 solum,inquit,
3440 2057 3527 2127 qui
3555 2055 3754 2127 faciunt

2151 2180 2211 2219 ea
2232 2205 2247 2229 ,
2271 2163 2359 2217 sed
2390 2163 2543 2216 etiam
2569 2161 2656 2230 qui
2678 2158 3001 2212 consentiunt
3028 2151 3330 2226 facientibus
3371 2166 3432 2203 ea
3459 2148 3666 2219 (Rom.,
3696 2162 3753 2213 ι,

2150 2257 2221 2310 32
2246 2260 2286 2325 ).
2334 2255 2400 2309 Et
2445 2253 2613 2307 multa
2643 2252 2753 2307 alia
2794 2258 2922 2304 sunt
2954 2246 3262 2302 testimonia
3309 2242 3488 2297 divina
3515 2282 3529 2304 ,
3563 2238 3757 2309 quibus

2148 2345 2584 2417 sopradictorum
2614 2342 2949 2397 consortium
2992 2338 3330 2409 prohibetur.
3363 2333 3470 2391 Sed
3510 2346 3613 2402 ego
3640 2332 3757 2385 haec

2152 2441 2266 2511 ipsa
2291 2480 2305 2505 ,
2340 2440 2467 2493 licet
2510 2436 2750 2493 breviter
2772 2477 2787 2501 ,
2811 2437 2826 2466 ί
2868 2434 3111 2489 intimavi
3132 2475 3146 2496 ,
3179 2447 3248 2487 ne
3278 2444 3380 2485 nos
3407 2428 3476 2484 de
3501 2443 3637 2482 vana
3672 2441 3759 2482 su-

2150 2533 2471 2605 perstitione
2519 2532 2706 2587 credat
2763 2530 2962 2599 aliquis
3002 2528 3148 2582 nolle
3191 2522 3591 2581 communicare
3633 2534 3758 2575 cum

2141 2628 2339 2682 talibus
2364 2668 2377 2690 ,
2407 2641 2544 2696 quos
2582 2624 2839 2695 perspicit
2893 2637 2988 2691 per
3031 2620 3269 2675 divinam
3314 2616 3644 2673 sententiam
3672 2627 3761 2669 re«

2144 2721 2385 2792 probari.
2417 2719 2677 2773 Divinitas
2701 2726 2752 2773 te
2777 2715 3105 2771 incolumem
3132 2728 3195 2767 ae
3219 2711 3435 2766 beatam
3461 2709 3515 2763 in
3545 2707 3651 2763 ﬁde
3675 2706 3761 2760 sui

2144 2813 2383 2867 neminis
2423 2812 2587 2866 etiam
2641 2810 2696 2863 in
2734 2822 2905 2878 regno
2944 2806 3212 2862 caelorum
3242 2808 3467 2875 praestet
3493 2814 3615 2856 cum
3651 2797 3759 2853 tuis

2143 2904 2400 2960 oumibus
2427 2902 2711 2959 all'cctibus
2742 2898 2991 2955 inveniri.

2170 3082 2239 3090 α..

2161 3174 3762 3211 M‘

1246 3312 1767 3387 FAUSTINI
1827 3272 2566 3385 PRESBYTERI
2629 3307 2976 3397 FIDES,

901 3506 1714 3594 THEODOSIO
1793 3504 2697 3590 IMPERATORI
2774 3497 3321 3601 OBLATA,

540 3726 621 3791 ΙΝ
668 3720 1027 3790 CODICEM
1070 3716 1463 3782 CANONUM
1507 3716 1610 3777 ET
1654 3711 2332 3778 CONSTITUTORUM
2379 3707 2786 3771 ECCLESUE
2829 3706 3197 3769 ROMAN/E
3242 3704 3634 3769 RECEPTA.

524 4019 844 4081 Sufﬁciebat
893 4015 1026 4072 ﬁdes
1065 4013 1379 4084 conscripta
1423 4013 1562 4083 apud
1604 4012 1836 4068 Nicaeam
1869 4009 2061 4065 adver-
2088 4007 2135 4071 C
2166 4008 2288 4078 quia
2313 4009 2490 4079 qualis
2517 4018 2602 4066 est
2631 4009 2791 4065 Pater
2832 4007 3133 4065 secundum
3176 4007 3571 4075 substantiam;
3600 4008 3763 4066 talem

467 4134 562 4177 sus
615 4113 865 4172 haeresim
900 4113 1158 4166 Arianam
1187 4126 1198 4161 :
1229 4110 1325 4163 sed
1351 4107 1474 4177 quia
1506 4122 1675 4177 pravo
1704 4104 1920 4175 ingenio
1942 4100 2063 4172 qui-

470 4212 594 4269 dam
624 4209 726 4265 sub
754 4206 897 4261 illius
930 4203 1055 4257 ﬁdei
1078 4199 1423 4257 confessione
1450 4199 1608 4269 impia
1629 4200 1790 4253 verba
1818 4211 2065 4251 commu-

457 4304 630 4369 taut‘,
666 4300 823 4355 nobis
847 4296 1102 4351 invidiam
1132 4292 1394 4348 facientes
1414 4333 1429 4359 ,
1453 4291 1595 4361 quod
1621 4290 1784 4344 veluti
1811 4286 2061 4341 haeresim

462 4394 683 4456 Sabellii
726 4401 1005 4452 tueamur;
1043 4383 1227 4455 paucis
1256 4393 1311 4439 et
1340 4395 1525 4439 contra
1550 4382 1843 4439 Sabellium
1874 4379 2062 4450 primm

462 4491 590 4548 ﬁdei
622 4485 964 4544 confessione
982 4470 1279 4550 signaturis,
1310 4484 1365 4532 et
1384 4486 1570 4531 contra
1596 4475 1697 4529 hos
1720 4474 1809 4543 qui
1838 4473 1940 4527 sub
1967 4486 2064 4525 no-

461 4584 609 4639 mine
628 4576 908 4635 cathulicze
933 4573 1055 4628 ﬁdei
1085 4569 1246 4640 impia
1272 4569 1436 4624 verba
1459 4566 1789 4630 defendunt,
1813 4564 2059 4619 dicentes

460 4684 576 4730 tres
588 4689 711 4729 esse
728 4666 1082 4730 SUbSlilnll‘IS;
1098 4679 1218 4719 eum
1232 4676 1449 4730 semper
1464 4658 1727 4715 catholica
1744 4656 1878 4711 ﬁdes
1898 4670 2060 4709 uuam

457 4764 813 4821 substantiam
827 4758 1002 4813 Patris
1015 4766 1069 4813 et
1082 4754 1201 4809 Filii
1216 4752 1512 4823 etSpiritus
1529 4750 1699 4804 sancti
1713 4748 1957 4803 confessa
1971 4747 2060 4801 sit.

536 4855 646 4911 Nos
702 4852 918 4907 Patrem
963 4847 1270 4910 credimus,
1319 4843 1411 4914 qui
1461 4856 1567 4895 non
1598 4841 1668 4896 sit
1697 4839 1907 4905 Filius,
1965 4838 2061 4894 sed

462 4948 663 5003 habeat
687 4942 884 4998 Filium
907 4938 976 4994 de
998 4952 1057 4992 se
1088 4938 1206 4992 sine
1229 4934 1384 4989 initio
1405 4935 1668 5004 genitum,
1696 4948 1801 4986 non
1839 4933 2060 4996 factum;

460 5052 517 5099 et
567 5038 764 5095 Filium
796 5031 1092 5091 credimus,
1135 5029 1225 5099 qui
1271 5042 1379 5083 non
1411 5031 1481 5082 sit
1508 5026 1667 5081 Pater
1692 5067 1706 5091 ,
1738 5025 1832 5080 sed
1868 5025 2066 5080 habeat

468 5146 678 5206 patrem
698 5173 712 5197 ,
736 5130 805 5184 de
836 5142 943 5197 quo
967 5126 1033 5179 sit
1057 5123 1271 5194 genitus
1298 5163 1312 5188 ,
1345 5138 1453 5176 non
1481 5122 1652 5176 factus
1675 5137 1690 5184 ;
1724 5130 1779 5175 et
1805 5120 2066 5189 Spiritum

462 5241 711 5284 sanctum
756 5220 1061 5284 credimus,
1095 5216 1185 5287 qui
1216 5216 1283 5269 sit
1324 5229 1451 5268 vere
1496 5214 1727 5281 Spiritus
1763 5214 1875 5267 Dei.
1914 5212 2067 5269 Unde

464 5322 746 5376 et'divinae
790 5314 1077 5373 Trinitatis
1118 5324 1281 5366 unam
1310 5307 1668 5363 substantiam
1701 5305 2061 5375 conﬁtemur;

528 5479 544 5510 ³
584 5477 721 5533 Cod.
752 5476 964 5534 Thuan.
995 5427 1223 5532 miscent.
1271 5470 1359 5529 Al.
1391 5470 1733 5538 commiscent.

2167 4101 2354 4172 genuit
2380 4112 2435 4157 et
2464 4101 2661 4157 Filium
2689 4120 2700 4155 :
2727 4110 2783 4157 et
2806 4102 3039 4172 Spiritus
3064 4112 3285 4158 sanctus
3312 4142 3327 4161 .
3370 4118 3477 4157 non
3510 4112 3762 4158 creatura

2168 4194 2458 4253 exsistens.
2473 4194 2567 4249 sed
2584 4194 2817 4264 Spiritus
2833 4192 2949 4257 Dei,
2963 4208 3067 4248 non
3085 4203 3168 4249 est
3186 4192 3393 4249 alienus
3417 4208 3445 4246 a
3461 4192 3765 4248 substantia

2172 4286 2348 4345 Patris
2376 4300 2433 4343 et
2456 4287 2594 4355 Fili;
2629 4288 2724 4343 sed
2761 4296 2845 4343 est
2888 4289 3133 4358 ejusdem
3185 4300 3238 4344 et
3284 4288 3400 4358 ipse
3448 4288 3766 4342 substantia:

2171 4396 2294 4437 cum
2338 4382 2499 4437 Patre
2536 4391 2590 4438 et
2634 4381 2771 4436 Filio
2799 4421 2814 4445 ,
2860 4381 3003 4435 sicut
3049 4379 3291 4450 ejusdem
3347 4378 3588 4434 deitatis.
3629 4377 3764 4433 Nam

2170 4475 2261 4544 qui
2290 4489 2390 4529 nos
2416 4484 2602 4543 putant
2630 4488 2752 4529 esse
2783 4470 3196 4540 Apollinaristas
3218 4513 3233 4538 ,
3264 4471 3437 4525 sciant
3464 4470 3611 4541 quod
3656 4485 3767 4525 non

2170 4568 2347 4622 minus
2384 4566 2715 4638 Apollinaris
2754 4564 3003 4620 haeresim
3035 4578 3385 4620 exsecramur
3417 4578 3579 4633 quam
3613 4560 3770 4617 Aria-

2167 4678 2314 4716 nam.
2345 4662 2601 4716 Miramur
2616 4671 2798 4717 autem
2827 4660 2954 4714 illos
2975 4657 3275 4715 catholicos
3304 4657 3521 4728 probari
3563 4669 3724 4727 posse
3745 4697 3763 4725 ,

2167 4754 2257 4823 qui
2290 4753 2464 4808 Patris
2491 4764 2544 4808 et
2584 4752 2700 4808 Filii
2722 4761 2777 4808 et
2819 4755 3055 4825 Spiritus
3077 4750 3250 4806 sancti
3284 4758 3394 4804 tres
3434 4747 3765 4803 substantias

2170 4846 2516 4900 confitentur.
2547 4845 2653 4899 Sed
2682 4853 2738 4899 et
2761 4846 2803 4900 si
2830 4845 3038 4910 dicunt,
3072 4858 3179 4899 non
3208 4857 3268 4897 se
3294 4840 3520 4896 credere
3567 4837 3762 4893 Filium

2170 4939 2263 4994 Dei
2287 4978 2302 5002 ,
2333 4949 2422 4993 aut
2445 4939 2701 5008 Spiritmn
2730 4949 2977 4994 sanctum
3006 4948 3343 5002 creaturam,
3372 4946 3551 4990 tamen
3576 4941 3766 4988 contra

2188 5033 2208 5063 ³
2238 5032 2457 5100 impiam
2484 5032 2644 5086 ﬁdem
2669 5032 2905 5086 sentiunt
2934 5072 2949 5098 ,
2971 5047 3094 5085 cum
3119 5030 3306 5085 dicunt
3353 5038 3462 5081 tres
3480 5038 3604 5080 esse
3639 5024 3768 5081 sub-

2177 5123 2407 5176 stantias
2432 5140 2444 5173 τ
2472 5137 2813 5191 consequens
2847 5129 2930 5177 est
2959 5123 3103 5176 enim
3132 5162 3148 5187 ,
3181 5129 3240 5175 ut
3287 5129 3398 5175 tres
3435 5115 3569 5171 deos
3596 5114 3770 5170 conﬁ-

2172 5222 2425 5279 teautur,
2496 5215 2585 5283 qui
2639 5221 2750 5269 tres
2807 5213 3139 5268 substantias
3193 5212 3543 5268 conﬁtentur.
3590 5207 3765 5275 Quam

2168 5322 2356 5364 vocem
2389 5322 2607 5378 semper
2626 5304 2891 5363 Catholici
2908 5306 3179 5365 exsecrati
3206 5313 3353 5362 sunt.

2224 5472 2244 5501 ³
2284 5468 2530 5528 Sic‘edit.
2564 5469 2634 5527 At
2658 5470 2947 5543 legendum
2980 5470 3194 5527 videtur
3221 5470 3386 5539 piam.

1767 5820 2458 5875 Woemﬁeiﬁéﬁe
