  <div class='ocr_page' id='page_1' title='image "/cluster/home/n/w/nwhite01/storage/ocr_20150623/13/hvd.32044096580428/046.png"; bbox 0 0 4150 6176; ppageno 0'>
   <div class='ocr_carea' id='block_1_1' title="bbox 415 307 3719 380">
    <p class='ocr_par' dir='ltr' id='par_1_1' title="bbox 415 307 3719 380">
     <span class='ocr_line' id='line_1_1' title="bbox 415 307 3719 380; baseline 0.005 -18"><span class='ocrx_word' id='word_1_1' title='bbox 415 312 480 370; x_wconf 80' lang='lat' dir='ltr'><strong><em>8t</em></strong></span> <span class='ocrx_word' id='word_1_2' title='bbox 1209 307 1543 366; x_wconf 81' lang='lat' dir='ltr'><strong><em>LIBELLUS</em></strong></span> <span class='ocrx_word' id='word_1_3' title='bbox 1579 308 1861 366; x_wconf 77' lang='lat' dir='ltr'><strong><em>PRECUM</em></strong></span> <span class='ocrx_word' id='word_1_4' title='bbox 1903 307 2223 366; x_wconf 69' lang='lat' dir='ltr'><strong><em>FAUSTINI</em></strong></span> <span class='ocrx_word' id='word_1_5' title='bbox 2253 310 2343 366; x_wconf 84' lang='lat' dir='ltr'><strong>ET</strong></span> <span class='ocrx_word' id='word_1_6' title='bbox 2369 310 2812 370; x_wconf 83' lang='lat' dir='ltr'><strong><em>MARCELLINI.</em></strong></span> <span class='ocrx_word' id='word_1_7' title='bbox 3646 323 3719 380; x_wconf 73' lang='lat'><strong><em>82</em></strong></span> 
     </span>
    </p>
   </div>
   <div class='ocr_carea' id='block_1_2' title="bbox 2979 453 3714 478">
    <p class='ocr_par' dir='ltr' id='par_1_2' title="bbox 2979 453 3714 478">
     <span class='ocr_line' id='line_1_2' title="bbox 2979 453 3714 478; baseline 0.004 -6"><span class='ocrx_word' id='word_1_8' title='bbox 2979 453 3714 478; x_wconf 38' lang='grc' dir='ltr'><strong>ἢ</strong></span> 
     </span>
    </p>
   </div>
   <div class='ocr_carea' id='block_1_3' title="bbox 721 494 3340 625">
    <p class='ocr_par' dir='ltr' id='par_1_3' title="bbox 721 494 3340 625">
     <span class='ocr_line' id='line_1_3' title="bbox 721 494 3340 625; baseline 0.005 -12"><span class='ocrx_word' id='word_1_9' title='bbox 721 588 724 591; x_wconf 85' lang='grc'><strong>-</strong></span> <span class='ocrx_word' id='word_1_10' title='bbox 786 541 1289 615; x_wconf 85' lang='lat' dir='ltr'><strong><em>FAUSTINI</em></strong></span> <span class='ocrx_word' id='word_1_11' title='bbox 1362 543 1501 614; x_wconf 85' lang='lat' dir='ltr'><strong><em>ET</em></strong></span> <span class='ocrx_word' id='word_1_12' title='bbox 1573 494 2260 615; x_wconf 63' lang='lat' dir='ltr'><strong><em>MARCELanI</em></strong></span> <span class='ocrx_word' id='word_1_13' title='bbox 2345 545 3340 625; x_wconf 84' lang='lat' dir='ltr'><strong><em>PRESBYTEBORUM</em></strong></span> 
     </span>
    </p>
   </div>
   <div class='ocr_carea' id='block_1_4' title="bbox 1801 675 2318 734">
    <p class='ocr_par' dir='ltr' id='par_1_4' title="bbox 1801 675 2318 734">
     <span class='ocr_line' id='line_1_4' title="bbox 1801 675 2318 734; baseline 0 -2"><span class='ocrx_word' id='word_1_14' title='bbox 1801 675 2051 734; x_wconf 85' lang='lat' dir='ltr'><strong><em>PARTIS</em></strong></span> <span class='ocrx_word' id='word_1_15' title='bbox 2088 675 2318 734; x_wconf 86' lang='lat' dir='ltr'><strong><em>URSlNl</em></strong></span> 
     </span>
    </p>
   </div>
   <div class='ocr_carea' id='block_1_5' title="bbox 478 985 3636 1054">
    <p class='ocr_par' dir='ltr' id='par_1_5' title="bbox 478 985 3636 1054">
     <span class='ocr_line' id='line_1_5' title="bbox 478 985 3636 1054; baseline 0.001 -6"><span class='ocrx_word' id='word_1_16' title='bbox 478 987 820 1048; x_wconf 84' lang='lat' dir='ltr'><strong><em>LIBELLUS</em></strong></span> <span class='ocrx_word' id='word_1_17' title='bbox 881 986 1168 1044; x_wconf 82' lang='lat' dir='ltr'><strong><em>PRECUM</em></strong></span> <span class='ocrx_word' id='word_1_18' title='bbox 1232 988 1325 1043; x_wconf 84' lang='lat' dir='ltr'><strong><em>AD</em></strong></span> <span class='ocrx_word' id='word_1_19' title='bbox 1385 985 1875 1042; x_wconf 81' lang='lat' dir='ltr'><strong><em>IMPERATORES</em></strong></span> <span class='ocrx_word' id='word_1_20' title='bbox 1937 985 2529 1054; x_wconf 78' lang='lat' dir='ltr'><strong><em>VALEN&#39;I‘INIANUM,</em></strong></span> <span class='ocrx_word' id='word_1_21' title='bbox 2590 985 3032 1046; x_wconf 80' lang='lat' dir='ltr'><strong><em>THEODOSIUM</em></strong></span> <span class='ocrx_word' id='word_1_22' title='bbox 3103 990 3193 1046; x_wconf 87' lang='lat' dir='ltr'><strong>ET</strong></span> <span class='ocrx_word' id='word_1_23' title='bbox 3259 991 3636 1054; x_wconf 79' lang='lat' dir='ltr'><strong><em>ARCADIUM.</em></strong></span> 
     </span>
    </p>
   </div>
   <div class='ocr_carea' id='block_1_6' title="bbox 1013 1217 1407 1274">
    <p class='ocr_par' dir='ltr' id='par_1_6' title="bbox 1013 1217 1407 1274">
     <span class='ocr_line' id='line_1_6' title="bbox 1013 1217 1407 1274; baseline 0 -2"><span class='ocrx_word' id='word_1_24' title='bbox 1013 1217 1407 1274; x_wconf 63' lang='lat' dir='ltr'><strong><em>PREFATIO.</em></strong></span> 
     </span>
    </p>
   </div>
   <div class='ocr_carea' id='block_1_7' title="bbox 798 1310 1618 1367">
    <p class='ocr_par' dir='ltr' id='par_1_7' title="bbox 798 1310 1618 1367">
     <span class='ocr_line' id='line_1_7' title="bbox 798 1310 1618 1367; baseline -0.002 -1"><span class='ocrx_word' id='word_1_25' title='bbox 798 1311 880 1366; x_wconf 86' lang='lat' dir='ltr'><strong><em>De</em></strong></span> <span class='ocrx_word' id='word_1_26' title='bbox 913 1311 1091 1367; x_wconf 84' lang='lat' dir='ltr'><strong><em>eodem</em></strong></span> <span class='ocrx_word' id='word_1_27' title='bbox 1117 1313 1387 1366; x_wconf 72' lang='lat' dir='ltr'><strong><em>schismate</em></strong></span> <span class='ocrx_word' id='word_1_28' title='bbox 1419 1310 1618 1366; x_wconf 78' lang='lat' dir='ltr'><strong><em>Ursini.</em></strong></span> 
     </span>
    </p>
   </div>
   <div class='ocr_carea' id='block_1_8' title="bbox 472 1402 2002 1475">
    <p class='ocr_par' dir='ltr' id='par_1_8' title="bbox 472 1402 2002 1475">
     <span class='ocr_line' id='line_1_8' title="bbox 472 1402 2002 1475; baseline -0.004 -13"><span class='ocrx_word' id='word_1_29' title='bbox 472 1407 516 1462; x_wconf 94' lang='grc'><strong>1.</strong></span> <span class='ocrx_word' id='word_1_30' title='bbox 547 1405 898 1475; x_wconf 83' lang='lat' dir='ltr'><strong><em>Temporibus</em></strong></span> <span class='ocrx_word' id='word_1_31' title='bbox 913 1403 1215 1459; x_wconf 77' lang='lat' dir='ltr'><strong><em>ConStantii</em></strong></span> <span class='ocrx_word' id='word_1_32' title='bbox 1235 1405 1599 1475; x_wconf 69' lang='lat' dir='ltr'><strong><em>imperatoris,</em></strong></span> <span class='ocrx_word' id='word_1_33' title='bbox 1621 1403 1716 1458; x_wconf 82' lang='lat' dir='ltr'><strong>lilii</strong></span> <span class='ocrx_word' id='word_1_34' title='bbox 1739 1402 2002 1460; x_wconf 58' lang='lat' dir='ltr'><strong><em>Constan.</em></strong></span> 
     </span>
    </p>
   </div>
   <div class='ocr_carea' id='block_1_9' title="bbox 400 1497 1994 1568">
    <p class='ocr_par' dir='ltr' id='par_1_9' title="bbox 400 1497 1994 1568">
     <span class='ocr_line' id='line_1_9' title="bbox 400 1497 1994 1568; baseline -0.004 -12"><span class='ocrx_word' id='word_1_35' title='bbox 400 1501 500 1556; x_wconf 89' lang='lat' dir='ltr'><strong><em>tini</em></strong></span> <span class='ocrx_word' id='word_1_36' title='bbox 517 1543 534 1566; x_wconf 93' lang='lat'><strong><em>,</em></strong></span> <span class='ocrx_word' id='word_1_37' title='bbox 557 1501 743 1556; x_wconf 91' lang='lat' dir='ltr'><strong><em>durior</em></strong></span> <span class='ocrx_word' id='word_1_38' title='bbox 763 1507 879 1554; x_wconf 86' lang='lat' dir='ltr'><strong><em>orta</em></strong></span> <span class='ocrx_word' id='word_1_39' title='bbox 908 1507 994 1554; x_wconf 89' lang='lat' dir='ltr'><strong><em>est</em></strong></span> <span class='ocrx_word' id='word_1_40' title='bbox 1016 1499 1321 1568; x_wconf 87' lang='lat' dir='ltr'><strong><em>persecutio</em></strong></span> <span class='ocrx_word' id='word_1_41' title='bbox 1349 1497 1780 1552; x_wconf 80' lang='lat' dir='ltr'><strong><em>ChriStianorum</em></strong></span> <span class='ocrx_word' id='word_1_42' title='bbox 1808 1499 1876 1551; x_wconf 90' lang='lat' dir='ltr'><strong><em>ab</em></strong></span> <span class='ocrx_word' id='word_1_43' title='bbox 1900 1498 1994 1551; x_wconf 82' lang='lat' dir='ltr'><strong><em>im-</em></strong></span> 
     </span>
    </p>
   </div>
   <div class='ocr_carea' id='block_1_10' title="bbox 393 1571 2000 1675">
    <p class='ocr_par' dir='ltr' id='par_1_10' title="bbox 393 1571 2000 1675">
     <span class='ocr_line' id='line_1_10' title="bbox 393 1571 2000 1675; baseline -0.004 -25"><span class='ocrx_word' id='word_1_44' title='bbox 393 1597 498 1675; x_wconf 75' lang='lat' dir='ltr'><strong><em>piis</em></strong></span> <span class='ocrx_word' id='word_1_45' title='bbox 525 1571 797 1650; x_wconf 67' lang='lat' dir='ltr'><strong><em>haereticis</em></strong></span> <span class='ocrx_word' id='word_1_46' title='bbox 839 1592 1092 1658; x_wconf 77' lang='lat' dir='ltr'><strong><em>Arianis,</em></strong></span> <span class='ocrx_word' id='word_1_47' title='bbox 1124 1601 1400 1647; x_wconf 75' lang='lat' dir='ltr'><strong><em>annuente</em></strong></span> <span class='ocrx_word' id='word_1_48' title='bbox 1439 1590 1794 1656; x_wconf 88' lang='lat' dir='ltr'><strong><em>Constantio,</em></strong></span> <span class='ocrx_word' id='word_1_49' title='bbox 1828 1591 1921 1662; x_wconf 87' lang='lat' dir='ltr'><strong><em>qui</em></strong></span> <span class='ocrx_word' id='word_1_50' title='bbox 1944 1598 2000 1646; x_wconf 90' lang='lat' dir='ltr'><strong><em>et</em></strong></span> 
     </span>
    </p>
   </div>
   <div class='ocr_carea' id='block_1_11' title="bbox 389 1685 1998 1758">
    <p class='ocr_par' dir='ltr' id='par_1_11' title="bbox 389 1685 1998 1758">
     <span class='ocr_line' id='line_1_11' title="bbox 389 1685 1998 1758; baseline -0.005 -10"><span class='ocrx_word' id='word_1_51' title='bbox 389 1688 751 1748; x_wconf 71' lang='lat' dir='ltr'><strong><em>Athanasium</em></strong></span> <span class='ocrx_word' id='word_1_52' title='bbox 777 1689 1091 1758; x_wconf 89' lang='lat' dir='ltr'><strong><em>episcopum</em></strong></span> <span class='ocrx_word' id='word_1_53' title='bbox 1123 1687 1466 1740; x_wconf 79' lang='lat' dir='ltr'><strong><em>resistentem</em></strong></span> <span class='ocrx_word' id='word_1_54' title='bbox 1499 1685 1772 1740; x_wconf 85' lang='lat' dir='ltr'><strong><em>lnereticis</em></strong></span> <span class='ocrx_word' id='word_1_55' title='bbox 1815 1699 1998 1754; x_wconf 90' lang='lat' dir='ltr'><strong><em>perse-</em></strong></span> 
     </span>
    </p>
   </div>
   <div class='ocr_carea' id='block_1_12' title="bbox 394 1776 1996 1847">
    <p class='ocr_par' dir='ltr' id='par_1_12' title="bbox 394 1776 1996 1847">
     <span class='ocr_line' id='line_1_12' title="bbox 394 1776 1996 1847; baseline -0.006 -9"><span class='ocrx_word' id='word_1_56' title='bbox 394 1791 554 1838; x_wconf 87' lang='lat' dir='ltr'><strong><em>cutus</em></strong></span> <span class='ocrx_word' id='word_1_57' title='bbox 581 1790 696 1846; x_wconf 78' lang='lat' dir='ltr'><strong><em>est,</em></strong></span> <span class='ocrx_word' id='word_1_58' title='bbox 727 1789 870 1835; x_wconf 88' lang='lat' dir='ltr'><strong><em>etut</em></strong></span> <span class='ocrx_word' id='word_1_59' title='bbox 917 1781 1268 1834; x_wconf 88' lang='lat' dir='ltr'><strong><em>damnaretur</em></strong></span> <span class='ocrx_word' id='word_1_60' title='bbox 1313 1779 1380 1832; x_wconf 90' lang='lat' dir='ltr'><strong><em>ab</em></strong></span> <span class='ocrx_word' id='word_1_61' title='bbox 1425 1778 1677 1833; x_wconf 91' lang='lat' dir='ltr'><strong><em>omnibus</em></strong></span> <span class='ocrx_word' id='word_1_62' title='bbox 1728 1776 1996 1847; x_wconf 80' lang='lat' dir='ltr'><strong><em>epismpis</em></strong></span> 
     </span>
    </p>
   </div>
   <div class='ocr_carea' id='block_1_13' title="bbox 389 1870 1995 1946">
    <p class='ocr_par' dir='ltr' id='par_1_13' title="bbox 389 1870 1995 1946">
     <span class='ocr_line' id='line_1_13' title="bbox 389 1870 1995 1946; baseline -0.006 -14"><span class='ocrx_word' id='word_1_63' title='bbox 389 1875 703 1946; x_wconf 87' lang='lat' dir='ltr'><strong><em>imperavit.</em></strong></span> <span class='ocrx_word' id='word_1_64' title='bbox 743 1872 898 1941; x_wconf 86' lang='lat' dir='ltr'><strong><em>Quod</em></strong></span> <span class='ocrx_word' id='word_1_65' title='bbox 949 1873 1112 1927; x_wconf 88' lang='lat' dir='ltr'><strong><em>etiam</em></strong></span> <span class='ocrx_word' id='word_1_66' title='bbox 1142 1883 1290 1927; x_wconf 89' lang='lat' dir='ltr'><strong><em>metu</em></strong></span> <span class='ocrx_word' id='word_1_67' title='bbox 1316 1870 1572 1941; x_wconf 90' lang='lat' dir='ltr'><strong><em>principis</em></strong></span> <span class='ocrx_word' id='word_1_68' title='bbox 1619 1871 1792 1923; x_wconf 83' lang='lat' dir='ltr'><strong><em>facere</em></strong></span> <span class='ocrx_word' id='word_1_69' title='bbox 1821 1877 1995 1923; x_wconf 85' lang='lat' dir='ltr'><strong><em>tenta-</em></strong></span> 
     </span>
    </p>
   </div>
   <div class='ocr_carea' id='block_1_14' title="bbox 388 1963 1988 2035">
    <p class='ocr_par' dir='ltr' id='par_1_14' title="bbox 388 1963 1988 2035">
     <span class='ocr_line' id='line_1_14' title="bbox 388 1963 1988 2035; baseline -0.004 -12"><span class='ocrx_word' id='word_1_70' title='bbox 388 1978 582 2024; x_wconf 73' lang='lat' dir='ltr'><strong><em>verunt</em></strong></span> <span class='ocrx_word' id='word_1_71' title='bbox 610 1983 801 2022; x_wconf 87' lang='lat' dir='ltr'><strong><em>omnes</em></strong></span> <span class='ocrx_word' id='word_1_72' title='bbox 825 1965 1026 2034; x_wconf 89' lang='lat' dir='ltr'><strong><em>ubique</em></strong></span> <span class='ocrx_word' id='word_1_73' title='bbox 1047 1965 1332 2035; x_wconf 90' lang='lat' dir='ltr'><strong><em>pontiﬁces</em></strong></span> <span class='ocrx_word' id='word_1_74' title='bbox 1354 2006 1367 2026; x_wconf 91' lang='lat'><strong><em>,</em></strong></span> <span class='ocrx_word' id='word_1_75' title='bbox 1399 1963 1700 2020; x_wconf 87' lang='lat' dir='ltr'><strong><em>inauditum</em></strong></span> <span class='ocrx_word' id='word_1_76' title='bbox 1727 1963 1988 2018; x_wconf 44' lang='lat' dir='ltr'><strong><em>innoceo.</em></strong></span> 
     </span>
    </p>
   </div>
   <div class='ocr_carea' id='block_1_15' title="bbox 391 2057 1986 2128">
    <p class='ocr_par' dir='ltr' id='par_1_15' title="bbox 391 2057 1986 2128">
     <span class='ocr_line' id='line_1_15' title="bbox 391 2057 1986 2128; baseline -0.004 -11"><span class='ocrx_word' id='word_1_77' title='bbox 391 2071 615 2128; x_wconf 85' lang='lat' dir='ltr'><strong><em>temque</em></strong></span> <span class='ocrx_word' id='word_1_78' title='bbox 631 2059 972 2115; x_wconf 86' lang='lat' dir='ltr'><strong><em>damnantes.</em></strong></span> <span class='ocrx_word' id='word_1_79' title='bbox 991 2058 1096 2113; x_wconf 86' lang='lat' dir='ltr'><strong><em>Sed</em></strong></span> <span class='ocrx_word' id='word_1_80' title='bbox 1121 2057 1368 2112; x_wconf 84' lang='lat' dir='ltr'><strong><em>Liberius</em></strong></span> <span class='ocrx_word' id='word_1_81' title='bbox 1383 2057 1658 2111; x_wconf 86' lang='lat' dir='ltr'><strong><em>Romanus</em></strong></span> <span class='ocrx_word' id='word_1_82' title='bbox 1679 2057 1986 2126; x_wconf 88' lang='lat' dir='ltr'><strong><em>episcopus,</em></strong></span> 
     </span>
    </p>
   </div>
   <div class='ocr_carea' id='block_1_16' title="bbox 389 2148 1988 2227">
    <p class='ocr_par' dir='ltr' id='par_1_16' title="bbox 389 2148 1988 2227">
     <span class='ocr_line' id='line_1_16' title="bbox 389 2148 1988 2227; baseline -0.004 -17"><span class='ocrx_word' id='word_1_83' title='bbox 389 2164 451 2210; x_wconf 86' lang='lat' dir='ltr'><strong><em>et</em></strong></span> <span class='ocrx_word' id='word_1_84' title='bbox 496 2152 756 2208; x_wconf 83' lang='lat' dir='ltr'><strong><em>Eusebius</em></strong></span> <span class='ocrx_word' id='word_1_85' title='bbox 783 2151 1142 2227; x_wconf 79' lang='lat' dir='ltr'><strong><em>Vercellensis</em></strong></span> <span class='ocrx_word' id='word_1_86' title='bbox 1166 2191 1181 2217; x_wconf 93' lang='lat'><strong><em>,</em></strong></span> <span class='ocrx_word' id='word_1_87' title='bbox 1210 2163 1263 2205; x_wconf 86' lang='lat' dir='ltr'><strong><em>et</em></strong></span> <span class='ocrx_word' id='word_1_88' title='bbox 1293 2148 1512 2205; x_wconf 79' lang='lat' dir='ltr'><strong><em>Lucifer</em></strong></span> <span class='ocrx_word' id='word_1_89' title='bbox 1532 2149 1872 2204; x_wconf 76' lang='lat' dir='ltr'><strong><em>Caralitanus</em></strong></span> <span class='ocrx_word' id='word_1_90' title='bbox 1892 2190 1906 2212; x_wconf 92' lang='lat'><strong><em>,</em></strong></span> <span class='ocrx_word' id='word_1_91' title='bbox 1932 2158 1988 2205; x_wconf 93' lang='lat' dir='ltr'><strong><em>et</em></strong></span> 
     </span>
    </p>
   </div>
   <div class='ocr_carea' id='block_1_17' title="bbox 384 2241 1986 2303">
    <p class='ocr_par' dir='ltr' id='par_1_17' title="bbox 384 2241 1986 2303">
     <span class='ocr_line' id='line_1_17' title="bbox 384 2241 1986 2303; baseline -0.004 -1"><span class='ocrx_word' id='word_1_92' title='bbox 384 2245 630 2303; x_wconf 82' lang='lat' dir='ltr'><strong><em>Hilarius</em></strong></span> <span class='ocrx_word' id='word_1_93' title='bbox 657 2243 994 2298; x_wconf 85' lang='lat' dir='ltr'><strong><em>Pictavensis</em></strong></span> <span class='ocrx_word' id='word_1_94' title='bbox 1027 2242 1156 2298; x_wconf 90' lang='lat' dir='ltr'><strong><em>dare</em></strong></span> <span class='ocrx_word' id='word_1_95' title='bbox 1182 2245 1508 2298; x_wconf 88' lang='lat' dir='ltr'><strong><em>sententiam</em></strong></span> <span class='ocrx_word' id='word_1_96' title='bbox 1555 2243 1870 2296; x_wconf 88' lang='lat' dir='ltr'><strong><em>noluerunt.</em></strong></span> <span class='ocrx_word' id='word_1_97' title='bbox 1922 2241 1986 2296; x_wconf 90' lang='lat' dir='ltr'><strong><em>Hi</em></strong></span> 
     </span>
    </p>
   </div>
   <div class='ocr_carea' id='block_1_18' title="bbox 380 2333 1986 2406">
    <p class='ocr_par' dir='ltr' id='par_1_18' title="bbox 380 2333 1986 2406">
     <span class='ocr_line' id='line_1_18' title="bbox 380 2333 1986 2406; baseline -0.004 -12"><span class='ocrx_word' id='word_1_98' title='bbox 380 2353 517 2406; x_wconf 82' lang='lat' dir='ltr'><strong><em>ergo</em></strong></span> <span class='ocrx_word' id='word_1_99' title='bbox 537 2336 825 2392; x_wconf 88' lang='lat' dir='ltr'><strong><em>mittuntur</em></strong></span> <span class='ocrx_word' id='word_1_100' title='bbox 847 2335 898 2390; x_wconf 92' lang='lat' dir='ltr'><strong><em>in</em></strong></span> <span class='ocrx_word' id='word_1_101' title='bbox 922 2336 1174 2389; x_wconf 78' lang='lat' dir='ltr'><strong><em>exsilium</em></strong></span> <span class='ocrx_word' id='word_1_102' title='bbox 1206 2350 1302 2404; x_wconf 88' lang='lat' dir='ltr'><strong><em>pro</em></strong></span> <span class='ocrx_word' id='word_1_103' title='bbox 1327 2335 1428 2388; x_wconf 86' lang='lat' dir='ltr'><strong><em>ﬁde</em></strong></span> <span class='ocrx_word' id='word_1_104' title='bbox 1447 2335 1870 2390; x_wconf 84' lang='lat' dir='ltr'><strong><em>servanda.Cunt</em></strong></span> <span class='ocrx_word' id='word_1_105' title='bbox 1894 2333 1986 2388; x_wconf 89' lang='lat' dir='ltr'><strong><em>Li-</em></strong></span> 
     </span>
    </p>
   </div>
   <div class='ocr_carea' id='block_1_19' title="bbox 380 2429 1978 2498">
    <p class='ocr_par' dir='ltr' id='par_1_19' title="bbox 380 2429 1978 2498">
     <span class='ocr_line' id='line_1_19' title="bbox 380 2429 1978 2498; baseline -0.002 -12"><span class='ocrx_word' id='word_1_106' title='bbox 380 2432 538 2486; x_wconf 83' lang='lat' dir='ltr'><strong><em>berio</em></strong></span> <span class='ocrx_word' id='word_1_107' title='bbox 569 2430 832 2484; x_wconf 75' lang='lat' dir='ltr'><strong><em>Damasus</em></strong></span> <span class='ocrx_word' id='word_1_108' title='bbox 860 2429 1123 2483; x_wconf 85' lang='lat' dir='ltr'><strong><em>diaconus</em></strong></span> <span class='ocrx_word' id='word_1_109' title='bbox 1162 2429 1278 2496; x_wconf 89' lang='lat' dir='ltr'><strong><em>ejus</em></strong></span> <span class='ocrx_word' id='word_1_110' title='bbox 1326 2446 1385 2483; x_wconf 88' lang='lat' dir='ltr'><strong><em>se</em></strong></span> <span class='ocrx_word' id='word_1_111' title='bbox 1426 2429 1643 2483; x_wconf 81' lang='lat' dir='ltr'><strong>simulat</strong></span> <span class='ocrx_word' id='word_1_112' title='bbox 1672 2429 1978 2498; x_wconf 85' lang='lat' dir='ltr'><strong><em>proﬁcisci:</em></strong></span> 
     </span>
    </p>
   </div>
   <div class='ocr_carea' id='block_1_20' title="bbox 379 2522 1982 2594">
    <p class='ocr_par' dir='ltr' id='par_1_20' title="bbox 379 2522 1982 2594">
     <span class='ocr_line' id='line_1_20' title="bbox 379 2522 1982 2594; baseline -0.003 -13"><span class='ocrx_word' id='word_1_113' title='bbox 379 2525 530 2581; x_wconf 87' lang='lat' dir='ltr'><strong><em>unde</em></strong></span> <span class='ocrx_word' id='word_1_114' title='bbox 569 2523 780 2594; x_wconf 78' lang='lat' dir='ltr'><strong><em>fugiens</em></strong></span> <span class='ocrx_word' id='word_1_115' title='bbox 809 2523 879 2579; x_wconf 90' lang='lat' dir='ltr'><strong><em>de</em></strong></span> <span class='ocrx_word' id='word_1_116' title='bbox 904 2523 1125 2588; x_wconf 79' lang='lat' dir='ltr'><strong><em>itinere,</em></strong></span> <span class='ocrx_word' id='word_1_117' title='bbox 1180 2522 1406 2578; x_wconf 84' lang='lat' dir='ltr'><strong><em>Romam</em></strong></span> <span class='ocrx_word' id='word_1_118' title='bbox 1454 2523 1650 2589; x_wconf 90' lang='lat' dir='ltr'><strong><em>rediit,</em></strong></span> <span class='ocrx_word' id='word_1_119' title='bbox 1683 2522 1982 2577; x_wconf 83' lang='lat' dir='ltr'><strong><em>ambitione</em></strong></span> 
     </span>
    </p>
   </div>
   <div class='ocr_carea' id='block_1_21' title="bbox 2022 1213 3711 1294">
    <p class='ocr_par' dir='ltr' id='par_1_21' title="bbox 2022 1213 3711 1294">
     <span class='ocr_line' id='line_1_21' title="bbox 2022 1213 3711 1294; baseline 0.012 -27"><span class='ocrx_word' id='word_1_120' title='bbox 2022 1213 2076 1274; x_wconf 80' lang='grc' dir='ltr'>Α</span> <span class='ocrx_word' id='word_1_121' title='bbox 2101 1215 2208 1269; x_wconf 86' lang='lat' dir='ltr'><strong><em>sibi</em></strong></span> <span class='ocrx_word' id='word_1_122' title='bbox 2235 1215 2494 1272; x_wconf 87' lang='lat' dir='ltr'><strong><em>Ursinum</em></strong></span> <span class='ocrx_word' id='word_1_123' title='bbox 2521 1219 2808 1276; x_wconf 84' lang='lat' dir='ltr'><strong><em>diaconum</em></strong></span> <span class='ocrx_word' id='word_1_124' title='bbox 2839 1223 3150 1294; x_wconf 88' lang='lat' dir='ltr'><strong><em>pontiﬁcem</em></strong></span> <span class='ocrx_word' id='word_1_125' title='bbox 3185 1225 3240 1281; x_wconf 91' lang='lat' dir='ltr'><strong>in</strong></span> <span class='ocrx_word' id='word_1_126' title='bbox 3281 1227 3456 1284; x_wconf 92' lang='lat' dir='ltr'><strong><em>locum</em></strong></span> <span class='ocrx_word' id='word_1_127' title='bbox 3511 1229 3711 1288; x_wconf 90' lang='lat' dir='ltr'><strong><em>Liberii</em></strong></span> 
     </span>
    </p>
   </div>
   <div class='ocr_carea' id='block_1_22' title="bbox 2108 1309 3709 1387">
    <p class='ocr_par' dir='ltr' id='par_1_22' title="bbox 2108 1309 3709 1387">
     <span class='ocr_line' id='line_1_22' title="bbox 2108 1309 3709 1387; baseline 0.012 -25"><span class='ocrx_word' id='word_1_128' title='bbox 2108 1309 2346 1364; x_wconf 88' lang='lat' dir='ltr'><strong><em>ordinari</em></strong></span> <span class='ocrx_word' id='word_1_129' title='bbox 2383 1312 2704 1382; x_wconf 75' lang='lat' dir='ltr'><strong><em>deposcunt.</em></strong></span> <span class='ocrx_word' id='word_1_130' title='bbox 2735 1314 2944 1387; x_wconf 84' lang='lat' dir='ltr'><strong><em>Perjuri</em></strong></span> <span class='ocrx_word' id='word_1_131' title='bbox 2977 1334 3110 1374; x_wconf 85' lang='lat' dir='ltr'><strong><em>vero</em></strong></span> <span class='ocrx_word' id='word_1_132' title='bbox 3141 1320 3191 1374; x_wconf 93' lang='lat' dir='ltr'><strong><em>in</em></strong></span> <span class='ocrx_word' id='word_1_133' title='bbox 3240 1320 3458 1376; x_wconf 89' lang='lat' dir='ltr'><strong><em>Lucinis</em></strong></span> <span class='ocrx_word' id='word_1_134' title='bbox 3513 1325 3709 1380; x_wconf 89' lang='lat' dir='ltr'><strong><em>Dama-</em></strong></span> 
     </span>
    </p>
   </div>
   <div class='ocr_carea' id='block_1_23' title="bbox 2107 1403 3705 1483">
    <p class='ocr_par' dir='ltr' id='par_1_23' title="bbox 2107 1403 3705 1483">
     <span class='ocr_line' id='line_1_23' title="bbox 2107 1403 3705 1483; baseline 0.012 -29"><span class='ocrx_word' id='word_1_135' title='bbox 2107 1415 2226 1455; x_wconf 86' lang='lat' dir='ltr'><strong><em>sum</em></strong></span> <span class='ocrx_word' id='word_1_136' title='bbox 2257 1403 2358 1457; x_wconf 86' lang='lat' dir='ltr'><strong><em>sibi</em></strong></span> <span class='ocrx_word' id='word_1_137' title='bbox 2384 1405 2697 1475; x_wconf 81' lang='lat' dir='ltr'><strong><em>episcopum</em></strong></span> <span class='ocrx_word' id='word_1_138' title='bbox 2731 1408 2780 1461; x_wconf 94' lang='lat' dir='ltr'><strong><em>in</em></strong></span> <span class='ocrx_word' id='word_1_139' title='bbox 2814 1410 2932 1463; x_wconf 91' lang='lat' dir='ltr'><strong><em>loco</em></strong></span> <span class='ocrx_word' id='word_1_140' title='bbox 2964 1409 3162 1466; x_wconf 87' lang='lat' dir='ltr'><strong><em>Felicis</em></strong></span> <span class='ocrx_word' id='word_1_141' title='bbox 3197 1417 3571 1483; x_wconf 83' lang='lat' dir='ltr'><strong><em>expostulant:</em></strong></span> <span class='ocrx_word' id='word_1_142' title='bbox 3606 1417 3705 1472; x_wconf 89' lang='lat' dir='ltr'><strong><em>Ur-</em></strong></span> 
     </span>
    </p>
   </div>
   <div class='ocr_carea' id='block_1_24' title="bbox 2106 1495 3701 1574">
    <p class='ocr_par' dir='ltr' id='par_1_24' title="bbox 2106 1495 3701 1574">
     <span class='ocr_line' id='line_1_24' title="bbox 2106 1495 3701 1574; baseline 0.009 -26"><span class='ocrx_word' id='word_1_143' title='bbox 2106 1495 2283 1548; x_wconf 89' lang='lat' dir='ltr'><strong><em>sinum</em></strong></span> <span class='ocrx_word' id='word_1_144' title='bbox 2318 1495 2518 1551; x_wconf 81' lang='lat' dir='ltr'><strong>Paulus</strong></span> <span class='ocrx_word' id='word_1_145' title='bbox 2550 1497 2864 1554; x_wconf 85' lang='lat' dir='ltr'><strong><em>Tiburtinus</em></strong></span> <span class='ocrx_word' id='word_1_146' title='bbox 2896 1503 3184 1573; x_wconf 88' lang='lat' dir='ltr'><strong><em>episcopus</em></strong></span> <span class='ocrx_word' id='word_1_147' title='bbox 3219 1505 3506 1561; x_wconf 80' lang='lat' dir='ltr'><strong><em>benedicit.</em></strong></span> <span class='ocrx_word' id='word_1_148' title='bbox 3541 1507 3701 1574; x_wconf 86' lang='lat' dir='ltr'><strong>Quod</strong></span> 
     </span>
    </p>
   </div>
   <div class='ocr_carea' id='block_1_25' title="bbox 2108 1585 3703 1665">
    <p class='ocr_par' dir='ltr' id='par_1_25' title="bbox 2108 1585 3703 1665">
     <span class='ocr_line' id='line_1_25' title="bbox 2108 1585 3703 1665; baseline 0.011 -26"><span class='ocrx_word' id='word_1_149' title='bbox 2108 1585 2195 1640; x_wconf 88' lang='lat' dir='ltr'><strong><em>ubi</em></strong></span> <span class='ocrx_word' id='word_1_150' title='bbox 2221 1587 2506 1652; x_wconf 82' lang='lat' dir='ltr'><strong><em>Damasus,</em></strong></span> <span class='ocrx_word' id='word_1_151' title='bbox 2522 1591 2611 1659; x_wconf 92' lang='lat' dir='ltr'><strong><em>qui</em></strong></span> <span class='ocrx_word' id='word_1_152' title='bbox 2626 1607 2843 1662; x_wconf 80' lang='lat' dir='ltr'><strong><em>semper</em></strong></span> <span class='ocrx_word' id='word_1_153' title='bbox 2855 1596 3226 1664; x_wconf 86' lang='lat' dir='ltr'><strong><em>episcopatum</em></strong></span> <span class='ocrx_word' id='word_1_154' title='bbox 3244 1599 3534 1665; x_wconf 85' lang='lat' dir='ltr'><strong><em>ambierat,</em></strong></span> <span class='ocrx_word' id='word_1_155' title='bbox 3551 1615 3703 1656; x_wconf 83' lang='lat' dir='ltr'><strong><em>com-</em></strong></span> 
     </span>
    </p>
   </div>
   <div class='ocr_carea' id='block_1_26' title="bbox 2102 1685 3702 1763">
    <p class='ocr_par' dir='ltr' id='par_1_26' title="bbox 2102 1685 3702 1763">
     <span class='ocr_line' id='line_1_26' title="bbox 2102 1685 3702 1763; baseline 0.011 -27"><span class='ocrx_word' id='word_1_156' title='bbox 2102 1685 2275 1751; x_wconf 88' lang='lat' dir='ltr'><strong><em>perit,</em></strong></span> <span class='ocrx_word' id='word_1_157' title='bbox 2321 1699 2512 1740; x_wconf 88' lang='lat' dir='ltr'><strong><em>omnes</em></strong></span> <span class='ocrx_word' id='word_1_158' title='bbox 2562 1689 2935 1759; x_wconf 69' lang='lat' dir='ltr'><strong><em>quadrigarios</em></strong></span> <span class='ocrx_word' id='word_1_159' title='bbox 2962 1702 3016 1746; x_wconf 86' lang='lat' dir='ltr'><strong><em>et</em></strong></span> <span class='ocrx_word' id='word_1_160' title='bbox 3059 1694 3362 1763; x_wconf 84' lang='lat' dir='ltr'><strong><em>imperitam</em></strong></span> <span class='ocrx_word' id='word_1_161' title='bbox 3405 1698 3702 1752; x_wconf 84' lang='lat' dir='ltr'><strong><em>multitudi-</em></strong></span> 
     </span>
    </p>
   </div>
   <div class='ocr_carea' id='block_1_27' title="bbox 2101 1778 3700 1846">
    <p class='ocr_par' dir='ltr' id='par_1_27' title="bbox 2101 1778 3700 1846">
     <span class='ocr_line' id='line_1_27' title="bbox 2101 1778 3700 1846; baseline 0.01 -16"><span class='ocrx_word' id='word_1_162' title='bbox 2101 1791 2222 1830; x_wconf 87' lang='lat' dir='ltr'><strong><em>nem</em></strong></span> <span class='ocrx_word' id='word_1_163' title='bbox 2255 1778 2428 1846; x_wconf 85' lang='lat' dir='ltr'><strong><em>prctio</em></strong></span> <span class='ocrx_word' id='word_1_164' title='bbox 2463 1783 2726 1846; x_wconf 83' lang='lat' dir='ltr'><strong>concitat,</strong></span> <span class='ocrx_word' id='word_1_165' title='bbox 2761 1794 2817 1836; x_wconf 90' lang='lat' dir='ltr'><strong><em>et</em></strong></span> <span class='ocrx_word' id='word_1_166' title='bbox 2855 1797 3093 1840; x_wconf 89' lang='lat' dir='ltr'><strong><em>armatus</em></strong></span> <span class='ocrx_word' id='word_1_167' title='bbox 3123 1789 3352 1842; x_wconf 68' lang='lat' dir='ltr'><strong><em>fustibus</em></strong></span> <span class='ocrx_word' id='word_1_168' title='bbox 3401 1791 3466 1842; x_wconf 87' lang='lat' dir='ltr'><strong><em>ad</em></strong></span> <span class='ocrx_word' id='word_1_169' title='bbox 3512 1790 3700 1845; x_wconf 79' lang='lat' dir='ltr'><strong><em>basili-</em></strong></span> 
     </span>
    </p>
   </div>
   <div class='ocr_carea' id='block_1_28' title="bbox 2099 1867 3693 1950">
    <p class='ocr_par' dir='ltr' id='par_1_28' title="bbox 2099 1867 3693 1950">
     <span class='ocr_line' id='line_1_28' title="bbox 2099 1867 3693 1950; baseline 0.009 -28"><span class='ocrx_word' id='word_1_170' title='bbox 2099 1881 2214 1922; x_wconf 85' lang='lat' dir='ltr'><strong><em>c:tm</em></strong></span> <span class='ocrx_word' id='word_1_171' title='bbox 2244 1867 2350 1922; x_wconf 85' lang='lat' dir='ltr'><strong><em>Jnli</em></strong></span> <span class='ocrx_word' id='word_1_172' title='bbox 2379 1872 2679 1942; x_wconf 83' lang='lat' dir='ltr'><strong><em>perrumpit</em></strong></span> <span class='ocrx_word' id='word_1_173' title='bbox 2701 1913 2714 1932; x_wconf 85' lang='lat'><strong><em>.</em></strong></span> <span class='ocrx_word' id='word_1_174' title='bbox 2743 1882 2797 1927; x_wconf 89' lang='lat' dir='ltr'><strong><em>et</em></strong></span> <span class='ocrx_word' id='word_1_175' title='bbox 2821 1889 3010 1945; x_wconf 81' lang='lat' dir='ltr'><strong><em>magna</em></strong></span> <span class='ocrx_word' id='word_1_176' title='bbox 3041 1877 3189 1932; x_wconf 62' lang='lat' dir='ltr'><strong><em>caede</em></strong></span> <span class='ocrx_word' id='word_1_177' title='bbox 3214 1879 3450 1933; x_wconf 88' lang='lat' dir='ltr'><strong><em>ﬁdelium</em></strong></span> <span class='ocrx_word' id='word_1_178' title='bbox 3478 1896 3574 1950; x_wconf 90' lang='lat' dir='ltr'><strong><em>per</em></strong></span> <span class='ocrx_word' id='word_1_179' title='bbox 3598 1884 3693 1937; x_wconf 90' lang='lat' dir='ltr'><strong><em>tri-</em></strong></span> 
     </span>
    </p>
   </div>
   <div class='ocr_carea' id='block_1_29' title="bbox 2095 1960 3702 2040">
    <p class='ocr_par' dir='ltr' id='par_1_29' title="bbox 2095 1960 3702 2040">
     <span class='ocr_line' id='line_1_29' title="bbox 2095 1960 3702 2040; baseline 0.01 -25"><span class='ocrx_word' id='word_1_180' title='bbox 2095 1960 2260 2015; x_wconf 86' lang='lat' dir='ltr'><strong><em>duum</em></strong></span> <span class='ocrx_word' id='word_1_181' title='bbox 2284 1962 2645 2022; x_wconf 82' lang='lat' dir='ltr'><strong><em>debacchatus</em></strong></span> <span class='ocrx_word' id='word_1_182' title='bbox 2666 1977 2767 2021; x_wconf 89' lang='lat' dir='ltr'><strong><em>est.</em></strong></span> <span class='ocrx_word' id='word_1_183' title='bbox 2799 1968 2924 2022; x_wconf 69' lang='lat' dir='ltr'><strong><em>l‘ost</em></strong></span> <span class='ocrx_word' id='word_1_184' title='bbox 2943 1969 3060 2024; x_wconf 90' lang='lat' dir='ltr'><strong><em>dies</em></strong></span> <span class='ocrx_word' id='word_1_185' title='bbox 3079 1984 3284 2040; x_wconf 85' lang='lat' dir='ltr'><strong><em>septem</em></strong></span> <span class='ocrx_word' id='word_1_186' title='bbox 3307 1989 3426 2028; x_wconf 87' lang='lat' dir='ltr'><strong><em>cum</em></strong></span> <span class='ocrx_word' id='word_1_187' title='bbox 3448 1977 3702 2031; x_wconf 89' lang='lat' dir='ltr'><strong><em>omnibus</em></strong></span> 
     </span>
    </p>
   </div>
   <div class='ocr_carea' id='block_1_30' title="bbox 2093 2053 3689 2137">
    <p class='ocr_par' dir='ltr' id='par_1_30' title="bbox 2093 2053 3689 2137">
     <span class='ocr_line' id='line_1_30' title="bbox 2093 2053 3689 2137; baseline 0.009 -30"><span class='ocrx_word' id='word_1_188' title='bbox 2093 2053 2326 2122; x_wconf 88' lang='lat' dir='ltr'><strong><em>perjuris</em></strong></span> <span class='ocrx_word' id='word_1_189' title='bbox 2353 2067 2407 2110; x_wconf 91' lang='lat' dir='ltr'><strong><em>et</em></strong></span> <span class='ocrx_word' id='word_1_190' title='bbox 2443 2065 2456 2092; x_wconf 82' lang='grc' dir='ltr'><strong><em>ι</em></strong></span> <span class='ocrx_word' id='word_1_191' title='bbox 2495 2059 2758 2112; x_wconf 83' lang='lat' dir='ltr'><strong><em>arenariis</em></strong></span> <span class='ocrx_word' id='word_1_192' title='bbox 2784 2076 2920 2128; x_wconf 86' lang='lat' dir='ltr'><strong><em>quos</em></strong></span> <span class='ocrx_word' id='word_1_193' title='bbox 2945 2063 3146 2131; x_wconf 80' lang='lat' dir='ltr'><strong><em>ingenti</em></strong></span> <span class='ocrx_word' id='word_1_194' title='bbox 3188 2064 3430 2133; x_wconf 89' lang='lat' dir='ltr'><strong><em>corrupit</em></strong></span> <span class='ocrx_word' id='word_1_195' title='bbox 3481 2069 3689 2137; x_wconf 88' lang='lat' dir='ltr'><strong><em>pretio,</em></strong></span> 
     </span>
    </p>
   </div>
   <div class='ocr_carea' id='block_1_31' title="bbox 2092 2145 3684 2228">
    <p class='ocr_par' dir='ltr' id='par_1_31' title="bbox 2092 2145 3684 2228">
     <span class='ocr_line' id='line_1_31' title="bbox 2092 2145 3684 2228; baseline 0.008 -27"><span class='ocrx_word' id='word_1_196' title='bbox 2092 2145 2208 2201; x_wconf 74' lang='lat' dir='ltr'><strong><em>Lati</em></strong></span> <span class='ocrx_word' id='word_1_197' title='bbox 2231 2163 2515 2203; x_wconf 85' lang='lat' dir='ltr'><strong><em>rattcnsettt</em></strong></span> <span class='ocrx_word' id='word_1_198' title='bbox 2538 2151 2811 2204; x_wconf 69' lang='lat' dir='ltr'><strong><em>basiliCam</em></strong></span> <span class='ocrx_word' id='word_1_199' title='bbox 2834 2153 3010 2206; x_wconf 80' lang='lat' dir='ltr'><strong><em>lenuit</em></strong></span> <span class='ocrx_word' id='word_1_200' title='bbox 3031 2195 3044 2218; x_wconf 95' lang='lat'><strong><em>,</em></strong></span> <span class='ocrx_word' id='word_1_201' title='bbox 3092 2164 3145 2208; x_wconf 87' lang='lat' dir='ltr'><strong><em>et</em></strong></span> <span class='ocrx_word' id='word_1_202' title='bbox 3169 2155 3237 2210; x_wconf 85' lang='lat' dir='ltr'><strong><em>ibi</em></strong></span> <span class='ocrx_word' id='word_1_203' title='bbox 3268 2158 3548 2210; x_wconf 84' lang='lat' dir='ltr'><strong><em>ordinatus</em></strong></span> <span class='ocrx_word' id='word_1_204' title='bbox 3574 2158 3684 2228; x_wconf 84' lang='lat' dir='ltr'><strong><em>epi-</em></strong></span> 
     </span>
    </p>
   </div>
   <div class='ocr_carea' id='block_1_32' title="bbox 2090 2241 3695 2316">
    <p class='ocr_par' dir='ltr' id='par_1_32' title="bbox 2090 2241 3695 2316">
     <span class='ocr_line' id='line_1_32' title="bbox 2090 2241 3695 2316; baseline 0.01 -25"><span class='ocrx_word' id='word_1_205' title='bbox 2090 2252 2321 2305; x_wconf 87' lang='lat' dir='ltr'><strong><em>scopus,</em></strong></span> <span class='ocrx_word' id='word_1_206' title='bbox 2357 2247 2412 2294; x_wconf 90' lang='lat' dir='ltr'><strong><em>et</em></strong></span> <span class='ocrx_word' id='word_1_207' title='bbox 2463 2241 2736 2296; x_wconf 87' lang='lat' dir='ltr'><strong><em>redimens</em></strong></span> <span class='ocrx_word' id='word_1_208' title='bbox 2783 2243 3022 2312; x_wconf 88' lang='lat' dir='ltr'><strong><em>judicent</em></strong></span> <span class='ocrx_word' id='word_1_209' title='bbox 3071 2244 3230 2300; x_wconf 82' lang='lat' dir='ltr'><strong><em>Urbis</em></strong></span> <span class='ocrx_word' id='word_1_210' title='bbox 3260 2247 3605 2316; x_wconf 67' lang='lat' dir='ltr'><strong><em>Vit-entiurn,</em></strong></span> <span class='ocrx_word' id='word_1_211' title='bbox 3639 2261 3695 2307; x_wconf 88' lang='lat' dir='ltr'><strong><em>et</em></strong></span> 
     </span>
    </p>
   </div>
   <div class='ocr_carea' id='block_1_33' title="bbox 2088 2333 3693 2406">
    <p class='ocr_par' dir='ltr' id='par_1_33' title="bbox 2088 2333 3693 2406">
     <span class='ocr_line' id='line_1_33' title="bbox 2088 2333 3693 2406; baseline 0.007 -20"><span class='ocrx_word' id='word_1_212' title='bbox 2088 2333 2402 2400; x_wconf 60' lang='lat' dir='ltr'><strong><em>praefectum</em></strong></span> <span class='ocrx_word' id='word_1_213' title='bbox 2434 2349 2661 2388; x_wconf 64' lang='lat' dir='ltr'><strong><em>annuum-</em></strong></span> <span class='ocrx_word' id='word_1_214' title='bbox 2693 2334 2999 2402; x_wconf 75' lang='lat' dir='ltr'><strong><em>lulianum,</em></strong></span> <span class='ocrx_word' id='word_1_215' title='bbox 3031 2337 3081 2390; x_wconf 91' lang='lat' dir='ltr'><strong><em>id</em></strong></span> <span class='ocrx_word' id='word_1_216' title='bbox 3114 2338 3298 2406; x_wconf 75' lang='lat' dir='ltr'><strong><em>egitut</em></strong></span> <span class='ocrx_word' id='word_1_217' title='bbox 3325 2337 3578 2404; x_wconf 77' lang='lat' dir='ltr'><strong><em>Ursinus,</em></strong></span> <span class='ocrx_word' id='word_1_218' title='bbox 3608 2344 3693 2397; x_wconf 88' lang='lat' dir='ltr'><strong><em>vir</em></strong></span> 
     </span>
    </p>
   </div>
   <div class='ocr_carea' id='block_1_34' title="bbox 2086 2425 3687 2500">
    <p class='ocr_par' dir='ltr' id='par_1_34' title="bbox 2086 2425 3687 2500">
     <span class='ocr_line' id='line_1_34' title="bbox 2086 2425 3687 2500; baseline 0.009 -25"><span class='ocrx_word' id='word_1_219' title='bbox 2086 2425 2412 2478; x_wconf 69' lang='lat' dir='ltr'><strong><em>venerabilis</em></strong></span> <span class='ocrx_word' id='word_1_220' title='bbox 2443 2427 2530 2494; x_wconf 92' lang='lat' dir='ltr'><strong><em>qui</em></strong></span> <span class='ocrx_word' id='word_1_221' title='bbox 2562 2429 2710 2496; x_wconf 91' lang='lat' dir='ltr'><strong><em>prius</em></strong></span> <span class='ocrx_word' id='word_1_222' title='bbox 2739 2426 2912 2482; x_wconf 85' lang='lat' dir='ltr'><strong><em>fuerat</em></strong></span> <span class='ocrx_word' id='word_1_223' title='bbox 2954 2431 3197 2500; x_wconf 85' lang='lat' dir='ltr'><strong><em>pontifex</em></strong></span> <span class='ocrx_word' id='word_1_224' title='bbox 3223 2431 3504 2486; x_wconf 67' lang='lat' dir='ltr'><strong><em>0|‘tlitl3!Us</em></strong></span> <span class='ocrx_word' id='word_1_225' title='bbox 3527 2473 3543 2495; x_wconf 95' lang='lat'><strong><em>,</em></strong></span> <span class='ocrx_word' id='word_1_226' title='bbox 3565 2450 3687 2488; x_wconf 89' lang='lat' dir='ltr'><strong><em>cum</em></strong></span> 
     </span>
    </p>
   </div>
   <div class='ocr_carea' id='block_1_35' title="bbox 2084 2517 3680 2588">
    <p class='ocr_par' dir='ltr' id='par_1_35' title="bbox 2084 2517 3680 2588">
     <span class='ocr_line' id='line_1_35' title="bbox 2084 2517 3680 2588; baseline 0.008 -18"><span class='ocrx_word' id='word_1_227' title='bbox 2084 2518 2338 2572; x_wconf 80' lang='lat' dir='ltr'><strong><em>Amantio</em></strong></span> <span class='ocrx_word' id='word_1_228' title='bbox 2366 2531 2418 2571; x_wconf 90' lang='lat' dir='ltr'><strong><em>et</em></strong></span> <span class='ocrx_word' id='word_1_229' title='bbox 2452 2517 2602 2588; x_wconf 89' lang='lat' dir='ltr'><strong><em>Lupo</em></strong></span> <span class='ocrx_word' id='word_1_230' title='bbox 2621 2521 2942 2576; x_wconf 75' lang='lat' dir='ltr'><strong><em>draconibus</em></strong></span> <span class='ocrx_word' id='word_1_231' title='bbox 2973 2523 3024 2576; x_wconf 92' lang='lat' dir='ltr'><strong><em>in</em></strong></span> <span class='ocrx_word' id='word_1_232' title='bbox 3067 2525 3321 2578; x_wconf 80' lang='lat' dir='ltr'><strong><em>exsilium</em></strong></span> <span class='ocrx_word' id='word_1_233' title='bbox 3348 2529 3680 2582; x_wconf 83' lang='lat' dir='ltr'><strong><em>mitteretur.</em></strong></span> 
     </span>
    </p>
   </div>
   <div class='ocr_carea' id='block_1_36' title="bbox 377 2609 3690 2691">
    <p class='ocr_par' dir='ltr' id='par_1_36' title="bbox 377 2609 3690 2691">
     <span class='ocr_line' id='line_1_36' title="bbox 377 2609 3690 2691; baseline 0.007 -40"><span class='ocrx_word' id='word_1_234' title='bbox 377 2633 689 2691; x_wconf 53' lang='lat' dir='ltr'><strong><em>curramus.</em></strong></span> <span class='ocrx_word' id='word_1_235' title='bbox 707 2618 816 2674; x_wconf 72' lang='lat' dir='ltr'><strong><em>Sed</em></strong></span> <span class='ocrx_word' id='word_1_236' title='bbox 843 2633 910 2674; x_wconf 70' lang='lat' dir='ltr'><strong><em>eo</em></strong></span> <span class='ocrx_word' id='word_1_237' title='bbox 935 2618 1022 2672; x_wconf 70' lang='lat' dir='ltr'><strong><em>die</em></strong></span> <span class='ocrx_word' id='word_1_238' title='bbox 1039 2633 1146 2688; x_wconf 71' lang='lat' dir='ltr'><strong><em>quo</em></strong></span> <span class='ocrx_word' id='word_1_239' title='bbox 1177 2619 1423 2673; x_wconf 68' lang='lat' dir='ltr'><strong><em>Liberius</em></strong></span> <span class='ocrx_word' id='word_1_240' title='bbox 1445 2619 1510 2672; x_wconf 71' lang='lat' dir='ltr'><strong><em>ad</em></strong></span> <span class='ocrx_word' id='word_1_241' title='bbox 1540 2620 1784 2674; x_wconf 43' lang='lat' dir='ltr'><strong><em>exsili“...</em></strong></span> <span class='ocrx_word' id='word_1_242' title='bbox 1811 2620 1977 2688; x_wconf 70' lang='grc' dir='ltr'><strong><em>ρπιηη-</em></strong></span> <span class='ocrx_word' id='word_1_243' title='bbox 2012 2630 2056 2690; x_wconf 78' lang='grc' dir='ltr'><strong><em>Β</em></strong></span> <span class='ocrx_word' id='word_1_244' title='bbox 2083 2609 2236 2676; x_wconf 85' lang='lat' dir='ltr'><strong><em>Quod</em></strong></span> <span class='ocrx_word' id='word_1_245' title='bbox 2263 2611 2354 2664; x_wconf 89' lang='lat' dir='ltr'><strong><em>ubi</em></strong></span> <span class='ocrx_word' id='word_1_246' title='bbox 2381 2613 2574 2665; x_wconf 80' lang='lat' dir='ltr'><strong><em>factum</em></strong></span> <span class='ocrx_word' id='word_1_247' title='bbox 2625 2621 2728 2678; x_wconf 89' lang='lat' dir='ltr'><strong><em>est,</em></strong></span> <span class='ocrx_word' id='word_1_248' title='bbox 2761 2617 2926 2682; x_wconf 72' lang='lat' dir='ltr'><strong><em>erepit</em></strong></span> <span class='ocrx_word' id='word_1_249' title='bbox 2953 2615 3214 2672; x_wconf 85' lang='lat' dir='ltr'><strong><em>Damasus</em></strong></span> <span class='ocrx_word' id='word_1_250' title='bbox 3244 2617 3540 2672; x_wconf 82' lang='lat' dir='ltr'><strong><em>Romanam</em></strong></span> <span class='ocrx_word' id='word_1_251' title='bbox 3575 2621 3690 2690; x_wconf 87' lang='lat' dir='ltr'><strong><em>ple-</em></strong></span> 
     </span>
    </p>
   </div>
   <div class='ocr_carea' id='block_1_37' title="bbox 375 2709 1978 2782">
    <p class='ocr_par' dir='ltr' id='par_1_37' title="bbox 375 2709 1978 2782">
     <span class='ocr_line' id='line_1_37' title="bbox 375 2709 1978 2782; baseline -0.001 -17"><span class='ocrx_word' id='word_1_252' title='bbox 375 2712 724 2775; x_wconf 82' lang='lat' dir='ltr'><strong><em>ciscebatur,</em></strong></span> <span class='ocrx_word' id='word_1_253' title='bbox 757 2710 937 2764; x_wconf 90' lang='lat' dir='ltr'><strong><em>clerus</em></strong></span> <span class='ocrx_word' id='word_1_254' title='bbox 964 2710 1178 2776; x_wconf 81' lang='lat' dir='ltr'><strong><em>omnis,</em></strong></span> <span class='ocrx_word' id='word_1_255' title='bbox 1213 2709 1262 2764; x_wconf 91' lang='lat' dir='ltr'><strong><em>id</em></strong></span> <span class='ocrx_word' id='word_1_256' title='bbox 1296 2719 1378 2765; x_wconf 84' lang='lat' dir='ltr'><strong><em>est</em></strong></span> <span class='ocrx_word' id='word_1_257' title='bbox 1404 2711 1706 2782; x_wconf 80' lang='lat' dir='ltr'><strong><em>presbyteri</em></strong></span> <span class='ocrx_word' id='word_1_258' title='bbox 1727 2719 1782 2765; x_wconf 90' lang='lat' dir='ltr'><strong><em>et</em></strong></span> <span class='ocrx_word' id='word_1_259' title='bbox 1807 2709 1978 2764; x_wconf 81' lang='lat' dir='ltr'><strong><em>archi-</em></strong></span> 
     </span>
    </p>
   </div>
   <div class='ocr_carea' id='block_1_38' title="bbox 373 2797 1978 2870">
    <p class='ocr_par' dir='ltr' id='par_1_38' title="bbox 373 2797 1978 2870">
     <span class='ocr_line' id='line_1_38' title="bbox 373 2797 1978 2870; baseline -0.002 -9"><span class='ocrx_word' id='word_1_260' title='bbox 373 2805 638 2861; x_wconf 84' lang='lat' dir='ltr'><strong><em>diaconus</em></strong></span> <span class='ocrx_word' id='word_1_261' title='bbox 682 2804 832 2859; x_wconf 82' lang='lat' dir='ltr'><strong><em>Felix</em></strong></span> <span class='ocrx_word' id='word_1_262' title='bbox 855 2845 870 2870; x_wconf 91' lang='lat'><strong><em>,</em></strong></span> <span class='ocrx_word' id='word_1_263' title='bbox 902 2815 954 2858; x_wconf 91' lang='lat' dir='ltr'><strong><em>et</em></strong></span> <span class='ocrx_word' id='word_1_264' title='bbox 983 2804 1099 2870; x_wconf 87' lang='lat' dir='ltr'><strong><em>ipse</em></strong></span> <span class='ocrx_word' id='word_1_265' title='bbox 1133 2803 1394 2858; x_wconf 87' lang='lat' dir='ltr'><strong><em>Damasus</em></strong></span> <span class='ocrx_word' id='word_1_266' title='bbox 1419 2797 1677 2858; x_wconf 88' lang='lat' dir='ltr'><strong><em>diaconus</em></strong></span> <span class='ocrx_word' id='word_1_267' title='bbox 1701 2814 1756 2859; x_wconf 89' lang='lat' dir='ltr'><strong><em>ct</em></strong></span> <span class='ocrx_word' id='word_1_268' title='bbox 1784 2812 1978 2859; x_wconf 90' lang='lat' dir='ltr'><strong><em>cuncta</em></strong></span> 
     </span>
    </p>
   </div>
   <div class='ocr_carea' id='block_1_39' title="bbox 374 2896 1978 2966">
    <p class='ocr_par' dir='ltr' id='par_1_39' title="bbox 374 2896 1978 2966">
     <span class='ocr_line' id='line_1_39' title="bbox 374 2896 1978 2966; baseline -0.001 -12"><span class='ocrx_word' id='word_1_269' title='bbox 374 2896 641 2955; x_wconf 76' lang='lat' dir='ltr'><strong><em>Ecclesia:</em></strong></span> <span class='ocrx_word' id='word_1_270' title='bbox 662 2896 884 2960; x_wconf 86' lang='lat' dir='ltr'><strong><em>ofﬁcia,</em></strong></span> <span class='ocrx_word' id='word_1_271' title='bbox 939 2911 1128 2950; x_wconf 88' lang='lat' dir='ltr'><strong><em>omnes</em></strong></span> <span class='ocrx_word' id='word_1_272' title='bbox 1174 2897 1412 2965; x_wconf 87' lang='lat' dir='ltr'><strong><em>pariter,</em></strong></span> <span class='ocrx_word' id='word_1_273' title='bbox 1463 2907 1728 2966; x_wconf 72' lang='lat' dir='ltr'><strong><em>pnesente</em></strong></span> <span class='ocrx_word' id='word_1_274' title='bbox 1781 2897 1978 2966; x_wconf 87' lang='lat' dir='ltr'><strong><em>p0pulo</em></strong></span> 
     </span>
    </p>
   </div>
   <div class='ocr_carea' id='block_1_40' title="bbox 376 2987 1977 3059">
    <p class='ocr_par' dir='ltr' id='par_1_40' title="bbox 376 2987 1977 3059">
     <span class='ocr_line' id='line_1_40' title="bbox 376 2987 1977 3059; baseline -0.001 -13"><span class='ocrx_word' id='word_1_275' title='bbox 376 2990 626 3046; x_wconf 87' lang='lat' dir='ltr'><strong><em>Romano</em></strong></span> <span class='ocrx_word' id='word_1_276' title='bbox 648 3031 662 3053; x_wconf 94' lang='lat'><strong><em>,</em></strong></span> <span class='ocrx_word' id='word_1_277' title='bbox 687 2989 789 3043; x_wconf 90' lang='lat' dir='ltr'><strong><em>sub</em></strong></span> <span class='ocrx_word' id='word_1_278' title='bbox 813 2987 1168 3059; x_wconf 85' lang='lat' dir='ltr'><strong><em>jurejurando</em></strong></span> <span class='ocrx_word' id='word_1_279' title='bbox 1192 2989 1544 3043; x_wconf 89' lang='lat' dir='ltr'><strong><em>ﬁrmaverunt</em></strong></span> <span class='ocrx_word' id='word_1_280' title='bbox 1569 3032 1582 3055; x_wconf 94' lang='lat'><strong><em>,</em></strong></span> <span class='ocrx_word' id='word_1_281' title='bbox 1615 3003 1674 3043; x_wconf 91' lang='lat' dir='ltr'><strong><em>se</em></strong></span> <span class='ocrx_word' id='word_1_282' title='bbox 1699 3030 1714 3055; x_wconf 95' lang='lat'><strong><em>,</em></strong></span> <span class='ocrx_word' id='word_1_283' title='bbox 1761 2987 1977 3045; x_wconf 76' lang='lat' dir='ltr'><strong><em>vivente</em></strong></span> 
     </span>
    </p>
   </div>
   <div class='ocr_carea' id='block_1_41' title="bbox 377 3080 1975 3152">
    <p class='ocr_par' dir='ltr' id='par_1_41' title="bbox 377 3080 1975 3152">
     <span class='ocr_line' id='line_1_41' title="bbox 377 3080 1975 3152; baseline 0 -16"><span class='ocrx_word' id='word_1_284' title='bbox 377 3080 616 3147; x_wconf 84' lang='lat' dir='ltr'><strong><em>Liberio,</em></strong></span> <span class='ocrx_word' id='word_1_285' title='bbox 647 3082 956 3152; x_wconf 86' lang='lat' dir='ltr'><strong><em>pontificem</em></strong></span> <span class='ocrx_word' id='word_1_286' title='bbox 977 3082 1205 3135; x_wconf 87' lang='lat' dir='ltr'><strong><em>alterum</em></strong></span> <span class='ocrx_word' id='word_1_287' title='bbox 1229 3080 1850 3135; x_wconf 89' lang='lat' dir='ltr'><strong><em>nullatenusltabitttros.</em></strong></span> <span class='ocrx_word' id='word_1_288' title='bbox 1868 3080 1975 3136; x_wconf 88' lang='lat' dir='ltr'><strong><em>Sed</em></strong></span> 
     </span>
    </p>
   </div>
   <div class='ocr_carea' id='block_1_42' title="bbox 373 3173 1975 3245">
    <p class='ocr_par' dir='ltr' id='par_1_42' title="bbox 373 3173 1975 3245">
     <span class='ocr_line' id='line_1_42' title="bbox 373 3173 1975 3245; baseline -0.001 -15"><span class='ocrx_word' id='word_1_289' title='bbox 373 3177 554 3230; x_wconf 88' lang='lat' dir='ltr'><strong><em>clerus</em></strong></span> <span class='ocrx_word' id='word_1_290' title='bbox 574 3184 762 3229; x_wconf 88' lang='lat' dir='ltr'><strong><em>contra</em></strong></span> <span class='ocrx_word' id='word_1_291' title='bbox 783 3173 882 3241; x_wconf 92' lang='lat' dir='ltr'><strong><em>fas,</em></strong></span> <span class='ocrx_word' id='word_1_292' title='bbox 912 3173 1054 3245; x_wconf 91' lang='lat' dir='ltr'><strong><em>quod</em></strong></span> <span class='ocrx_word' id='word_1_293' title='bbox 1077 3173 1299 3228; x_wconf 90' lang='lat' dir='ltr'><strong><em>minime</em></strong></span> <span class='ocrx_word' id='word_1_294' title='bbox 1326 3174 1589 3240; x_wconf 89' lang='lat' dir='ltr'><strong><em>decebat,</em></strong></span> <span class='ocrx_word' id='word_1_295' title='bbox 1617 3190 1737 3228; x_wconf 91' lang='lat' dir='ltr'><strong><em>cum</em></strong></span> <span class='ocrx_word' id='word_1_296' title='bbox 1760 3188 1975 3229; x_wconf 92' lang='lat' dir='ltr'><strong><em>summo</em></strong></span> 
     </span>
    </p>
   </div>
   <div class='ocr_carea' id='block_1_43' title="bbox 375 3264 1972 3336">
    <p class='ocr_par' dir='ltr' id='par_1_43' title="bbox 375 3264 1972 3336">
     <span class='ocr_line' id='line_1_43' title="bbox 375 3264 1972 3336; baseline 0.001 -16"><span class='ocrx_word' id='word_1_297' title='bbox 375 3265 598 3336; x_wconf 84' lang='lat' dir='ltr'><strong><em>pcrjttrii</em></strong></span> <span class='ocrx_word' id='word_1_298' title='bbox 631 3265 838 3320; x_wconf 85' lang='lat' dir='ltr'><strong><em>scelere</em></strong></span> <span class='ocrx_word' id='word_1_299' title='bbox 861 3306 875 3330; x_wconf 95' lang='lat'><strong><em>,</em></strong></span> <span class='ocrx_word' id='word_1_300' title='bbox 924 3264 1159 3319; x_wconf 85' lang='lat' dir='ltr'><strong><em>Felicem</em></strong></span> <span class='ocrx_word' id='word_1_301' title='bbox 1191 3264 1635 3319; x_wconf 85' lang='lat' dir='ltr'><strong><em>archidiaconum</em></strong></span> <span class='ocrx_word' id='word_1_302' title='bbox 1665 3266 1972 3321; x_wconf 90' lang='lat' dir='ltr'><strong><em>ordinatum</em></strong></span> 
     </span>
    </p>
   </div>
   <div class='ocr_carea' id='block_1_44' title="bbox 370 3361 1973 3432">
    <p class='ocr_par' dir='ltr' id='par_1_44' title="bbox 370 3361 1973 3432">
     <span class='ocr_line' id='line_1_44' title="bbox 370 3361 1973 3432; baseline -0.001 -16"><span class='ocrx_word' id='word_1_303' title='bbox 370 3361 427 3416; x_wconf 86' lang='lat' dir='ltr'><strong>in</strong></span> <span class='ocrx_word' id='word_1_304' title='bbox 454 3362 631 3416; x_wconf 87' lang='lat' dir='ltr'><strong><em>locum</em></strong></span> <span class='ocrx_word' id='word_1_305' title='bbox 666 3361 863 3417; x_wconf 83' lang='lat' dir='ltr'><strong><em>Liberii</em></strong></span> <span class='ocrx_word' id='word_1_306' title='bbox 893 3375 1263 3432; x_wconf 87' lang='lat' dir='ltr'><strong><em>susceperunt.</em></strong></span> <span class='ocrx_word' id='word_1_307' title='bbox 1296 3361 1448 3428; x_wconf 85' lang='lat' dir='ltr'><strong><em>Quod</em></strong></span> <span class='ocrx_word' id='word_1_308' title='bbox 1496 3361 1693 3415; x_wconf 86' lang='lat' dir='ltr'><strong><em>factum</em></strong></span> <span class='ocrx_word' id='word_1_309' title='bbox 1719 3362 1973 3416; x_wconf 78' lang='lat' dir='ltr'><strong><em>universo</em></strong></span> 
     </span>
    </p>
   </div>
   <div class='ocr_carea' id='block_1_45' title="bbox 370 3453 1973 3524">
    <p class='ocr_par' dir='ltr' id='par_1_45' title="bbox 370 3453 1973 3524">
     <span class='ocr_line' id='line_1_45' title="bbox 370 3453 1973 3524; baseline 0.001 -18"><span class='ocrx_word' id='word_1_310' title='bbox 370 3453 576 3524; x_wconf 88' lang='lat' dir='ltr'><strong><em>populo</em></strong></span> <span class='ocrx_word' id='word_1_311' title='bbox 607 3453 921 3524; x_wconf 84' lang='lat' dir='ltr'><strong><em>displicuit,</em></strong></span> <span class='ocrx_word' id='word_1_312' title='bbox 949 3463 1006 3508; x_wconf 91' lang='lat' dir='ltr'><strong><em>et</em></strong></span> <span class='ocrx_word' id='word_1_313' title='bbox 1032 3469 1092 3507; x_wconf 89' lang='lat' dir='ltr'><strong><em>se</em></strong></span> <span class='ocrx_word' id='word_1_314' title='bbox 1119 3453 1186 3506; x_wconf 88' lang='lat' dir='ltr'><strong><em>ab</em></strong></span> <span class='ocrx_word' id='word_1_315' title='bbox 1213 3453 1332 3521; x_wconf 90' lang='lat' dir='ltr'><strong><em>ejus</em></strong></span> <span class='ocrx_word' id='word_1_316' title='bbox 1369 3454 1714 3522; x_wconf 90' lang='lat' dir='ltr'><strong><em>processione</em></strong></span> <span class='ocrx_word' id='word_1_317' title='bbox 1743 3468 1973 3522; x_wconf 79' lang='lat' dir='ltr'><strong><em>suSpen-</em></strong></span> 
     </span>
    </p>
   </div>
   <div class='ocr_carea' id='block_1_46' title="bbox 369 3546 1970 3616">
    <p class='ocr_par' dir='ltr' id='par_1_46' title="bbox 369 3546 1970 3616">
     <span class='ocr_line' id='line_1_46' title="bbox 369 3546 1970 3616; baseline 0.001 -14"><span class='ocrx_word' id='word_1_318' title='bbox 369 3547 474 3605; x_wconf 90' lang='lat' dir='ltr'><strong><em>dit.</em></strong></span> <span class='ocrx_word' id='word_1_319' title='bbox 507 3547 637 3602; x_wconf 87' lang='lat' dir='ltr'><strong><em>Post</em></strong></span> <span class='ocrx_word' id='word_1_320' title='bbox 663 3561 836 3601; x_wconf 86' lang='lat' dir='ltr'><strong><em>annos</em></strong></span> <span class='ocrx_word' id='word_1_321' title='bbox 861 3547 999 3602; x_wconf 91' lang='lat' dir='ltr'><strong><em>duos</em></strong></span> <span class='ocrx_word' id='word_1_322' title='bbox 1021 3548 1170 3602; x_wconf 91' lang='lat' dir='ltr'><strong><em>venit</em></strong></span> <span class='ocrx_word' id='word_1_323' title='bbox 1200 3549 1424 3602; x_wconf 82' lang='lat' dir='ltr'><strong><em>Romam</em></strong></span> <span class='ocrx_word' id='word_1_324' title='bbox 1449 3546 1828 3616; x_wconf 75' lang='lat' dir='ltr'><strong><em>Consmntius,</em></strong></span> <span class='ocrx_word' id='word_1_325' title='bbox 1873 3565 1970 3616; x_wconf 90' lang='lat' dir='ltr'><strong><em>pro</em></strong></span> 
     </span>
    </p>
   </div>
   <div class='ocr_carea' id='block_1_47' title="bbox 367 3639 1965 3710">
    <p class='ocr_par' dir='ltr' id='par_1_47' title="bbox 367 3639 1965 3710">
     <span class='ocr_line' id='line_1_47' title="bbox 367 3639 1965 3710; baseline 0.001 -15"><span class='ocrx_word' id='word_1_326' title='bbox 367 3639 592 3695; x_wconf 83' lang='lat' dir='ltr'><strong><em>Liberio</em></strong></span> <span class='ocrx_word' id='word_1_327' title='bbox 637 3650 856 3710; x_wconf 77' lang='lat' dir='ltr'><strong><em>rogatur</em></strong></span> <span class='ocrx_word' id='word_1_328' title='bbox 900 3655 928 3692; x_wconf 91' lang='lat' dir='ltr'><strong><em>a</em></strong></span> <span class='ocrx_word' id='word_1_329' title='bbox 976 3640 1332 3710; x_wconf 84' lang='lat' dir='ltr'><strong><em>populo;qui</em></strong></span> <span class='ocrx_word' id='word_1_330' title='bbox 1389 3656 1515 3705; x_wconf 85' lang='lat' dir='ltr'><strong><em>mox</em></strong></span> <span class='ocrx_word' id='word_1_331' title='bbox 1557 3656 1805 3696; x_wconf 88' lang='lat' dir='ltr'><strong><em>annuens</em></strong></span> <span class='ocrx_word' id='word_1_332' title='bbox 1858 3645 1965 3696; x_wconf 86' lang='lat' dir='ltr'><strong><em>ait:</em></strong></span> 
     </span>
    </p>
   </div>
   <div class='ocr_carea' id='block_1_48' title="bbox 369 3730 1966 3803">
    <p class='ocr_par' dir='ltr' id='par_1_48' title="bbox 369 3730 1966 3803">
     <span class='ocr_line' id='line_1_48' title="bbox 369 3730 1966 3803; baseline -0.001 -16"><span class='ocrx_word' id='word_1_333' title='bbox 369 3730 598 3788; x_wconf 78' lang='lat' dir='ltr'><strong><em>Habetis</em></strong></span> <span class='ocrx_word' id='word_1_334' title='bbox 643 3730 954 3799; x_wconf 87' lang='lat' dir='ltr'><strong><em>Liberium,</em></strong></span> <span class='ocrx_word' id='word_1_335' title='bbox 985 3735 1076 3802; x_wconf 89' lang='lat' dir='ltr'><strong><em>qui</em></strong></span> <span class='ocrx_word' id='word_1_336' title='bbox 1106 3734 1281 3802; x_wconf 89' lang='lat' dir='ltr'><strong><em>qualis</em></strong></span> <span class='ocrx_word' id='word_1_337' title='bbox 1309 3749 1337 3786; x_wconf 88' lang='lat' dir='ltr'><strong><em>a</em></strong></span> <span class='ocrx_word' id='word_1_338' title='bbox 1365 3734 1517 3786; x_wconf 84' lang='lat' dir='ltr'><strong><em>vobis</em></strong></span> <span class='ocrx_word' id='word_1_339' title='bbox 1546 3734 1818 3803; x_wconf 84' lang='lat' dir='ltr'><strong><em>profectus</em></strong></span> <span class='ocrx_word' id='word_1_340' title='bbox 1844 3746 1926 3790; x_wconf 89' lang='lat' dir='ltr'><strong><em>est</em></strong></span> <span class='ocrx_word' id='word_1_341' title='bbox 1950 3775 1966 3801; x_wconf 90' lang='lat'><strong><em>,</em></strong></span> 
     </span>
    </p>
   </div>
   <div class='ocr_carea' id='block_1_49' title="bbox 367 3824 1964 3896">
    <p class='ocr_par' dir='ltr' id='par_1_49' title="bbox 367 3824 1964 3896">
     <span class='ocr_line' id='line_1_49' title="bbox 367 3824 1964 3896; baseline 0.001 -17"><span class='ocrx_word' id='word_1_342' title='bbox 367 3824 569 3879; x_wconf 87' lang='lat' dir='ltr'><strong><em>melior</em></strong></span> <span class='ocrx_word' id='word_1_343' title='bbox 619 3831 945 3878; x_wconf 80' lang='lat' dir='ltr'><strong><em>revertetur.</em></strong></span> <span class='ocrx_word' id='word_1_344' title='bbox 1006 3825 1118 3879; x_wconf 89' lang='lat' dir='ltr'><strong><em>lloc</em></strong></span> <span class='ocrx_word' id='word_1_345' title='bbox 1163 3834 1341 3879; x_wconf 88' lang='lat' dir='ltr'><strong><em>autem</em></strong></span> <span class='ocrx_word' id='word_1_346' title='bbox 1385 3826 1454 3880; x_wconf 90' lang='lat' dir='ltr'><strong><em>de</em></strong></span> <span class='ocrx_word' id='word_1_347' title='bbox 1505 3842 1774 3881; x_wconf 85' lang='lat' dir='ltr'><strong><em>consensu</em></strong></span> <span class='ocrx_word' id='word_1_348' title='bbox 1813 3827 1964 3896; x_wconf 87' lang='lat' dir='ltr'><strong><em>ejus,</em></strong></span> 
     </span>
    </p>
   </div>
   <div class='ocr_carea' id='block_1_50' title="bbox 363 3915 1966 3986">
    <p class='ocr_par' dir='ltr' id='par_1_50' title="bbox 363 3915 1966 3986">
     <span class='ocr_line' id='line_1_50' title="bbox 363 3915 1966 3986; baseline 0.001 -17"><span class='ocrx_word' id='word_1_349' title='bbox 363 3930 477 3983; x_wconf 88' lang='lat' dir='ltr'><strong><em>quo</em></strong></span> <span class='ocrx_word' id='word_1_350' title='bbox 501 3929 691 3969; x_wconf 87' lang='lat' dir='ltr'><strong><em>manus</em></strong></span> <span class='ocrx_word' id='word_1_351' title='bbox 718 3915 960 3986; x_wconf 70' lang='lat' dir='ltr'><strong><em>perﬁdise</em></strong></span> <span class='ocrx_word' id='word_1_352' title='bbox 985 3916 1208 3971; x_wconf 87' lang='lat' dir='ltr'><strong><em>dederat</em></strong></span> <span class='ocrx_word' id='word_1_353' title='bbox 1234 3958 1248 3981; x_wconf 92' lang='lat'><strong><em>,</em></strong></span> <span class='ocrx_word' id='word_1_354' title='bbox 1284 3917 1572 3971; x_wconf 87' lang='lat' dir='ltr'><strong><em>indicabat.</em></strong></span> <span class='ocrx_word' id='word_1_355' title='bbox 1605 3917 1790 3972; x_wconf 86' lang='lat' dir='ltr'><strong><em>Tertio</em></strong></span> <span class='ocrx_word' id='word_1_356' title='bbox 1821 3934 1966 3972; x_wconf 88' lang='lat' dir='ltr'><strong><em>anno</em></strong></span> 
     </span>
    </p>
   </div>
   <div class='ocr_carea' id='block_1_51' title="bbox 2085 2701 3684 2776">
    <p class='ocr_par' dir='ltr' id='par_1_51' title="bbox 2085 2701 3684 2776">
     <span class='ocr_line' id='line_1_51' title="bbox 2085 2701 3684 2776; baseline 0.008 -21"><span class='ocrx_word' id='word_1_357' title='bbox 2085 2701 2208 2755; x_wconf 87' lang='lat' dir='ltr'><strong><em>bent</em></strong></span> <span class='ocrx_word' id='word_1_358' title='bbox 2258 2717 2380 2773; x_wconf 85' lang='lat' dir='ltr'><strong><em>quae</em></strong></span> <span class='ocrx_word' id='word_1_359' title='bbox 2410 2719 2470 2758; x_wconf 90' lang='lat' dir='ltr'><strong><em>se</em></strong></span> <span class='ocrx_word' id='word_1_360' title='bbox 2526 2705 2744 2759; x_wconf 87' lang='lat' dir='ltr'><strong><em>nolebat</em></strong></span> <span class='ocrx_word' id='word_1_361' title='bbox 2789 2710 3118 2776; x_wconf 89' lang='lat' dir='ltr'><strong><em>procedere,</em></strong></span> <span class='ocrx_word' id='word_1_362' title='bbox 3167 2709 3398 2765; x_wconf 78' lang='lat' dir='ltr'><strong><em>fustibus</em></strong></span> <span class='ocrx_word' id='word_1_363' title='bbox 3425 2720 3480 2764; x_wconf 89' lang='lat' dir='ltr'><strong><em>et</em></strong></span> <span class='ocrx_word' id='word_1_364' title='bbox 3533 2713 3684 2768; x_wconf 83' lang='lat' dir='ltr'><strong><em>caede</em></strong></span> 
     </span>
    </p>
   </div>
   <div class='ocr_carea' id='block_1_52' title="bbox 2085 2797 3677 2874">
    <p class='ocr_par' dir='ltr' id='par_1_52' title="bbox 2085 2797 3677 2874">
     <span class='ocr_line' id='line_1_52' title="bbox 2085 2797 3677 2874; baseline 0.007 -26"><span class='ocrx_word' id='word_1_365' title='bbox 2085 2797 2236 2850; x_wconf 78' lang='lat' dir='ltr'><strong><em>varia</em></strong></span> <span class='ocrx_word' id='word_1_366' title='bbox 2265 2811 2578 2867; x_wconf 80' lang='lat' dir='ltr'><strong><em>perurgere.</em></strong></span> <span class='ocrx_word' id='word_1_367' title='bbox 2599 2797 2954 2868; x_wconf 84' lang='lat' dir='ltr'><strong><em>Presbyteros</em></strong></span> <span class='ocrx_word' id='word_1_368' title='bbox 2977 2817 3192 2871; x_wconf 90' lang='lat' dir='ltr'><strong><em>quoque</em></strong></span> <span class='ocrx_word' id='word_1_369' title='bbox 3219 2819 3444 2857; x_wconf 89' lang='lat' dir='ltr'><strong><em>numero</em></strong></span> <span class='ocrx_word' id='word_1_370' title='bbox 3469 2814 3677 2874; x_wconf 90' lang='lat' dir='ltr'><strong><em>septem</em></strong></span> 
     </span>
    </p>
   </div>
   <div class='ocr_carea' id='block_1_53' title="bbox 2084 2887 3679 2967">
    <p class='ocr_par' dir='ltr' id='par_1_53' title="bbox 2084 2887 3679 2967">
     <span class='ocr_line' id='line_1_53' title="bbox 2084 2887 3679 2967; baseline 0.008 -26"><span class='ocrx_word' id='word_1_371' title='bbox 2084 2887 2333 2942; x_wconf 87' lang='lat' dir='ltr'><strong><em>detentos</em></strong></span> <span class='ocrx_word' id='word_1_372' title='bbox 2366 2906 2459 2958; x_wconf 90' lang='lat' dir='ltr'><strong><em>per</em></strong></span> <span class='ocrx_word' id='word_1_373' title='bbox 2490 2892 2722 2945; x_wconf 84' lang='lat' dir='ltr'><strong><em>ofﬁcium</em></strong></span> <span class='ocrx_word' id='word_1_374' title='bbox 2752 2893 2938 2946; x_wconf 91' lang='lat' dir='ltr'><strong><em>nititur</em></strong></span> <span class='ocrx_word' id='word_1_375' title='bbox 2959 2896 3026 2948; x_wconf 91' lang='lat' dir='ltr'><strong><em>ab</em></strong></span> <span class='ocrx_word' id='word_1_376' title='bbox 3048 2894 3192 2950; x_wconf 90' lang='lat' dir='ltr'><strong><em>Urbe</em></strong></span> <span class='ocrx_word' id='word_1_377' title='bbox 3220 2899 3541 2967; x_wconf 88' lang='lat' dir='ltr'><strong><em>pr0pellere.</em></strong></span> <span class='ocrx_word' id='word_1_378' title='bbox 3571 2898 3679 2954; x_wconf 90' lang='lat' dir='ltr'><strong><em>Sed</em></strong></span> 
     </span>
    </p>
   </div>
   <div class='ocr_carea' id='block_1_54' title="bbox 2083 2983 3676 3061">
    <p class='ocr_par' dir='ltr' id='par_1_54' title="bbox 2083 2983 3676 3061">
     <span class='ocr_line' id='line_1_54' title="bbox 2083 2983 3676 3061; baseline 0.008 -25"><span class='ocrx_word' id='word_1_379' title='bbox 2083 2983 2236 3052; x_wconf 75' lang='lat' dir='ltr'><strong><em>plebs</em></strong></span> <span class='ocrx_word' id='word_1_380' title='bbox 2262 2983 2434 3038; x_wconf 88' lang='lat' dir='ltr'><strong><em>ﬁdelis</em></strong></span> <span class='ocrx_word' id='word_1_381' title='bbox 2462 3001 2759 3042; x_wconf 85' lang='lat' dir='ltr'><strong><em>occurrens</em></strong></span> <span class='ocrx_word' id='word_1_382' title='bbox 2785 2988 3004 3043; x_wconf 89' lang='lat' dir='ltr'><strong><em>eosdem</em></strong></span> <span class='ocrx_word' id='word_1_383' title='bbox 3038 2993 3383 3061; x_wconf 66' lang='lat' dir='ltr'><strong><em>presbyteros</em></strong></span> <span class='ocrx_word' id='word_1_384' title='bbox 3411 2994 3575 3060; x_wconf 91' lang='lat' dir='ltr'><strong><em>eruit,</em></strong></span> <span class='ocrx_word' id='word_1_385' title='bbox 3620 3003 3676 3048; x_wconf 88' lang='lat' dir='ltr'><strong><em>et</em></strong></span> 
     </span>
    </p>
   </div>
   <div class='ocr_carea' id='block_1_55' title="bbox 2080 3074 3310 3152">
    <p class='ocr_par' dir='ltr' id='par_1_55' title="bbox 2080 3074 3310 3152">
     <span class='ocr_line' id='line_1_55' title="bbox 2080 3074 3310 3152; baseline 0.008 -25"><span class='ocrx_word' id='word_1_386' title='bbox 2080 3074 2146 3128; x_wconf 91' lang='lat' dir='ltr'><strong><em>ad</em></strong></span> <span class='ocrx_word' id='word_1_387' title='bbox 2180 3075 2452 3130; x_wconf 88' lang='lat' dir='ltr'><strong><em>basilicam</em></strong></span> <span class='ocrx_word' id='word_1_388' title='bbox 2485 3076 2679 3132; x_wconf 81' lang='lat' dir='ltr'><strong><em>Libet-ii</em></strong></span> <span class='ocrx_word' id='word_1_389' title='bbox 2711 3079 2831 3134; x_wconf 85' lang='lat' dir='ltr'><strong><em>sine</em></strong></span> <span class='ocrx_word' id='word_1_390' title='bbox 2860 3095 3008 3134; x_wconf 91' lang='lat' dir='ltr'><strong><em>mora</em></strong></span> <span class='ocrx_word' id='word_1_391' title='bbox 3037 3081 3310 3152; x_wconf 74' lang='lat' dir='ltr'><strong><em>perduxit.</em></strong></span> 
     </span>
    </p>
   </div>
   <div class='ocr_carea' id='block_1_56' title="bbox 2151 3164 3671 3247">
    <p class='ocr_par' dir='ltr' id='par_1_56' title="bbox 2151 3164 3671 3247">
     <span class='ocr_line' id='line_1_56' title="bbox 2151 3164 3671 3247; baseline 0.011 -29"><span class='ocrx_word' id='word_1_392' title='bbox 2151 3164 2241 3219; x_wconf 92' lang='lat' dir='ltr'><strong><em>lll.</em></strong></span> <span class='ocrx_word' id='word_1_393' title='bbox 2283 3167 2435 3222; x_wconf 89' lang='lat' dir='ltr'><strong><em>&#39;l‘unc</em></strong></span> <span class='ocrx_word' id='word_1_394' title='bbox 2465 3168 2729 3223; x_wconf 85' lang='lat' dir='ltr'><strong><em>Damasus</em></strong></span> <span class='ocrx_word' id='word_1_395' title='bbox 2757 3185 2876 3225; x_wconf 92' lang='lat' dir='ltr'><strong><em>cum</em></strong></span> <span class='ocrx_word' id='word_1_396' title='bbox 2904 3171 3126 3242; x_wconf 86' lang='lat' dir='ltr'><strong><em>perﬁdis</em></strong></span> <span class='ocrx_word' id='word_1_397' title='bbox 3150 3176 3333 3229; x_wconf 86' lang='lat' dir='ltr'><strong><em>invitat</em></strong></span> <span class='ocrx_word' id='word_1_398' title='bbox 3355 3177 3636 3234; x_wconf 86' lang='lat' dir='ltr'><strong><em>arenarios</em></strong></span> <span class='ocrx_word' id='word_1_399' title='bbox 3655 3221 3671 3247; x_wconf 91' lang='lat'><strong><em>,</em></strong></span> 
     </span>
    </p>
   </div>
   <div class='ocr_carea' id='block_1_57' title="bbox 2076 3259 3670 3336">
    <p class='ocr_par' dir='ltr' id='par_1_57' title="bbox 2076 3259 3670 3336">
     <span class='ocr_line' id='line_1_57' title="bbox 2076 3259 3670 3336; baseline 0.009 -24"><span class='ocrx_word' id='word_1_400' title='bbox 2076 3259 2451 3328; x_wconf 81' lang='lat' dir='ltr'><strong><em>quadrigarios</em></strong></span> <span class='ocrx_word' id='word_1_401' title='bbox 2507 3271 2561 3315; x_wconf 90' lang='lat' dir='ltr'><strong><em>et</em></strong></span> <span class='ocrx_word' id='word_1_402' title='bbox 2610 3261 2880 3329; x_wconf 88' lang='lat' dir='ltr'><strong><em>fossores,</em></strong></span> <span class='ocrx_word' id='word_1_403' title='bbox 2926 3281 3251 3336; x_wconf 90' lang='lat' dir='ltr'><strong><em>omnemque</em></strong></span> <span class='ocrx_word' id='word_1_404' title='bbox 3282 3268 3520 3334; x_wconf 90' lang='lat' dir='ltr'><strong><em>clerum,</em></strong></span> <span class='ocrx_word' id='word_1_405' title='bbox 3547 3286 3670 3326; x_wconf 90' lang='lat' dir='ltr'><strong><em>cum</em></strong></span> 
     </span>
    </p>
   </div>
   <div class='ocr_carea' id='block_1_58' title="bbox 2077 3354 3666 3424">
    <p class='ocr_par' dir='ltr' id='par_1_58' title="bbox 2077 3354 3666 3424">
     <span class='ocr_line' id='line_1_58' title="bbox 2077 3354 3666 3424; baseline 0.008 -18"><span class='ocrx_word' id='word_1_406' title='bbox 2077 3354 2390 3420; x_wconf 88' lang='lat' dir='ltr'><strong><em>securibus,</em></strong></span> <span class='ocrx_word' id='word_1_407' title='bbox 2421 3355 2616 3424; x_wconf 81' lang='lat' dir='ltr'><strong><em>gladiis</em></strong></span> <span class='ocrx_word' id='word_1_408' title='bbox 2661 3358 2996 3424; x_wconf 87' lang='lat' dir='ltr'><strong><em>etfustibus,</em></strong></span> <span class='ocrx_word' id='word_1_409' title='bbox 3027 3371 3084 3414; x_wconf 89' lang='lat' dir='ltr'><strong><em>et</em></strong></span> <span class='ocrx_word' id='word_1_410' title='bbox 3123 3361 3337 3415; x_wconf 88' lang='lat' dir='ltr'><strong><em>obsedit</em></strong></span> <span class='ocrx_word' id='word_1_411' title='bbox 3390 3363 3666 3419; x_wconf 74' lang='lat' dir='ltr'><strong><em>basﬂicam</em></strong></span> 
     </span>
    </p>
   </div>
   <div class='ocr_carea' id='block_1_59' title="bbox 2076 3443 3675 3518">
    <p class='ocr_par' dir='ltr' id='par_1_59' title="bbox 2076 3443 3675 3518">
     <span class='ocr_line' id='line_1_59' title="bbox 2076 3443 3675 3518; baseline 0.008 -20"><span class='ocrx_word' id='word_1_412' title='bbox 2076 3443 2212 3498; x_wconf 87' lang='lat' dir='ltr'><strong><em>hora</em></strong></span> <span class='ocrx_word' id='word_1_413' title='bbox 2267 3446 2373 3499; x_wconf 90' lang='lat' dir='ltr'><strong><em>diei</em></strong></span> <span class='ocrx_word' id='word_1_414' title='bbox 2427 3448 2699 3511; x_wconf 77' lang='lat' dir='ltr'><strong><em>secunda,</em></strong></span> <span class='ocrx_word' id='word_1_415' title='bbox 2765 3456 2996 3518; x_wconf 81' lang='lat' dir='ltr'><strong><em>St&#39;plllllo</em></strong></span> <span class='ocrx_word' id='word_1_416' title='bbox 3037 3450 3389 3508; x_wconf 85' lang='lat' dir='ltr'><strong><em>kalendarum</em></strong></span> <span class='ocrx_word' id='word_1_417' title='bbox 3438 3454 3675 3510; x_wconf 81' lang='lat' dir='ltr'><strong><em>Noveru-</em></strong></span> 
     </span>
    </p>
   </div>
   <div class='ocr_carea' id='block_1_60' title="bbox 2074 3538 3681 3620">
    <p class='ocr_par' dir='ltr' id='par_1_60' title="bbox 2074 3538 3681 3620">
     <span class='ocr_line' id='line_1_60' title="bbox 2074 3538 3681 3620; baseline 0.009 -29"><span class='ocrx_word' id='word_1_418' title='bbox 2074 3538 2368 3600; x_wconf 84' lang='lat' dir='ltr'><strong><em>briuntdie,</em></strong></span> <span class='ocrx_word' id='word_1_419' title='bbox 2398 3538 2656 3596; x_wconf 80' lang='lat' dir='ltr'><strong><em>Gratiano</em></strong></span> <span class='ocrx_word' id='word_1_420' title='bbox 2685 3543 3252 3612; x_wconf 77' lang='lat' dir='ltr'><strong><em>etDagalaisoconss.,</em></strong></span> <span class='ocrx_word' id='word_1_421' title='bbox 3277 3557 3331 3602; x_wconf 91' lang='lat' dir='ltr'><strong><em>et</em></strong></span> <span class='ocrx_word' id='word_1_422' title='bbox 3359 3565 3523 3619; x_wconf 78' lang='lat' dir='ltr'><strong><em>grave</em></strong></span> <span class='ocrx_word' id='word_1_423' title='bbox 3543 3566 3681 3620; x_wconf 71' lang='lat' dir='ltr'><strong><em>prte-</em></strong></span> 
     </span>
    </p>
   </div>
   <div class='ocr_carea' id='block_1_61' title="bbox 2077 3627 3674 3713">
    <p class='ocr_par' dir='ltr' id='par_1_61' title="bbox 2077 3627 3674 3713">
     <span class='ocr_line' id='line_1_61' title="bbox 2077 3627 3674 3713; baseline 0.009 -33"><span class='ocrx_word' id='word_1_424' title='bbox 2077 3627 2207 3681; x_wconf 92' lang='lat' dir='ltr'><strong><em>linm</em></strong></span> <span class='ocrx_word' id='word_1_425' title='bbox 2237 3631 2549 3683; x_wconf 81' lang='lat' dir='ltr'><strong><em>concitavit.</em></strong></span> <span class='ocrx_word' id='word_1_426' title='bbox 2582 3632 2714 3685; x_wconf 88' lang='lat' dir='ltr'><strong><em>Nam</em></strong></span> <span class='ocrx_word' id='word_1_427' title='bbox 2743 3633 2980 3690; x_wconf 70' lang='lat' dir='ltr'><strong><em>cili-amis</em></strong></span> <span class='ocrx_word' id='word_1_428' title='bbox 3005 3636 3211 3692; x_wconf 88' lang='lat' dir='ltr'><strong><em>foribus</em></strong></span> <span class='ocrx_word' id='word_1_429' title='bbox 3235 3681 3250 3703; x_wconf 94' lang='lat'><strong><em>,</em></strong></span> <span class='ocrx_word' id='word_1_430' title='bbox 3282 3640 3512 3711; x_wconf 76' lang='lat' dir='ltr'><strong><em>igneqne</em></strong></span> <span class='ocrx_word' id='word_1_431' title='bbox 3543 3657 3674 3713; x_wconf 90' lang='lat' dir='ltr'><strong><em>sup-</em></strong></span> 
     </span>
    </p>
   </div>
   <div class='ocr_carea' id='block_1_62' title="bbox 2076 3723 3669 3798">
    <p class='ocr_par' dir='ltr' id='par_1_62' title="bbox 2076 3723 3669 3798">
     <span class='ocr_line' id='line_1_62' title="bbox 2076 3723 3669 3798; baseline 0.007 -20"><span class='ocrx_word' id='word_1_432' title='bbox 2076 3723 2286 3792; x_wconf 85' lang='lat' dir='ltr'><strong><em>posito,</em></strong></span> <span class='ocrx_word' id='word_1_433' title='bbox 2315 3724 2517 3777; x_wconf 87' lang='lat' dir='ltr'><strong><em>aditum</em></strong></span> <span class='ocrx_word' id='word_1_434' title='bbox 2545 3727 2684 3780; x_wconf 89' lang='lat' dir='ltr'><strong><em>unde</em></strong></span> <span class='ocrx_word' id='word_1_435' title='bbox 2709 3728 3032 3797; x_wconf 88' lang='lat' dir='ltr'><strong><em>irrumperet</em></strong></span> <span class='ocrx_word' id='word_1_436' title='bbox 3052 3733 3387 3798; x_wconf 84' lang='lat' dir='ltr'><strong><em>exquirebat.</em></strong></span> <span class='ocrx_word' id='word_1_437' title='bbox 3413 3735 3669 3790; x_wconf 86' lang='lat' dir='ltr'><strong>Nonnulli</strong></span> 
     </span>
    </p>
   </div>
   <div class='ocr_carea' id='block_1_63' title="bbox 2074 3817 3668 3888">
    <p class='ocr_par' dir='ltr' id='par_1_63' title="bbox 2074 3817 3668 3888">
     <span class='ocr_line' id='line_1_63' title="bbox 2074 3817 3668 3888; baseline 0.008 -19"><span class='ocrx_word' id='word_1_438' title='bbox 2074 3831 2290 3887; x_wconf 88' lang='lat' dir='ltr'><strong><em>quoque</em></strong></span> <span class='ocrx_word' id='word_1_439' title='bbox 2317 3818 2384 3872; x_wconf 92' lang='lat' dir='ltr'><strong><em>de</em></strong></span> <span class='ocrx_word' id='word_1_440' title='bbox 2416 3817 2772 3874; x_wconf 46' lang='lat' dir='ltr'><strong><em>familiaribus</em></strong></span> <span class='ocrx_word' id='word_1_441' title='bbox 2813 3821 2929 3888; x_wconf 86' lang='lat' dir='ltr'><strong><em>ejus</em></strong></span> <span class='ocrx_word' id='word_1_442' title='bbox 2955 3863 2970 3886; x_wconf 95' lang='lat'><strong><em>,</em></strong></span> <span class='ocrx_word' id='word_1_443' title='bbox 3022 3831 3224 3876; x_wconf 86' lang='lat' dir='ltr'><strong><em>lectum</em></strong></span> <span class='ocrx_word' id='word_1_444' title='bbox 3278 3825 3514 3880; x_wconf 73' lang='lat' dir='ltr'><strong><em>basilica:</em></strong></span> <span class='ocrx_word' id='word_1_445' title='bbox 3567 3825 3668 3881; x_wconf 86' lang='lat' dir='ltr'><strong><em>de-</em></strong></span> 
     </span>
    </p>
   </div>
   <div class='ocr_carea' id='block_1_64' title="bbox 2074 3910 3671 3983">
    <p class='ocr_par' dir='ltr' id='par_1_64' title="bbox 2074 3910 3671 3983">
     <span class='ocr_line' id='line_1_64' title="bbox 2074 3910 3671 3983; baseline 0.007 -21"><span class='ocrx_word' id='word_1_446' title='bbox 2074 3919 2370 3975; x_wconf 87' lang='lat' dir='ltr'><strong><em>struentes,</em></strong></span> <span class='ocrx_word' id='word_1_447' title='bbox 2389 3912 2579 3980; x_wconf 82' lang='lat' dir='ltr'><strong><em>tegulis</em></strong></span> <span class='ocrx_word' id='word_1_448' title='bbox 2608 3910 2819 3964; x_wconf 89' lang='lat' dir='ltr'><strong><em>ﬁdelem</em></strong></span> <span class='ocrx_word' id='word_1_449' title='bbox 2849 3915 3103 3982; x_wconf 84' lang='lat' dir='ltr'><strong><em>pupulum</em></strong></span> <span class='ocrx_word' id='word_1_450' title='bbox 3134 3914 3491 3983; x_wconf 82' lang='lat' dir='ltr'><strong><em>perimebant.</em></strong></span> <span class='ocrx_word' id='word_1_451' title='bbox 3517 3917 3671 3973; x_wconf 92' lang='lat' dir='ltr'><strong><em>Tunc</em></strong></span> 
     </span>
    </p>
   </div>
   <div class='ocr_carea' id='block_1_65' title="bbox 363 4002 3664 4083">
    <p class='ocr_par' dir='ltr' id='par_1_65' title="bbox 363 4002 3664 4083">
     <span class='ocr_line' id='line_1_65' title="bbox 363 4002 3664 4083; baseline 0.006 -36"><span class='ocrx_word' id='word_1_452' title='bbox 363 4008 512 4065; x_wconf 57' lang='lat' dir='ltr'><strong><em>redii</em></strong></span> <span class='ocrx_word' id='word_1_453' title='bbox 541 4008 822 4076; x_wconf 55' lang='lat' dir='ltr'><strong><em>Liberius,</em></strong></span> <span class='ocrx_word' id='word_1_454' title='bbox 851 4011 936 4065; x_wconf 64' lang='lat' dir='ltr'><strong><em>cui</em></strong></span> <span class='ocrx_word' id='word_1_455' title='bbox 966 4011 1191 4065; x_wconf 57' lang='lat' dir='ltr'><strong><em>obviam»</em></strong></span> <span class='ocrx_word' id='word_1_456' title='bbox 1236 4025 1355 4066; x_wconf 68' lang='lat' dir='ltr'><strong><em>cum</em></strong></span> <span class='ocrx_word' id='word_1_457' title='bbox 1387 4011 1580 4082; x_wconf 67' lang='lat' dir='ltr'><strong><em>gaudio</em></strong></span> <span class='ocrx_word' id='word_1_458' title='bbox 1609 4012 1837 4082; x_wconf 76' lang='grc' dir='ltr'><strong><em>ροριιιυε</em></strong></span> <span class='ocrx_word' id='word_1_459' title='bbox 1859 4012 1964 4066; x_wconf 73' lang='lat' dir='ltr'><strong><em>Ro-</em></strong></span> <span class='ocrx_word' id='word_1_460' title='bbox 1991 4020 2036 4083; x_wconf 69' lang='grc' dir='ltr'><strong>ρ</strong></span> <span class='ocrx_word' id='word_1_461' title='bbox 2073 4003 2308 4056; x_wconf 75' lang='lat' dir='ltr'><strong><em>universi</em></strong></span> <span class='ocrx_word' id='word_1_462' title='bbox 2340 4002 2638 4057; x_wconf 86' lang='lat' dir='ltr'><strong><em>damasiani</em></strong></span> <span class='ocrx_word' id='word_1_463' title='bbox 2671 4003 2942 4059; x_wconf 88' lang='lat' dir='ltr'><strong><em>irruentes</em></strong></span> <span class='ocrx_word' id='word_1_464' title='bbox 2991 4007 3042 4060; x_wconf 91' lang='lat' dir='ltr'><strong><em>in</em></strong></span> <span class='ocrx_word' id='word_1_465' title='bbox 3077 4009 3390 4076; x_wconf 88' lang='lat' dir='ltr'><strong><em>basilicam,</em></strong></span> <span class='ocrx_word' id='word_1_466' title='bbox 3445 4020 3664 4066; x_wconf 88' lang='lat' dir='ltr'><strong><em>centum</em></strong></span> 
     </span>
    </p>
   </div>
   <div class='ocr_carea' id='block_1_66' title="bbox 366 4094 1981 4176">
    <p class='ocr_par' dir='ltr' id='par_1_66' title="bbox 366 4103 1964 4176">
     <span class='ocr_line' id='line_1_66' title="bbox 366 4103 1964 4176; baseline 0.001 -17"><span class='ocrx_word' id='word_1_467' title='bbox 366 4117 569 4159; x_wconf 86' lang='lat' dir='ltr'><strong><em>manus</em></strong></span> <span class='ocrx_word' id='word_1_468' title='bbox 595 4105 786 4157; x_wconf 82' lang='lat' dir='ltr'><strong><em>exivit:</em></strong></span> <span class='ocrx_word' id='word_1_469' title='bbox 823 4103 977 4158; x_wconf 83' lang='lat' dir='ltr'><strong><em>Felix</em></strong></span> <span class='ocrx_word' id='word_1_470' title='bbox 1011 4113 1224 4157; x_wconf 83' lang='lat' dir='ltr'><strong><em>notatus</em></strong></span> <span class='ocrx_word' id='word_1_471' title='bbox 1251 4119 1280 4158; x_wconf 93' lang='lat' dir='ltr'><strong><em>a</em></strong></span> <span class='ocrx_word' id='word_1_472' title='bbox 1308 4114 1495 4158; x_wconf 87' lang='lat' dir='ltr'><strong><em>senatu</em></strong></span> <span class='ocrx_word' id='word_1_473' title='bbox 1520 4104 1604 4158; x_wconf 89' lang='lat' dir='ltr'><strong><em>vel</em></strong></span> <span class='ocrx_word' id='word_1_474' title='bbox 1637 4105 1865 4176; x_wconf 87' lang='lat' dir='ltr'><strong><em>populo,</em></strong></span> <span class='ocrx_word' id='word_1_475' title='bbox 1895 4105 1964 4160; x_wconf 89' lang='lat' dir='ltr'><strong><em>de</em></strong></span> 
     </span>
    </p>
   </div>
   <div class='ocr_carea' id='block_1_67' title="bbox 2086 4094 3669 4176">
    <p class='ocr_par' dir='ltr' id='par_1_67' title="bbox 2086 4094 3669 4170">
     <span class='ocr_line' id='line_1_67' title="bbox 2086 4094 3669 4170; baseline 0.011 -24"><span class='ocrx_word' id='word_1_476' title='bbox 2086 4094 2349 4164; x_wconf 71' lang='lat' dir='ltr'><strong><em>sexaginta</em></strong></span> <span class='ocrx_word' id='word_1_477' title='bbox 2369 4095 2437 4150; x_wconf 91' lang='lat' dir='ltr'><strong><em>de</em></strong></span> <span class='ocrx_word' id='word_1_478' title='bbox 2462 4096 2636 4164; x_wconf 88' lang='lat' dir='ltr'><strong><em>plebe,</em></strong></span> <span class='ocrx_word' id='word_1_479' title='bbox 2665 4106 2770 4150; x_wconf 85' lang='lat' dir='ltr'><strong><em>tam</em></strong></span> <span class='ocrx_word' id='word_1_480' title='bbox 2791 4099 2932 4152; x_wconf 88' lang='lat' dir='ltr'><strong><em>viros</em></strong></span> <span class='ocrx_word' id='word_1_481' title='bbox 2963 4116 3122 4170; x_wconf 85' lang='lat' dir='ltr'><strong><em>quain</em></strong></span> <span class='ocrx_word' id='word_1_482' title='bbox 3145 4105 3425 4169; x_wconf 86' lang='lat' dir='ltr'><strong><em>mulieres,</em></strong></span> <span class='ocrx_word' id='word_1_483' title='bbox 3454 4107 3669 4163; x_wconf 89' lang='lat' dir='ltr'><strong><em>occide-</em></strong></span> 
     </span>
    </p>
   </div>
   <div class='ocr_carea' id='block_1_68' title="bbox 366 4189 1981 4270">
    <p class='ocr_par' dir='ltr' id='par_1_68' title="bbox 366 4195 1962 4270">
     <span class='ocr_line' id='line_1_68' title="bbox 366 4195 1962 4270; baseline 0.001 -19"><span class='ocrx_word' id='word_1_484' title='bbox 366 4195 522 4252; x_wconf 88' lang='lat' dir='ltr'><strong><em>Urbe</em></strong></span> <span class='ocrx_word' id='word_1_485' title='bbox 551 4197 868 4266; x_wconf 72' lang='lat' dir='ltr'><strong><em>[impellitur</em></strong></span> <span class='ocrx_word' id='word_1_486' title='bbox 889 4238 902 4259; x_wconf 96' lang='lat'><strong><em>,</em></strong></span> <span class='ocrx_word' id='word_1_487' title='bbox 931 4208 984 4252; x_wconf 92' lang='lat' dir='ltr'><strong><em>et</em></strong></span> <span class='ocrx_word' id='word_1_488' title='bbox 1029 4208 1148 4267; x_wconf 90' lang='lat' dir='ltr'><strong><em>post</em></strong></span> <span class='ocrx_word' id='word_1_489' title='bbox 1173 4215 1361 4270; x_wconf 88' lang='lat' dir='ltr'><strong><em>parum</em></strong></span> <span class='ocrx_word' id='word_1_490' title='bbox 1398 4201 1690 4267; x_wconf 88' lang='lat' dir='ltr'><strong><em>temporis,</em></strong></span> <span class='ocrx_word' id='word_1_491' title='bbox 1729 4201 1962 4270; x_wconf 88' lang='lat' dir='ltr'><strong><em>impulsu</em></strong></span> 
     </span>
    </p>
   </div>
   <div class='ocr_carea' id='block_1_69' title="bbox 2086 4189 3666 4270">
    <p class='ocr_par' dir='ltr' id='par_1_69' title="bbox 2086 4189 3666 4266">
     <span class='ocr_line' id='line_1_69' title="bbox 2086 4189 3666 4266; baseline 0.008 -26"><span class='ocrx_word' id='word_1_492' title='bbox 2086 4197 2226 4252; x_wconf 74' lang='lat' dir='ltr'><strong><em>&#39;unt,</em></strong></span> <span class='ocrx_word' id='word_1_493' title='bbox 2273 4189 2692 4242; x_wconf 77' lang='lat' dir='ltr'><strong><em>vulneraverunt</em></strong></span> <span class='ocrx_word' id='word_1_494' title='bbox 2724 4191 2887 4245; x_wconf 90' lang='lat' dir='ltr'><strong><em>etiam</em></strong></span> <span class='ocrx_word' id='word_1_495' title='bbox 2917 4207 3082 4261; x_wconf 89' lang='lat' dir='ltr'><strong><em>quam</em></strong></span> <span class='ocrx_word' id='word_1_496' title='bbox 3104 4194 3412 4263; x_wconf 85' lang='lat' dir='ltr'><strong><em>plurimos,</em></strong></span> <span class='ocrx_word' id='word_1_497' title='bbox 3442 4213 3508 4252; x_wconf 88' lang='lat' dir='ltr'><strong><em>ex</em></strong></span> <span class='ocrx_word' id='word_1_498' title='bbox 3539 4199 3666 4266; x_wconf 82' lang='lat' dir='ltr'><strong><em>qui-</em></strong></span> 
     </span>
    </p>
   </div>
   <div class='ocr_carea' id='block_1_70' title="bbox 363 4278 3673 4360">
    <p class='ocr_par' dir='ltr' id='par_1_70' title="bbox 363 4278 3673 4360">
     <span class='ocr_line' id='line_1_70' title="bbox 363 4278 3673 4360; baseline 0.001 -17"><span class='ocrx_word' id='word_1_499' title='bbox 363 4289 686 4344; x_wconf 87' lang='lat' dir='ltr'><strong><em>clericorum</em></strong></span> <span class='ocrx_word' id='word_1_500' title='bbox 719 4291 805 4360; x_wconf 91' lang='lat' dir='ltr'><strong><em>qui</em></strong></span> <span class='ocrx_word' id='word_1_501' title='bbox 839 4291 1268 4360; x_wconf 76' lang='lat' dir='ltr'><strong><em>perjuravcraut,</em></strong></span> <span class='ocrx_word' id='word_1_502' title='bbox 1300 4291 1547 4360; x_wconf 90' lang='lat' dir='ltr'><strong><em>irrumpit</em></strong></span> <span class='ocrx_word' id='word_1_503' title='bbox 1574 4293 1626 4346; x_wconf 91' lang='lat' dir='ltr'><strong><em>in</em></strong></span> <span class='ocrx_word' id='word_1_504' title='bbox 1655 4291 1874 4360; x_wconf 88' lang='lat' dir='ltr'><strong><em>Urbem,</em></strong></span> <span class='ocrx_word' id='word_1_505' title='bbox 1911 4303 1966 4348; x_wconf 74' lang='lat' dir='ltr'><strong><em>et</em></strong></span> <span class='ocrx_word' id='word_1_506' title='bbox 2069 4278 2173 4334; x_wconf 86' lang='lat' dir='ltr'><strong><em>bus</em></strong></span> <span class='ocrx_word' id='word_1_507' title='bbox 2202 4281 2354 4334; x_wconf 89' lang='lat' dir='ltr'><strong><em>multi</em></strong></span> <span class='ocrx_word' id='word_1_508' title='bbox 2384 4280 2623 4336; x_wconf 82' lang='lat' dir='ltr'><strong><em>defuncti</em></strong></span> <span class='ocrx_word' id='word_1_509' title='bbox 2656 4294 2815 4338; x_wconf 89' lang='lat' dir='ltr'><strong><em>sunt:</em></strong></span> <span class='ocrx_word' id='word_1_510' title='bbox 2847 4284 2914 4339; x_wconf 91' lang='lat' dir='ltr'><strong><em>de</em></strong></span> <span class='ocrx_word' id='word_1_511' title='bbox 2945 4297 3098 4356; x_wconf 87' lang='lat' dir='ltr'><strong><em>parte</em></strong></span> <span class='ocrx_word' id='word_1_512' title='bbox 3125 4304 3258 4343; x_wconf 88' lang='lat' dir='ltr'><strong><em>vero</em></strong></span> <span class='ocrx_word' id='word_1_513' title='bbox 3302 4289 3520 4346; x_wconf 87' lang='lat' dir='ltr'><strong><em>Damasi</em></strong></span> <span class='ocrx_word' id='word_1_514' title='bbox 3549 4293 3673 4347; x_wconf 89' lang='lat' dir='ltr'><strong><em>nul—</em></strong></span> 
     </span>
    </p>
   </div>
   <div class='ocr_carea' id='block_1_71' title="bbox 363 4372 1981 4456">
    <p class='ocr_par' dir='ltr' id='par_1_71' title="bbox 363 4381 1969 4456">
     <span class='ocr_line' id='line_1_71' title="bbox 363 4381 1969 4456; baseline 0.003 -21"><span class='ocrx_word' id='word_1_515' title='bbox 363 4381 661 4436; x_wconf 87' lang='lat' dir='ltr'><strong><em>stationem</em></strong></span> <span class='ocrx_word' id='word_1_516' title='bbox 695 4381 747 4436; x_wconf 92' lang='lat' dir='ltr'><strong><em>in</em></strong></span> <span class='ocrx_word' id='word_1_517' title='bbox 775 4381 889 4436; x_wconf 85' lang='lat' dir='ltr'><strong><em>.luli-</em></strong></span> <span class='ocrx_word' id='word_1_518' title='bbox 912 4383 1135 4437; x_wconf 91' lang='lat' dir='ltr'><strong><em>basilica</em></strong></span> <span class='ocrx_word' id='word_1_519' title='bbox 1165 4394 1312 4438; x_wconf 88' lang='lat' dir='ltr'><strong><em>trans</em></strong></span> <span class='ocrx_word' id='word_1_520' title='bbox 1336 4383 1575 4438; x_wconf 84' lang='lat' dir='ltr'><strong><em>Tiberim</em></strong></span> <span class='ocrx_word' id='word_1_521' title='bbox 1606 4385 1735 4440; x_wconf 89' lang='lat' dir='ltr'><strong><em>dare</em></strong></span> <span class='ocrx_word' id='word_1_522' title='bbox 1762 4401 1969 4456; x_wconf 65' lang='lat' dir='ltr'><strong><em>pursu-</em></strong></span> 
     </span>
    </p>
   </div>
   <div class='ocr_carea' id='block_1_72' title="bbox 2086 4372 3670 4456">
    <p class='ocr_par' dir='ltr' id='par_1_72' title="bbox 2091 4376 3670 4453">
     <span class='ocr_line' id='line_1_72' title="bbox 2091 4376 3670 4453; baseline 0.008 -27"><span class='ocrx_word' id='word_1_523' title='bbox 2091 4388 2154 4426; x_wconf 92' lang='lat' dir='ltr'><strong><em>us</em></strong></span> <span class='ocrx_word' id='word_1_524' title='bbox 2176 4385 2254 4426; x_wconf 85' lang='lat' dir='ltr'><strong><em>est</em></strong></span> <span class='ocrx_word' id='word_1_525' title='bbox 2280 4383 2544 4429; x_wconf 89' lang='lat' dir='ltr'><strong><em>mortuus.</em></strong></span> <span class='ocrx_word' id='word_1_526' title='bbox 2575 4376 2700 4429; x_wconf 86' lang='lat' dir='ltr'><strong><em>Post</em></strong></span> <span class='ocrx_word' id='word_1_527' title='bbox 2727 4384 2837 4432; x_wconf 76' lang='lat' dir='ltr'><strong><em>tres</em></strong></span> <span class='ocrx_word' id='word_1_528' title='bbox 2860 4389 3039 4432; x_wconf 90' lang='lat' dir='ltr'><strong><em>autem</em></strong></span> <span class='ocrx_word' id='word_1_529' title='bbox 3065 4381 3180 4434; x_wconf 72' lang='lat' dir='ltr'><strong><em>dies</em></strong></span> <span class='ocrx_word' id='word_1_530' title='bbox 3200 4423 3213 4444; x_wconf 89' lang='lat'><strong><em>,</em></strong></span> <span class='ocrx_word' id='word_1_531' title='bbox 3233 4393 3415 4436; x_wconf 70' lang='lat' dir='ltr'><strong><em>sancta</em></strong></span> <span class='ocrx_word' id='word_1_532' title='bbox 3443 4385 3590 4453; x_wconf 89' lang='lat' dir='ltr'><strong><em>plebs</em></strong></span> <span class='ocrx_word' id='word_1_533' title='bbox 3616 4385 3670 4438; x_wconf 93' lang='lat' dir='ltr'><strong><em>in</em></strong></span> 
     </span>
    </p>
   </div>
   <div class='ocr_carea' id='block_1_73' title="bbox 363 4469 3671 4543">
    <p class='ocr_par' dir='ltr' id='par_1_73' title="bbox 363 4469 3671 4543">
     <span class='ocr_line' id='line_1_73' title="bbox 363 4469 3671 4543; baseline 0.006 -33"><span class='ocrx_word' id='word_1_534' title='bbox 363 4474 505 4528; x_wconf 68' lang='grc' dir='ltr'><strong><em>ιηίιε</em></strong></span> <span class='ocrx_word' id='word_1_535' title='bbox 535 4489 692 4543; x_wconf 69' lang='lat' dir='ltr'><strong><em>quem</em></strong></span> <span class='ocrx_word' id='word_1_536' title='bbox 721 4475 898 4528; x_wconf 68' lang='lat' dir='ltr'><strong><em>omnis</em></strong></span> <span class='ocrx_word' id='word_1_537' title='bbox 925 4473 1214 4529; x_wconf 73' lang='grc' dir='ltr'><strong><em>,ηυιιίιιηιο</em></strong></span> <span class='ocrx_word' id='word_1_538' title='bbox 1247 4475 1481 4529; x_wconf 59' lang='lat' dir='ltr'><strong><em>ﬁdem&quot;...</em></strong></span> <span class='ocrx_word' id='word_1_539' title='bbox 1508 4484 1564 4530; x_wconf 67' lang='grc' dir='ltr'><strong><em>ει</em></strong></span> <span class='ocrx_word' id='word_1_540' title='bbox 1616 4490 1870 4543; x_wconf 51' lang='lat' dir='ltr'><strong><em>proceres</em></strong></span> <span class='ocrx_word' id='word_1_541' title='bbox 1895 4476 1963 4532; x_wconf 69' lang='lat' dir='ltr'><strong><em>de</em></strong></span> <span class='ocrx_word' id='word_1_542' title='bbox 2070 4481 2233 4519; x_wconf 91' lang='lat' dir='ltr'><strong><em>unum</em></strong></span> <span class='ocrx_word' id='word_1_543' title='bbox 2263 4469 2622 4530; x_wconf 86' lang='lat' dir='ltr'><strong><em>conveniens,</em></strong></span> <span class='ocrx_word' id='word_1_544' title='bbox 2647 4472 2808 4538; x_wconf 75' lang='lat' dir='ltr'><strong><em>C(Bpil</em></strong></span> <span class='ocrx_word' id='word_1_545' title='bbox 2842 4471 3101 4525; x_wconf 84' lang='lat' dir='ltr'><strong><em>adversus</em></strong></span> <span class='ocrx_word' id='word_1_546' title='bbox 3126 4489 3248 4528; x_wconf 91' lang='lat' dir='ltr'><strong><em>eum</em></strong></span> <span class='ocrx_word' id='word_1_547' title='bbox 3278 4474 3490 4529; x_wconf 88' lang='lat' dir='ltr'><strong><em>Domini</em></strong></span> <span class='ocrx_word' id='word_1_548' title='bbox 3517 4491 3671 4530; x_wconf 91' lang='lat' dir='ltr'><strong><em>man-</em></strong></span> 
     </span>
    </p>
   </div>
   <div class='ocr_carea' id='block_1_74' title="bbox 366 4556 3674 4639">
    <p class='ocr_par' dir='ltr' id='par_1_74' title="bbox 366 4556 3674 4639">
     <span class='ocr_line' id='line_1_74' title="bbox 366 4556 3674 4639; baseline 0.006 -37"><span class='ocrx_word' id='word_1_549' title='bbox 366 4565 514 4621; x_wconf 62' lang='grc' dir='ltr'><strong><em>υνδε</em></strong></span> <span class='ocrx_word' id='word_1_550' title='bbox 539 4567 732 4622; x_wconf 59' lang='lat' dir='ltr'><strong><em>perum</em></strong></span> <span class='ocrx_word' id='word_1_551' title='bbox 764 4583 886 4622; x_wconf 73' lang='lat' dir='ltr'><strong><em>cum</em></strong></span> <span class='ocrx_word' id='word_1_552' title='bbox 915 4583 1110 4639; x_wconf 62' lang='lat' dir='ltr'><strong><em>magno</em></strong></span> <span class='ocrx_word' id='word_1_553' title='bbox 1137 4568 1403 4626; x_wconf 66' lang='lat' dir='ltr'><strong><em>dedecore</em></strong></span> <span class='ocrx_word' id='word_1_554' title='bbox 1432 4572 1800 4639; x_wconf 48' lang='lat' dir='ltr'><strong><em>proiecerunt.</em></strong></span> <span class='ocrx_word' id='word_1_555' title='bbox 2072 4556 2196 4612; x_wconf 89' lang='lat' dir='ltr'><strong><em>data</em></strong></span> <span class='ocrx_word' id='word_1_556' title='bbox 2228 4561 2458 4614; x_wconf 75' lang='lat' dir='ltr'><strong><em>recitare</em></strong></span> <span class='ocrx_word' id='word_1_557' title='bbox 2481 4601 2495 4624; x_wconf 93' lang='lat'><strong><em>,</em></strong></span> <span class='ocrx_word' id='word_1_558' title='bbox 2529 4559 2810 4631; x_wconf 82' lang='lat' dir='ltr'><strong><em>dicentes:</em></strong></span> <span class='ocrx_word' id='word_1_559' title='bbox 2840 4560 3018 4616; x_wconf 79' lang='lat' dir='ltr'><strong><em>Nolite</em></strong></span> <span class='ocrx_word' id='word_1_560' title='bbox 3047 4565 3226 4618; x_wconf 88' lang='lat' dir='ltr'><strong><em>timere</em></strong></span> <span class='ocrx_word' id='word_1_561' title='bbox 3277 4582 3363 4618; x_wconf 86' lang='lat' dir='ltr'><strong><em>eos</em></strong></span> <span class='ocrx_word' id='word_1_562' title='bbox 3405 4569 3492 4635; x_wconf 84' lang='lat' dir='ltr'><strong><em>qui</em></strong></span> <span class='ocrx_word' id='word_1_563' title='bbox 3537 4569 3674 4622; x_wconf 87' lang='lat' dir='ltr'><strong><em>occi-</em></strong></span> 
     </span>
    </p>
   </div>
   <div class='ocr_carea' id='block_1_75' title="bbox 443 4651 1981 4730">
    <p class='ocr_par' dir='ltr' id='par_1_75' title="bbox 443 4657 1964 4730">
     <span class='ocr_line' id='line_1_75' title="bbox 443 4657 1964 4730; baseline 0.005 -18"><span class='ocrx_word' id='word_1_564' title='bbox 443 4657 509 4713; x_wconf 93' lang='grc'><strong>11.</strong></span> <span class='ocrx_word' id='word_1_565' title='bbox 536 4659 657 4714; x_wconf 80' lang='lat' dir='ltr'><strong><em>Post</em></strong></span> <span class='ocrx_word' id='word_1_566' title='bbox 676 4676 848 4716; x_wconf 89' lang='lat' dir='ltr'><strong><em>annos</em></strong></span> <span class='ocrx_word' id='word_1_567' title='bbox 869 4673 1014 4725; x_wconf 89' lang='lat' dir='ltr'><strong><em>octo,</em></strong></span> <span class='ocrx_word' id='word_1_568' title='bbox 1041 4661 1412 4717; x_wconf 87' lang='lat' dir='ltr'><strong><em>Valentiniano</em></strong></span> <span class='ocrx_word' id='word_1_569' title='bbox 1437 4670 1492 4717; x_wconf 88' lang='lat' dir='ltr'><strong><em>et</em></strong></span> <span class='ocrx_word' id='word_1_570' title='bbox 1513 4661 1735 4718; x_wconf 78' lang='lat' dir='ltr'><strong><em>Valente</em></strong></span> <span class='ocrx_word' id='word_1_571' title='bbox 1757 4677 1964 4730; x_wconf 91' lang='lat' dir='ltr'><strong><em>conss.,</em></strong></span> 
     </span>
    </p>
   </div>
   <div class='ocr_carea' id='block_1_76' title="bbox 2086 4651 3673 4730">
    <p class='ocr_par' dir='ltr' id='par_1_76' title="bbox 2086 4651 3673 4725">
     <span class='ocr_line' id='line_1_76' title="bbox 2086 4651 3673 4725; baseline 0.009 -24"><span class='ocrx_word' id='word_1_572' title='bbox 2086 4651 2195 4704; x_wconf 74' lang='lat' dir='ltr'><strong><em>iuni</em></strong></span> <span class='ocrx_word' id='word_1_573' title='bbox 2224 4668 2444 4720; x_wconf 85' lang='lat' dir='ltr'><strong><em>corpus,</em></strong></span> <span class='ocrx_word' id='word_1_574' title='bbox 2478 4655 2703 4705; x_wconf 88' lang='lat' dir='ltr'><strong><em>animam</em></strong></span> <span class='ocrx_word' id='word_1_575' title='bbox 2732 4670 2848 4707; x_wconf 86' lang='lat' dir='ltr'><strong><em>vero</em></strong></span> <span class='ocrx_word' id='word_1_576' title='bbox 2877 4671 2978 4708; x_wconf 87' lang='lat' dir='ltr'><strong>non</strong></span> <span class='ocrx_word' id='word_1_577' title='bbox 3002 4666 3216 4725; x_wconf 84' lang='lat' dir='ltr'><strong><em>possunt</em></strong></span> <span class='ocrx_word' id='word_1_578' title='bbox 3245 4658 3494 4715; x_wconf 85' lang='lat' dir='ltr'><strong><em>occidere.</em></strong></span> <span class='ocrx_word' id='word_1_579' title='bbox 3520 4660 3673 4716; x_wconf 83' lang='lat' dir='ltr'><strong><em>Psal-</em></strong></span> 
     </span>
    </p>
   </div>
   <div class='ocr_carea' id='block_1_77' title="bbox 361 4743 1981 4814">
    <p class='ocr_par' dir='ltr' id='par_1_77' title="bbox 361 4749 1963 4812">
     <span class='ocr_line' id='line_1_77' title="bbox 361 4749 1963 4812; baseline 0.004 -7"><span class='ocrx_word' id='word_1_580' title='bbox 361 4766 396 4805; x_wconf 91' lang='lat' dir='ltr'><strong><em>x</em></strong></span> <span class='ocrx_word' id='word_1_581' title='bbox 426 4749 779 4806; x_wconf 85' lang='lat' dir='ltr'><strong><em>kalendarum</em></strong></span> <span class='ocrx_word' id='word_1_582' title='bbox 811 4753 1187 4808; x_wconf 89' lang='lat' dir='ltr'><strong><em>Decembrium</em></strong></span> <span class='ocrx_word' id='word_1_583' title='bbox 1214 4753 1302 4808; x_wconf 91' lang='lat' dir='ltr'><strong>die</strong></span> <span class='ocrx_word' id='word_1_584' title='bbox 1351 4755 1638 4810; x_wconf 85' lang='lat' dir='ltr'><strong><em>defunctus</em></strong></span> <span class='ocrx_word' id='word_1_585' title='bbox 1664 4766 1746 4812; x_wconf 88' lang='lat' dir='ltr'><strong><em>est</em></strong></span> <span class='ocrx_word' id='word_1_586' title='bbox 1772 4757 1921 4811; x_wconf 83' lang='lat' dir='ltr'><strong><em>Felix</em></strong></span> <span class='ocrx_word' id='word_1_587' title='bbox 1948 4772 1963 4811; x_wconf 91' lang='lat'><strong>:</strong></span> 
     </span>
    </p>
   </div>
   <div class='ocr_carea' id='block_1_78' title="bbox 2086 4743 3676 4814">
    <p class='ocr_par' dir='ltr' id='par_1_78' title="bbox 2086 4745 3676 4814">
     <span class='ocr_line' id='line_1_78' title="bbox 2086 4745 3676 4814; baseline 0.008 -19"><span class='ocrx_word' id='word_1_588' title='bbox 2086 4745 2214 4799; x_wconf 11' lang='lat' dir='ltr'><strong><em>iebat</em></strong></span> <span class='ocrx_word' id='word_1_589' title='bbox 2245 4746 2407 4800; x_wconf 87' lang='lat' dir='ltr'><strong><em>etiam</em></strong></span> <span class='ocrx_word' id='word_1_590' title='bbox 2440 4748 2489 4799; x_wconf 88' lang='lat' dir='ltr'><strong><em>itt</em></strong></span> <span class='ocrx_word' id='word_1_591' title='bbox 2521 4747 2769 4802; x_wconf 89' lang='lat' dir='ltr'><strong><em>laudibus</em></strong></span> <span class='ocrx_word' id='word_1_592' title='bbox 2791 4790 2804 4814; x_wconf 93' lang='lat'><strong><em>,</em></strong></span> <span class='ocrx_word' id='word_1_593' title='bbox 2836 4757 2892 4803; x_wconf 82' lang='lat' dir='ltr'><strong><em>et</em></strong></span> <span class='ocrx_word' id='word_1_594' title='bbox 2917 4748 3167 4805; x_wconf 85' lang='lat' dir='ltr'><strong><em>dicebat:</em></strong></span> <span class='ocrx_word' id='word_1_595' title='bbox 3208 4751 3505 4808; x_wconf 84' lang='lat' dir='ltr'><strong><em>Posuerunt</em></strong></span> <span class='ocrx_word' id='word_1_596' title='bbox 3534 4772 3676 4810; x_wconf 82' lang='lat' dir='ltr'><strong><em>mor-</em></strong></span> 
     </span>
    </p>
   </div>
   <div class='ocr_carea' id='block_1_79' title="bbox 362 4838 1981 4920">
    <p class='ocr_par' dir='ltr' id='par_1_79' title="bbox 362 4842 1965 4920">
     <span class='ocr_line' id='line_1_79' title="bbox 362 4842 1965 4920; baseline 0.004 -23"><span class='ocrx_word' id='word_1_597' title='bbox 362 4842 614 4898; x_wconf 86' lang='lat' dir='ltr'><strong><em>Liberius</em></strong></span> <span class='ocrx_word' id='word_1_598' title='bbox 638 4845 1062 4900; x_wconf 86' lang='lat' dir='ltr'><strong><em>misericordiam</em></strong></span> <span class='ocrx_word' id='word_1_599' title='bbox 1094 4847 1222 4902; x_wconf 90' lang='lat' dir='ltr'><strong><em>fecit</em></strong></span> <span class='ocrx_word' id='word_1_600' title='bbox 1263 4847 1314 4901; x_wconf 94' lang='lat' dir='ltr'><strong><em>in</em></strong></span> <span class='ocrx_word' id='word_1_601' title='bbox 1337 4847 1568 4902; x_wconf 87' lang='lat' dir='ltr'><strong><em>clericos</em></strong></span> <span class='ocrx_word' id='word_1_602' title='bbox 1603 4850 1691 4918; x_wconf 95' lang='lat' dir='ltr'><strong><em>qui</em></strong></span> <span class='ocrx_word' id='word_1_603' title='bbox 1723 4849 1965 4920; x_wconf 87' lang='lat' dir='ltr'><strong><em>perjura-</em></strong></span> 
     </span>
    </p>
   </div>
   <div class='ocr_carea' id='block_1_80' title="bbox 2086 4838 3673 4920">
    <p class='ocr_par' dir='ltr' id='par_1_80' title="bbox 2086 4838 3673 4914">
     <span class='ocr_line' id='line_1_80' title="bbox 2086 4838 3673 4914; baseline 0.01 -27"><span class='ocrx_word' id='word_1_604' title='bbox 2086 4838 2201 4889; x_wconf 68' lang='lat' dir='ltr'><strong><em>ralia</em></strong></span> <span class='ocrx_word' id='word_1_605' title='bbox 2222 4853 2487 4893; x_wconf 86' lang='lat' dir='ltr'><strong><em>servorum</em></strong></span> <span class='ocrx_word' id='word_1_606' title='bbox 2525 4851 2728 4894; x_wconf 86' lang='lat' dir='ltr'><strong><em>tuorum</em></strong></span> <span class='ocrx_word' id='word_1_607' title='bbox 2761 4858 2902 4896; x_wconf 85' lang='lat' dir='ltr'><strong><em>escas</em></strong></span> <span class='ocrx_word' id='word_1_608' title='bbox 2944 4843 3240 4898; x_wconf 80' lang='lat' dir='ltr'><strong><em>volatilibus</em></strong></span> <span class='ocrx_word' id='word_1_609' title='bbox 3296 4845 3421 4901; x_wconf 72' lang='grc' dir='ltr'><strong><em>(Σωιὶ</em></strong></span> <span class='ocrx_word' id='word_1_610' title='bbox 3446 4888 3462 4914; x_wconf 87' lang='grc'><em>,</em></span> <span class='ocrx_word' id='word_1_611' title='bbox 3491 4864 3673 4903; x_wconf 84' lang='lat' dir='ltr'><strong><em>carnes</em></strong></span> 
     </span>
    </p>
   </div>
   <div class='ocr_carea' id='block_1_81' title="bbox 363 4935 1981 5012">
    <p class='ocr_par' dir='ltr' id='par_1_81' title="bbox 363 4938 1966 5012">
     <span class='ocr_line' id='line_1_81' title="bbox 363 4938 1966 5012; baseline 0.006 -24"><span class='ocrx_word' id='word_1_612' title='bbox 363 4947 591 5001; x_wconf 84' lang='lat' dir='ltr'><strong><em>verant,</em></strong></span> <span class='ocrx_word' id='word_1_613' title='bbox 621 4953 822 5008; x_wconf 88' lang='lat' dir='ltr'><strong><em>eosque</em></strong></span> <span class='ocrx_word' id='word_1_614' title='bbox 865 4938 918 4992; x_wconf 92' lang='lat' dir='ltr'><strong><em>in</em></strong></span> <span class='ocrx_word' id='word_1_615' title='bbox 961 4939 1094 4993; x_wconf 89' lang='lat' dir='ltr'><strong><em>locis</em></strong></span> <span class='ocrx_word' id='word_1_616' title='bbox 1127 4941 1365 5009; x_wconf 91' lang='lat' dir='ltr'><strong><em>propriis</em></strong></span> <span class='ocrx_word' id='word_1_617' title='bbox 1412 4943 1670 5010; x_wconf 86' lang='lat' dir='ltr'><strong><em>suscepit.</em></strong></span> <span class='ocrx_word' id='word_1_618' title='bbox 1722 4941 1966 5012; x_wconf 86' lang='lat' dir='ltr'><strong><em>Itemque</em></strong></span> 
     </span>
    </p>
   </div>
   <div class='ocr_carea' id='block_1_82' title="bbox 2086 4935 3674 5012">
    <p class='ocr_par' dir='ltr' id='par_1_82' title="bbox 2086 4935 3674 5010">
     <span class='ocr_line' id='line_1_82' title="bbox 2086 4935 3674 5010; baseline 0.008 -29"><span class='ocrx_word' id='word_1_619' title='bbox 2086 4941 2365 4985; x_wconf 69' lang='lat' dir='ltr'><strong><em>sanctorum</em></strong></span> <span class='ocrx_word' id='word_1_620' title='bbox 2419 4945 2646 5000; x_wconf 83' lang='lat' dir='ltr'><strong><em>tuarum,</em></strong></span> <span class='ocrx_word' id='word_1_621' title='bbox 2674 4935 2844 4990; x_wconf 81' lang='lat' dir='ltr'><strong><em>bestiis</em></strong></span> <span class='ocrx_word' id='word_1_622' title='bbox 2876 4947 3046 4991; x_wconf 75' lang='lat' dir='ltr'><strong><em>terraz.</em></strong></span> <span class='ocrx_word' id='word_1_623' title='bbox 3092 4936 3408 5005; x_wconf 74' lang='lat' dir='ltr'><strong><em>Effuderunt</em></strong></span> <span class='ocrx_word' id='word_1_624' title='bbox 3461 4942 3674 5010; x_wconf 85' lang='lat' dir='ltr'><strong><em>sangui-</em></strong></span> 
     </span>
    </p>
   </div>
   <div class='ocr_carea' id='block_1_83' title="bbox 360 5025 3676 5107">
    <p class='ocr_par' dir='ltr' id='par_1_83' title="bbox 360 5025 3676 5107">
     <span class='ocr_line' id='line_1_83' title="bbox 360 5025 3676 5107; baseline 0.005 -39"><span class='ocrx_word' id='word_1_625' title='bbox 360 5038 556 5084; x_wconf 69' lang='lat' dir='ltr'><strong><em>ocjam</em></strong></span> <span class='ocrx_word' id='word_1_626' title='bbox 604 5029 866 5086; x_wconf 68' lang='lat' dir='ltr'><strong><em>kalendas</em></strong></span> <span class='ocrx_word' id='word_1_627' title='bbox 913 5033 1166 5088; x_wconf 54' lang='lat' dir='ltr'><strong><em>Octobris</em></strong></span> <span class='ocrx_word' id='word_1_628' title='bbox 1193 5075 1208 5099; x_wconf 57' lang='lat'><strong>,</strong></span> <span class='ocrx_word' id='word_1_629' title='bbox 1267 5033 1526 5088; x_wconf 66' lang='lat' dir='ltr'><strong><em>Graliano</em></strong></span> <span class='ocrx_word' id='word_1_630' title='bbox 1571 5045 1626 5090; x_wconf 68' lang='grc' dir='ltr'><strong><em>ει</em></strong></span> <span class='ocrx_word' id='word_1_631' title='bbox 1680 5036 1967 5107; x_wconf 61' lang='grc' dir='ltr'><strong><em>υηεηιείεο</em></strong></span> <span class='ocrx_word' id='word_1_632' title='bbox 2074 5039 2187 5076; x_wconf 83' lang='lat' dir='ltr'><strong><em>ueni</em></strong></span> <span class='ocrx_word' id='word_1_633' title='bbox 2216 5039 2419 5089; x_wconf 86' lang='lat' dir='ltr'><strong><em>eorum,</em></strong></span> <span class='ocrx_word' id='word_1_634' title='bbox 2472 5025 2608 5079; x_wconf 82' lang='lat' dir='ltr'><strong><em>velut</em></strong></span> <span class='ocrx_word' id='word_1_635' title='bbox 2643 5044 2825 5094; x_wconf 80' lang='lat' dir='ltr'><strong><em>aquam</em></strong></span> <span class='ocrx_word' id='word_1_636' title='bbox 2861 5029 2916 5080; x_wconf 89' lang='lat' dir='ltr'><strong><em>in</em></strong></span> <span class='ocrx_word' id='word_1_637' title='bbox 2947 5030 3166 5083; x_wconf 84' lang='lat' dir='ltr'><strong><em>circuitu</em></strong></span> <span class='ocrx_word' id='word_1_638' title='bbox 3206 5031 3570 5097; x_wconf 82' lang='lat' dir='ltr'><strong><em>Hierusalem;</em></strong></span> <span class='ocrx_word' id='word_1_639' title='bbox 3626 5041 3676 5085; x_wconf 89' lang='lat' dir='ltr'><strong><em>et</em></strong></span> 
     </span>
    </p>
   </div>
   <div class='ocr_carea' id='block_1_84' title="bbox 362 5115 1981 5200">
    <p class='ocr_par' dir='ltr' id='par_1_84' title="bbox 362 5123 1970 5200">
     <span class='ocr_line' id='line_1_84' title="bbox 362 5123 1970 5200; baseline 0.007 -26"><span class='ocrx_word' id='word_1_640' title='bbox 362 5137 570 5186; x_wconf 89' lang='lat' dir='ltr'><strong><em>conss.,</em></strong></span> <span class='ocrx_word' id='word_1_641' title='bbox 601 5123 850 5179; x_wconf 86' lang='lat' dir='ltr'><strong><em>Liberius</em></strong></span> <span class='ocrx_word' id='word_1_642' title='bbox 881 5124 1129 5180; x_wconf 88' lang='lat' dir='ltr'><strong><em>humanis</em></strong></span> <span class='ocrx_word' id='word_1_643' title='bbox 1157 5128 1322 5183; x_wconf 88' lang='lat' dir='ltr'><strong><em>rebus</em></strong></span> <span class='ocrx_word' id='word_1_644' title='bbox 1349 5129 1622 5186; x_wconf 84' lang='lat' dir='ltr'><strong><em>eximitur.</em></strong></span> <span class='ocrx_word' id='word_1_645' title='bbox 1646 5130 1796 5186; x_wconf 81' lang='lat' dir='ltr'><strong><em>&#39;l‘unc</em></strong></span> <span class='ocrx_word' id='word_1_646' title='bbox 1820 5147 1970 5200; x_wconf 89' lang='lat' dir='ltr'><strong><em>pres-</em></strong></span> 
     </span>
    </p>
   </div>
   <div class='ocr_carea' id='block_1_85' title="bbox 2086 5115 3670 5200">
    <p class='ocr_par' dir='ltr' id='par_1_85' title="bbox 2086 5115 3670 5193">
     <span class='ocr_line' id='line_1_85' title="bbox 2086 5115 3670 5193; baseline 0.004 -27"><span class='ocrx_word' id='word_1_647' title='bbox 2086 5132 2177 5167; x_wconf 78' lang='lat' dir='ltr'><strong><em>uou</em></strong></span> <span class='ocrx_word' id='word_1_648' title='bbox 2211 5127 2321 5168; x_wconf 79' lang='lat' dir='ltr'><strong><em>erat</em></strong></span> <span class='ocrx_word' id='word_1_649' title='bbox 2348 5115 2434 5186; x_wconf 87' lang='lat' dir='ltr'><strong><em>qui</em></strong></span> <span class='ocrx_word' id='word_1_650' title='bbox 2461 5118 2717 5184; x_wconf 82' lang='lat' dir='ltr'><strong><em>sepeliret.</em></strong></span> <span class='ocrx_word' id='word_1_651' title='bbox 2749 5117 2908 5187; x_wconf 72' lang='lat' dir='ltr'><strong><em>Saepe</em></strong></span> <span class='ocrx_word' id='word_1_652' title='bbox 2941 5121 3121 5189; x_wconf 87' lang='lat' dir='ltr'><strong><em>itaque</em></strong></span> <span class='ocrx_word' id='word_1_653' title='bbox 3148 5124 3333 5178; x_wconf 86' lang='lat' dir='ltr'><strong><em>eadem</em></strong></span> <span class='ocrx_word' id='word_1_654' title='bbox 3361 5124 3510 5193; x_wconf 90' lang='lat' dir='ltr'><strong><em>plebs</em></strong></span> <span class='ocrx_word' id='word_1_655' title='bbox 3535 5121 3670 5173; x_wconf 83' lang='lat' dir='ltr'><strong><em>adu-</em></strong></span> 
     </span>
    </p>
   </div>
   <div class='ocr_carea' id='block_1_86' title="bbox 361 5207 3674 5287">
    <p class='ocr_par' dir='ltr' id='par_1_86' title="bbox 361 5207 3674 5287">
     <span class='ocr_line' id='line_1_86' title="bbox 361 5207 3674 5287; baseline 0.005 -35"><span class='ocrx_word' id='word_1_656' title='bbox 361 5212 538 5284; x_wconf 62' lang='grc' dir='ltr'><strong><em>ιηιειιί</em></strong></span> <span class='ocrx_word' id='word_1_657' title='bbox 565 5225 620 5270; x_wconf 70' lang='grc' dir='ltr'>ει</span> <span class='ocrx_word' id='word_1_658' title='bbox 644 5215 923 5283; x_wconf 61' lang='grc' dir='ltr'><strong><em>ἀίθεοηρε’</em></strong></span> <span class='ocrx_word' id='word_1_659' title='bbox 950 5217 1197 5278; x_wconf 47' lang='lat' dir='ltr'><strong><em>Ursinus.</em></strong></span> <span class='ocrx_word' id='word_1_660' title='bbox 1220 5219 1504 5275; x_wconf 46' lang='lat' dir='ltr'><strong><em>Amantius</em></strong></span> <span class='ocrx_word' id='word_1_661' title='bbox 1527 5231 1581 5276; x_wconf 62' lang='grc' dir='ltr'><strong><em>ει</em></strong></span> <span class='ocrx_word' id='word_1_662' title='bbox 1601 5221 1812 5287; x_wconf 50' lang='lat' dir='ltr'><strong><em>Lupus,</em></strong></span> <span class='ocrx_word' id='word_1_663' title='bbox 1843 5239 1966 5278; x_wconf 65' lang='lat' dir='ltr'><strong><em>cum</em></strong></span> <span class='ocrx_word' id='word_1_664' title='bbox 2077 5214 2199 5260; x_wconf 88' lang='lat' dir='ltr'><strong><em>nata</em></strong></span> <span class='ocrx_word' id='word_1_665' title='bbox 2251 5207 2301 5260; x_wconf 91' lang='lat' dir='ltr'><strong><em>in</em></strong></span> <span class='ocrx_word' id='word_1_666' title='bbox 2331 5207 2552 5263; x_wconf 81' lang='lat' dir='ltr'><strong><em>basilica</em></strong></span> <span class='ocrx_word' id='word_1_667' title='bbox 2582 5208 2780 5265; x_wconf 77' lang='lat' dir='ltr'><strong><em>Liberii</em></strong></span> <span class='ocrx_word' id='word_1_668' title='bbox 2812 5211 3079 5267; x_wconf 86' lang='lat' dir='ltr'><strong><em>clamabat</em></strong></span> <span class='ocrx_word' id='word_1_669' title='bbox 3108 5215 3333 5270; x_wconf 90' lang='lat' dir='ltr'><strong><em>dicens:</em></strong></span> <span class='ocrx_word' id='word_1_670' title='bbox 3365 5213 3674 5268; x_wconf 85' lang='lat' dir='ltr'><strong><em>Christiane</em></strong></span> 
     </span>
    </p>
   </div>
   <div class='ocr_carea' id='block_1_87' title="bbox 354 5297 3675 5378">
    <p class='ocr_par' dir='ltr' id='par_1_87' title="bbox 354 5297 3675 5378">
     <span class='ocr_line' id='line_1_87' title="bbox 354 5297 3675 5378; baseline 0.004 -20"><span class='ocrx_word' id='word_1_671' title='bbox 354 5306 518 5375; x_wconf 87' lang='lat' dir='ltr'><strong><em>plebe</em></strong></span> <span class='ocrx_word' id='word_1_672' title='bbox 546 5317 734 5362; x_wconf 88' lang='lat' dir='ltr'><strong><em>sancta</em></strong></span> <span class='ocrx_word' id='word_1_673' title='bbox 757 5323 881 5378; x_wconf 69' lang='lat' dir='ltr'><strong><em>qua:</em></strong></span> <span class='ocrx_word' id='word_1_674' title='bbox 905 5309 1124 5364; x_wconf 87' lang='lat' dir='ltr'><strong><em>Liberio</em></strong></span> <span class='ocrx_word' id='word_1_675' title='bbox 1157 5311 1319 5368; x_wconf 88' lang='lat' dir='ltr'><strong><em>ﬁdem</em></strong></span> <span class='ocrx_word' id='word_1_676' title='bbox 1347 5326 1663 5369; x_wconf 89' lang='lat' dir='ltr'><strong><em>servaverat</em></strong></span> <span class='ocrx_word' id='word_1_677' title='bbox 1695 5315 1748 5368; x_wconf 92' lang='lat' dir='ltr'><strong><em>in</em></strong></span> <span class='ocrx_word' id='word_1_678' title='bbox 1773 5317 1970 5371; x_wconf 84' lang='lat' dir='ltr'><strong><em>exsilio</em></strong></span> <span class='ocrx_word' id='word_1_679' title='bbox 2077 5297 2405 5367; x_wconf 64' lang='lat' dir='ltr'><strong><em>ill&#39;l’emloro</em></strong></span> <span class='ocrx_word' id='word_1_680' title='bbox 2441 5300 2575 5354; x_wconf 69' lang='lat' dir='ltr'><strong>nihil</strong></span> <span class='ocrx_word' id='word_1_681' title='bbox 2608 5309 2659 5356; x_wconf 75' lang='grc' dir='ltr'>ιε</span> <span class='ocrx_word' id='word_1_682' title='bbox 2709 5303 2856 5357; x_wconf 66' lang='grc' dir='ltr'><strong><em>Ιθιθῑ·</em></strong></span> <span class='ocrx_word' id='word_1_683' title='bbox 2916 5305 3116 5358; x_wconf 70' lang='lat' dir='ltr'><strong><em>omnes</em></strong></span> <span class='ocrx_word' id='word_1_684' title='bbox 3162 5305 3401 5372; x_wconf 68' lang='grc' dir='ltr'><strong><em>ερὶδευρί</em></strong></span> <span class='ocrx_word' id='word_1_685' title='bbox 3443 5301 3675 5358; x_wconf 60' lang='lat' dir='ltr'><strong><em>Romam</em></strong></span> 
     </span>
    </p>
   </div>
   <div class='ocr_carea' id='block_1_88' title="bbox 357 5393 1981 5476">
    <p class='ocr_par' dir='ltr' id='par_1_88' title="bbox 357 5403 1970 5476">
     <span class='ocr_line' id='line_1_88' title="bbox 357 5403 1970 5476; baseline 0.007 -23"><span class='ocrx_word' id='word_1_686' title='bbox 357 5403 697 5466; x_wconf 87' lang='lat' dir='ltr'><strong><em>constituto,</em></strong></span> <span class='ocrx_word' id='word_1_687' title='bbox 731 5404 1094 5473; x_wconf 67' lang='lat' dir='ltr'><strong><em>coeperuntin</em></strong></span> <span class='ocrx_word' id='word_1_688' title='bbox 1136 5405 1359 5461; x_wconf 88' lang='lat' dir='ltr'><strong><em>basilica</em></strong></span> <span class='ocrx_word' id='word_1_689' title='bbox 1387 5405 1493 5460; x_wconf 86' lang='lat' dir='ltr'><strong><em>Juli</em></strong></span> <span class='ocrx_word' id='word_1_690' title='bbox 1545 5407 1870 5476; x_wconf 88' lang='lat' dir='ltr'><strong><em>procedere,</em></strong></span> <span class='ocrx_word' id='word_1_691' title='bbox 1915 5417 1970 5464; x_wconf 87' lang='lat' dir='ltr'><strong><em>et</em></strong></span> 
     </span>
    </p>
   </div>
   <div class='ocr_carea' id='block_1_89' title="bbox 2086 5393 3682 5476">
    <p class='ocr_par' dir='ltr' id='par_1_89' title="bbox 2086 5393 3682 5464">
     <span class='ocr_line' id='line_1_89' title="bbox 2086 5393 3682 5464; baseline 0.004 -20"><span class='ocrx_word' id='word_1_692' title='bbox 2086 5393 2340 5446; x_wconf 88' lang='lat' dir='ltr'><strong><em>veniant:</em></strong></span> <span class='ocrx_word' id='word_1_693' title='bbox 2373 5405 2566 5462; x_wconf 79' lang='lat' dir='ltr'><strong><em>agatur</em></strong></span> <span class='ocrx_word' id='word_1_694' title='bbox 2595 5409 2790 5450; x_wconf 89' lang='lat' dir='ltr'><strong><em>causa:</em></strong></span> <span class='ocrx_word' id='word_1_695' title='bbox 2816 5398 3063 5464; x_wconf 91' lang='lat' dir='ltr'><strong><em>quintum</em></strong></span> <span class='ocrx_word' id='word_1_696' title='bbox 3101 5395 3215 5464; x_wconf 85' lang='lat' dir='ltr'><strong><em>jam</em></strong></span> <span class='ocrx_word' id='word_1_697' title='bbox 3257 5394 3455 5449; x_wconf 78' lang='lat' dir='ltr'><strong><em>bellum</em></strong></span> <span class='ocrx_word' id='word_1_698' title='bbox 3488 5397 3682 5451; x_wconf 87' lang='lat' dir='ltr'><strong><em>Dama-</em></strong></span> 
     </span>
    </p>
   </div>
   <div class='ocr_carea' id='block_1_90' title="bbox 434 5519 1973 5596">
    <p class='ocr_par' dir='ltr' id='par_1_90' title="bbox 434 5519 1973 5596">
     <span class='ocr_line' id='line_1_90' title="bbox 434 5519 1973 5596; baseline 0.007 -24"><span class='ocrx_word' id='word_1_699' title='bbox 434 5519 460 5572; x_wconf 80' lang='grc'><strong><em>1</em></strong></span> <span class='ocrx_word' id='word_1_700' title='bbox 495 5519 792 5596; x_wconf 51' lang='grc' dir='ltr'><strong><em>Ανεησνὶἱξ.</em></strong></span> <span class='ocrx_word' id='word_1_701' title='bbox 860 5523 1232 5596; x_wconf 80' lang='lat' dir='ltr'><strong><em>Arenariorum</em></strong></span> <span class='ocrx_word' id='word_1_702' title='bbox 1280 5539 1378 5577; x_wconf 69' lang='lat' dir='ltr'><strong><em>vox</em></strong></span> <span class='ocrx_word' id='word_1_703' title='bbox 1427 5524 1549 5578; x_wconf 86' lang='lat' dir='ltr'><strong><em>trita</em></strong></span> <span class='ocrx_word' id='word_1_704' title='bbox 1584 5542 1682 5591; x_wconf 89' lang='lat' dir='ltr'><strong><em>pro</em></strong></span> <span class='ocrx_word' id='word_1_705' title='bbox 1708 5526 1773 5580; x_wconf 90' lang='lat' dir='ltr'><strong><em>iis</em></strong></span> <span class='ocrx_word' id='word_1_706' title='bbox 1804 5530 1891 5596; x_wconf 89' lang='lat' dir='ltr'><strong><em>qui</em></strong></span> <span class='ocrx_word' id='word_1_707' title='bbox 1921 5530 1973 5583; x_wconf 92' lang='lat' dir='ltr'><strong><em>in</em></strong></span> 
     </span>
    </p>
   </div>
   <div class='ocr_carea' id='block_1_91' title="bbox 357 5589 1974 5670">
    <p class='ocr_par' dir='ltr' id='par_1_91' title="bbox 357 5589 1974 5670">
     <span class='ocr_line' id='line_1_91' title="bbox 357 5589 1974 5670; baseline 0.007 -30"><span class='ocrx_word' id='word_1_708' title='bbox 357 5589 1072 5670; x_wconf 54' lang='lat' dir='ltr'><strong><em>an}phileatradepngnant,</em></strong></span> <span class='ocrx_word' id='word_1_709' title='bbox 1091 5595 1369 5670; x_wconf 72' lang='lat' dir='ltr'><strong><em>ttt_Leg._‘_2,</em></strong></span> <span class='ocrx_word' id='word_1_710' title='bbox 1387 5596 1484 5670; x_wconf 67' lang='lat'><strong><em>§2,_</em></strong></span> <span class='ocrx_word' id='word_1_711' title='bbox 1510 5597 1571 5648; x_wconf 83' lang='lat' dir='ltr'><strong><em>de</em></strong></span> <span class='ocrx_word' id='word_1_712' title='bbox 1587 5589 1760 5670; x_wconf 31' lang='lat' dir='ltr'><strong><em>Testa</em></strong></span> <span class='ocrx_word' id='word_1_713' title='bbox 1779 5589 1832 5651; x_wconf 78' lang='lat' dir='ltr'><strong><em>et</em></strong></span> <span class='ocrx_word' id='word_1_714' title='bbox 1847 5599 1974 5670; x_wconf 81' lang='lat' dir='ltr'><strong><em>ch.</em></strong></span> 
     </span>
    </p>
   </div>
   <div class='ocr_carea' id='block_1_92' title="bbox 358 5661 1985 5739">
    <p class='ocr_par' dir='ltr' id='par_1_92' title="bbox 358 5661 1985 5739">
     <span class='ocr_line' id='line_1_92' title="bbox 358 5661 1985 5739; baseline 0.006 -24"><span class='ocrx_word' id='word_1_715' title='bbox 358 5662 479 5739; x_wconf 37' lang='grc' dir='ltr'><strong><em>ἤδη·</em></strong></span> <span class='ocrx_word' id='word_1_716' title='bbox 500 5663 561 5712; x_wconf 80' lang='lat' dir='ltr'><strong><em>de</em></strong></span> <span class='ocrx_word' id='word_1_717' title='bbox 586 5661 795 5727; x_wconf 68' lang='lat' dir='ltr'><strong><em>Oper-ib.</em></strong></span> <span class='ocrx_word' id='word_1_718' title='bbox 823 5661 1014 5739; x_wconf 60' lang='lat' dir='ltr'><strong><em>(rbem,</em></strong></span> <span class='ocrx_word' id='word_1_719' title='bbox 1041 5661 1262 5739; x_wconf 52' lang='lat' dir='ltr'><strong><em>etalibi&#39;.</em></strong></span> <span class='ocrx_word' id='word_1_720' title='bbox 1284 5661 1572 5721; x_wconf 42' lang='lat' dir='ltr'><strong><em>Nec—aliter</em></strong></span> <span class='ocrx_word' id='word_1_721' title='bbox 1600 5661 1985 5739; x_wconf 50' lang='lat' dir='ltr'><strong><em>Tertullianti&#39;s,</em></strong></span> 
     </span>
    </p>
   </div>
   <div class='ocr_carea' id='block_1_93' title="bbox 359 5730 1987 5808">
    <p class='ocr_par' dir='ltr' id='par_1_93' title="bbox 359 5730 1987 5808">
     <span class='ocr_line' id='line_1_93' title="bbox 359 5730 1987 5808; baseline 0.007 -22"><span class='ocrx_word' id='word_1_722' title='bbox 359 5735 425 5787; x_wconf 87' lang='lat' dir='ltr'><strong><em>de</em></strong></span> <span class='ocrx_word' id='word_1_723' title='bbox 439 5730 622 5808; x_wconf 78' lang='lat' dir='ltr'><strong><em>Spect.</em></strong></span> <span class='ocrx_word' id='word_1_724' title='bbox 639 5749 755 5805; x_wconf 88' lang='lat' dir='ltr'><strong><em>cap.</em></strong></span> <span class='ocrx_word' id='word_1_725' title='bbox 778 5735 871 5802; x_wconf 70' lang='lat'><strong><em>‘22,</em></strong></span> <span class='ocrx_word' id='word_1_726' title='bbox 893 5739 1050 5790; x_wconf 89' lang='lat' dir='ltr'><strong><em>simul</em></strong></span> <span class='ocrx_word' id='word_1_727' title='bbox 1071 5737 1330 5792; x_wconf 88' lang='lat' dir='ltr'><strong><em>damnans</em></strong></span> <span class='ocrx_word' id='word_1_728' title='bbox 1344 5739 1722 5808; x_wconf 81' lang='lat' dir='ltr'><strong><em>quadrigarios,</em></strong></span> <span class='ocrx_word' id='word_1_729' title='bbox 1739 5730 1987 5807; x_wconf 69' lang='lat' dir='ltr'><strong><em>scenicos,</em></strong></span> 
     </span>
    </p>
   </div>
   <div class='ocr_carea' id='block_1_94' title="bbox 359 5803 1998 5873">
    <p class='ocr_par' dir='ltr' id='par_1_94' title="bbox 359 5803 1998 5873">
     <span class='ocr_line' id='line_1_94' title="bbox 359 5803 1998 5873; baseline 0.008 -18"><span class='ocrx_word' id='word_1_730' title='bbox 359 5803 609 5873; x_wconf 65' lang='lat' dir='ltr'><strong><em>cynicos,</em></strong></span> <span class='ocrx_word' id='word_1_731' title='bbox 637 5803 934 5862; x_wconf 73' lang='lat' dir='ltr'><strong><em>arenarios.</em></strong></span> <span class='ocrx_word' id='word_1_732' title='bbox 958 5809 1035 5863; x_wconf 80' lang='lat' dir='ltr'><strong>Ad</strong></span> <span class='ocrx_word' id='word_1_733' title='bbox 1065 5807 1178 5862; x_wconf 67' lang='lat' dir='ltr'><strong><em>haec</em></strong></span> <span class='ocrx_word' id='word_1_734' title='bbox 1206 5811 1258 5863; x_wconf 92' lang='lat' dir='ltr'><strong><em>in</em></strong></span> <span class='ocrx_word' id='word_1_735' title='bbox 1297 5823 1451 5865; x_wconf 92' lang='lat' dir='ltr'><strong><em>conc.</em></strong></span> <span class='ocrx_word' id='word_1_736' title='bbox 1474 5803 1770 5868; x_wconf 79' lang='lat' dir='ltr'><strong><em>Clialclted.</em></strong></span> <span class='ocrx_word' id='word_1_737' title='bbox 1796 5819 1903 5868; x_wconf 82' lang='lat' dir='ltr'><strong><em>act.</em></strong></span> <span class='ocrx_word' id='word_1_738' title='bbox 1929 5803 1998 5868; x_wconf 55' lang='grc' dir='ltr'><strong><em>χε</em></strong></span> 
     </span>
    </p>
   </div>
   <div class='ocr_carea' id='block_1_95' title="bbox 2081 5530 3682 5606">
    <p class='ocr_par' dir='ltr' id='par_1_95' title="bbox 2081 5530 3682 5606">
     <span class='ocr_line' id='line_1_95' title="bbox 2081 5530 3682 5606; baseline 0.003 -19"><span class='ocrx_word' id='word_1_739' title='bbox 2081 5537 2389 5606; x_wconf 71' lang='grc' dir='ltr'><strong><em>συναγαγὼν</em></strong></span> <span class='ocrx_word' id='word_1_740' title='bbox 2427 5530 2584 5606; x_wconf 60' lang='grc' dir='ltr'><strong>ὄχλον</strong></span> <span class='ocrx_word' id='word_1_741' title='bbox 2617 5531 2839 5589; x_wconf 80' lang='grc' dir='ltr'><strong><em>ἄτακτον</em></strong></span> <span class='ocrx_word' id='word_1_742' title='bbox 2876 5536 3006 5605; x_wconf 82' lang='grc' dir='ltr'><em>μετὰ</em></span> <span class='ocrx_word' id='word_1_743' title='bbox 3043 5536 3196 5604; x_wconf 79' lang='grc' dir='ltr'><strong>ξιφῶν</strong></span> <span class='ocrx_word' id='word_1_744' title='bbox 3221 5537 3303 5589; x_wconf 80' lang='grc' dir='ltr'><em>καὶ</em></span> <span class='ocrx_word' id='word_1_745' title='bbox 3347 5531 3506 5591; x_wconf 74' lang='grc' dir='ltr'>ἄλλων</span> <span class='ocrx_word' id='word_1_746' title='bbox 3530 5546 3682 5594; x_wconf 78' lang='grc' dir='ltr'><strong>τινῶν</strong></span> 
     </span>
    </p>
   </div>
   <div class='ocr_carea' id='block_1_96' title="bbox 2087 5603 3686 5684">
    <p class='ocr_par' dir='ltr' id='par_1_96' title="bbox 2087 5603 3686 5684">
     <span class='ocr_line' id='line_1_96' title="bbox 2087 5603 3686 5684; baseline 0.003 -27"><span class='ocrx_word' id='word_1_747' title='bbox 2087 5603 2406 5678; x_wconf 73' lang='grc' dir='ltr'><strong><em>ἀρανὰρίων;</em></strong></span> <span class='ocrx_word' id='word_1_748' title='bbox 2428 5618 2478 5656; x_wconf 77' lang='grc' dir='ltr'><strong><em>‹·ι</em></strong></span> <span class='ocrx_word' id='word_1_749' title='bbox 2497 5603 2628 5684; x_wconf 61' lang='lat' dir='ltr'><strong><em>infra</em></strong></span> <span class='ocrx_word' id='word_1_750' title='bbox 2649 5622 2660 5656; x_wconf 89' lang='lat'>:</span> <span class='ocrx_word' id='word_1_751' title='bbox 2685 5607 2812 5676; x_wconf 83' lang='grc' dir='ltr'><strong><em>μετὰ</em></strong></span> <span class='ocrx_word' id='word_1_752' title='bbox 2829 5603 2985 5684; x_wconf 34' lang='grc' dir='ltr'><strong><em>ξιφῶν.</em></strong></span> <span class='ocrx_word' id='word_1_753' title='bbox 2999 5609 3085 5660; x_wconf 85' lang='grc' dir='ltr'><strong><em>καὶ</em></strong></span> <span class='ocrx_word' id='word_1_754' title='bbox 3103 5603 3401 5684; x_wconf 30' lang='grc' dir='ltr'><strong><em>ἆραναρίων-</em></strong></span> <span class='ocrx_word' id='word_1_755' title='bbox 3416 5613 3500 5684; x_wconf 51' lang='grc' dir='ltr'><strong><em>καὶ</em></strong></span> <span class='ocrx_word' id='word_1_756' title='bbox 3520 5608 3686 5684; x_wconf 73' lang='grc' dir='ltr'>δᾴδων</span> 
     </span>
    </p>
   </div>
   <div class='ocr_carea' id='block_1_97' title="bbox 2090 5678 3685 5738">
    <p class='ocr_par' dir='ltr' id='par_1_97' title="bbox 2090 5678 3685 5738">
     <span class='ocr_line' id='line_1_97' title="bbox 2090 5678 3685 5738; baseline 0.002 -8"><span class='ocrx_word' id='word_1_757' title='bbox 2090 5683 2274 5738; x_wconf 57' lang='lat' dir='ltr'><strong><em>suam;</em></strong></span> <span class='ocrx_word' id='word_1_758' title='bbox 2323 5679 2408 5728; x_wconf 76' lang='lat' dir='ltr'><strong><em>ulti</em></strong></span> <span class='ocrx_word' id='word_1_759' title='bbox 2467 5678 2744 5729; x_wconf 68' lang='lat' dir='ltr'><strong><em>ttattslatto</em></strong></span> <span class='ocrx_word' id='word_1_760' title='bbox 2772 5689 2926 5730; x_wconf 64' lang='lat' dir='ltr'><strong><em>Vetus</em></strong></span> <span class='ocrx_word' id='word_1_761' title='bbox 2952 5680 3223 5730; x_wconf 71' lang='lat' dir='ltr'><strong><em>Areuurios</em></strong></span> <span class='ocrx_word' id='word_1_762' title='bbox 3258 5678 3294 5731; x_wconf 71' lang='lat' dir='ltr'><strong><em>r&#39;.</em></strong></span> <span class='ocrx_word' id='word_1_763' title='bbox 3317 5682 3506 5732; x_wconf 82' lang='lat' dir='ltr'><strong><em>dditltt.</em></strong></span> <span class='ocrx_word' id='word_1_764' title='bbox 3560 5678 3685 5733; x_wconf 83' lang='lat' dir='ltr'><strong><em>i-la-c</em></strong></span> 
     </span>
    </p>
   </div>
   <div class='ocr_carea' id='block_1_98' title="bbox 2099 5747 3685 5814">
    <p class='ocr_par' dir='ltr' id='par_1_98' title="bbox 2099 5747 3685 5814">
     <span class='ocr_line' id='line_1_98' title="bbox 2099 5747 3685 5814; baseline 0.001 -15"><span class='ocrx_word' id='word_1_765' title='bbox 2099 5747 2311 5814; x_wconf 78' lang='lat' dir='ltr'><strong><em>aliaque</em></strong></span> <span class='ocrx_word' id='word_1_766' title='bbox 2341 5748 2489 5814; x_wconf 87' lang='lat' dir='ltr'><strong><em>plura</em></strong></span> <span class='ocrx_word' id='word_1_767' title='bbox 2513 5749 2578 5801; x_wconf 90' lang='lat' dir='ltr'><strong><em>de</em></strong></span> <span class='ocrx_word' id='word_1_768' title='bbox 2607 5747 2706 5800; x_wconf 90' lang='lat' dir='ltr'><strong><em>ltac</em></strong></span> <span class='ocrx_word' id='word_1_769' title='bbox 2732 5765 2860 5802; x_wconf 77' lang='lat' dir='ltr'><strong><em>voce</em></strong></span> <span class='ocrx_word' id='word_1_770' title='bbox 2888 5749 2958 5802; x_wconf 92' lang='lat' dir='ltr'><strong><em>cl.</em></strong></span> <span class='ocrx_word' id='word_1_771' title='bbox 2984 5749 3288 5804; x_wconf 76' lang='lat' dir='ltr'><strong><em>ltlazocltius</em></strong></span> <span class='ocrx_word' id='word_1_772' title='bbox 3313 5753 3364 5802; x_wconf 91' lang='lat' dir='ltr'><strong><em>in</em></strong></span> <span class='ocrx_word' id='word_1_773' title='bbox 3388 5759 3685 5810; x_wconf 84' lang='lat' dir='ltr'><strong><em>comment.</em></strong></span> 
     </span>
    </p>
   </div>
   <div class='ocr_carea' id='block_1_99' title="bbox 2103 5815 3688 5891">
    <p class='ocr_par' dir='ltr' id='par_1_99' title="bbox 2103 5815 3688 5891">
     <span class='ocr_line' id='line_1_99' title="bbox 2103 5815 3688 5891; baseline -0.001 -21"><span class='ocrx_word' id='word_1_774' title='bbox 2103 5816 2170 5870; x_wconf 85' lang='lat' dir='ltr'><strong><em>ad</em></strong></span> <span class='ocrx_word' id='word_1_775' title='bbox 2200 5815 2426 5872; x_wconf 79' lang='lat' dir='ltr'><strong><em>Kalend.</em></strong></span> <span class='ocrx_word' id='word_1_776' title='bbox 2445 5831 2630 5871; x_wconf 78' lang='lat' dir='ltr'><strong><em>manu.</em></strong></span> <span class='ocrx_word' id='word_1_777' title='bbox 2653 5817 2800 5873; x_wconf 82' lang='lat' dir='ltr'><strong><em>Eccl.</em></strong></span> <span class='ocrx_word' id='word_1_778' title='bbox 2823 5817 3112 5891; x_wconf 51' lang='lat' dir='ltr'><strong><em>Neapolim</em></strong></span> <span class='ocrx_word' id='word_1_779' title='bbox 3135 5829 3265 5876; x_wconf 89' lang='lat' dir='ltr'><strong><em>tom.</em></strong></span> <span class='ocrx_word' id='word_1_780' title='bbox 3302 5819 3390 5881; x_wconf 83' lang='lat' dir='ltr'><strong><em>Ill,</em></strong></span> <span class='ocrx_word' id='word_1_781' title='bbox 3419 5829 3540 5887; x_wconf 64' lang='lat' dir='ltr'><strong><em>pag.</em></strong></span> <span class='ocrx_word' id='word_1_782' title='bbox 3558 5817 3688 5870; x_wconf 83' lang='grc'><strong><em>971.</em></strong></span> 
     </span>
    </p>
   </div>
  </div>
