4150 6176
475 277 546 331 83
1656 268 1974 328 FAUSTINI
2014 269 2061 323 Ε

2168 236 2558 326 uncam.th
3719 272 3783 326 8i
3861 336 3872 349 .

483 407 576 448 sus
607 392 762 447 fecit:
817 408 846 447 a
895 391 1024 447 sede
1057 392 1198 446 Petri
1247 389 1547 445 homicidas
1575 389 1739 444 foras.
1772 388 1864 442 Dei
1895 394 2073 440 autem
2105 389 2154 447 Α
2180 385 2514 454 reipublicae,
2540 396 2736 441 vestrae
2756 385 3489 456 tranquillitatisprovisione
3514 387 3783 442 servanda

483 489 717 559 papulus
758 488 1048 558 episcopos
1073 484 1368 539 convenire
1399 484 1584 538 multis
1615 481 1862 552 precibus
1887 494 2084 535 exora-

482 582 613 650 bat,
644 590 702 635 ut
752 590 1140 642 memoratum,
1187 585 1339 631 tanta
1382 577 1657 646 impietate
1707 573 2074 640 maculatum,

482 674 756 729 sententia
782 671 928 739 justa
953 670 1332 738 procellerent,
1363 683 1525 739 quem
1557 668 1609 721 in
1638 677 1843 720 tantum
1869 673 2078 718 matro-

478 785 564 823 na:
593 766 908 837 diligebant,
935 777 991 818 ιιι
1015 761 1755 830 matronarumauriscalpins
1781 759 2075 814 diceretur.

549 859 640 915 iV.
685 858 861 913 Voces
892 873 1021 926 ergo
1049 856 1223 926 plebis
1253 855 1321 909 ad
1351 853 1800 910 Valentinianum
1835 859 1959 905 sunt
1983 849 2077 906 dc-

475 951 598 1006 latae
626 949 925 1021 principem
944 989 960 1015 ,
984 945 1074 1016 qui
1099 947 1296 1016 pietate
1317 953 1643 1009 commotus,
1674 943 1906 998 reditum
1949 956 2080 995 con-

475 1041 639 1098 cessit
661 1039 961 1095 exsulibus.
993 1039 1142 1092 Tunc
1171 1037 1400 1094 Ursinus
1417 1052 1537 1092 cum
1570 1036 1824 1090 Amantio
1845 1044 1901 1089 et
1923 1033 2077 1104 Lupo

475 1133 821 1196 diacouibus,
848 1122 974 1185 xvn
997 1129 1348 1183 kalendarum
1373 1128 1710 1191 Octobrium,
1741 1125 2004 1195 Lupicino
2023 1135 2077 1181 et

476 1224 672 1282 Jovino
701 1238 884 1279 conss.
906 1223 971 1278 ad
1007 1221 1206 1277 Urbem
1241 1220 1420 1277 rediit:
1452 1222 1538 1275 cui
1571 1220 1723 1292 plebs
1744 1231 1932 1274 sancta
1955 1233 2075 1290 gra-

473 1327 657 1372 tanter
683 1317 944 1371 occurrit.
979 1315 1084 1370 Sed
1115 1316 1375 1369 Damasus
1404 1322 1674 1369 tantorum
1699 1312 1802 1368 sibi
1824 1314 2076 1368 conscius

469 1411 770 1476 scelerum,
801 1425 905 1463 non
935 1407 1192 1463 mediocri
1227 1410 1422 1464 timore
1469 1422 1767 1461 concussus
1791 1447 1807 1474 ,
1842 1407 2071 1461 redemit

472 1517 636 1557 omne
664 1501 919 1571 palatium
946 1543 960 1566 ,
993 1517 1059 1556 nc
1088 1500 1227 1554 facta
1254 1515 1346 1554 sua
1404 1499 1632 1569 principi
1684 1498 2070 1568 panderentur.

471 1594 772 1664 Imperator
799 1596 1046 1650 nesciens
1076 1594 1202 1664 quid
1227 1594 1490 1647 Damasus
1515 1603 1902 1663 perpetrasset,
1927 1593 2072 1647 edic-

476 1697 589 1742 tum
639 1697 890 1758 prorogat
920 1729 934 1753 ,
969 1691 1026 1741 ut
1051 1684 1252 1741 Ursino
1281 1685 1475 1740 exsilio
1505 1685 1775 1754 relegato,
1822 1684 1964 1738 nulla
1991 1682 2073 1738 ul-

2183 487 2286 542 est,
2320 490 2380 534 ut
2421 490 2613 534 contra
2661 495 2880 534 omnem
2911 479 3018 534 vim
3066 479 3472 549 potentiamve,
3511 479 3674 533 etiam
3725 479 3778 534 in

2184 573 2423 628 minimis
2471 574 2559 643 jus
2607 573 2854 629 veritatis
2883 572 3149 640 obtineat,
3206 588 3311 644 quo
3371 573 3542 642 possit
3584 572 3780 630 tradita

2181 665 2621 736 vestroimperio
2677 665 2766 720 Dei
2825 674 2953 718 nutu
3002 664 3201 720 ﬂorere
3247 665 3598 735 respublica:
3641 680 3779 735 quo-

2181 758 2346 813 modo
2375 760 2426 813 in
2458 757 2687 828 negotiis
2715 758 2914 812 divinis
2935 767 3137 812 Sancta:
3176 757 3297 812 fidei
3326 757 3530 812 veritas
3588 757 3783 828 impio-

2181 865 2300 904 rum
2331 861 2550 905 caterva
2575 861 2628 904 ct
2659 849 3174 922 fraudulentissimis
3198 865 3389 904 eorum
3439 850 3782 905 circumven-

2181 943 2422 999 tionibus
2447 943 2764 1000 ohfnscatur
2809 954 2863 998 et
2896 945 3198 1014 premitur?
3227 946 3464 1000 maxime
3515 961 3637 1000 cum
3683 962 3782 1003 vos

2180 1038 2454 1106 principes
2484 1037 2714 1091 Romani
2745 1036 2959 1105 imperii
2988 1037 3126 1106 piam
3145 1035 3472 1091 Christiana:
3495 1038 3778 1108 religionis

2181 1129 2341 1185 ﬁdem
2374 1130 2773 1199 puritatemque
2801 1139 2878 1183 tot
2906 1129 3102 1183 vestris
3139 1129 3614 1184 constitutionibus
3658 1131 3777 1185 vin-

2180 1222 2394 1278 dicetis.
2429 1222 2622 1277 Totum
2674 1220 2888 1292 quidem
2921 1263 2936 1287 ,
2989 1221 3113 1290 quia
3173 1229 3527 1276 veneratores
3577 1221 3778 1278 Christi

2179 1313 2303 1368 Filii
2328 1315 2559 1383 Dei,pro
2593 1311 2697 1368 ﬂde
2720 1309 3339 1376 catholicadecernitis,
3375 1321 3430 1366 et
3459 1313 3607 1367 omni
3646 1315 3778 1369 nixu

2179 1414 2369 1460 contra
2397 1405 2684 1460 haereticos
2711 1414 2765 1460 et
2793 1403 3030 1474 perﬂdos
3084 1403 3302 1474 imperii
3334 1405 3505 1476 Vestri
3533 1406 3773 1460 auctori-

2179 1506 2289 1553 tate
2311 1497 2677 1553 conscribitis.
2713 1496 2829 1552 Non
2858 1497 3012 1566 quasi
3039 1496 3219 1564 aliqua
3263 1495 3500 1565 prOpriae
3557 1505 3778 1552 senten-

2179 1591 2266 1648 tiae
2294 1607 2432 1646 nova
2467 1599 2760 1658 tentantes,
2795 1591 2934 1646 sicut
2959 1591 3178 1661 quidam
3221 1591 3527 1646 anteriores
3577 1594 3776 1661 princi-

2178 1700 2274 1754 pes
2301 1687 2356 1739 in
2385 1702 2536 1740 suam
2563 1686 2899 1756 aliorumque
2927 1684 3223 1754 perniciem
3255 1685 3433 1740 conati
3475 1697 3622 1753 sunt,
3677 1689 3774 1743 sed

469 1780 638 1833 terius
691 1779 922 1848 populos
951 1776 1230 1832 contentio
1282 1775 1515 1831 nefanda
1561 1774 1866 1830 collideret.
1922 1773 2074 1831 Tunc
2104 1782 2152 1842 B
2182 1792 2237 1835 ut
2261 1780 2563 1835 ostendatis
2594 1791 2803 1835 vestras
2833 1779 3153 1843 sententias,
3191 1789 3539 1850 vestramque
3585 1779 3772 1848 fidem,

471 1869 702 1926 Ursinus
728 1872 1021 1938 episcopus
1045 1911 1058 1933 ,
1084 1869 1166 1922 vir
1192 1878 1410 1922 sanctus
1434 1878 1487 1922 et
1508 1868 1625 1922 sine
1656 1867 1884 1922 crimine
1903 1909 1917 1935 ,
1939 1881 2072 1922 con-

468 1963 652 2017 sulens
682 1961 853 2032 plebi,
887 1961 1105 2016 tradidit
1142 1977 1203 2017 se
1235 1962 1482 2016 manibus
1511 1961 1850 2031 iniquorum,
1877 1969 1931 2015 et
1951 1977 2070 2016 sex-

473 2065 528 2110 to
559 2056 768 2110 decimo
790 2052 1051 2110 kalendas
1097 2054 1424 2109 Decembres
1449 2054 1696 2124 jussione
1729 2055 2070 2124 imperatoris

470 2145 537 2201 ad
586 2147 836 2202 exsilium
867 2156 1060 2214 sponte
1091 2144 1418 2215 properavit.
1453 2143 1557 2200 Sed
1592 2147 1821 2215 populus
1875 2147 2070 2200 timens

470 2241 640 2294 Deum
672 2239 945 2309 nullisque
976 2237 1444 2309 persecutionibus
1493 2237 1782 2310 fatigatus,
1821 2255 1925 2294 non
1969 2240 2070 2294 im-

467 2343 773 2404 peratorem
796 2375 811 2399 ,
847 2349 955 2386 non
975 2333 1243 2401 judicem,
1276 2348 1377 2388 nec
1404 2333 1578 2403 ipsum
1608 2343 1886 2390 auctorem
1942 2350 2066 2390 sce-

470 2427 646 2482 lerum
678 2436 731 2482 et
757 2425 1084 2481 homicidam
1112 2426 1402 2480 Damasum
1430 2427 1623 2494 timuit,
1644 2429 1736 2483 sed
1759 2443 1853 2498 per
1877 2442 2072 2483 cmme-

469 2521 608 2576 teria
657 2530 958 2592 martyrum
1014 2521 1280 2576 stationes
1299 2521 1415 2576 sine
1463 2522 1678 2577 clericis
1733 2522 2062 2578 celebrabat.

464 2614 620 2672 Unde
645 2630 767 2670 cum
797 2615 863 2668 ad
893 2627 1136 2670 sanetam
1170 2597 1374 2686 Agnem
1405 2614 1556 2669 multi
1603 2615 1836 2670 fidelium
1868 2631 2066 2672 conve-

467 2712 698 2773 nissent,
719 2720 960 2765 armatus
975 2726 1097 2766 cum
1114 2709 1441 2765 satellitibus
1461 2711 1575 2764 suis
1593 2710 1860 2766 Damasus
1883 2712 2060 2776 irruit,

465 2813 520 2858 et
571 2801 833 2874 plurimos
856 2801 1173 2857 vastationis
1199 2817 1313 2858 sua:
1339 2811 1520 2873 strage
1543 2801 1759 2871 dejecit.
1790 2801 1944 2871 Quod
1990 2802 2063 2857 fa-

463 2906 608 2950 ctum
624 2895 1060 2951 crudelissimum
1075 2896 1236 2950 nimis
1257 2895 1524 2966 epiSCOpis
1539 2895 1702 2950 Italia:
1724 2896 2060 2965 disjilicebat.

462 2989 609 3068 Quos
636 2992 793 3042 etiam
810 3004 932 3043 cum
953 2988 1017 3042 ad
1035 2981 1218 3042 natale
1236 3004 1392 3042 suum
1409 2990 1725 3044 solemniter
1743 2988 2027 3044 invitasset
2046 3031 2060 3055 ,

463 3092 518 3137 et
549 3083 793 3136 nonnulli
825 3083 1211 3137 convenissent
1242 3097 1309 3136 ex
1355 3082 1464 3148 eis,
1499 3082 1748 3152 precibus
1797 3081 1935 3151 apud
1965 3097 2061 3136 eos

2175 1890 2298 1930 cum
2323 1874 2495 1928 Sacris
2528 1873 2922 1944 scripturarum
2945 1873 3249 1928 divinarum
3281 1872 3570 1929 sententiis
3596 1883 3650 1929 et
3673 1876 3774 1944 piis

2175 1967 2614 2022 confessionibus
2643 1967 2958 2021 Convenire.

2251 2058 2316 2115 ll.
2349 2059 2457 2115 Sed
2491 2060 2616 2126 hoc,
2645 2075 2769 2114 cum
2799 2061 2968 2130 magis
3000 2067 3124 2130 post
3152 2061 3526 2116 atrocissimas
3577 2062 3774 2130 prioris

2178 2154 2438 2222 temporis
2473 2155 2880 2223 persecutiones
2900 2154 3096 2225 juvare
3122 2163 3365 2210 sanctam
3410 2156 3634 2213 deberet
3665 2159 3763 2213 Ec-
3851 2146 3856 2151 ’

2174 2249 2421 2316 clesiam,
2458 2245 2851 2321 nia'giSafﬂigit,
2877 2265 2996 2304 cum
3017 2247 3180 2306 iidem
3209 2253 3309 2324 ipsi
3334 2253 3540 2324 egregii
3561 2253 3771 2323 episco-

2177 2339 2252 2413 pi,
2284 2343 2373 2413 qui
2405 2359 2525 2398 eam
2554 2346 2786 2400 antehac
2814 2345 2915 2399 sub
2946 2346 3250 2403 assertione
3275 2347 3363 2402 vel
3398 2327 3625 2403 assensu
3659 2351 3771 2403 ha:-

2175 2451 2362 2490 reseos
2395 2435 2660 2504 persecuti
2690 2445 2838 2502 sunt,
2865 2452 3008 2491 nunc
3044 2453 3260 2509 quoque
3299 2439 3402 2496 sub
3442 2439 3767 2497 auctoritate

2173 2527 2431 2582 catholici
2464 2529 2701 2582 nominis
2732 2541 3151 2600 persequuntur,
3185 2541 3237 2587 et
3266 2541 3472 2602 quanto
3497 2547 3642 2588 nunc
3670 2532 3770 2588 sub

2171 2620 2431 2676 ementita
2487 2622 2588 2690 pite
2651 2621 2774 2676 fidei
2821 2623 3162 2693 professione
3227 2625 3330 2680 hoc
3376 2625 3772 2681 fraudulentius

2171 2720 2359 2782 agunt,
2392 2721 2543 2766 tanto
2572 2723 2623 2767 et
2651 2713 3012 2779 perniciosius
3039 2727 3376 2783 grassantur,
3411 2727 3463 2771 et
3491 2716 3769 2772 dolentius

2172 2811 2366 2857 a-stuat
2396 2807 2616 2868 veritas,
2669 2805 2812 2874 quod
2855 2805 2903 2858 ei
2960 2805 3138 2861 adhuc
3189 2817 3294 2860 non
3348 2809 3472 2862 licet
3517 2821 3615 2863 nec
3665 2807 3768 2864 sub

2172 2899 2329 2950 vobis
2363 2896 2783 2966 imperatoribus
2811 2898 2899 2967 qui
2928 2899 3065 2968 piam
3092 2898 3250 2954 fidem
3289 2899 3583 2956 defenditis
3613 2942 3628 2969 ,
3675 2917 3763 2958 res

2171 2989 2398 3056 Spirare.
2437 2989 2544 3043 Sed
2572 3004 2638 3044 ne
2676 2987 2778 3044 hoc
2799 2990 2864 3043 ad
2897 2991 3151 3046 invidiam
3185 2992 3299 3048 sine
3346 2993 3422 3048 rei
3483 2993 3765 3064 probatio-

2171 3099 2238 3138 ne
2269 3083 2472 3138 referre
2502 3084 2810 3148 videamur,
2870 3100 3087 3140 causam
3117 3095 3174 3141 ut
3203 3101 3494 3158 possumus
3526 3089 3768 3159 explica-

464 3175 691 3230 molitur
739 3185 790 3230 et
822 3176 1027 3245 pretio,
1065 3187 1116 3228 ut
1148 3176 1472 3229 sententiam
1505 3174 1556 3228 in
1611 3183 1857 3228 sanctum
1909 3171 2057 3230 Ursi-
2087 3176 2132 3238 C
2169 3193 2310 3230 mus.
2334 3176 2662 3244 Quaesumus
2686 3185 2866 3232 autem
2891 3180 3165 3249 supplices
3200 3223 3214 3248 ,
3267 3189 3535 3250 quatenus
3591 3184 3766 3254 regias

465 3285 593 3323 num
647 3270 942 3338 proferant.
979 3268 1079 3338 Qui
1131 3267 1558 3336 responderunt:
1611 3266 1721 3321 Nos
1767 3265 1832 3320 ad
1881 3264 2062 3320 natale

461 3363 850 3428 convenimus,
905 3377 1012 3414 non
1045 3370 1101 3415 ut
1132 3360 1430 3414 inauditum
1461 3359 1801 3414 damnemus.
1835 3358 1912 3412 Ita
1939 3373 2064 3428 pra-

463 3475 533 3514 va
561 3461 681 3528 ejus
706 3459 933 3513 intentio
957 3458 1130 3512 caruit
1159 3473 1266 3527 quo
1297 3458 1569 3512 nitebatur
1601 3455 1816 3511 effectu.
1855 3453 2061 3509 Exinde

461 3551 762 3624 presbyteri
796 3553 1024 3608 diversis
1051 3553 1224 3607 modis
1255 3549 1477 3615 afﬂicti,
1513 3568 1604 3620 per
1626 3551 1819 3605 exsilia
1852 3559 1906 3604 et
1958 3566 2050 3620 pc-

459 3646 672 3715 regrina
698 3639 814 3700 ioca
844 3645 1077 3714 dispersi
1109 3655 1278 3710 sunt,
1311 3661 1377 3700 ex
1409 3645 1605 3714 quibus
1633 3643 1979 3699 Marcellinus
2007 3653 2061 3697 et

461 3737 754 3793 Fausdnns
787 3737 1129 3808 presbyteri,
1181 3737 1248 3792 de
1306 3736 1653 3791 οοιιΐθμδὶοιιθ
1690 3751 1835 3790 verae
1887 3735 2010 3789 fidei
2041 3774 2056 3798 ,

457 3831 820 3887 ostentatione
865 3845 1034 3884 sacrae
1086 3829 1521 3894 communionis,
1578 3835 1633 3880 et
1679 3829 2058 3894 persecutione

457 3923 863 3978 adversantium
895 3923 1150 3988 veritati,
1206 3937 1392 3990 preces
1421 3921 1830 3990 Valentiniano,
1881 3922 2058 3978 Theo-

459 4016 614 4072 dosio
637 4026 691 4072 et
710 4013 946 4070 Arcadio
977 4014 1310 4085 principibus
1327 4015 1644 4070 obtulerunt
1673 4015 1765 4070 ita.

699 4167 992 4235 INCIPIT
1043 4149 1427 4235 LIBELLUS
1470 4171 1814 4236 PRECUM.

528 4293 570 4348 Ι.
597 4293 960 4361 Deprecamur
982 4293 1453 4349 mansuetudinem
1487 4305 1721 4350 vestram
1756 4339 1771 4363 ,
1821 4297 2052 4368 piissimi

456 4387 839 4458 imperatores,
875 4383 1276 4452 Valentiniane,
1311 4387 1586 4442 Theodosi
1630 4398 1684 4444 et
1726 4389 1944 4456 Arcadi,
1998 4400 2054 4446 ut

459 4479 574 4535 haec
606 4480 658 4534 in
688 4479 1151 4567 contemplatione
1173 4479 1374 4535 Christi
1407 4480 1529 4535 Filii
1563 4483 1656 4537 Dei
1693 4483 1782 4552 qui
1809 4492 2050 4539 vestrum

2169 3285 2329 3324 aures
2352 3279 2561 3324 vestras
2586 3271 2742 3325 nobis
2769 3273 3147 3341 exiguissimis
3200 3273 3560 3329 commodetis
3589 3317 3602 3339 ,
3635 3277 3762 3330 dum

2168 3361 2505 3418 ostendimus
2532 3381 2638 3418 non
2673 3381 2768 3417 nos
2795 3380 2918 3419 esse
2942 3363 3260 3431 haereticos,
3294 3374 3349 3420 et
3379 3376 3558 3421 tamen
3607 3369 3761 3439 quasi

2169 3457 2454 3512 haereticos
2493 3457 2844 3512 vehementer
2875 3455 3038 3527 afﬂigi
3069 3476 3080 3511 :
3109 3473 3230 3513 cum
3263 3473 3363 3514 nec
3415 3460 3514 3529 ipsi
3546 3465 3634 3530 qui
3666 3473 3763 3515 nos

2165 3551 2514 3604 vehementer
2540 3550 2806 3620 afﬂigunt,
2843 3550 2928 3604 vel
2959 3552 3092 3605 socii
3119 3563 3330 3618 eorttm,
3359 3553 3573 3623 possint
3615 3569 3759 3609 nunc

2163 3641 2344 3696 dicere
2371 3641 2457 3696 vel
2482 3643 2711 3711 probare
2740 3641 2881 3712 quod
2911 3644 3082 3696 simus
3112 3643 3373 3698 literetici.
3413 3644 3519 3700 Sed
3551 3661 3619 3700 ne
3639 3648 3759 3714 qni-

2164 3719 2288 3789 dem
2319 3736 2388 3789 de
2411 3749 2469 3789 se
2500 3751 2718 3805 negare,
2750 3735 2893 3805 quod
2930 3736 3203 3805 superiori
3239 3744 3484 3808 tempore
3511 3739 3760 3794 hwresim

2131 3838 2256 3881 -aut
2295 3829 2562 3883 acerrime
2597 3829 3022 3891 vindicaverint.
3070 3844 3213 3884 cum‘
3248 3829 3575 3886 intolerabili
3621 3847 3748 3903 snp-

2163 3923 2326 3992 plicio
2383 3922 2644 3985 fidelium,
2680 3931 2772 3977 aut
2823 3932 2971 3978 certe
2999 3924 3044 3978 ei
3072 3935 3260 3979 manus
3313 3923 3582 3993 dederint,
3606 3925 3760 3980 dam-

2165 4022 2288 4067 nata
2338 4013 2609 4070 catholica
2679 4014 2786 4069 fide
2830 4030 2992 4084 quam
3037 4018 3186 4085 prius
3227 4016 3585 4082 asserebant,
3631 4017 3756 4072 dum

2159 4115 2404 4161 metuunt
2431 4123 2528 4176 pro
2554 4106 2774 4161 Christo
2802 4107 2944 4163 Filio
2971 4107 3065 4162 Dei
3093 4109 3342 4163 exsilium
3371 4110 3578 4179 perpeti
3610 4151 3625 4177 ,
3658 4126 3756 4180 pro

2158 4214 2264 4269 quo
2294 4202 2455 4255 etiam
2479 4201 2619 4255 laico
2653 4197 2800 4255 fideli
2842 4202 3046 4270 quaevis
3075 4215 3222 4256 mors
3252 4201 3590 4256 atrocissima
3621 4202 3754 4258 sub-

2157 4289 2335 4345 eunda
2377 4299 2462 4346 est
2493 4307 2508 4344 :
2539 4293 2664 4361 quia
2695 4290 2852 4345 nobis
2900 4291 3159 4346 donatum
3189 4301 3309 4358 est,
3345 4300 3401 4346 ut
3422 4292 3497 4347 ait
3526 4292 3756 4364 Aposto-

2157 4382 2242 4436 lus
2271 4380 2559 4455 (Philipp.,
2593 4396 2632 4448 t,
2662 4382 2790 4452 29),
2823 4397 2921 4451 pro
2945 4380 3164 4437 Christo
3217 4397 3321 4436 non
3377 4390 3581 4438 tantum
3616 4392 3672 4438 ut
3701 4386 3752 4439 in

2155 4490 2280 4529 eum
2308 4474 2611 4535 credamus.
2662 4475 2756 4528 sed
2792 4485 2847 4528 ut
2896 4481 2952 4528 et
3001 4489 3095 4544 pro
3135 4474 3230 4528 illo
3279 4477 3568 4544 patiamur.
3598 4477 3747 4533 Talis

397 4608 407 4624 .
450 4573 601 4640 juvat
621 4571 929 4641 imperium,
958 4571 1362 4640 infatigabiliter
1390 4573 1570 4643 legere
1591 4573 1909 4644 dignemini.
1944 4577 2048 4630 Stt-
2079 4569 2133 4631 D
2158 4569 2302 4622 ellim
2333 4581 2480 4621 "IOTS
2509 4569 2591 4622 νθΙ
2624 4569 2827 4637 Passio.
2853 4567 3282 4623 immOI‘lalilaliS
3303 4573 3520 4625 occaSiO
3541 4579 3641 4626 est.

455 4664 621 4719 blime
650 4681 873 4735 regnum
905 4676 1148 4719 vestrum
1173 4675 1283 4719 tum
1311 4665 1379 4719 ad
1407 4666 1734 4720 sublimiora
1767 4709 1779 4731 ,
1818 4667 1912 4722 Dei
1944 4668 2046 4722 Pa-

458 4756 557 4810 tris
583 4757 973 4825 omnipotentis
995 4764 1051 4811 et
1069 4755 1270 4810 Christi
1295 4757 1559 4826 unigeniti
1579 4757 1700 4812 Filii
1730 4759 1847 4828 ejus
1869 4760 2049 4830 Opitu-

454 4847 658 4902 latione
697 4847 1050 4911 conscendit,
1081 4863 1203 4901 cum
1237 4863 1338 4902 nec
1394 4849 1445 4901 in
1480 4848 1687 4918 exiguis
1739 4850 2049 4911 hominibus

453 4937 734 5008 despicitis
767 4937 1051 4992 veritatem
1080 4982 1095 5007 ,
1131 4955 1230 4994 nec
1286 4940 1338 4994 in
1391 4941 1576 4995 multis
1602 4943 1687 4997 vel
1737 4946 2048 5015 potentibus

452 5030 1108 5088 mendaeiumroboratis.
1145 5032 1257 5088 Hoc
1301 5035 1500 5089 etenim
1540 5035 1902 5105 justissimum
1962 5048 2048 5096 est

452 5135 509 5181 et
534 5125 954 5182 saluberrimum
997 5123 1137 5191 apud
1185 5141 1409 5195 regnum
1435 5127 1682 5196 jnstitite,
1709 5140 1768 5183 ut
1797 5146 2046 5198 personat

453 5220 749 5288 probentur
773 5233 836 5272 ex
870 5216 1064 5272 merito
1090 5215 1357 5281 veritatis,
1389 5234 1494 5271 non
1524 5223 1724 5274 veritas
1749 5237 2045 5292 przesuma-

451 5319 538 5364 tur
580 5326 644 5364 ex
689 5309 928 5380 potentia
976 5324 1354 5381 personarum.
1409 5309 1689 5380 Siquidem
1729 5313 1818 5382 jus
1858 5316 2044 5371 szecnli

451 5399 573 5454 ideo
603 5402 864 5470 scriptum
909 5411 1011 5468 est,
1045 5417 1115 5457 ne
1146 5411 1336 5457 contra
1385 5416 1576 5457 verum
1632 5420 1916 5476 tequumve
1945 5423 2043 5478 po-

451 5491 619 5546 tentia
643 5493 726 5544 vel
755 5492 1046 5547 multitudo
1091 5495 1403 5564 praivaleat,
1444 5496 1656 5552 etiamsi
1709 5499 1778 5552 ab
1830 5499 2039 5569 exigui

446 5579 772 5638 vindicetur.
798 5581 951 5648 Quod
980 5585 1027 5638 sl
1051 5583 1169 5642 hac
1199 5591 1346 5642 tanta
1372 5599 1524 5656 cura,
1548 5591 1711 5646 etiam
1766 5590 1823 5645 in
1875 5589 2039 5646 rebus

2235 4659 2322 4716 III.
2367 4660 2486 4717 Non
2516 4662 2646 4716 latet
2670 4663 3141 4717 mansuetudinem
3165 4675 3218 4718 et
3251 4663 3503 4722 dev0tam
3524 4663 3635 4719 Deo
3660 4681 3745 4720 re-

2157 4754 2412 4824 ligionent
2446 4764 2705 4818 vestram,
2738 4770 2898 4825 quam
2930 4755 3092 4824 impia
3124 4771 3356 4824 quamve
3402 4756 3657 4826 pestifera
3681 4757 3754 4812 sit

2159 4847 2381 4902 interesis
2400 4848 2621 4913 Ariana,
2649 4857 2841 4902 contra
2872 4864 3030 4918 quam
3061 4863 3090 4902 a
3115 4850 3359 4917 patribus
3385 4853 3587 4905 nostris
3608 4851 3748 4921 apud

2157 4939 2389 4996 Nicaeam
2422 4941 2641 5010 Speciali
2666 4942 2852 5011 vigore
2889 4943 3257 5012 conscriptum
3291 4952 3374 4997 est
3403 4961 3415 4997 :
3450 4943 3520 4998 ita
3545 4953 3600 4997 ut
3621 4960 3752 5014 apo-

2156 5035 2364 5089 stolica:
2395 5035 2512 5090 fidei
2547 5034 2629 5100 pia
2659 5033 2932 5088 confessio
2968 5045 3280 5089 servaretur
3308 5077 3324 5104 ,
3371 5046 3532 5107 atque
3581 5037 3750 5107 ipsius

2157 5126 2432 5183 haereseos
2463 5137 2722 5196 perpetua
2753 5127 3105 5182 damnatione
3137 5127 3462 5194 firmaretur,
3517 5143 3585 5184 ne
3627 5130 3749 5200 quis

2152 5218 2262 5273 falli
2299 5227 2485 5288 posset
2510 5219 2560 5271 in
2603 5217 2855 5287 posteris.
2883 5217 2990 5272 Sed
3014 5218 3198 5285 Arius,
3232 5227 3285 5274 ut
3308 5235 3404 5274 cor
3425 5217 3745 5290 Pharaonis,

2153 5329 2261 5367 non
2291 5313 2519 5367 credens
2543 5312 2784 5366 divinam
2819 5312 2870 5366 in
2901 5325 2961 5367 se
2985 5321 3113 5368 tunc
3133 5313 3312 5368 datam
3341 5313 3507 5371 fuisse
3530 5325 3749 5371 senten-

2149 5409 2300 5472 tiam,
2333 5407 2514 5462 nescio
2545 5422 2648 5476 qua
2675 5407 2885 5462 ratione
2918 5407 2935 5438 ί
2962 5406 3232 5477 subripuit
3264 5410 3404 5479 apud
3436 5409 3746 5467 Constanti-

2149 5517 2298 5567 num,
2328 5519 2552 5574 sperans
2575 5503 2717 5575 quod
2745 5504 2915 5574 ipsius
2945 5503 3205 5574 suﬂ'ragio
3230 5507 3542 5575 specialium
3561 5521 3744 5563 sacer-

2147 5596 2334 5652 dotum
2358 5591 2626 5653 sententia
2655 5598 2910 5664 rescissa,
2936 5597 3106 5667 recipi
3135 5605 3318 5669 posset
3339 5597 3390 5652 in
3416 5595 3738 5658 Ecclesiam.

575 5757 658 5815 Ex
685 5757 1054 5830 manuscripto
1073 5757 1409 5838 Colbertino,
1439 5766 1720 5845 Subrepm't
1743 5773 1884 5849 apud
1909 5773 2323 5836 Constantinum.
