4150 6176
352 300 425 356 85
1324 293 1662 352 LIBELLUS
1702 293 1979 352 ΡΗΕοοΜ
2012 294 2104 349 AD
2145 290 2656 351 IMPERATORES.
3589 296 3659 350 δϐ

353 414 599 484 Denique
621 412 738 481 ipse
760 410 1154 466 Constantinus
1180 411 1439 479 jnsserat,
1475 418 1533 463 ut
1561 409 1614 463 ei
1642 418 1863 463 sanctus
1892 423 1956 463 ac
1983 410 2037 471 Α
2061 407 2297 462 Nicaeam
2330 408 2648 477 evangelica
2713 418 2876 479 atque
2920 412 3219 479 apostolica
3276 411 3485 466 ratione
3531 424 3663 465 con-

354 510 531 566 beatae
562 505 840 562 memoria:
858 507 1151 575 episcopus
1169 503 1481 559 Alexander
1495 504 1924 559 communicaret
1942 518 1955 555 ε

359 619 473 658 non
507 603 602 657 ille
632 599 975 665 Alexander,
1008 599 1100 669 qui
1134 599 1233 652 fuit
1259 598 1455 653 divinae
1499 597 1629 653 fidei
1665 597 1961 667 episcopus

362 698 423 752 in
449 692 810 759 Alexandria,
859 692 951 763 qui
1006 701 1061 746 et
1114 692 1309 761 plenus
1335 691 1604 759 sapientia
1659 698 1715 744 et
1755 690 1962 758 Spiritu

367 798 558 844 sancto
586 785 821 852 fervens,
846 782 1102 840 eumdem
1127 785 1311 837 Arium
1348 784 1553 853 primus
1584 792 1638 837 et
1677 782 1886 836 detexit
1908 789 1963 837 et

368 880 591 950 expulit,
622 889 675 931 et
701 878 753 930 in
784 886 1103 945 perpetuum
1124 874 1398 943 damnavit
1431 890 1446 937 ;
1475 873 1573 929 sed
1597 875 1696 927 iste
1726 872 1964 927 Alexan-

366 972 485 1035 der,
533 970 623 1041 qui
648 971 701 1023 in
732 968 834 1022 bac
860 969 993 1023 urbe
1018 966 1613 1037 Constantinupolitana
1644 966 1744 1020 fuit
1774 976 1831 1019 et
1851 967 1964 1035 ipse

362 1066 705 1122 admirabilis
727 1066 1035 1134 episcopus.
1066 1062 1166 1130 Qui
1208 1076 1329 1117 cum
1372 1061 1582 1117 videret
1613 1061 1757 1130 quod
1801 1061 1964 1115 Arius

360 1158 551 1215 saeculi
580 1158 739 1212 istius
772 1172 901 1227 rege
922 1157 1203 1218 niteretur,
1231 1156 1554 1210 exclamavit
1590 1170 1662 1209 ex
1706 1155 1814 1209 itno
1842 1169 1966 1223 pec-

365 1253 498 1307 toris
520 1252 733 1316 dolore,
758 1259 911 1303 stans
934 1250 988 1303 in
1013 1249 1134 1302 loco
1156 1248 1403 1309 sacrarii,
1451 1247 1519 1302 ad
1565 1246 1843 1301 Christum
1871 1259 1967 1301 ve-

369 1363 487 1401 rum
515 1355 571 1400 et
600 1344 995 1414 sempiternum
1020 1358 1202 1413 regem
1227 1350 1281 1397 et
1310 1342 1592 1397 Dominum
1620 1343 1859 1398 omnium
1884 1355 1969 1396 re-

368 1456 523 1511 gum,
550 1454 617 1493 ne
639 1438 783 1491 illam
811 1437 988 1492 labem
1024 1436 1077 1489 in
1107 1435 1401 1489 Ecclesiam
1432 1445 1708 1503 pateretur
1740 1436 1964 1489 intrare.

372 1534 543 1602 Cujus
567 1534 739 1588 oratio
772 1546 936 1601 quam
980 1539 1236 1584 constans
1281 1528 1486 1593 fuerit,
1548 1542 1707 1597 quam
1769 1527 1965 1592 ﬁdelis,

372 1631 497 1685 hinc
527 1628 813 1699 probatum
833 1636 938 1693 est,
970 1624 1114 1696 quod
1148 1624 1288 1679 idem
1321 1624 1515 1688 Arius,
1546 1633 1835 1691 antequam
1886 1620 1969 1674 in-

368 1732 538 1780 traret
580 1722 908 1781 Ecclesiatn.
936 1719 1087 1775 dedit
1127 1733 1313 1787 poenas
1350 1732 1517 1771 novas
1539 1727 1587 1771 et
1618 1716 1967 1787 gravissimas

2061 502 2263 572 scripta
2309 509 2416 567 est,
2471 518 2634 572 quam
2681 504 2822 558 Deus
2866 506 3210 573 apertissime
3254 504 3500 575 probavit
3536 518 3664 576 snp-

2064 594 2223 664 plicio
2255 594 2365 648 Arii
2398 596 2764 664 impugnantis
2794 611 2934 649 eam.
2975 597 3129 662 Quod
3168 598 3211 650 si
3252 596 3367 651 haec
3398 596 3538 665 apud
3565 610 3661 652 vos

2062 704 2185 744 vera
2214 698 2360 753 sunt,
2392 705 2509 758 quae
2540 690 2679 758 apud
2729 690 3027 759 scripturas
3078 691 3292 745 divinas
3335 706 3460 745 vera
3496 691 3664 746 robo:

2064 793 2275 849 rantur,
2306 786 2580 839 advertite
2610 827 2625 851 ,
2653 785 2880 855 piissimi
2914 796 2967 839 et
3000 785 3402 856 religiosissimi
3432 784 3667 854 impera-

2065 887 2235 941 tores,
2270 881 2321 931 in
2357 894 2467 948 quo
2508 880 2585 933 rei
2634 879 2739 932 sint
2771 880 2864 947 qui
2889 878 2991 931 sub
3034 879 3116 933 his
3164 880 3361 933 divinis
3392 878 3589 948 regulis
3612 887 3670 931 et.

2068 972 2499 1042 profcssioaibus
2542 972 2699 1027 fidem
2753 987 2906 1026 suam
2955 988 3017 1026 ac
3073 972 3419 1026 devotionem
3449 971 3667 1025 Christo

2068 1065 2181 1121 Deo
2204 1077 2685 1130 consecraverunt,
2717 1066 2923 1119 nullum
2979 1065 3231 1119 timorem
3265 1064 3455 1118 divino
3488 1063 3666 1117 timori

2068 1168 2473 1228 praeponentes.
2507 1157 2613 1212 Sed
2645 1158 2775 1212 licet
2806 1158 2969 1211 Arius
3000 1159 3069 1210 sit
3094 1157 3340 1225 sepultus
3372 1156 3425 1209 in
3459 1165 3669 1210 sterco-

2067 1253 2242 1317 ribus,
2268 1253 2479 1322 aliquos
2499 1259 2677 1306 tamen
2706 1251 2924 1320 reliquit
2948 1266 3061 1305 sua:
3084 1250 3376 1319 impietatis
3404 1248 3670 1303 ha'redes.

2073 1346 2317 1416 Denique
2348 1362 2453 1399 non
2485 1345 2770 1400 defuerunt
2798 1360 3035 1407 vermes,
3063 1345 3151 1413 qui
3193 1344 3259 1397 de
3300 1343 3416 1413 ejus
3449 1340 3671 1412 putrido

2071 1442 2336 1495 cadavere
2360 1449 2733 1494 nascerentur.
2756 1439 2859 1494 Per
2880 1454 3015 1509 quos
3034 1454 3152 1509 quae
3177 1439 3410 1510 gesserit
3427 1437 3673 1491 diabolus

2080 1534 2272 1587 artifex
2317 1536 2544 1599 erroris,
2582 1534 2800 1603 longum
2832 1533 3186 1602 estexsequi,
3217 1533 3379 1587 etiam
3429 1535 3471 1586 si
3519 1545 3675 1585 exse-

2071 1627 2161 1697 qui
2187 1641 2503 1692 possemus:
2541 1627 2749 1680 inlinita
2780 1636 2904 1681 sunt
2930 1626 3075 1680 enim
3101 1624 3538 1690 etincredibilia,
3566 1636 3675 1678 non

2075 1728 2254 1774 tamen
2286 1720 2439 1773 falsa.

368 1831 542 1887 usque
561 1816 627 1870 ad
651 1824 869 1885 turpem
896 1812 1197 1868 interitum.
1227 1811 1358 1866 Nam
1384 1826 1505 1865 cum
1528 1810 1700 1881 pridie
1720 1825 1878 1880 quam
1911 1824 1970 1864 se
2000 1800 2047 1859 Β
2150 1811 2215 1865 V.
2260 1811 2393 1865 Illud
2434 1824 2563 1865 vero
2596 1826 2740 1865 nunc
2794 1809 2937 1880 quod
2968 1810 3032 1864 ad
3063 1819 3392 1878 praesentem
3448 1822 3667 1863 causam

371 1912 578 1981 putavit
602 1916 848 1963 sanctam
877 1906 1176 1962 Ecclesiam
1203 1906 1543 1972 imperatoris
1573 1902 1773 1958 auxilio
1805 1902 1968 1957 homo

370 2003 569 2073 impius
599 2001 948 2061 intraturum,
971 2012 1095 2053 cum
1127 1997 1257 2052 nihil
1288 1997 1586 2065 languoris,
1640 1994 1773 2049 nihil
1817 1992 1972 2049 dolo-

372 2097 455 2149 ris
479 2096 536 2149 in
565 2107 797 2163 corpore
822 2097 1117 2161 pateretur,
1141 2090 1235 2145 sed
1262 2090 1402 2159 quod
1431 2088 1648 2160 gravius
1688 2096 1792 2154 est,
1842 2088 1962 2142 solo

375 2186 547 2241 animi
580 2185 770 2239 morbo
794 2182 1167 2238 iusanabiliter
1192 2188 1481 2251 aegrotaret
1510 2220 1524 2244 ,
1573 2180 1803 2233 humana
1843 2194 1971 2233 con-

370 2279 664 2335 suetudine
688 2291 961 2332 secessum
990 2275 1141 2344 petiit
1170 2316 1183 2339 ,
1216 2280 1379 2343 atque
1410 2273 1521 2327 illic
1555 2287 1679 2327 cum
1725 2272 1966 2337 sederet,

369 2372 698 2442 gravissimo
746 2380 974 2439 repente
1029 2368 1220 2423 dolore
1275 2368 1570 2431 cruciatus,
1635 2366 1816 2421 omnia
1875 2379 1974 2421 sua

371 2468 608 2528 viscera,
640 2474 695 2517 et
722 2464 899 2533 ipsum
926 2475 1023 2517 cor
1046 2460 1191 2531 quod
1232 2470 1350 2514 erat
1399 2459 1686 2514 thesaurus
1726 2458 1975 2527 impieta-

373 2561 466 2621 tis,
494 2556 685 2612 effudit
723 2557 773 2609 in
804 2565 1042 2609 stercora
1075 2569 1090 2619 ;
1148 2561 1310 2623 atque
1352 2552 1447 2617 ita,
1496 2552 1746 2605 mirabile
1802 2550 1973 2619 dictu,

376 2653 391 2682 ‘
425 2649 657 2704 internis
678 2647 932 2701 omnibus
967 2649 1244 2700 evacuatis
1289 2651 1599 2697 attenuatus
1648 2650 1751 2707 est,
1806 2650 1861 2695 et
1909 2639 1977 2695 ad

374 2754 712 2800 momentum
734 2743 875 2797 sicut
889 2738 1100 2794 luridati
1115 2737 1359 2806 corporis
1382 2738 1501 2790 tabe
1517 2736 1788 2790 resolutus
1800 2744 1904 2799 est,
1920 2741 1979 2788 ut

374 2851 476 2907 per
501 2835 779 2905 angustias
808 2831 1086 2886 foraminis
1110 2837 1167 2884 et
1196 2828 1382 2884 sedilis
1399 2829 1669 2897 totusipse
1684 2829 1978 2883 laberetur.

384 2931 557 2999 Digna
584 2932 699 2982 haec
724 2942 885 2998 pretia
916 2924 1105 2994 impio,
1137 2924 1298 2994 digna
1331 2923 1446 2977 haec
1495 2937 1642 2977 mors
1690 2924 1861 2990 turpis
1890 2936 1981 2990 pe-

380 3022 575 3078 stifero
604 3021 888 3085 hmretico,
916 3029 1079 3088 atque
1121 3018 1189 3072 de
1216 3016 1410 3087 spiritu
1455 3015 1654 3070 diaboli
1700 3013 1983 3069 fmtidissi-

386 3118 494 3170 mis
544 3114 802 3169 membris
849 3111 1009 3181 digna
1073 3110 1189 3165 haec
1263 3109 1564 3178 sepultura.
1624 3108 1776 3164 Novo
1835 3108 1978 3163 enim

2079 1902 2579 1971 l'acitexponimns,
2633 1903 2776 1972 quod
2832 1904 2919 1973 qui
2966 1904 3351 1970 imperatorem
3410 1900 3677 1957 Constan-

2078 1997 2208 2049 tium
2242 2011 2342 2065 per
2373 1994 2767 2050 fraudulentam
2796 1996 3219 2064 disputationem
3238 1993 3458 2050 Arianze
3483 1995 3675 2065 impie-

2081 2091 2205 2143 tatis
2231 2080 2551 2159 participem
2587 2088 2858 2154 fecerunt,
2883 2088 3166 2144 dedissent.
3207 2100 3261 2143 et
3302 2089 3390 2144 isti
3442 2090 3493 2144 in
3541 2105 3679 2159 pra!-

2077 2184 2216 2237 senti
2253 2197 2461 2251 poenas,
2494 2184 2537 2237 si
2568 2198 2674 2237 non
2724 2192 3003 2252 Oporteret
3034 2226 3047 2247 ,
3101 2183 3397 2237 secundum
3430 2181 3679 2253 Apostoli

2078 2279 2409 2331 sententiam
2444 2277 2487 2348 (Ι
2516 2276 2661 2345 Con,
2694 2292 2775 2342 χι,
2812 2277 2895 2347 9),
2927 2285 2981 2331 et
3012 2277 3251 2331 ltmreses
3287 2292 3432 2341 esse,
3478 2286 3536 2331 ut
3560 2292 3682 2345 pro—

2081 2372 2188 2424 bati
2222 2371 2488 2425 manifesti
2515 2371 2729 2426 fierent.
2762 2371 3037 2426 [labentes
3070 2387 3221 2442 ergo,
3265 2370 3317 2425 hi
3348 2386 3487 2441 quos
3538 2370 3679 2425 dixi-

2081 2478 2202 2518 mus
2258 2480 2473 2519 vermes
2527 2464 2684 2528 Arii,
2736 2466 3126 2520 assentientem
3179 2464 3279 2519 sibi
3337 2465 3543 2535 regiam
3586 2479 3681 2533 po-

2086 2566 2361 2622 testatem,
2383 2558 2615 2625 primum
2640 2558 2856 2627 quidem
2885 2574 2980 2627 per
3000 2559 3239 2628 singulos
3264 2559 3314 2611 in
3340 2558 3681 2613 eversionem

2082 2650 2367 2706 catholica»
2397 2649 2520 2703 ﬁdei
2552 2658 2606 2704 et
2631 2649 2681 2703 in
2711 2649 2983 2705 excidium
3014 2666 3184 2704 sacrae
3231 2650 3509 2720 religionis
3534 2692 3548 2715 ,
3583 2664 3681 2719 pro

2083 2741 2288 2795 Ariana
2322 2740 2602 2809 impietate
2631 2741 2966 2795 contendunt
2998 2759 3010 2793 :
3045 2741 3113 2794 ita
3134 2752 3190 2793 ut
3213 2745 3559 2805 resistentes,
3590 2748 3684 2794 aut

2083 2833 2369 2888 calumniis
2397 2842 2739 2902 appeterent,
2775 2833 2863 2887 vel
2894 2833 3067 2903 premis
3118 2832 3202 2887 vel
3253 2834 3451 2887 exsilio
3472 2833 3683 2886 critcia-

2086 2940 2207 2981 rent
2237 2937 2293 2981 et
2326 2935 2605 2981 necarent.
2638 2925 2739 2981 Ubi
2769 2935 2973 2980 tantum
3022 2926 3254 2995 amplius
3287 2942 3381 2996 per
3409 2940 3562 2980 suam
3594 2940 3683 2979 ra-

2088 3022 2225 3075 biem
2249 3021 2477 3091 grassati
2502 3030 2651 3086 sunt,
2682 3030 2734 3075 et
2766 3021 3007 3075 fecerunt
3031 3019 3135 3074 sibi
3166 3020 3364 3090 ubique
3391 3027 3682 3081 terrorem,

2088 3116 2325 3185 nonjam
2354 3116 2594 3170 contenti
2625 3116 2703 3169 ire
2736 3129 2831 3183 per
2854 3114 3118 3184 singulos.
3154 3115 3437 3168 Pestretno
3483 3118 3686 3182 Cogunt

384 3211 635 3279 exemplo
664 3216 717 3262 et
741 3205 975 3261 cruciari
1000 3204 1185 3259 debuit
1224 3211 1279 3257 et
1326 3202 1504 3270 perire
1525 3242 1540 3267 ,
1565 3203 1654 3271 qui
1690 3216 1857 3255 novas
1885 3201 1981 3254 ad-
2007 3195 2053 3258 C
2087 3208 2325 3277 undique
2375 3208 2427 3260 in
2482 3222 2646 3260 unum
2679 3206 2968 3275 episcopos
2991 3206 3304 3269 convenire,
3335 3211 3391 3259 et
3414 3204 3577 3258 datur
3606 3204 3687 3256 lo-

388 3317 577 3358 versus
629 3300 963 3371 unigenitum
998 3298 1187 3352 Filium
1220 3296 1314 3351 Dei
1354 3303 1749 3351 commentatus
1810 3295 1985 3351 fuerat

385 3395 723 3465 impietates,
752 3394 940 3447 dicens
982 3406 1104 3446 eum
1156 3405 1262 3444 non
1304 3405 1433 3445 vere
1466 3389 1533 3443 de
1571 3398 1720 3457 patre
1755 3399 1937 3442 natum
1968 3406 1979 3441 :

382 3498 444 3545 et
470 3494 594 3557 quia
642 3495 761 3541 erat
794 3483 1011 3553 quando
1063 3498 1168 3537 non
1209 3492 1365 3537 erat:
1421 3493 1475 3536 et
1522 3481 1648 3551 quia
1696 3495 1761 3535 ex
1815 3480 1986 3534 nihilo

385 3580 717 3635 substitutus
743 3586 859 3642 est,
892 3592 959 3631 ne
986 3576 1228 3646 ejusdem
1259 3574 1579 3631 substantiae
1608 3584 1662 3629 et
1688 3574 1987 3629 divinitatis

385 3686 447 3730 et
476 3672 925 3743 sempiternitatis
953 3681 1007 3725 et
1034 3669 1462 3739 omnipotentiae,
1507 3669 1662 3738 cujus
1716 3678 1770 3724 et
1834 3677 1988 3739 pater

388 3776 496 3831 est,
526 3763 868 3820 crederetur.

467 3856 558 3913 IV.
602 3856 716 3911 Hoc
771 3854 891 3910 ideo
949 3854 1239 3909 retulimus
1302 3863 1543 3923 augustae
1587 3853 1991 3909 mansuetudini

395 3958 613 4013 vestrae,
649 3956 707 4003 ut
732 3962 865 4002 vero
897 3946 1101 4001 intenta
1127 3955 1304 4002 vestra
1339 3946 1619 4016 prudentia
1654 3946 1993 4002 animadver-

396 4053 500 4109 tat,
526 4056 689 4109 quam
714 4040 1038 4095 venerabilis
1084 4038 1220 4093 fides
1264 4039 1334 4093 sit
1380 4039 1688 4108 conscripta
1732 4040 1871 4107 apud
1904 4038 1994 4092 Ni-

396 4148 579 4191 caeam
608 4133 867 4189 adversus
896 4131 1108 4197 Arium,
1135 4132 1221 4186 cui
1247 4140 1303 4186 et
1334 4131 1477 4186 Deus
1532 4146 1637 4185 non
1687 4132 1865 4186 solum
1897 4146 1995 4201 per

397 4227 780 4281 auctoritatem
826 4225 1231 4294 Scripturarum
1283 4225 1589 4278 divinarum
1619 4266 1633 4290 ,
1683 4224 1778 4279 sed
1828 4225 1995 4280 etiam

404 4338 504 4392 per
529 4322 952 4377 sacratissimam
982 4321 1284 4374 orationem
1312 4320 1484 4374 sancti
1509 4334 1724 4389 quoque
1764 4320 1999 4374 Alexan-

401 4415 487 4470 dri
518 4415 887 4471 testimonium
914 4412 1062 4469 dedit
1091 4431 1103 4465 :
1137 4421 1192 4467 et
1218 4428 1379 4483 quam
1409 4413 1761 4467 exsecrabilis
1791 4421 1873 4467 est
1901 4413 2000 4466 im-

407 4510 494 4579 pia
514 4508 762 4563 doctrina
812 4506 953 4570 Arii,
982 4522 1140 4577 quam
1172 4507 1223 4559 in
1258 4508 1377 4575 ipso
1423 4506 1558 4561 Ario
1612 4522 1753 4560 novo
1800 4522 1999 4575 genere

2088 3316 2184 3355 cus
2211 3302 2274 3354 ad
2309 3300 2605 3372 synodum,
2631 3299 3240 3368 Orientalibusquidem
3268 3298 3513 3352 Seleucia
3537 3294 3686 3350 Isau—

2089 3396 2185 3448 riae
2204 3435 2217 3459 ,
2242 3392 2691 3449 Occidentalibus
2720 3409 2848 3447 vero
2870 3394 3062 3447 civitas
3091 3392 3474 3447 Ariminensis.
3508 3388 3688 3460 Atque

2090 3486 2201 3540 illic
2235 3485 2464 3554 primum
2493 3486 2712 3553 quidem
2752 3486 2996 3555 episcopi
3052 3501 3150 3554 pro
3209 3493 3395 3538 sancta
3445 3481 3550 3537 fide
3597 3498 3690 3537 ve-

2091 3580 2325 3641 nienles,
2343 3577 2671 3631 confirmant
2698 3578 2844 3630 illam
2868 3577 3267 3645 expositionem
3290 3592 3411 3646 quae
3435 3575 3574 3643 apud
3598 3571 3690 3629 Ni-

2090 3684 2259 3725 caeam
2287 3668 2596 3734 conscripta
2628 3678 2731 3732 est,
2764 3671 2833 3722 ita
2867 3678 2923 3722 ut
2956 3669 3089 3722 nihil
3135 3668 3261 3722 inde
3304 3668 3646 3720 minueretur
3670 3707 3686 3732 ,

2093 3761 2236 3832 quod
2264 3761 2635 3831 evangelicam
2662 3761 2822 3814 fidem
2849 3761 3029 3814 verbis
3054 3759 3565 3829 inexpugnabilibus
3596 3771 3693 3811 ex-

2091 3855 2343 3924 plicaret,
2367 3864 2424 3908 et
2448 3853 2561 3906 Arii
2592 3854 2807 3921 impiam
2832 3846 3139 3906 doctrinam
3164 3852 3344 3905 divina
3364 3851 3691 3905 auctoritate

2094 3950 2402 4005 damnaret.
2432 3950 2585 4004 Tunc
2611 3949 2827 4003 demum
2851 3948 3088 4002 oblatam
3148 3948 3215 4001 ab
3256 3946 3484 4003 Ursacio
3518 3986 3532 4009 ,
3589 3944 3692 3997 Va-

2096 4041 2263 4107 lente,
2294 4042 2575 4096 Germinio
2625 4050 2680 4095 et
2722 4041 2852 4095 Caio
2912 4039 3224 4109 hujusmodi
3272 4039 3395 4094 lidei
3447 4038 3694 4093 conscri—

2097 4137 2364 4207 ptionem,
2416 4151 2537 4204 qum
2563 4143 2617 4189 et
2652 4134 2808 4189 fidem
2858 4133 3182 4189 catholicam
3242 4132 3583 4202 reprobaret,
3640 4136 3699 4184 et

2100 4228 2289 4282 Arium
2319 4227 2650 4293 absolveret,
2706 4227 2818 4281 imo
2870 4234 2925 4280 et
2956 4225 3332 4280 introduceret
3374 4223 3692 4294 pestiferam

2100 4322 2219 4391 ejus
2273 4322 2600 4386 doctrinam,
2653 4330 3009 4375 exsecrantur
3054 4330 3107 4374 et
3157 4320 3417 4373 damnant
3448 4328 3553 4372 tam
3593 4319 3697 4372 im-

2101 4420 2246 4488 piam
2280 4417 2441 4471 lidem
2487 4432 2697 4471 eorum.
2731 4416 2870 4483 Quin
2899 4417 3061 4469 etiam
3122 4416 3270 4483 ipsos
3296 4456 3309 4477 ,
3361 4411 3699 4480 inexpiabile

2104 4511 2284 4566 scelus
2312 4522 2434 4565 esse
2457 4510 2785 4579 judicantes,
2816 4510 2859 4561 si
2897 4519 3104 4576 patrum
3143 4507 3303 4560 fidem
3326 4490 3696 4559 venerabilem

408 4600 662 4671 supplicii
702 4601 973 4656 sententia
1003 4599 1181 4653 divina
1203 4600 1499 4664 damnavit,
1530 4616 1635 4654 non
1676 4608 1999 4669 exspectans
2032 4599 2080 4659 D
2109 4605 2320 4661 violent
2344 4647 2357 4666 .
2415 4605 2457 4657 si
2516 4604 2615 4656 hos
2674 4610 2781 4656 tam
2813 4600 3027 4669 impios,
3061 4610 3223 4668 atque
3252 4598 3469 4666 impiam
3503 4611 3698 4653 corum

408 4698 466 4752 in
500 4696 593 4750 illo
614 4695 750 4750 diem
774 4694 966 4765 judicii
999 4735 1013 4759 ,
1042 4702 1101 4747 ut
1127 4692 1380 4761 exemplo
1424 4708 1597 4762 pretia:
1653 4694 1772 4761 ejus
1817 4696 2001 4749 cteteri

410 4788 685 4858 perterriti
715 4795 1104 4857 praecaverent.
1131 4786 1248 4853 Quo
1274 4786 1457 4856 utique
1478 4787 1730 4855 exemplo
1757 4802 1855 4841 nec
1874 4786 2003 4841 illud

408 4883 770 4939 dubitandum
800 4891 903 4947 est,
928 4882 1090 4936 etiam
1122 4880 1221 4933 hos
1243 4879 1383 4948 apud
1416 4880 1584 4934 Deum
1635 4894 1757 4934 esse
1784 4879 2007 4933 damna-

415 4988 538 5039 tos,
582 4975 675 5044 qui
719 4975 837 5029 Arii
880 4972 1097 5041 impiam
1162 4970 1465 5025 doctrinam
1506 4972 1873 5025 renovandam
1924 4973 2006 5027 vel

322 5068 323 5075 “
411 5068 820 5137 suscipiendam
857 5080 980 5121 esse
1010 5064 1381 5120 crediderunt.
1412 5063 1696 5131 Quomodo
1744 5064 1886 5117 enim
1915 5079 2008 5119 eos

416 5171 678 5231 perpetua
713 5174 874 5230 paena
904 5158 1187 5228 disjungit,
1216 5170 1353 5225 quos
1407 5156 1568 5225 impia
1623 5154 1865 5209 doctrina
1900 5172 2008 5211 non

412 5255 674 5324 separat?
714 5254 882 5309 Pares
914 5266 1037 5306 reos
1069 5252 1233 5304 etiam
1261 5250 1458 5304 vestris
1490 5248 1700 5317 legibus
1736 5263 1874 5303 unus
1892 5264 2010 5302 car-

416 5365 510 5402 cer
538 5346 791 5409 includit,
816 5356 978 5415 atque
1005 5359 1107 5397 una
1139 5341 1261 5397 ferit
1291 5341 1581 5395 sententia.
1630 5341 1737 5396 Sed
1778 5350 1834 5395 et.
1879 5340 2013 5395 illttd

415 5440 618 5509 ambigi
653 5454 760 5491 non
791 5446 986 5507 potest,
1020 5435 1118 5489 hos
1147 5449 1269 5490 esse
1289 5448 1416 5489 vere
1446 5433 1772 5497 catholicos,
1795 5434 1885 5500 qui
1918 5448 2015 5502 per

418 5531 640 5595 exsilia,
674 5546 771 5599 per
816 5543 1009 5598 genera
1062 5525 1482 5596 suppliciorum,
1521 5540 1619 5594 per
1670 5526 2014 5581 atrocitatem

422 5626 641 5689 mortis,
668 5622 815 5677 illam
844 5622 1007 5678 fidem
1051 5620 1169 5676 sine
1200 5618 1326 5674 dolo
1351 5617 1652 5682 vindicant,
1703 5634 1824 5688 quae
1875 5620 2015 5691 apud

515 5816 528 5846 ¹
564 5811 665 5871 Ms.
693 5808 980 5869 lnteraneis
1006 5804 1235 5864 omnibus
1260 5801 1533 5861 evocantis.

2110 4696 2575 4766 conscriptionem
2614 4703 2893 4764 pateretur
2927 4690 3188 4745 Ecclesia.
3228 4689 3443 4744 Mittunt
3488 4702 3704 4757 quoque

2110 4789 2298 4844 decem
2338 4790 2544 4858 legatos
2569 4788 2635 4841 ad
2665 4790 3049 4855 imperatorem
3086 4783 3462 4838 Constantium
3500 4824 3514 4847 ,
3572 4782 3711 4837 scri-

2114 4884 2301 4938 bentes
2338 4899 2459 4952 qua:
2498 4891 2646 4951 gesta
2688 4890 2842 4945 sunt,
2876 4887 2932 4934 et
2983 4880 3263 4933 hortantes
3307 4878 3467 4933 simul
3502 4887 3559 4932 ut
3588 4878 3707 4943 ipse

2114 4991 2331 5045 quoque
2383 4976 2601 5029 decreta
2648 4975 2864 5028 Patrum
2901 4989 2996 5041 pro
3028 4973 3131 5027 fide
3178 4974 3475 5029 venerabili
3518 4980 3709 5027 contra

2118 5068 2403 5122 haereticos
2430 5067 2687 5121 inviolata
2714 5081 2976 5120 servaret.
3013 5066 3382 5120 Mittuntsane
3432 5077 3485 5119 et
3534 5064 3713 5117 haere-

2120 5161 2209 5215 tici
2265 5161 2654 5229 lcgatos,qnos
2688 5167 2813 5213 tunc
2869 5158 3311 5221 familiarissime,
3362 5165 3414 5211 et
3466 5166 3521 5209 ut.
3579 5167 3710 5209 suos

2117 5253 2355 5322 suscepit
2387 5252 2756 5305 C0n5tantius.
2797 5255 2900 5304 l'ios
2922 5263 3082 5306 veros
3115 5250 3323 5318 legatos
3352 5246 3571 5316 qni‘pro
3602 5242 3714 5299 ﬂde

2120 5346 2387 5400 catholica
2413 5353 2600 5398 contra
2634 5344 2919 5397 ltzereticos
2972 5347 3259 5402 venerant,
3305 5336 3564 5405 reprobat
3599 5376 3611 5400 ,
3662 5345 3719 5392 et

2124 5454 2221 5510 per
2256 5453 2383 5493 suos
2413 5452 2556 5492 nunc
2585 5437 2756 5505 gratia
2807 5436 3019 5498 invitat,
3053 5445 3196 5485 nunc
3231 5429 3395 5484 minis
3423 5437 3721 5499 perterret,

2124 5541 2179 5586 et
2210 5531 2428 5584 interim
2456 5528 2569 5582 sola
2602 5527 2866 5579 dilatione
2891 5523 3205 5587 discruciat,
3249 5530 3305 5576 ut
3345 5522 3396 5574 in
3444 5520 3722 5588 ultimum,

2124 5638 2246 5678 cum
2280 5624 2414 5677 iram
2448 5620 2591 5691 regis
2625 5624 2895 5681 metuunt,
2950 5630 3071 5672 cum
3120 5632 3228 5673 non
3285 5614 3576 5686 dignantur
3628 5625 3725 5685 pro
