4150 6176
470 267 539 325 87
762 290 769 293 δ
1645 269 1730 324 FA
1743 268 1962 325 USTlNl
2001 268 2089 322 ΕΤ
2130 265 2549 323 MARCELLINI
3702 270 3771 327 88

432 402 441 413 ί
476 385 700 443 Christo
731 385 870 440 Filio
893 385 986 440 Dei
1018 384 1270 439 exsilium
1301 382 1539 451 perpeti,
1574 396 1695 435 cum
1729 380 1961 450 propriis
1988 394 2075 436 se-
2100 385 2150 444 Α
2183 381 2305 435 liter
2333 390 2389 436 et
2418 379 2680 436 Eusebius
2709 396 2739 436 a
2766 380 3051 446 Vercellis,
3080 395 3179 436 nec
3218 395 3325 435 non
3366 389 3421 436 et
3476 380 3769 454 Dionysius

478 477 641 531 dibus
670 486 724 531 et
750 477 1104 531 ecclesiarum
1136 473 1614 543 perniciosissimis
1640 473 2072 540 possessionibus

476 569 846 633 oblectamur,
880 566 1190 621 rescindant
1226 565 1369 634 quod
1425 566 1510 634 pie
1560 564 1990 631 vindicaverant,
2018 576 2075 620 et

475 664 783 732 suscipiant
810 659 952 729 quod
981 669 1038 713 ut
1065 659 1285 729 impium
1316 659 1733 715 damnaverant.

550 755 639 810 Vl.
683 754 869 809 Liceat
897 754 951 807 in
981 752 1085 807 hoc
1106 751 1249 821 apud
1300 767 1399 808 vos
1445 751 1728 821 religiosos
1782 754 2075 821 imperato-

473 849 645 905 resin
678 862 840 902 causa
888 847 977 901 Dei
1038 845 1309 901 dolentius
1364 844 1763 914 ingemiscere:
1820 844 2072 913 Episcopi

474 940 597 1009 plus
630 940 764 993 iram
799 939 942 1010 regis
972 939 1170 993 terreni
1204 938 1534 1002 timuerunt,
1583 950 1746 1006 quam
1799 933 2071 991 Christuni

470 1046 658 1087 verum
692 1032 881 1097 Deum,
924 1040 981 1087 et
1030 1032 1425 1102 sempiternum
1458 1045 1660 1101 regem.
1695 1030 1923 1085 Gravius
1979 1047 2075 1085 ex-

473 1123 657 1179 silium
687 1123 984 1192 temporale
1011 1137 1132 1177 esse
1163 1121 1532 1185 crediderunt,
1561 1138 1721 1192 quam
1754 1132 2070 1192 perpetuam

469 1232 695 1287 poenam
746 1216 1043 1272 secundum
1107 1216 1323 1272 Esaiam
1387 1215 1802 1270 indormitabilis
1874 1218 2072 1272 vermis

475 1308 637 1381 (Iam,
668 1326 814 1376 LXVI,
846 1309 938 1380 24)
960 1352 972 1375 ,
1023 1319 1079 1365 et
1107 1311 1245 1380 ignis
1277 1310 1752 1379 incxstinguibilis.
1811 1309 2070 1367 Suaviora

478 1402 790 1457 ltabueruut
820 1403 1035 1473 propria
1068 1401 1338 1457 domicilia
1370 1412 1425 1457 et
1458 1403 1831 1472 possessiones
1855 1443 1872 1468 ,
1908 1419 2068 1473 quam

471 1494 524 1547 in
561 1509 729 1557 regno
756 1493 957 1550 Christi
982 1495 1194 1550 beatam
1223 1504 1276 1549 et
1309 1503 1623 1564 perpetuam
1656 1494 2065 1551 habitationem.

469 1586 581 1643 Sed
613 1588 985 1654 Constantius,
1016 1604 1122 1642 non
1156 1598 1441 1644 contentus
1464 1589 1621 1643 ruina
1648 1598 1702 1645 et
1731 1590 1851 1645 labe
1881 1592 2068 1647 decem

472 1681 801 1751 legatorum,
838 1682 1005 1737 mittit
1031 1683 1353 1749 Ariminum,
1384 1691 1441 1736 ut
1468 1698 1659 1737 omnes
1692 1682 1801 1737 illic
1826 1683 2068 1755 episcopi

473 1776 731 1831 similiter
764 1784 1124 1831 verterentur.
1149 1776 1249 1844 Qui
1275 1785 1329 1831 et
1359 1777 1482 1844 ipsi,
1525 1776 1671 1830 malo
1698 1780 1951 1848 exemplo
1978 1779 2070 1833 illo
2101 1791 2148 1851 Β

472 1869 775 1937 legatorum
808 1882 1052 1934 suorum,
1084 1872 1225 1938 piam
1260 1868 1419 1923 fidem
1452 1877 1664 1939 patrum
1688 1885 1847 1938 quam
1900 1871 2073 1925 vindi-

471 1969 753 2023 caverant,
787 1959 1102 2029 reprobant,
1137 1960 1545 2015 subscribentes
1574 1961 1624 2015 iu
1653 1960 1743 2015 illa
1777 1960 1884 2017 fide
1918 1962 2072 2018 Aria-

474 2066 667 2105 norum
701 2066 861 2121 quam
890 2052 1103 2122 integro
1134 2062 1185 2106 et
1216 2052 1388 2122 libero
1415 2052 1624 2123 judicio
1660 2052 2066 2109 damnaverant.

470 2144 1017 2213 Atlvertitsapientia
1069 2154 1245 2199 vestra
1275 2187 1291 2210 ,
1347 2145 1749 2201 Ariminensem
1801 2148 2069 2219 synodum

473 2236 717 2307 piissime
738 2245 997 2306 emptam,
1019 2238 1112 2291 sed
1138 2238 1458 2308 impiissime
1483 2241 1845 2295 terminatam.
1868 2242 2069 2297 Eadem

475 2340 653 2383 autem
678 2338 733 2385 et
760 2331 901 2398 apud
928 2331 1231 2387 Seleuciam
1264 2331 1482 2387 Isauria:
1531 2334 1600 2389 ab
1647 2336 1918 2406 episcopis
1969 2337 2073 2391 im-

474 2422 650 2491 pietas
699 2423 992 2477 commissa
1040 2432 1143 2479 est.
1197 2422 1469 2491 Judicate,
1514 2425 1743 2494 piissimi
1774 2436 1829 2481 et
1856 2428 2071 2499 religio-

475 2512 675 2566 sissimi
743 2513 1138 2582 imperatores,
1188 2514 1242 2569 in
1278 2531 1387 2583 quo
1434 2515 1510 2571 rei
1550 2526 1697 2583 sunt,
1748 2525 1803 2573 et
1853 2519 1905 2571 in
1964 2536 2070 2589 quo

476 2614 759 2661 merentur
809 2605 973 2677 afﬂigi
997 2649 1010 2673 ,
1041 2608 1131 2678 qui
1181 2608 1376 2662 nolunt
1417 2624 1538 2663 cum
1574 2610 1771 2665 talibus
1800 2613 2071 2683 episcopis

474 2702 816 2757 convenire:
865 2703 1112 2772 quicum
1150 2702 1383 2773 primum
1430 2703 1590 2759 fidem
1638 2704 1899 2775 integram
1956 2707 2073 2763 vin-

479 2792 729 2849 dicarent
766 2805 816 2849 et
849 2795 1071 2864 impiam
1103 2795 1264 2851 fidem
1298 2798 1682 2867 reprobarent,
1732 2809 1917 2868 postea
1947 2816 2069 2856 cum

472 2895 722 2940 metuunt
745 2885 1159 2951 exsilium,cum
1178 2888 1339 2943 rebus
1359 2890 1769 2945 suisetsedibus
1792 2893 2073 2948 oblectanu

473 2988 580 3045 tur,
614 2981 1178 3046 vertuntsententias,
1216 2982 1541 3038 damnantes
1570 2983 1638 3038 ad
1667 2993 1855 3040 nutum
1899 2985 2071 3042 haere-

468 3069 561 3124 tici
592 3070 971 3139 imperatoris,
1007 3073 1154 3126 illam
1186 3074 1539 3143 apostolicam
1572 3091 1731 3145 quam
1763 3078 2069 3135 vindicave-

2183 471 2687 539 Mediolanensium,
2719 470 3039 528 Constantio
3068 473 3179 544 regi
3209 472 3441 541 primum
3467 472 3775 540 familiaris,

2178 580 2300 620 cum
2329 566 2506 620 adhuc
2539 567 2814 636 ignoraret
2842 581 2966 621 eum
2998 564 3265 621 fautorem
3310 580 3434 623 esse
3484 566 3770 623 haeretico-

2177 674 2320 725 rum,
2348 670 2535 727 postea
2577 668 2753 713 tamen
2785 674 2945 728 quam
2971 659 3020 713 ei
3052 658 3327 728 cognitum
3358 669 3441 714 est
3471 667 3526 714 et
3574 659 3769 730 proba-

2176 748 2484 817 tum,quod
2515 748 2799 804 hzereticos
2833 748 3169 813 vindicaret,
3221 750 3427 821 respuit
3480 752 3625 822 regis
3674 753 3772 806 im-

2179 841 2318 911 piam
2341 840 2782 907 familiaritatem,
2810 841 3016 897 maleus
3046 842 3322 908 exsilium,
3353 858 3421 899 ne
3440 843 3643 899 Christi
3679 845 3769 901 Dei

2176 936 2468 990 amicitiam
2501 937 2772 1006 perderet,
2823 951 2891 991 ne
2942 944 3256 992 sanctorum
3301 939 3635 993 consortium
3661 954 3769 994 non

2178 1028 2421 1085 haberet.
2458 1030 2565 1086 Sed
2594 1039 2649 1085 et
2682 1029 2960 1086 llodanius
2982 1030 3212 1084 mittitur
3239 1031 3291 1085 in
3338 1031 3615 1098 exsilium,
3641 1048 3768 1087 nec-

2175 1136 2283 1177 non
2308 1134 2359 1177 et
2392 1122 2649 1190 Hilarius,
2681 1123 2773 1193 qui
2801 1133 2855 1178 et
2896 1123 3096 1191 sCIipla
3142 1134 3332 1180 contra
3388 1124 3671 1181 haereticos
3710 1134 3767 1182 et

2179 1216 2625 1285 praevaricatores
2662 1215 2869 1271 edidit:
2932 1214 3058 1269 licet
3115 1224 3297 1284 postea
3351 1230 3478 1271 vero
3534 1218 3767 1273 interru—

2177 1306 2524 1377 peritfavens
2555 1307 3064 1379 prtevaricatoribus
3090 1349 3105 1374 ,
3155 1318 3213 1363 ut
3264 1322 3373 1363 non
3398 1307 3642 1364 dicamus
3688 1310 3768 1364 in-

2178 1399 2333 1453 terim
2376 1399 2499 1468 quia
2528 1401 2543 1430 ¹
2576 1399 2665 1454 ubi
2706 1411 2761 1455 et
2797 1398 3089 1465 haereticis,
3144 1400 3194 1455 in
3247 1416 3384 1471 quos
3439 1402 3769 1471 eloquentia:

2176 1506 2288 1546 sua:
2354 1492 2560 1547 viribus
2630 1503 3004 1562 peroraverat.
3059 1496 3079 1524 ³
3132 1494 3396 1549 Maximus
3441 1510 3656 1566 quoque
3703 1496 3771 1552 de

2175 1583 2397 1655 Neapoli
2426 1585 2757 1655 Campaniae,
2791 1599 2857 1641 eo
2885 1586 3027 1656 quod
3059 1597 3203 1642 esset
3233 1586 3451 1642 inhabili
3482 1588 3768 1643 stomacho

2176 1686 2230 1731 et
2260 1691 2487 1746 corpore
2508 1677 2813 1745 delicatior,
2840 1678 3071 1749 primum
3104 1678 3319 1748 quidem
3344 1689 3399 1733 ut
3420 1678 3641 1735 caderet
3674 1680 3769 1735 diu

2176 1767 2408 1824 afflictus
2431 1769 2664 1839 injuriis,
2698 1770 2896 1826 deinde
2941 1772 3027 1826 ubi
3084 1772 3155 1825 ob
3183 1772 3350 1827 animi
3401 1773 3764 1829 constantiam

2176 1859 2411 1929 fideique
2432 1862 2689 1915 virtutem
2713 1904 2726 1926 ,
2758 1863 2938 1916 carnis
2978 1862 3293 1918 infirmitate
3349 1878 3455 1919 non
3514 1864 3768 1931 vincitur,

2175 1953 2368 2009 ductus
2390 1962 2471 2008 est
2498 1955 2548 2007 in
2570 1954 2843 2020 exsilium,
2873 1965 3034 2024 atque
3057 1955 3168 2010 illic
3196 1965 3400 2025 martyr
3442 1956 3493 2009 in
3556 1956 3766 2011 Domini

2175 2060 2309 2115 pace
2338 2045 2622 2114 requievit.
2649 2044 2757 2101 Sed
2776 2056 2831 2100 et
2849 2044 3192 2115 Rufinianus,
3224 2049 3373 2103 mirae
3396 2048 3613 2116 quidem
3641 2050 3769 2103 sim-

2176 2138 2457 2209 plicitatis,
2504 2138 2599 2193 sed
2630 2139 3002 2195 admirabilior
3034 2144 3087 2195 in
3112 2142 3309 2197 tuenda
3351 2141 3478 2209 fide,
3508 2142 3771 2200 effusione

2176 2233 2571 2303 Suisangninis
2604 2235 2865 2304 praevenit
2890 2236 3159 2290 exsilium.
3208 2236 3447 2307 Denique
3488 2252 3611 2292 eum
3672 2252 3768 2307 pro

2174 2325 2298 2381 fidei
2328 2328 2638 2398 integritate
2664 2330 2926 2399 persistit.
2955 2328 3096 2384 hunc
3129 2329 3408 2400 Epictetus
3428 2372 3443 2397 ,
3476 2340 3631 2385 atrox
3678 2332 3770 2387 ille

2175 2432 2229 2477 et
2264 2421 2417 2477 dirus
2463 2423 2531 2478 de
2588 2422 2972 2480 Centumcellis
3026 2425 3333 2495 episcopus,
3389 2435 3515 2480 ante
3547 2424 3768 2481 rhedatn

2175 2530 2327 2571 suam
2350 2533 2574 2574 currere
2602 2520 2801 2589 coegit,
2832 2529 2885 2575 et
2914 2534 3035 2575 cum
3062 2520 3154 2575 diu
3192 2520 3363 2575 currit
3394 2563 3409 2587 ,
3450 2522 3529 2576 sic
3582 2522 3635 2575 in
3684 2522 3767 2574 via

2176 2611 2353 2681 ruptis
2431 2610 2682 2665 vitalibus
2745 2612 3064 2681 sanguinem
3137 2611 3370 2669 fundens
3450 2615 3769 2683 exspiravit.

2174 2704 2366 2760 Sciunt
2398 2707 2498 2761 hoc
2536 2706 2878 2778 Neapolitani
2911 2710 2962 2764 in
2992 2707 3284 2778 Campania
3318 2752 3332 2775 ,
3388 2710 3477 2765 ubi
3526 2710 3768 2779 reliquias

2175 2799 2388 2854 cruoris
2413 2801 2530 2869 ejus
2577 2800 2628 2855 in
2671 2801 2910 2856 obsessis
2960 2802 3279 2871 corporibus
3330 2801 3594 2856 da‘tnOuia
3627 2799 3767 2854 affli-

2172 2899 2346 2962 gunt:
2379 2907 2475 2962 pro
2502 2894 2673 2962 gratia
2706 2894 2890 2963 utique
2921 2893 3047 2948 fidei
3097 2893 3259 2959 illius,
3289 2907 3387 2964 pro
3414 2909 3514 2962 qua
3547 2893 3766 2958 sangui-

2176 2999 2299 3039 nem
2328 2983 2486 3041 fudit.
2520 2985 2763 3040 Fuerunt
2793 2995 2847 3040 et
2870 2986 2959 3039 alii
2990 2986 3232 3055 episcopi
3258 2986 3326 3041 de
3357 2984 3593 3057 (Egypto
3637 2986 3767 3040 licet

2175 3078 2412 3148 pauculi,
2446 3094 2675 3148 quorum
2708 3079 2798 3133 alii
2830 3080 2882 3133 in
2909 3077 3083 3148 fugam
3112 3078 3256 3133 versi
3292 3090 3440 3144 sunt,
3499 3078 3593 3131 alii
3633 3093 3765 3133 vero

469 3173 596 3218 rant
627 3163 812 3230 ﬁdem,
851 3166 938 3220 vel
960 3167 1319 3235 suscipientes
1341 3168 1488 3224 illam
1531 3170 1645 3225 Arii
1691 3186 1851 3241 quam
1883 3188 2071 3242 repro-
2096 3180 2141 3243 C
2175 3172 2227 3227 in
2250 3173 2501 3227 exsilium
2522 3174 2733 3239 dati,eo
2756 3173 2897 3242 quod
2912 3173 3119 3229 nollent
3136 3188 3261 3228 cum
3282 3172 3553 3243 episcopis
3585 3171 3765 3243 impiis

470 3258 737 3316 baverunt
767 3261 1126 3332 impietatem.

546 3353 655 3407 VII.
700 3354 891 3411 Nonne
913 3367 1126 3427 gratum
1162 3357 1362 3416 habere
1389 3358 1736 3429 debuerunt,
1788 3364 1831 3418 si
1888 3374 2063 3421 tamen

470 3449 770 3505 credebant
796 3453 1035 3505 futurum
1070 3454 1163 3508 Dei
1191 3454 1475 3524 judicium,
1518 3457 1698 3511 omnia
1746 3458 1887 3513 mala
1944 3475 2066 3530 per-

470 3543 605 3612 peti,
640 3559 798 3613 quam
827 3560 950 3600 esse
978 3548 1307 3602 venerabilis
1352 3549 1479 3603 fidei
1524 3551 1852 3620 proditores,
1912 3554 2065 3623 cujus

467 3638 673 3691 veritas
698 3639 871 3691 sancti
904 3656 1120 3711 quoque
1153 3642 1443 3697 Alexandri
1469 3645 1808 3700 orationibus
1847 3655 1903 3701 et
1949 3646 2063 3702 Arii

465 3729 736 3798 supplicio
767 3729 945 3785 fuerat
970 3733 1301 3802 approbata?
1324 3736 1556 3790 maxime
1581 3752 1705 3793 cum
1728 3750 1781 3791 et
1810 3740 2063 3807 gloriosa:

467 3822 737 3891 passionis
769 3825 1141 3893 praecessisset
1170 3829 1500 3895 exemplum,
1548 3828 1674 3882 licet
1709 3831 2063 3896 paucissimo-

463 3931 583 3971 rum
616 3918 1023 3985 cpisc0purum,
1053 3920 1141 3987 qui
1169 3934 1237 3972 ne
1271 3919 1642 3986 evangelicam
1679 3922 2063 3989 apostolicam-

462 4022 568 4076 que
600 4006 760 4059 fidem
786 4007 1083 4070 violarent,
1137 4023 1204 4062 ne
1254 4009 1436 4078 impiis
1472 4012 1919 4081 acquiescerent,
1953 4028 2058 4071 non

463 4099 739 4165 exsilium,
774 4116 879 4153 non
909 4102 1257 4170 supplicium,
1283 4119 1382 4159 nec
1412 4105 1646 4176 aliquam
1693 4111 1884 4164 mortis
1913 4120 2062 4164 atro-

460 4191 681 4269 citatem
712 4202 1053 4247 recusarunt.
1089 4194 1335 4265 Denique
1371 4206 1498 4251 ante
1542 4198 1812 4269 synodum
1864 4200 2060 4257 Arimi-

463 4298 688 4338 nensem
732 4283 993 4339 Paulinus
1021 4287 1086 4340 de
1117 4286 1369 4343 Treveris
1415 4292 1891 4348 constantissimus
1946 4296 2059 4364 epi-

462 4390 660 4446 scopus
690 4376 850 4431 datur
880 4377 933 4432 iu
962 4380 1250 4445 exsilium,
1288 4381 1426 4450 piam
1461 4381 1618 4437 fidem
1674 4383 1951 4441 vindicans
2003 4397 2059 4442 et

460 4484 755 4525 exsecrans
778 4473 1114 4527 consortium
1144 4472 1489 4531 Arianorum.
1510 4476 1617 4533 Sed
1640 4487 1698 4533 et
1724 4482 2056 4549 apostolicus

2173 3275 2229 3321 et
2254 3266 2565 3322 crudelibus
2610 3268 2924 3322 convenire.

2243 3358 2381 3413 VIII.
2416 3358 2586 3424 Quam
2612 3360 2797 3430 utique
2834 3358 3049 3414 salubre
3072 3358 3268 3424 fuerat,
3297 3373 3458 3429 quam
3480 3356 3762 3425 pulchrum

2171 3464 2402 3519 quamve
2430 3452 2730 3520 gloriosum
2758 3494 2773 3519 ,
2807 3453 2850 3507 si
2881 3466 3072 3507 omnes
3101 3452 3177 3505 illi
3206 3452 3477 3522 episcopi,
3507 3452 3620 3521 pari
3654 3451 3764 3506 vir-

2171 3553 2282 3599 tute
2315 3555 2371 3600 et
2400 3545 2566 3599 simili
2596 3546 3034 3615 conSpiratione,
3071 3544 3229 3599 fidem
3260 3560 3421 3615 quam
3452 3553 3599 3600 recte
3620 3560 3763 3599 sem-

2169 3650 2269 3705 per
2303 3635 2714 3691 vindicaverant
2736 3677 2751 3701 ,
2793 3636 2846 3690 in
2881 3635 3042 3691 finem
3087 3651 3255 3706 lISqtle
3283 3647 3623 3704 servassent,
3654 3651 3760 3691 non

2167 3728 2379 3793 exsilia,
2416 3742 2523 3782 non
2550 3728 2810 3799 supplicia
2844 3730 3313 3799 pertitnescentes,
3346 3729 3413 3785 ad
3441 3730 3758 3800 capiendam

2168 3822 2353 3891 utique
2385 3821 2619 3875 futuram
2652 3821 2705 3875 in
2739 3821 2834 3876 Dei
2866 3820 3064 3876 Christi
3096 3838 3264 3891 regno
3289 3834 3604 3891 perpetuam
3633 3822 3761 3877 bea-

2167 3913 2476 3967 titudinem!
2505 3913 2568 3968 Et
2601 3925 2861 3982 tacemus,
2886 3915 3029 3985 quod
3059 3914 3301 3970 fortassis
3322 3918 3486 3971 etiam
3514 3926 3569 3972 et
3596 3916 3757 3971 intel-

2164 4008 2331 4078 ligere
2378 4007 2635 4063 fecissent
2680 4024 2932 4078 magnum
2966 4010 3196 4078 pretium
3231 4024 3351 4064 esse
3393 4010 3546 4063 istius
3588 4008 3713 4064 fidei
3738 4050 3753 4076 ,

2167 4118 2265 4173 pro
2312 4118 2415 4173 qua
2478 4102 2656 4157 nullus
2715 4104 3096 4174 episcoporum
3151 4104 3434 4170 exsilium,
3490 4104 3760 4173 proscrip-

2166 4199 2343 4253 tiones
2368 4240 2381 4263 ,
2414 4207 2680 4252 tormenta
2708 4238 2723 4263 ,
2765 4206 3103 4269 mortemque
3148 4208 3445 4253 recusaret.
3488 4196 3591 4252 Sed
3634 4211 3762 4266 pau-

2160 4291 2270 4346 lum
2304 4294 2531 4346 territus
2561 4300 2744 4346 tantus
2790 4292 3176 4361 cpiscOporum
3230 4304 3488 4345 numerus
3513 4298 3757 4344 caterva-

2164 4386 2257 4438 titn
2297 4385 2564 4440 dederunt
2603 4401 2795 4440 manus
2841 4385 3101 4454 impietati
3126 4426 3142 4452 ,
3169 4393 3223 4439 et
3249 4383 3314 4437 ad
3347 4384 3605 4452 majorem
3646 4383 3755 4453 jam

2167 4479 2445 4531 vesaniam
2489 4478 2767 4533 inclinavit
2810 4479 3058 4549 impietas
3104 4489 3209 4532 tam
3241 4476 3385 4532 facili
3414 4488 3593 4549 strage
3620 4476 3757 4531 mul-

457 4561 541 4615 vir
570 4561 789 4618 Lucifer
810 4563 877 4618 de
908 4562 1158 4619 Sardinia
1183 4563 1508 4623 Caralitanre
1551 4569 1788 4625 civitatis
1842 4574 2054 4641 episco-
2087 4575 2130 4634 υ
2162 4570 2428 4625 lilttdinis.
2463 4569 2580 4624 Non
2637 4572 2738 4626 hoc
2786 4572 2965 4626 minus
3003 4572 3341 4642 sacrilegium
3371 4580 3487 4636 εει.
3520 4586 3626 4626 non
3655 4572 3757 4627 hoc

454 4668 578 4722 pus,
606 4655 676 4709 ob
699 4656 802 4711 hoc
823 4656 967 4724 quod
994 4656 1135 4713 bene
1156 4669 1301 4713 esset
1317 4661 1532 4729 agnitus
1563 4676 1660 4730 per
1681 4672 2048 4733 contemptum

455 4745 669 4810 saeculi,
706 4762 801 4815 per
828 4748 1064 4802 studium
1089 4764 1362 4804 sacrarum
1408 4752 1730 4819 litterarum,
1789 4769 1885 4823 per
1928 4758 2051 4811 vitae

453 4835 773 4906 puritatem,
801 4854 896 4908 per
925 4842 1290 4896 constantiam
1322 4843 1446 4897 fidei
1471 4886 1484 4908 ,
1519 4860 1614 4913 per
1643 4848 1870 4916 gratiam
1912 4849 2051 4903 divi-

449 4946 599 5000 nam,
626 4948 657 4986 a
686 4932 932 4987 Romana
964 4933 1206 4989 Ecclesia
1236 4936 1438 4991 missus
1460 4948 1543 4992 est
1572 4937 1782 5007 legatus
1818 4941 1883 4995 ad
1908 4941 2053 4995 Con-

445 5027 733 5091 stantimn,
766 5036 820 5080 et
842 5024 913 5078 ob
940 5028 1039 5081 hoc
1065 5027 1208 5097 quod
1238 5027 1399 5084 ﬁdem
1451 5032 1817 5087 venerabilem
1875 5034 2052 5089 vindi-

448 5122 612 5189 cavit,
647 5120 791 5192 quod
819 5119 1033 5175 detexit
1053 5131 1107 5175 et
1134 5124 1372 5179 convicit
1393 5124 1684 5182 htereticos
1706 5170 1720 5193 ,
1740 5129 1937 5185 ductus
1966 5140 2050 5186 est

445 5211 504 5268 in
531 5214 781 5270 exsilium
803 5227 928 5269 cum
959 5213 1106 5268 omni
1144 5215 1431 5271 atrocitate
1485 5218 1824 5286 injuriarum.
1885 5222 2048 5276 Simi-

520 5418 537 5447 ¹
565 5417 666 5491 f/bi
692 5429 741 5473 et
766 5423 1037 5477 Iuvreticis.
1076 5421 1175 5477 Ubi
1203 5431 1251 5476 et
1301 5422 1444 5478 foede
1491 5432 1805 5491 corruptum
1834 5468 1848 5491 ,
1883 5427 2040 5485 facile

444 5489 759 5564 restituetur
786 5494 836 5545 in
868 5491 1041 5559 Fabit,
1062 5494 1139 5548 uti
1158 5494 1287 5548 olim
1320 5495 1627 5551 scribebant
1651 5489 1745 5564 pro
1765 5489 1932 5553 Fovit.
1960 5498 2039 5556 Ur

448 5574 551 5633 non
596 5561 824 5633 dicamus
866 5565 1067 5617 interim
1104 5568 1225 5633 quia
1264 5582 1419 5620 nvrr
1448 5561 1720 5621 hmreticis.
1755 5570 1828 5623 Ita
1859 5570 2037 5625 Mazo-

447 5629 603 5713 chitts
638 5630 697 5682 ν.
745 5633 891 5713 (ὶζ-ἱιι
942 5629 1311 5713 τοιιιιρζιιτέμιιᾴ
1360 5638 1585 5692 Kalend.
1630 5658 1814 5713 tnarm.
1865 5641 2031 5713 Neap.

445 5700 595 5762 θυεμ,
630 5711 755 5753 tom.
791 5701 855 5761 ll,
890 5717 1008 5772 pag.
1042 5706 1166 5760 576.
1202 5708 1386 5761 Editor
1416 5719 1591 5765 tamen
1618 5700 2038 5767 Oxoniensislo-

439 5784 561 5823 cunt
609 5772 686 5827 sic
736 5773 1020 5829 restituere
1068 5778 1248 5832 mallet
1284 5795 1297 5831 :
1332 5777 1401 5832 Ut
1426 5797 1526 5835 non
1576 5782 1807 5837 dicamus
1830 5784 2034 5839 interim

2161 4661 2339 4717 minor
2392 4663 2675 4732 impietas,
2722 4679 2883 4733 quam
2936 4664 2981 4718 si
3030 4665 3132 4719 sub
3180 4676 3526 4733 persecutore
3568 4664 3754 4734 gentili

2162 4754 2307 4810 idolo
2338 4756 2701 4811 sacrificatum
2733 4765 2878 4812 esset
2914 4775 2927 4811 :
2953 4758 3204 4828 quoniam
3236 4768 3292 4813 et
3324 4757 3513 4813 Interesi
3542 4767 3753 4829 perter-

2162 4854 2324 4907 ritum
2357 4852 2699 4910 subscribere
2721 4897 2735 4921 ,
2766 4856 3048 4911 dzvmoniis
3094 4855 3405 4912 sacrificare
3431 4866 3536 4912 est.
3566 4856 3752 4928 Siqui-

2160 4944 2281 5000 dem
2329 4945 2649 5001 docentibus
2686 4948 3243 5018 scripturis-divinis,
3275 4950 3520 5006 doctrina
3549 4949 3753 5005 dzemo-

2160 5040 2370 5095 niorum
2417 5051 2504 5096 est
2548 5040 2802 5107 haeresis,
2869 5043 3007 5097 sicut
3054 5052 3110 5097 et
3161 5043 3485 5099 idololatria.
3536 5043 3749 5100 Interea

2156 5131 2282 5201 quia
2308 5132 2449 5202 apud
2499 5132 2759 5202 quosdam
2807 5132 3098 5187 multitudo
3132 5134 3464 5206 praeponitur
3498 5134 3748 5201 veritati,

2155 5238 2222 5279 eo
2247 5225 2388 5294 quod
2419 5225 2675 5293 pauculos
2718 5224 2912 5280 habeat
2942 5234 3238 5283 sectatores
3260 5270 3275 5293 ,
3303 5238 3357 5283 et
3383 5228 3452 5283 ob
3482 5226 3585 5283 hoc
3615 5225 3751 5283 affli-

2149 5432 2420 5492 luereticis.
2446 5434 2568 5502 quia
2593 5435 2679 5489 ubi
2710 5438 3185 5505 prtevaricatoribus
3208 5439 3276 5492 ibi
3302 5448 3349 5493 et
3380 5440 3630 5494 heretici:
3656 5482 3669 5504 ,
3693 5443 3746 5495 in

2147 5519 2271 5627 QIIIOS
2295 5506 2595 5575 eloquentiae
2618 5524 2727 5561 ,ςιιαι
2754 5510 2946 5562 viribus
2974 5519 3299 5581 peraraverat
3332 5528 3351 5564 :
3379 5512 3523 5583 quod
3568 5514 3746 5567 minus

2148 5589 2180 5629 ι)
2203 5587 2340 5629 acet.

2146 5589 2527 5723 fm‘cgfloxinms
2556 5666 2753 5723 quoque
2781 5650 2843 5703 de
2874 5649 3117 5723 Neapoli,
3153 5661 3257 5708 etc.
3288 5653 3555 5723 lntegrum
3604 5654 3746 5712 hunc

2146 5718 2317 5774 locum
2350 5718 2583 5777 illustrat
2612 5718 2856 5776 laudatus
2885 5722 3214 5791 Mazocltius,
3250 5726 3283 5779 Ι.
3317 5718 3541 5797 c.,'pag.
3571 5727 3695 5783 577.
