4150 6176
362 261 438 318 89

1380 256 1716 315 LIBELLUS
1756 255 2042 315 ΡΒΕοοΜ
2070 258 2162 314 AD
2201 256 2712 317 lMPERATORES.

3612 265 3683 324 90

362 380 579 453 gimur,
609 376 752 450 quod
779 376 831 431 in
860 374 1051 447 paucis
1078 374 1357 446 sequimur
1389 374 1752 431 inviolabilem
1778 375 1960 442 ﬁdem,
1993 386 2043 446 Α
2068 382 2122 430 et
2166 375 2383 447 quinam
2429 385 2576 432 esset
2645 385 2863 433 sanctus
2922 377 3214 449 Gregorius
3258 380 3495 438 nondum
3546 382 3686 440 bene

361 482 420 529 et
447 472 656 527 multos
682 469 913 524 vitamus
947 476 1167 537 propter
1198 466 1392 534 impias
1423 466 1688 533 haereses,
1723 477 1778 521 et
1805 468 1970 522 sacri;

364 564 525 636 legas
566 562 1035 634 prtevaricatorum
1073 559 1502 630 subscriptiones
1536 580 1549 615 :
1578 559 1703 630 quid
1735 561 1967 617 censetis

368 658 427 713 in
462 656 569 711 hac
598 669 788 719 causa,
816 668 849 707 ο
870 652 1157 723 justissitni
1202 652 1560 721 imperatores
1603 660 1659 706 et
1687 652 1967 708 catholicae

368 749 503 806 ﬁdei
534 746 773 802 vindices
799 789 813 812 ,
843 746 912 802 de
950 745 1036 800 his
1065 745 1274 801 duabus
1305 747 1547 815 partibus
1572 747 1657 801 cui
1700 746 1964 801 calculum

278 854 283 859 '
371 842 558 898 datis?
597 840 709 896 Una
760 848 845 895 est
892 854 1058 909 pars,
1101 840 1152 894 in
1184 854 1287 909 qua
1333 850 1457 894 sunt
1505 838 1658 894 multi
1702 838 1962 910 episcopi.

374 934 481 991 Sed
510 933 597 988 ubi
623 941 752 988 sunt
779 932 971 997 multi,
1003 931 1115 988 illic
1152 947 1247 1001 per
1288 932 1785 1002 prmvaricationem
1811 947 1964 987 sacra

366 1026 561 1083 Christi
589 1025 730 1081 ﬁdes
771 1026 969 1080 violata
1007 1034 1090 1080 est
1112 1064 1128 1090 ,
1160 1039 1377 1095 semper
1403 1035 1529 1080 ante
1574 1024 1827 1091 defensa;
1856 1025 1965 1082 illic

364 1130 509 1176 metu
542 1120 723 1190 regis,
755 1117 873 1173 Arii
900 1128 1145 1188 suscepta
1176 1118 1423 1187 impietas
1453 1126 1564 1184 est,
1598 1134 1815 1189 semper
1838 1127 1962 1175 ante

358 1215 634 1271 damnata.
670 1212 775 1270 Ubi
797 1228 928 1270 vero
954 1212 1263 1283 paucissimi
1294 1224 1439 1280 sunt,
1470 1213 1581 1268 illic
1610 1226 1706 1282 per
1730 1211 1918 1267 exsilia
1942 1253 1957 1279 ,

359 1324 462 1379 per
502 1307 773 1362 cruciatus
796 1346 810 1370 ,
841 1320 939 1376 per
982 1304 1300 1360 effusionem
1327 1305 1621 1376 sanguinis,
1656 1319 1751 1375 per
1790 1304 1959 1373 ipsam

360 1411 596 1465 mortem
623 1399 751 1455 ﬁdes
779 1399 979 1453 Christi
1009 1400 1311 1454 vindicatur
1338 1441 1349 1463 ,
1380 1406 1436 1453 et
1466 1399 1577 1453 Arii
1605 1399 1852 1469 impietas
1879 1408 1959 1453 at-

364 1511 476 1566 que
504 1494 680 1549 omnis
722 1494 946 1549 haeresis
973 1536 987 1559 ,
1020 1503 1081 1548 ut
1107 1508 1376 1548 summum
1427 1493 1625 1547 malum
1654 1492 1957 1548 exsecrabi-

355 1588 439 1644 les
464 1597 609 1643 sunt.
642 1586 747 1643 Sed
780 1588 882 1642 etsi
908 1602 1015 1641 non
1046 1596 1127 1641 est
1146 1585 1494 1641 dubitandum
1516 1600 1716 1657 paucos
1742 1584 1954 1655 episeo-

350 1696 454 1752 pos
504 1696 625 1735 esse
687 1681 956 1749 pretiosos
1002 1679 1069 1733 de
1097 1679 1292 1734 merito
1321 1678 1676 1733 confessionis
1701 1686 1757 1732 et
1784 1676 1954 1732 invio-

2073 478 2408 538 compertum
2431 510 2446 535 ,
2481 469 2771 527 habebant.
2814 470 2942 526 Erat
2979 472 3140 527 etiam
3181 474 3323 545 apud
3357 490 3452 531 eos
3481 476 3569 547 qui
3604 477 3668 532 il-

2072 561 2181 617 lum
2224 562 2361 619 forte
2406 572 2707 626 noverant.
2750 563 2901 619 rudis
2944 562 3121 619 adhuc
3183 568 3501 637 cpiscopus,
3550 568 3679 625 licet

2068 654 2210 724 apud
2247 655 2519 711 Christum
2563 671 2668 712 nou
2706 656 2853 712 rudis
2906 656 3101 712 vindex
3147 657 3310 725 lidei,
3344 674 3439 728 pro
3476 660 3674 718 merito

2070 746 2395 802 sanctitatis.
2430 747 2538 802 Sed
2588 762 2718 803 ecce
2762 757 2980 803 ventum
3028 756 3111 804 est
3156 750 3223 803 ad
3273 751 3564 817 vicarium,
3616 761 3673 809 et

2069 839 2222 893 multi
2265 855 2331 894 ex
2381 838 2916 895 administratoribus
2963 839 3357 908 interfuerunt,
3404 851 3459 897 et
3505 841 3670 899 Osius

2066 931 2221 987 sedet
2252 930 2455 1001 judex,
2502 933 2612 987 imo
2658 941 2712 988 et
2750 947 2913 1002 super
2935 932 3176 1002 judicent
3204 974 3218 999 ,
3271 931 3439 989 fretus
3492 934 3666 1007 regali

2066 1022 2329 1093 imperio;
2379 1032 2434 1078 et
2482 1035 2701 1079 sanctus
2754 1023 3083 1096 Gregorius,
3134 1026 3385 1096 exemplo
3455 1026 3669 1083 Domini

2064 1117 2168 1181 sui,
2202 1126 2259 1170 ut
2292 1131 2416 1172 reus
2446 1118 2690 1183 assistit,
2724 1134 2831 1173 non
2855 1118 2922 1174 de
2956 1134 3116 1189 prava
3162 1120 3494 1175 Conscientia
3524 1162 3540 1186 ,
3569 1121 3666 1177 sed

2064 1224 2162 1277 pro
2193 1210 2502 1268 conditione
2529 1214 2809 1281 praesentis
2830 1213 3018 1284 judicii
3056 1225 3352 1270 :cteterum
3386 1216 3494 1271 lide
3532 1214 3669 1271 liber

2061 1311 2197 1357 erat.
2229 1303 2414 1374 Magna
2457 1306 2791 1375 exspectatio
2818 1305 3153 1377 singulorum
3175 1347 3189 1372 ,
3222 1306 3288 1360 ad
3332 1321 3492 1378 quam
3543 1322 3666 1379 par-

2062 1404 2168 1449 tem
2221 1396 2449 1451 victoria
2498 1396 2818 1454 declinaret.
2856 1398 2925 1453 Et
2963 1397 3124 1453 Osius
3165 1399 3381 1470 quidem
3428 1402 3667 1455 auctori-

2062 1495 2171 1543 tate
2210 1489 2396 1543 nititur
2430 1504 2547 1543 suae
2590 1492 2805 1557 rotatis,
2836 1490 3137 1562 Gregorius
3175 1507 3307 1547 vero
3345 1492 3534 1547 nititur
3572 1508 3667 1548 au-

2059 1581 2315 1636 ctoritate
2362 1581 2625 1636 veritatis.
2674 1582 2769 1637 llle
2818 1583 3034 1653 quidem
3083 1584 3275 1639 ﬁducia
3319 1587 3461 1657 regis
3494 1596 3665 1642 terre-

2060 1672 2112 1726 ni
2141 1714 2156 1739 ,
2207 1675 2309 1728 iste
2355 1683 2535 1729 autem
2584 1674 2776 1730 ﬁducia
2828 1677 2970 1746 regis
2999 1677 3335 1747 sempiterni.
3381 1678 3450 1733 Et
3494 1676 3656 1735 Osius

351 1776 531 1831 labilis
561 1774 720 1840 ﬁdei,
750 1775 949 1829 multos
989 1788 1118 1828 vero
1156 1772 1437 1828 nulliﬁcari
1466 1773 1658 1826 merito
1680 1770 1953 1827 htereseos
1983 1782 2030 1842 Β
2062 1765 2268 1834 scripto
2318 1768 2659 1836 imperatoris
2708 1769 2929 1835 nititur,
2964 1770 3056 1826 sed
3108 1770 3403 1842 Gregorius
3457 1773 3658 1842 scripta

349 1869 435 1923 vel
470 1868 928 1940 praevaricationis
950 1908 963 1930 ,
991 1868 1112 1937 quia
1142 1868 1194 1921 in
1234 1881 1394 1921 causa
1441 1865 1587 1931 veri,
1614 1864 1848 1920 maxime
1901 1865 1953 1920 in

343 1976 507 2016 causa
534 1959 811 2031 religionis
836 1968 890 2015 et
916 1974 1084 2016 sacra:
1114 1959 1272 2025 ﬁdei,
1302 1975 1408 2015 non
1437 1973 1691 2014 numerus
1730 1973 1954 2015 numero

338 2052 742 2121 comparandus
752 2052 964 2118 est,sed
982 2068 1109 2122 pura
1130 2052 1217 2107 illa
1237 2051 1529 2123 apostolica
1553 2051 1703 2115 ﬁdes,
1728 2051 1949 2120 probata

343 2146 576 2201 exsiliis.
592 2146 807 2217 probata
825 2146 1148 2201 cruciatibus
1171 2145 1295 2200 licet
1317 2146 1493 2211 unius,
1517 2146 1807 2199 multorum
1834 2144 1950 2197 inﬁ-

340 2238 653 2293 delitatibus
691 2238 1047 2309 praeponenda
1077 2247 1191 2303 est;
1223 2245 1398 2292 tamen
1455 2239 1815 2292 necessarium
1864 2246 1947 2291 est

337 2331 611 2387 damnata:
655 2332 1114 2402 praevaricationis
1167 2332 1405 2386 divinum
1439 2346 1651 2401 quoque
1708 2345 1944 2399 praesens

333 2424 587 2495 proferre
613 2424 996 2480 documentum
1028 2444 1041 2479 :
1070 2435 1126 2480 et
1167 2424 1306 2480 sicut
1350 2426 1400 2479 iu
1447 2426 1574 2479 Ario
1602 2426 1761 2495 impia
1792 2435 1938 2480 secta

334 2520 457 2588 ejus
480 2559 496 2583 ,
530 2518 711 2573 divina
761 2519 1231 2574 animadversione
1280 2520 1495 2588 punita,
1532 2518 1848 2589 prrejudicat
1883 2526 1939 2575 et

326 2610 395 2665 dc
422 2608 784 2667 sectatoribus
810 2613 962 2681 ejus,
993 2612 1135 2682 quod
1168 2613 1358 2667 eadem
1388 2612 1510 2667 illos
1542 2628 1697 2683 poena
1722 2622 1937 2668 maneat

322 2719 432 2774 qua
462 2714 747 2775 torquetur
772 2715 827 2761 et
858 2707 1017 2760 Arius
1043 2722 1055 2758 :
1083 2706 1151 2759 ita
1181 2705 1248 2759 de
1281 2704 1786 2775 prmvaricatoribus
1819 2721 1933 2776 pte-

323 2795 412 2850 nis
442 2797 804 2865 praesentibus
837 2796 1021 2852 divino
1043 2797 1250 2868 judicio
1280 2798 1701 2852 determinatum
1731 2808 1832 2854 est.

395 2886 487 2941 IX.
522 2887 795 2943 Potarnius
825 2888 1181 2960 Odyssiponte
1205 2890 1436 2945 civitatis
1466 2891 1752 2960 episcopus
1774 2933 1788 2958 ,
1820 2893 1929 2962 pri-

323 2992 471 3033 mum
531 2981 745 3049 quidem
792 2981 949 3036 ﬁdem
992 2983 1313 3038 catholicam
1376 2984 1689 3053 vindicans,
1738 2999 1923 3055 postea

321 3085 460 3125 vero
484 3073 705 3141 praemio
738 3072 891 3128 fundi
924 3074 1120 3129 ﬁscalis
1163 3092 1323 3146 quem
1367 3076 1563 3131 habere
1594 3078 1918 3147 concupive-

2061 1856 2256 1913 divin:c
2289 1861 2436 1914 vocis
2465 1861 2693 1917 obtinet.
2724 1862 2792 1916 Et
2831 1877 2953 1917 cum
2997 1880 3095 1933 per
3126 1866 3307 1919 omnia
3335 1865 3495 1920 Osius
3523 1880 3655 1920 con-

2065 1948 2268 2006 futatur
2288 1994 2303 2019 ,
2332 1952 2403 2007 ita
2434 1962 2493 2007 ut
2519 1954 2629 2010 suis
2660 1953 2879 2009 vocibus
2908 1969 3040 2025 quas
3070 1970 3168 2025 pro
3197 1956 3301 2011 ﬁde
3331 1965 3386 2011 et
3425 1959 3653 2013 veritate
3678 1962 3693 1973 ”

2059 2048 2209 2116 prius
2251 2049 2583 2119 scripserat,
2631 2049 3031 2113 vindicaretur,
3076 2058 3381 2106 commotus
3419 2050 3487 2105 ad
3531 2050 3654 2107 Cle-

2052 2141 2359 2216 mentinnm
2391 2143 2670 2209 vicarium,
2694 2144 2809 2199 Non
2836 2186 2851 2211 ,
2885 2144 3078 2213 inquit,
3110 2145 3346 2215 cognitio
3375 2145 3469 2200 tibi
3498 2156 3673 2201 man-‘

2049 2232 2173 2287 data
2202 2243 2315 2301 est,
2345 2235 2440 2290 sed
2468 2236 2744 2290 exsecutio
2777 2253 2789 2289 :
2824 2234 2976 2290 vides
3004 2245 3073 2304 _ut
3122 2235 3326 2291 resistit
3366 2236 3651 2308 praeceptis

2047 2330 2323 2400 regalibus
2369 2348 2383 2383 :
2436 2345 2735 2402 exsequere
2780 2347 2911 2401 ergo
2961 2331 3104 2403 quod
3161 2330 3471 2387 mandatum
3523 2340 3646 2400 est,

2044 2427 2198 2479 mitte
2238 2442 2358 2480 eum
2405 2427 2457 2480 in
2486 2426 2756 2481 exsilium.
2788 2426 2895 2482 Sed
2937 2426 3339 2490 Clementinus,
3372 2425 3499 2482 licet
3536 2442 3644 2482 non

2042 2516 2583 2586 cssctChriSIianus,
2611 2528 2788 2574 tamen
2827 2520 3094 2575 exhibens
3140 2518 3503 2575 reverentiam
3536 2535 3637 2574 no-

2040 2611 2169 2666 mini
2202 2615 2580 2682 episcopatus,
2615 2615 2668 2668 in
2696 2628 2762 2668 eo
2791 2612 3026 2668 maxime
3056 2612 3274 2669 homine
3304 2627 3461 2683 quem
3492 2611 3644 2668 vide-

2035 2702 2129 2756 bat
2169 2704 2568 2759 rationabiliter
2636 2714 2691 2760 et
2751 2704 2982 2760 ﬁdeliter
3029 2704 3299 2770 obtinere,
3352 2706 3632 2775 respondit

2033 2799 2191 2855 Osio:
2226 2800 2341 2854 Non
2370 2801 2577 2866 audeo,
2622 2802 2907 2872 inquiens,
2941 2801 3252 2872 cpiscOpum
3291 2803 3343 2857 in
3385 2802 3634 2857 eXsilium

2032 2894 2286 2959 mittere,
2338 2893 2596 2963 quamdiu
2644 2895 2695 2947 iu
2739 2894 2979 2964 episcopi
3040 2895 3259 2949 nomine
3300 2904 3627 2962 perseverat.

2031 2985 2136 3041 Sed
2168 2986 2265 3049 da,
2303 2996 2385 3051 tu,
2430 2986 2580 3057 prior
2618 2988 2975 3051 sententiam,
3008 3002 3131 3042 eum
3170 2986 3239 3041 de
3282 2987 3628 3056 episcopatus

2029 3076 2238 3133 honore
2269 3078 2564 3148 dejiciens,
2601 3090 2655 3134 et
2692 3089 2819 3134 tunc
2856 3080 3071 3134 demum
3109 3094 3376 3151 exsequar
3411 3080 3462 3133 in
3505 3094 3627 3135 eum

320 3173 441 3228 rat,
473 3163 631 3218 ﬁdem
685 3167 1200 3235 praevaricatus‘est.
1230 3169 1383 3224 Hunc
1428 3168 1584 3225 Osius
1618 3170 1686 3225 dc
1715 3170 1923 3226 Cordu-
1949 3169 1994 3231 C
2028 3172 2181 3241 quasi
2206 3172 2220 3201 ¹
2251 3171 2512 3239 privatum
2552 3171 2696 3242 quod
2726 3187 2792 3226 ex
2834 3183 3102 3242 praecepto
3128 3170 3470 3241 imperatoris
3506 3172 3623 3226 ﬁeri

321 3254 393 3310 ba
422 3258 560 3325 apud
606 3258 869 3314 ecclesias
900 3258 1279 3329 Histianiarum
1320 3272 1374 3317 et
1403 3262 1608 3317 detexit
1648 3273 1700 3316 ct
1728 3265 1924 3334 repulit

320 3357 381 3403 ut
423 3349 646 3421 impium
697 3351 1031 3408 lnereticum.
1069 3354 1174 3410 Sed
1220 3364 1275 3410 et
1322 3356 1436 3424 ipse
1483 3356 1665 3423 Osius,
1694 3356 1920 3412 Polamii

318 3445 541 3514 querela
571 3447 867 3501 accersitus
899 3447 966 3500 ad
998 3447 1375 3503 Constantium
1424 3465 1627 3519 regem,
1654 3450 1921 3520 minisque

315 3536 637 3607 perterritus
663 3577 683 3617 ,ν
707 3547 763 3592 et
800 3547 1045 3593 metuens
1090 3554 1158 3595 ne
1192 3554 1359 3596 senex
1408 3550 1461 3595 et
1490 3540 1640 3595 dives
1670 3541 1919 3597 exsilium

313 3629 844 3699 proscriptionemve
867 3643 1162 3702 pateretur,
1192 3634 1281 3689 dat
1314 3650 1506 3690 manus
1548 3635 1834 3704 impietati,
1864 3646 1921 3692 et

311 3736 435 3798 post
463 3738 541 3781 tot
567 3742 742 3783 annos
765 3731 1148 3798 prtevaricatur
1168 3732 1221 3785 in
1250 3730 1432 3797 ﬁdem,
1456 3741 1508 3786 et
1536 3730 1838 3802 regreditur
1862 3730 1915 3784 in

311 3816 603 3884 Hispanias
632 3819 836 3888 majore
853 3835 977 3875 cum
1013 3823 1351 3888 auctoritate,
1377 3822 1580 3877 habens
1602 3823 1742 3892 regis
1762 3823 1919 3877 terri-

308 3908 480 3966 bilem
506 3912 827 3979 jussionem,
848 3922 906 3968 ut
930 3914 973 3969 si
1001 3916 1119 3982 quis
1145 3914 1320 3970 eidem
1353 3915 1636 3986 episcopus
1651 3915 1761 3985 jam
1778 3915 1916 3969 facto

310 4006 722 4075 prtcvaricatori
748 4006 965 4062 minime
999 4007 1123 4062 velit
1143 4009 1565 4072 communicare,
1589 4007 1643 4061 in
1666 4007 1912 4062 exsilium

306 4099 645 4154 mitteretur.
672 4100 780 4156 Sed
811 4101 876 4155 ad
906 4113 1149 4156 sanetum
1199 4102 1538 4169 Gregorium,
1569 4102 1913 4157 Eliberitante

306 4191 548 4247 civitatis
568 4194 879 4264 episcopum
917 4198 1438 4262 constantissimum,
1482 4197 1655 4251 ﬁdelis
1695 4198 1913 4252 nuntius

306 4284 507 4339 detulit
522 4285 743 4354 impiam
759 4287 869 4343 Osii
888 4290 1682 4362 prmvaricationem.Undelnon
1698 4294 1915 4359 acquie-

301 4376 409 4439 vit,
439 4392 649 4433 memor
693 4394 862 4437 sacra:
884 4379 1007 4437 ﬁdei
1031 4398 1094 4436 ac
1124 4383 1289 4438 divini
1306 4383 1517 4454 jndicii,
1542 4384 1593 4438 in
1616 4384 1734 4453 ejus
1766 4385 1913 4440 nefa-

301 4466 446 4521 riam
476 4472 932 4528 communionem.
959 4473 1065 4528 Srd
1088 4474 1269 4539 Osius,
1293 4474 1382 4544 qui
1407 4476 1529 4529 hinc
1547 4476 1667 4545 plus
1698 4485 1912 4546 torque-

2026 3262 2327 3318 desideras.
2361 3262 2429 3319 Ut
2469 3273 2650 3317 autem
2697 3262 2829 3318 vidit
2865 3272 3086 3317 sanctus
3125 3260 3447 3331 Gregorius,
3482 3261 3626 3331 quod

2026 3356 2185 3410 Osius
2211 3356 2375 3410 vellet
2401 3356 2533 3411 dare
2560 3357 2907 3422 sententiam,
2942 3367 2997 3410 ut
3026 3356 3177 3425 quasi
3202 3354 3447 3422 dejeetus
3475 3353 3624 3409 vide-

2022 3457 2191 3515 retur,
2224 3450 2459 3518 appellat
2489 3448 2555 3502 ad
2579 3464 2764 3504 verum
2795 3459 2845 3502 et
2880 3457 3157 3518 potentem
3201 3446 3440 3516 judicent
3461 3444 3619 3501 Citri-

2021 3550 2185 3609 stum,
2217 3541 2347 3595 totis
2362 3541 2489 3596 ﬁdei
2516 3557 2627 3596 sua:
2647 3542 2851 3597 viribus
2876 3541 3211 3596 exclamans:
3245 3540 3459 3596 Christe
3480 3540 3622 3597 Deus

2020 3634 2111 3703 qui
2150 3643 2407 3689 venturus
2444 3648 2503 3687 es
2536 3632 2783 3702 judicare
2820 3634 2974 3687 vivos
3010 3641 3064 3687 et
3100 3642 3379 3697 mortuos,
3414 3647 3482 3685 ne
3519 3646 3614 3701 pa-

2020 3726 2173 3781 tiaris
2208 3725 2367 3781 hodie
2396 3726 2682 3780 humanam
2719 3726 2944 3795 proferri
2973 3728 3296 3780 sententiam
3328 3725 3614 3779 adversum

2020 3836 2106 3875 me
2136 3823 2413 3875 minimum
2440 3835 2656 3875 servum
2692 3829 2862 3887 tuum,
2887 3820 2981 3889 qui
3014 3834 3109 3888 pro
3137 3819 3242 3873 ﬁde
3267 3819 3341 3873 tui
3372 3819 3609 3872 nominis

2018 3926 2079 3968 ut
2106 3930 2229 3970 reus
2260 3916 2521 3970 assistens
2563 3914 2929 3984 Spectaculutu
2970 3913 3206 3983 pra-beo.
3238 3911 3346 3968 Sed
3373 3922 3427 3967 tu
3454 3912 3574 3982 ipse
3595 3951 3612 3978 ,

2017 4025 2235 4080 quaeso,
2263 4011 2315 4064 in
2356 4020 2635 4065 causatua
2681 4008 2842 4064 hodie
2878 4009 3057 4077 judica
3086 4024 3100 4071 ;
3129 4008 3245 4079 ipse
3288 4008 3613 4064 sententiam

2018 4102 2262 4171 proferre
2290 4101 2599 4171 dignaberis
2628 4115 2723 4171 per
2750 4101 3031 4155 ultionem.
3066 4100 3177 4155 Non
3204 4099 3305 4155 hoc
3327 4100 3477 4171 quasi
3502 4114 3617 4155 me-

2018 4204 2177 4249 tuens
2206 4194 2456 4249 exsilium
2483 4194 2597 4249 lieri
2626 4194 2807 4263 cupio,
2838 4208 2960 4247 cum
2990 4193 3117 4246 inihi
3151 4209 3246 4260 pro
3278 4203 3367 4247 tuo
3398 4194 3615 4246 nomine

2017 4289 2222 4343 nullum
2255 4289 2576 4358 supplicium
2605 4304 2711 4341 non
2734 4303 2895 4341 suave
2919 4288 2989 4341 sit
3019 4304 3031 4341 :
3059 4286 3154 4342 sed
3178 4287 3331 4341 multi
3356 4285 3614 4356 prmvari-

2015 4382 2247 4436 canonis
2295 4396 2483 4435 errore
2516 4381 2849 4447 liberentur,
2881 4395 3001 4434 cum
3052 4389 3371 4449 praasentein
3404 4389 3458 4435 et
3490 4392 3610 4433 mo-

2016 4486 2359 4531 mentaneam
2406 4474 2640 4528 viderint
2686 4474 2971 4527 ultionem.
3005 4472 3222 4526 Etcum
3256 4472 3426 4526 multo
3472 4471 3610 4525 invi-

302 4569 495 4623 retur,
526 4564 568 4615 si
598 4564 719 4631 quis
763 4565 882 4634 ipso
905 4566 1014 4635 jam
1048 4568 1197 4634 lapso
1238 4577 1406 4622 staret
1437 4568 1597 4622 ﬁdem
1644 4569 1905 4639 integram
1942 4557 1989 4618 Ι)
2020 4569 2229 4623 diosius
2272 4578 2327 4623 et
2370 4567 2612 4621 sanctius
2660 4568 2833 4621 Deum
2872 4565 3053 4620 verbis
3084 4564 3333 4619 ﬁdelibus
3359 4560 3613 4629 interpel-

301 4651 586 4708 vindicans
611 4656 796 4727 illapsa
824 4657 1077 4713 ﬁrmitate
1096 4658 1328 4729 vestigii,
1348 4659 1595 4715 exhiberi
1626 4660 1765 4715 facit
1810 4676 1907 4731 per

301 4745 581 4815 publicam
630 4761 957 4818 potestatem
1015 4754 1407 4808 strenuissimm
1461 4757 1658 4811 mentis
1701 4755 1905 4826 Grego-

299 4837 470 4903 rium,
496 4854 725 4908 sperans
746 4842 939 4897 eodem
963 4851 1173 4899 terrore
1194 4860 1303 4916 quo
1334 4846 1448 4915 ipse
1477 4856 1736 4913 cesserat,
1761 4848 1905 4903 hunc

297 4944 521 4999 quoque
570 4947 733 4999 posse
788 4934 1003 4990 cedere.
1061 4936 1189 4992 Erat
1229 4947 1411 4993 autem
1456 4948 1585 4993 tunc
1645 4942 1902 5009 temporis

298 5019 679 5079 Cleznentinus
725 5027 994 5093 vicarius,
1025 5028 1116 5099 qui
1160 5044 1226 5085 ex
1275 5032 1636 5087 conventione
1682 5031 1795 5087 Osii
1850 5040 1905 5087 et

298 5117 543 5184 generali
592 5130 870 5190 praecepto
916 5122 1097 5192 regis,
1132 5131 1379 5178 sanctum
1429 5123 1749 5196 Gregorium
1802 5142 1899 5196 per

293 5206 540 5264 ofﬁcium
567 5209 873 5269 Cordubam
902 5214 1064 5285 jussit
1088 5216 1355 5273 exhiberi.

294 5320 297 5321 '
376 5300 442 5356 X.
486 5303 699 5360 Interea
751 5307 891 5361 fama
946 5309 1000 5362 in
1032 5310 1391 5379 cognitionem
1424 5313 1503 5367 rei
1550 5323 1777 5370 cunctos
1820 5314 1900 5369 in-

294 5394 543 5465 quietat,
578 5406 636 5453 et
666 5398 921 5470 frequens
958 5416 1141 5458 sermo
1168 5404 1487 5473 papulornm
1518 5416 1631 5470 est,
1665 5406 1897 5475 Quinam

291 5495 384 5540 est
425 5487 517 5541 ille
555 5486 882 5559 Gregorius,
912 5495 1003 5563 qui
1035 5495 1199 5551 audet
1243 5495 1372 5551 Osio
1398 5498 1693 5553 resistere?
1728 5499 1901 5555 Pluri-

293 5578 373 5633 mi
402 5578 549 5633 enim
579 5588 635 5635 et
664 5580 772 5637 Osii
806 5586 1308 5653 prrcvaricationem
1337 5586 1516 5642 adhuc
1546 5590 1894 5661 ignorabant,

375 5714 398 5800 "
427 5710 715 5800 Privatum.
760 5716 876 5800 I_Ioc
920 5720 1298 5800 est,_laicum.
1346 5719 1649 5800 ln__Cyr_ilJi
1688 5722 1900 5780 Glossis

299 5780 509 5847 (viva-mc
556 5789 885 5847 tantumdem
918 5780 1059 5863 quod
1098 5794 1346 5861 privatur.
1380 5780 1518 5851 lliné
1548 5780 1752 5865 l'Can,
1784 5810 1893 5864 xiv,

2017 4663 2122 4726 lat,
2152 4676 2281 4716 ecce
2331 4670 2553 4731 repente
2594 4660 2786 4727 Osius,
2834 4674 2959 4712 cum
3006 4660 3330 4714 sententiain
3381 4662 3609 4712 conatur

2016 4769 2325 4825 exponere,
2368 4768 2430 4808 os
2474 4754 2673 4817 vertit,
2702 4753 3048 4820 distorquens
3092 4750 3292 4820 pariter
3339 4758 3393 4805 et
3437 4750 3641 4804 cervir

2015 4864 2131 4903 cem
2157 4887 2173 4914 ,
2200 4847 2268 4902 de
2295 4862 2451 4903 sessu
2482 4849 2533 4902 in
2582 4856 2779 4902 terram
2827 4846 3077 4911 eliditur,
3106 4855 3269 4915 atque
3295 4844 3402 4899 illic
3430 4844 3609 4913 exspi-

2014 4948 2129 5003 rat,
2159 4948 2280 5005 aut,
2321 4948 2379 4992 ut
2417 4938 2634 5008 quidam
2682 4938 2898 5002 volunt,
2932 4937 3223 4991 obmutuit.
3254 4936 3381 4991 lude
3426 4944 3605 4990 tamen

2015 5032 2235 5087 ell'ertnr
2286 5040 2343 5085 ut
2389 5039 2657 5085 mortuus.
2705 5030 2857 5085 Tunc
2908 5029 3303 5085 admirantibus
3358 5028 3603 5092 cunctis,

2007 5124 2169 5179 etiam
2197 5121 2569 5178 Cletnentinus
2592 5122 2678 5178 ille
2703 5122 2917 5191 gentilis
2942 5122 3177 5194 expavit.
3211 5123 3278 5177 Et
3309 5122 3431 5175 licet
3459 5125 3604 5174 esset

2000 5218 2167 5290 judex
2188 5260 2204 5287 ,
2238 5228 2417 5274 tamen
2444 5218 2642 5273 timens
2664 5234 2731 5274 ne
2760 5217 2830 5273 de
2865 5233 2923 5274 se
2949 5233 3165 5289 quoque
3194 5217 3353 5272 simili
3391 5212 3602 5284 suppli-

2005 5313 2093 5369 cio
2134 5312 2490 5384 judicaretur,
2535 5313 2827 5385 prostravit
2857 5328 2916 5367 se
2960 5311 3026 5365 ad
3069 5310 3233 5380 pedes
3261 5306 3432 5361 sancti
3464 5307 3601 5375 viri,

2006 5406 2302 5461 obsecrans
2338 5422 2461 5462 eum
2508 5416 2566 5459 ut
2591 5405 2691 5461 sibi
2725 5414 3006 5475 parceret,
3034 5401 3125 5471 qui
3168 5400 3222 5454 in
3244 5413 3366 5454 eum
3404 5398 3600 5456 divina:

2008 5500 2141 5571 legis
2172 5491 2506 5570 ignoratione
2538 5506 2838 5569 peccasset,
2869 5506 2923 5551 et
2948 5512 3053 5550 nun
3081 5503 3187 5550 tam
3217 5494 3438 5564 proprio
3459 5496 3603 5551 arbi—

2007 5592 2112 5648 trio
2140 5634 2156 5659 ,
2181 5608 2340 5663 quam
2384 5589 2692 5646 mandantis
2736 5589 2986 5658 imperio.
3019 5588 3147 5643 Erat
3178 5600 3301 5642 tunc
3326 5596 3515 5660 stupor
3546 5590 3598 5643 iu

2008 5725 2106 5788 16,
2143 5728 2261 5781 laici
2310 5736 2571 5781 vocantur
2614 5726 2822 5795 idiotis,
2853 5726 2957 5784 hoc
2983 5735 3065 5783 est
3096 5726 3301 5796 privati.
3334 5724 3601 5791 MAZOCII.,

2004 5798 2043 5852 lt
2078 5813 2152 5867 ci,
2188 5806 2317 5854 tomi
2352 5796 2459 5866 lll,
2495 5812 2615 5869 pag.
2645 5796 2771 5854 958.
