4150 6176
518 277 580 331 111
1316 346 1319 351 λ
1712 270 2027 328 FAUSTINI
2068 268 2153 328 ET
2193 268 2613 325 ultumum
3748 267 3821 325 as

519 394 807 461 omnibus,
838 408 902 449 ac
949 392 1142 448 divinae
1196 389 1410 445 virtutis
1458 387 1789 442 admiratio:
1826 389 1842 419 ι
1871 384 2014 457 quod
2060 385 2114 440 in
2143 391 2195 453 Α
2220 383 2459 439 divinum
2494 382 2754 453 judicium
2800 382 2965 438 variis
3016 383 3069 437 in
3119 381 3251 437 locis
3292 383 3570 450 exercuit;
3600 382 3668 438 ad
3713 383 3819 441 hoc

518 487 613 543 illo
640 485 1003 556 spectaculum
1037 492 1205 537 totum
1237 481 1487 535 novimus
1514 480 1691 534 visum
1726 487 1829 535 est.
1861 477 1995 533 Nam
2026 478 2114 548 qui

521 580 767 650 proferre
803 577 970 632 voluit
1006 576 1297 630 humanam
1327 575 1652 630 sententiam
1676 615 1692 641 ,
1721 588 1846 628 mox
1877 574 2116 627 divinam

520 688 807 746 perpessus
846 678 928 725 est
953 669 1259 741 graviorem
1284 686 1297 733 ;
1327 678 1379 722 et
1416 668 1586 738 judex
1619 668 1707 737 qui
1736 666 1979 736 judicare
2028 679 2118 720 ve-

520 775 707 833 nerat,
737 762 846 835 jam
884 763 1091 832 pallens
1130 772 1182 817 et
1211 776 1336 816 reus
1386 760 1607 815 timebat
1631 756 1896 828 iudicari,
1925 765 1979 812 et
2024 757 2115 827 qui

520 856 672 928 quasi
700 869 825 911 reos
855 855 905 907 in
936 852 1187 908 exsilium
1219 850 1515 907 mittendus
1546 850 1848 916 adstiterat,
1879 865 1906 903 a
1936 848 2116 919 judice

522 955 794 1020 prostrato
844 946 1135 1016 rogabatur
1184 955 1239 998 ut
1287 955 1532 1015 parceret
1579 945 1729 1011 quasi
1772 941 1957 1010 judex.
1988 942 2118 996 inde

521 1052 599 1095 081
634 1039 776 1109 quod
826 1038 976 1093 solus
1012 1036 1308 1107 Gregorius
1352 1052 1417 1090 ex
1468 1050 1691 1089 numero
1729 1035 2117 1088 vindicantium

523 1132 785 1202 integram
815 1129 998 1191 ﬁdem,
1026 1144 1124 1184 nec
1152 1130 1203 1182 in
1230 1128 1405 1198 fugam
1437 1142 1659 1193 versus,
1693 1141 1794 1182 nec
1818 1142 2008 1196 passus
2026 1141 2119 1181 ex-

524 1224 727 1288 silium,
745 1223 1113 1291 unusquisque
1142 1221 1357 1275 timeret
1381 1220 1552 1274 deillo
1569 1220 1794 1273 ulterius
1823 1218 2114 1272 vindicare.

596 1314 685 1369 XI.
759 1314 1032 1370 Videtisne
1082 1314 1349 1366 damnata:
1418 1327 1445 1363 a
1495 1312 1606 1366 Deo
1658 1309 2118 1380 prmvaricationis

525 1409 661 1463 mira
690 1405 1056 1461 documenta?
1084 1405 1198 1461 Scit
1225 1406 1417 1459 melius
1448 1404 1624 1457 omnis
1655 1403 1906 1472 Hispania
1927 1444 1941 1468 ,
1972 1402 2117 1472 quod

524 1502 624 1557 ista
677 1516 781 1554 non
834 1499 1101 1569 fingimus.
1143 1497 1248 1552 Sed
1278 1507 1333 1551 et
1377 1495 1624 1551 Potamio
1671 1510 1778 1549 non
1824 1494 1921 1548 fuit
1951 1496 2117 1548 inulta

525 1608 692 1647 saerre
740 1592 861 1647 ﬁdei
913 1590 1303 1661 praevaricatio.
1343 1590 1583 1659 Denique
1625 1604 1746 1642 cum
1794 1588 1861 1641 ad
1894 1587 2118 1641 fundum

527 1697 816 1757 properat,
861 1700 1021 1758 quem
1075 1699 1172 1753 pro
1222 1685 1385 1753 impia
1434 1683 1555 1737 ﬁdei
1608 1682 2005 1750 subscriptione
2050 1679 2119 1734 011

2217 478 2457 542 scilicet,
2492 488 2550 531 ut
2592 477 2681 546 qui
2727 476 3023 546 scripturas
3068 473 3277 529 divinas
3326 475 3557 544 quadam
3608 479 3822 534 ratione

2219 584 2324 623 non
2355 570 2594 638 respicit,
2624 568 2709 623 vel
2742 568 2993 637 prtesenti
3026 567 3231 622 ultione
3262 568 3442 622 divina
3475 568 3821 626 animadver-

2217 665 2369 716 sione
2407 662 2703 730 intelligat,
2733 659 2859 730 quid
2892 659 2993 714 sibi
3040 659 3358 714 sectandum
3389 669 3476 716 est
3505 660 3706 731 quidve
3741 663 3818 717 vi-

2220 755 2462 809 tandum.
2512 753 2801 809 Viudicare
2841 754 3013 807 voluit
3064 754 3204 809 Deus
3251 753 3333 809 vel
3381 758 3433 809 in
3478 757 3663 825 paucis
3701 758 3816 815 sine

2218 847 2382 902 dubio
2408 890 2422 910 .
2456 858 2507 901 et
2540 848 2625 900 iila
2657 847 2863 902 ratione
2886 886 2903 913 ,
2938 862 3005 902 ne
3050 863 3169 919 qua:
3201 863 3296 918 per
3321 849 3642 918 scripturam
3683 852 3820 907 divi-

2219 955 2341 996 nam
2389 940 2457 994 de
2495 940 2966 1010 prmvaricatorum
3020 939 3214 993 futuris
3276 940 3553 1009 suppliciis
3599 944 3820 1000 minita-

2220 1042 2308 1088 tur
2333 1075 2347 1099 ,
2378 1033 2515 1087 velut
2553 1032 2731 1086 fabula
2777 1040 3059 1101 putaretur
3085 1073 3099 1095 ,
3128 1032 3171 1086 si
3202 1047 3344 1087 nunc
3385 1032 3484 1088 hoc
3522 1035 3572 1088 in
3615 1037 3821 1093 sarculo

2222 1128 2274 1181 in
2307 1127 2578 1181 nemiuem
2620 1125 2941 1180 vindicaret.
2974 1124 3283 1194 lntelligant
3323 1141 3461 1181 nunc
3488 1140 3676 1182 omnes
3702 1128 3822 1199 epi-

2222 1222 2372 1291 scopi
2406 1221 2853 1290 pr:evaricatores
2886 1218 3031 1285 ﬁdei,
3067 1234 3226 1287 quam
3254 1220 3589 1289 gravissimis
3612 1223 3820 1291 suppli-

2220 1316 2317 1369 ciis
2368 1315 2628 1368 reservati
2676 1323 2845 1378 sunt,
2875 1312 3089 1381 quando
3136 1312 3191 1367 in
3245 1328 3374 1367 suos
3404 1315 3584 1369 socios
3616 1316 3667 1369 in
3717 1315 3822 1371 hoc

2222 1422 2433 1478 quoque
2462 1407 2665 1462 sacculo
2696 1406 2761 1461 ad
2795 1420 3071 1475 stuporem
3094 1407 3332 1461 omnium
3357 1408 3689 1463 vindicatum
3714 1419 3819 1466 est.

2222 1501 2302 1554 Ad
2337 1501 2439 1555 hoc
2478 1501 2621 1554 enim
2661 1508 2957 1569 praesentes
2997 1514 3185 1568 pteuas
3232 1501 3695 1568 praevaricatimiis
3723 1518 3821 1557 ex-

2224 1593 2499 1663 posuimus
2525 1634 2537 1656 ,
2575 1602 2633 1645 ut
2675 1590 2819 1661 quod
2862 1592 2913 1645 in
2945 1606 3144 1659 paucos
3186 1592 3513 1647 vindicatum
3550 1603 3666 1659 est,
3699 1609 3824 1650 cre-

2223 1685 2381 1740 datur
2430 1693 2485 1739 et
2515 1686 2565 1738 in
2616 1699 2805 1739 eorum
2838 1698 3028 1737 omnes
3068 1684 3274 1739 similes
3320 1685 3575 1739 vindicari
3603 1727 3620 1753 ,
3654 1686 3827 1741 maxi—

528 1780 852 1848 imperatore
902 1785 1177 1832 meruerat
1226 1777 1548 1844 impetrare,
1574 1774 1709 1828 dans
1740 1788 1904 1827 novas
1930 1784 2119 1843 poenas
2150 1781 2195 1840 Β
2226 1798 2312 1836 me
2360 1797 2483 1837 cum
2517 1791 2573 1837 et
2615 1783 2880 1851 scriptura
2922 1781 3099 1835 divina
3149 1780 3253 1833 hoc
3296 1780 3468 1848 ipsum
3508 1789 3822 1846 asseverat,

529 1872 725 1941 lingua:
776 1886 873 1940 per
918 1886 1077 1939 quam
1129 1869 1568 1940 blasphemarat,
1616 1868 1669 1921 in
1718 1867 1799 1921 via
1849 1866 2116 1934 noritur,

476 1942 487 1953 ”
528 1964 703 2017 11111108
766 1961 969 2016 fructus
998 1961 1145 2016 fundi
1172 1962 1256 2015 vel
1283 1961 1492 2015 visione
1524 1958 1841 2029 percipiens.
1871 1957 1986 2012 Non
2025 1956 2122 2012 fuit

526 2057 669 2111 avari
704 2056 803 2111 hoc
836 2064 1162 2110 tormentum
1190 2054 1326 2108 leve.
1360 2052 1582 2106 Moritur
1606 2054 1694 2122 qui
1736 2060 1954 2120 propter
1983 2064 2118 2104 cou-

526 2149 912 2219 01111181το11110111
943 2146 1089 2200 fundi
1125 2146 1323 2199 ﬁscalis
1352 2144 1512 2199 ﬁdem
1540 2159 1746 2198 sacram
1790 2143 2119 2208 violaverat,

527 2252 581 2295 et
607 2256 729 2296 cum
756 2240 820 2294 ad
850 2238 1073 2293 fundum
1109 2248 1386 2308 properat,
1418 2237 1613 2306 ptenali
1644 2242 1818 2289 morte
1860 2232 2123 2304 111.ονοιιί-

528 2345 635 2399 1111,
675 2348 740 2388 110
765 2333 846 2388 vel
875 2331 1099 2387 visionis
1128 2332 1324 2386 solatio
1354 2332 1641 2401 potiretur.
1673 2328 1729 2383 In
1756 2342 1909 2382 sacro
1940 2327 2121 2380 Evan-

528 2428 667 2499 gelio
716 2427 947 2497 legimus
997 2426 1161 2481 verba
1192 2425 1613 2496 improperantis
1640 2423 1703 2477 ad
1736 2422 1957 2477 divitem
1984 2461 1999 2487 ,
2031 2420 2124 2491 qui

529 2522 628 2575 sibi
660 2521 726 2575 de
743 2520 976 2575 conditis
1004 2520 1293 2573 vaniSsime
1318 2518 1679 2588 gloriabatur:
1709 2516 1896 2578 Stulte,
1929 2515 2120 2584 inquit,

531 2615 630 2667 hac
655 2624 801 2668 nocte
828 2614 1004 2667 anima
1032 2624 1118 2667 tua
1150 2612 1238 2666 abs
1271 2621 1317 2664 te
1343 2616 1604 2683 auferetur
1627 2627 1645 2675 ;
1674 2625 1791 2680 qua:
1820 2607 2125 2677 preparasti

531 2712 682 2782 cujus
708 2719 853 2763 erunt
883 2708 901 2776 (
931 2707 1084 2772 Lua,
1118 2721 1229 2771 xu,
1258 2704 1411 2775 20)?
1460 2705 1514 2759 Si
1548 2704 1666 2772 quis
1713 2701 1815 2756 hoc
1864 2701 2124 2770 scriptum

530 2811 586 2857 et
632 2803 699 2857 de
739 2803 982 2857 Potamio
1031 2801 1322 2855 convenire
1375 2798 1715 2859 consideret,
1764 2794 2027 2862 intelliget
2071 2793 2125 2847 in

532 2911 653 2951 eum
688 2910 792 2949 non
838 2894 1030 2949 leviter
1053 2893 1349 2962 judicatum
1377 2932 1391 2957 ,
1424 2892 1656 2945 maxime
1688 2903 1904 2957 passum
1930 2886 2126 2955 lingua;

535 2988 860 3057 supplicium
886 3027 902 3055 ,
936 2987 987 3041 in
1034 3001 1138 3056 qua
1170 2996 1223 3040 et
1263 2985 1415 3039 dives
1443 2984 1533 3039 ille
1561 2982 1703 3053 apud
1732 2981 1936 3037 inferos
1963 2981 2126 3034 vehe-

534 3079 768 3134 mentius
810 3080 1097 3133 cruciatur.
1141 3078 1247 3133 Sed
1293 3088 1347 3132 et
1395 3075 1740 3139 Florentius,
1773 3074 1863 3144 qui
1910 3072 2038 3128 Osio
2073 3081 2129 3129 et

2222 1875 2362 1944 quod
2391 1884 2444 1929 et
2474 1890 2566 1943 per
2594 1877 2882 1944 111-1118011110
2906 1874 3233 1927 1100011101ηο
3257 1872 3685 1926 demonstratum
3714 1881 3823 1927 est.

2226 1968 2291 2020 Et
2335 1968 2436 2021 hoc
2478 1967 2876 2029 consideretur,
2909 1965 3133 2035 piissimi
3180 1964 3573 2034 imperatores,
3618 1962 3672 2017 in
3716 1978 3826 2032 quo

2225 2060 2300 2113 rei
2334 2069 2459 2112 sunt
2503 2059 2591 2125 qui
2632 2073 2752 2112 cum
2796 2057 2994 2112 talibus
3019 2055 3201 2110 divina
3229 2062 3568 2109 sacramenta
3596 2068 3705 2108 non
3734 2068 3829 2108 co-

2210 2152 2446 2221 .pnlant,
2483 2166 2711 2219 quorum
2753 2159 2807 2205 et
2857 2160 3115 2220 perpetua
3142 2149 3406 2219 supplicia
3439 2148 3608 2203 sacris
3638 2148 3826 2218 legun-

2225 2251 2309 2297 tur
2330 2245 2379 2297 in
2411 2242 2581 2307 libris,
2616 2253 2667 2297 et
2686 2242 3071 2313 suppliciorqu
3101 2243 3347 2310 exempla
3363 2240 3615 2295 videntur
3644 2242 3695 2295 in
3726 2256 3826 2295 8111-

2224 2336 2367 2389 01110.
2395 2334 2500 2391 Sed
2523 2349 2833 2404 quaesumus
2880 2335 3069 2387 miram
3097 2332 3531 2388 benevolentiam
3557 2341 3786 2386 vestram
3806 2372 3823 2399 ,

2227 2424 2477 2479 utadlmc
2498 2427 2652 2479 nobis
2680 2425 3139 2494 contemplatione
3170 2423 3371 2479 Christi
3402 2425 3495 2478 Dei
3528 2423 3827 2493 infatigabi-

2226 2519 2329 2573 lem
2345 2517 2593 2573 audiendi
2613 2519 2920 2588 patientiam
2936 2518 3312 2583 commodetis,
3329 2519 3454 2572 dum
3469 2519 3664 2583 adhuc,
3682 2533 3828 2573 sum-

2228 2612 2411 2665 matim
2442 2613 2585 2677 licet,
2614 2614 2934 2681 exponimus
2964 2613 3015 2667 in
3051 2622 3311 2682 quantum
3357 2614 3528 2668 crevit
3556 2613 3825 2682 impietas.

2299 2702 2435 2757 Xlll.
2468 2702 2842 2758 Exsecrabiles
2870 2704 3013 2757 enim
3046 2705 3253 2766 Ariani,
3283 2704 3335 2757 in
3366 2704 3609 2773 partibus
3630 2704 3828 2760 Orien-

2229 2796 2327 2857 tis.
2362 2805 2417 2850 et
2450 2796 2690 2851 maxime
2737 2796 2791 2851 in
2839 2795 3111 2866 (Egypto,
3150 2810 3257 2849 non
3291 2795 3509 2850 fuerunt
3556 2796 3659 2849 1100
3704 2796 3830 2849 8010

2227 2890 2503 2952 Contenti,
2541 2899 2595 2943 ut
2626 2888 2902 2959 episcopi,
2936 2889 3187 2942 damnata
3219 2886 3325 2942 ﬁde
3361 2888 3568 2955 integra
3596 2928 3609 2951 ,
3643 2888 3696 2941 in
3728 2902 3827 2941 eo-

2231 3001 2347 3038 rum
2382 2985 2605 3054 impiam
2646 2985 2973 3040 sententiam
3004 2984 3344 3039 declinarent
3376 3002 3387 3036 :
3419 2981 3515 3037 sed
3551 2983 3649 3036 hos
3680 2982 3832 3050 ipsos

2229 3080 2317 3146 qui
2354 3079 2584 3147 primum
2629 3077 2845 3133 fuerant
2878 3094 2975 3148 per
3013 3078 3316 3132 catholicos
3353 3080 3650 3145 episcopos
3681 3075 3832 3129 ordi-

475 3192 497 3211 ι
535 3172 780 3227 Ρο1011110
820 3173 932 3242 jam
983 3170 1485 3241 prtevaricatoribus
1532 3170 1708 3223 sciens
1740 3167 1791 3220 in
1846 3166 1965 3220 loco
1995 3162 2198 3234 quo-C
2234 3175 2375 3239 mni,
2411 3175 2498 3227 ubi
2540 3189 2638 3242 pro
2688 3188 2876 3228 eorum
2926 3172 3217 3253 desideriis
3256 3170 3729 3239 subscripserunt,
3776 3169 3827 3223 in

534 3264 658 3320 dam
708 3264 1168 3329 communicavit,
1202 3263 1350 3318 dedit
1394 3271 1448 3316 et
1496 3262 1609 3332 ipse
1658 3274 1794 3314 nova
1843 3258 2127 3328 supplicia.

537 3356 668 3411 Nam
697 3372 817 3411 curn
842 3356 894 3410 in
918 3367 1190 3411 conventu
1216 3354 1389 3425 plebis
1412 3354 1563 3408 sedet
1586 3354 1637 3406 in
1661 3355 1880 3417 throno,
1908 3358 2132 3419 repente

537 3450 753 3506 eliditur
783 3460 836 3504 et
868 3450 1111 3519 palpitat,
1131 3459 1292 3519 atque
1317 3448 1461 3502 foras
1489 3446 1729 3501 sublatus
1757 3445 1896 3498 vires
1923 3458 2134 3498 resum-

541 3545 665 3614 psit.
710 3543 779 3597 Et
822 3545 1014 3597 iterum
1046 3552 1100 3597 et
1126 3542 1228 3596 alia
1262 3544 1376 3597 vice
1407 3558 1526 3595 cum
1556 3547 1834 3612 ingressus
1862 3538 2130 3603 sedisset,

540 3638 790 3693 similiter
815 3640 1036 3707 patitur,
1074 3653 1173 3692 nec
1218 3638 1393 3692 adhuc
1440 3636 1746 3706 intelligens
1791 3648 1983 3705 poenas
2020 3645 2133 3686 sua:

540 3730 822 3785 maculatae
884 3730 1304 3785 communionis.
1362 3729 1723 3783 Nihilominus
1776 3735 1960 3795 postea
2011 3736 2133 3777 011111

540 3822 741 3876 11111010
775 3834 1195 3891 perseverasset,
1232 3823 1303 3875 ita
1332 3824 1489 3875 tertia
1521 3822 1635 3874 vice
1662 3820 1730 3872 de
1755 3820 1950 3872 throno
1970 3832 2124 3871 excu-

542 3915 689 3976 titur,
726 3922 783 3966 ut
809 3915 963 3982 quasi
999 3914 1248 3981 indignus
1279 3912 1478 3966 throno
1504 3910 1691 3980 repelli
1722 3910 2015 3975 videretur,
2052 3920 2135 3963 at-

542 4020 651 4075 que
699 4006 867 4059 elisus
917 4008 967 4058 in
1017 4014 1236 4070 terram,
1275 4007 1346 4058 ita
1379 4005 1647 4075 palpitans
1677 4003 2047 4072 torquebatur,
2081 4013 2139 4059 ut

542 4112 663 4152 cum
715 4096 944 4167 quadam
982 4096 1181 4151 duritia
1226 4106 1281 4153 et
1330 4097 1536 4168 magnis
1585 4097 1913 4152 cruciatibus
1961 4098 2136 4153 eidem

543 4189 764 4259 spiritus
792 4197 1224 4259 extorqueretur.
1256 4191 1321 4245 Et
1352 4190 1476 4245 inde
1500 4189 1611 4260 jam
1647 4189 1853 4243 tollitur
1876 4230 1891 4256 ,
1924 4205 2031 4243 non
2072 4205 2140 4243 ex

547 4298 696 4339 more
744 4284 1101 4339 resumendus
1123 4326 1136 4348 ,
1167 4283 1265 4339 sed
1295 4285 1658 4351 sepeliendus.
1689 4284 1802 4338 Scit
1850 4285 1951 4338 hoc
1996 4282 2140 4351 quod

482 4449 502 4455 _
547 4377 837 4432 referimus
867 4392 1060 4448 magna
1090 4379 1280 4431 civitas
1314 4378 1547 4433 Emerita
1576 4418 1590 4442 ,
1619 4378 1774 4447 cujus
1806 4380 1858 4431 in
1899 4378 2139 4431 Ecclesia

548 4469 702 4539 plebs
733 4471 832 4523 hoc
857 4471 1029 4539 ipsum
1053 4469 1167 4524 suis
1194 4470 1326 4524 vidit
1351 4470 1648 4525 obtutibus.
1672 4470 1775 4524 Sed
1804 4479 1859 4525 et
1884 4469 1987 4525 hoc
2008 4484 2139 4524 con-

2235 3266 2491 3320 laicorum
2525 3281 2809 3320 numerum
2834 3265 3155 3333 exigebant,
3187 3269 3243 3318 et
3277 3273 3462 3331 pOStea
3508 3261 3704 3315 iterum
3738 3270 3833 3314 eos

2237 3360 2395 3414 iidem
2431 3359 2670 3413 lueretici
2700 3360 2987 3427 episcopos
3011 3357 3375 3420 ordinabant;
3416 3364 3475 3409 ut
3506 3369 3611 3408 non
3648 3352 3830 3407 solum

2239 3452 2399 3505 ﬁdem
2446 3451 2767 3505 catholicam
2801 3450 3057 3503 damnare
3096 3447 3409 3502 viderentur
3431 3488 3445 3513 ,
3492 3446 3585 3501 sed
3616 3444 3833 3499 ordina-

2238 3545 2440 3598 tionem
2484 3544 2679 3596 l‘actam
2729 3558 2823 3611 per
2868 3544 3155 3612 episcopos
3196 3540 3512 3595 catholicos.
3562 3540 3835 3597 Intendite

2240 3640 2290 3693 in
2335 3642 2435 3692 hoc
2466 3638 2729 3691 adversus
2773 3636 3071 3691 catholicos
3102 3635 3256 3705 quasi
3303 3635 3589 3705 quemdam
3636 3621 3833 3688 trium-3

2242 3732 2407 3803 phum
2439 3730 2820 3786 haereticorum
2845 3771 2859 3795 ,
2884 3730 3012 3785 etin
3042 3729 3294 3783 miseram
3317 3737 3372 3783 et
3398 3729 3552 3795 quasi
3583 3726 3836 3782 ultimam

2240 3823 2674 3880 etftndissimam
2726 3822 3089 3894 captivitatem
3116 3861 3132 3887 ,
3167 3822 3219 3875 in
3260 3819 3344 3874 bis
3389 3818 3662 3888 episcopis
3703 3832 3837 3872 con-
3898 3816 3910 3825 ’

2240 3918 2494 3971 (1011111010
2528 3917 2612 3984 pia
2641 3914 2780 3979 fide,
2816 3924 2870 3969 et
2890 3913 3171 3968 catholicis
3212 3912 3519 3982 episcopis;
3555 3911 3607 3964 in
3644 3922 3837 3965 eorum

2241 4025 2300 4065 se
2327 4008 2625 4063 dominium
2662 4007 3112 4075 delusionemque
3137 4004 3469 4059 tradiderunt
3502 4010 3655 4057 metu
3689 4003 3837 4056 exsi-

2243 4104 2297 4157 lii
2325 4145 2338 4168 ,
2367 4113 2420 4157 et
2450 4110 2510 4155 ut
2537 4100 2846 4171 episc0pale
2885 4116 3081 4154 nomen
3110 4098 3253 4167 apud
3304 4097 3554 4151 homines
3594 4096 3837 4151 retinere

2240 4196 2561 4251 viderentur
2586 4237 2600 4262 ,
2632 4194 2775 4264 quod
2815 4194 3000 4263 utique
3025 4194 3136 4262 jam
3160 4190 3301 4261 apud
3345 4191 3512 4245 Deum
3561 4188 3839 4258 1108181111-

2242 4289 2573 4359 scriptiones
2625 4288 2817 4356 intpias
2849 4303 2955 4340 non
2990 4285 3278 4340 habebant.
3313 4283 3419 4339 Sed
3449 4284 3570 4338 ideo
3600 4282 3838 4338 nominis

2245 4384 2399 4437 istius
2427 4382 2589 4436 etiam
2632 4395 2752 4434 cum
2795 4380 2939 4433 omni
2974 4377 3246 4433 dedecore
3270 4378 3619 4447 quaerebatur
3648 4384 3839 4430 aucto-

2245 4475 2395 4537 ritas,
2430 4490 2495 4528 ne
2528 4474 2633 4528 illis
2658 4473 3029 4541 possessiones
3049 4472 3304 4526 Ecclesiae
3333 4471 3673 4532 tollerentur,
3698 4483 3837 4540 quas

549 4563 894 4618 sideraudum
940 4573 1053 4629 est,
1082 4566 1206 4633 quia
1259 4564 1567 4619 Florentius
1609 4564 1723 4617 11010
1770 4577 1959 4632 passus
1984 4604 1999 4629 ,
2046 4562 2139 4632 qui
2166 4556 2220 4616 D
2246 4568 2446 4621 utinam
2482 4579 2773 4634 numquam
2808 4565 3141 4633 possedisset
3171 4564 3429 4627 Ecclesia,
3454 4572 3513 4618 ut
3539 4562 3839 4630 apostolico

551 4657 786 4710 nondum
837 4658 1237 4727 subscripserat
1278 4658 1572 4725 impietati,
1606 4657 1701 4710 sed
1747 4667 1953 4709 tantum
1997 4654 2141 4725 quod

549 4750 967 4803 communicavit
1006 4750 1514 4820 przevaricatoribus
1556 4749 1677 4802 fidei
1705 4789 1719 4812 ,
1750 4764 1857 4802 non
1886 4748 2142 4819 ignorans

549 4853 734 4892 eorum
770 4841 1289 4908 prmvaricationem.
1330 4842 1437 4894 Iloc
1468 4838 1588 4893 ideo
1618 4840 1901 4895 retulimus
1925 4881 1941 4907 ,
1975 4848 2033 4894 ut
2064 4841 2140 4895 vi-

549 4932 713 4987 deant
743 4932 820 4986 illi
851 4933 976 5002 quid
1006 4934 1109 4988 sibi
1153 4933 1418 5003 agendmn
1453 4934 1555 4999 sit,
1588 4933 1679 5003 qui
1711 4950 1833 4988 cum
1864 4950 1971 4989 non
2011 4934 2137 4989 sub-

549 5027 867 5097 scripserint
907 5035 963 5080 ut
1002 5027 1476 5096 prmvaricatores,
1509 5037 1715 5082 tantum
1773 5043 1866 5097 per
1900 5042 2146 5081 0011111111-

550 5121 766 5175 nionem
801 5121 1311 5190 pr'cvaricatoribus
1338 5120 1439 5175 sibi
1472 5121 1702 5189 cognitis
1729 5121 1962 5188 c0pulati
1993 5127 2141 5173 sunt.

552 5216 617 5271 Et
664 5228 791 5287 puto
831 5214 972 5286 quod
1012 5214 1316 5284 intelligent
1354 5214 1481 5284 quid
1513 5213 1764 5283 exetnplo
1793 5213 2050 5268 Florentii
2075 5212 2146 5266 ti-

550 5325 699 5364 111010
726 5311 976 5365 debeant.

624 5399 735 5454 ΧΠ.
766 5402 871 5458 Sed
897 5404 1114 5473 longum
1137 5409 1220 5456 est
1242 5399 1450 5455 referre
1471 5398 1575 5454 alia
1607 5413 1822 5470 quoque
1851 5398 2144 5455 documen-

553 5498 603 5544 ta
637 5493 810 5559 ptenis
843 5496 1198 5563 prmsentibns
1227 5494 1494 5550 damnatae
1518 5494 1998 5564 praevaricationis,
2024 5509 2144 5563 quae

550 5632 569 5677 ξ
627 5632 644 5661 ¹
676 5630 828 5703 Ωιιοᾴ
856 5633 909 5683 in
936 5634 1027 5685 illo
1053 5646 1213 5702 speet.
1247 5635 1410 5691 Ulcus
1454 5635 1570 5689 sine
1610 5632 1997 5703 exemplarium
2047 5648 2148 5699 cpe

557 5718 777 5782 prorsus
816 5701 1496 5782 inuuedicabile._Isidorus
1527 5701 1858 5782 llispaleusis
1903 5714 1960 5761 et
2008 5703 2148 5758 lide-

558 5775 697 5831 fonsi
747 5775 1093 5828 continuator
1113 5815 1127 5840 ,
1157 5777 1248 5846 qui
1279 5778 1557 5836 historiam
1607 5778 1747 5836 hanc
1774 5791 1879 5836 una
1917 5792 2038 5834 cum
2065 5789 2151 5834 se-

2248 4674 2398 4713 111010
2428 4659 2617 4712 vivens
2649 4657 2807 4711 ﬁdem
2846 4658 3109 4725 integram
3159 4656 3544 4711 inviolabiliter
3585 4654 3839 4725 posside-

2248 4763 2347 4805 ret.
2378 4752 2445 4805 Et
2474 4764 2615 4804 nunc
2666 4751 2749 4804 his
2780 4748 2980 4803 talibus
3022 4766 3129 4803 non
3174 4748 3580 4803 communicare
3626 4760 3841 4802 summa

2248 4844 2494 4913 impietas
2522 4843 2755 4905 dicitur;
2786 4853 2840 4897 et
2888 4841 2990 4908 hoc
3042 4842 3143 4897 sub
3187 4841 3340 4895 vobis
3382 4840 3798 4912 imperatoribus
3823 4878 3841 4907 ,

2246 4937 2336 5007 qui
2369 4945 2426 4990 ut
2461 4946 2654 4991 vestrm
2684 4937 3105 4990 constitutiones
3126 4936 3488 5004 eloquuntur,
3517 4933 3843 4989 venerabilis

2246 5028 2507 5085 Ecclesiae
2537 5028 2776 5082 divinam
2822 5027 3239 5081 sanctimoniam
3276 5024 3530 5094 judicatis
3574 5042 3587 5079 :
3621 5040 3726 5079 11011
3757 5034 3844 5080 est

2249 5134 2431 5177 autem
2462 5124 2681 5183 mirum,
2708 5122 2751 5173 si
2784 5130 2891 5173 tam
2922 5118 3039 5173 haec
3065 5119 3486 5174 atrociaeorum
3516 5118 3842 5185 commissa,

2249 5216 2494 5282 occupati
2545 5212 2863 5282 reipublicae
2932 5202 3337 5279 provisionibus
3388 5209 3671 5281 ignoratis.
3735 5209 3845 5265 llas

2246 5322 2435 5362 eorum
2466 5305 2772 5375 impietates
2793 5315 3142 5360 exsecrantes
3172 5304 3450 5373 episcopi,
3478 5302 3570 5372 qui
3612 5316 3711 5373 pro
3740 5302 3845 5357 ﬁde

2250 5414 2437 5468 pteuas
2479 5398 2661 5453 exsilii
2699 5398 3140 5468 perpetiebantur
3164 5437 3179 5461 ,
3215 5396 3295 5450 vel
3340 5397 3430 5467 qui
3477 5410 3535 5451 se
3574 5395 3628 5449 in
3662 5393 3843 5464 fugam

2249 5492 2537 5557 dederant,
2564 5492 2686 5547 licet
2710 5500 2896 5547 essent
2923 5504 3155 5561 corpore
3184 5490 3406 5545 discreti
3437 5505 3531 5559 per
3560 5488 3845 5545 intervalla

2252 5632 2536 5701 quentibus
2568 5632 2936 5699 descripsere,
2972 5628 3250 5696 periodum
3282 5627 3417 5683 hanc
3448 5628 3662 5699 penitus
3683 5627 3849 5683 omit-

2256 5711 2407 5771 tunt,
2438 5704 2580 5800 unde
2612 5702 2989 5774 interpolatum
3024 5713 3171 5772 puto.
3204 5701 3375 5757 Oxon.
