4150 6176
322 292 399 349 95
1326 288 1662 351 LIBELLUS
1701 290 1982 351 PRECUM
2024 295 2115 351 AD
2158 292 2671 357 IMPERATORES.
3564 301 3633 356 94

329 411 647 482 regionum,
683 419 866 464 tamen
890 407 1085 479 spiritu
1110 408 1161 463 in
1186 424 1350 464 unum
1379 410 1569 480 positi,
1607 422 1702 479 per
1724 418 1936 464 mutuas
1966 411 2019 472 Α
2046 410 2452 480 persecutiones
2481 412 2656 467 abhis
2681 411 2992 483 cpiscopisj,
3028 414 3119 483 qui
3152 429 3246 485 pro
3278 422 3408 469 nutu
3442 406 3636 484 prioris

328 507 551 562 litteras
571 505 867 575 apostolico
885 504 1073 573 vigore
1090 503 1410 567 decernunt,
1433 504 1579 557 nullo
1592 512 1792 573 genere
1817 503 1908 558 tali
1922 533 1936 544 ο

328 601 437 656 ltus
465 598 737 669 episcOpis
762 610 917 667 posse
937 596 1350 663 communicari,
1375 596 1464 666 qui
1489 595 1648 651 ﬁdem
1674 595 1762 649 illo
1776 595 1937 649 modo

330 708 447 762 quo
475 706 636 760 supra
665 690 947 743 retulimus
965 686 1338 757 prodiderunt,
1358 688 1461 743 nisi
1481 687 1729 741 silaicatn
1756 692 1939 756 postu-

336 786 588 842 laverunt
618 784 1088 843 communionem,
1118 781 1367 835 dolentes
1398 783 1510 835 suis
1544 780 1932 850 impietatibus.

412 877 550 933 XIV.
596 874 701 930 Sed
735 884 953 929 mortuo
996 874 1319 928 Constantio
1372 882 1599 943 patrono
1650 874 1938 928 haeretico-

338 987 477 1034 rum,
509 969 765 1025 Julianus
791 967 943 1022 solus
972 967 1143 1021 tenuit
1168 966 1484 1036 imperium,
1511 982 1576 1021 ex
1606 967 1758 1037 cujus
1794 983 1933 1035 prte-

336 1070 493 1131 (epto
520 1076 713 1116 omnes
756 1060 998 1129 episcOpi
1045 1060 1295 1113 catholici
1330 1058 1399 1114 de
1428 1058 1636 1115 exsiliis
1682 1062 1936 1115 relaxan-

334 1168 442 1212 tur.
473 1156 759 1212 Solet‘hoc
793 1155 971 1209 facere
992 1152 1273 1218 divinitas,
1307 1166 1364 1208 ut
1402 1154 1563 1208 etiam
1610 1168 1706 1223 per
1741 1153 1934 1208 adver-

334 1251 510 1307 sarios
538 1248 873 1305 Christiana:
901 1247 1179 1317 religionis
1216 1261 1328 1300 sum
1377 1246 1659 1312 consulat,
1688 1256 1747 1301 ut
1785 1253 1935 1301 tanto

338 1345 512 1415 magis
552 1344 644 1413 qui
676 1342 918 1397 cultores
949 1351 1075 1394 sunt
1103 1340 1304 1394 Christi
1335 1354 1430 1408 pro
1462 1337 1716 1393 ﬁdelibus
1744 1338 1930 1393 elabo-

338 1448 487 1494 rent.
522 1438 629 1492 Sed
679 1451 783 1491 non
826 1435 999 1489 multo
1039 1442 1159 1502 post
1186 1433 1401 1487 Juliano
1435 1435 1760 1501 interempto
1784 1475 1797 1499 ,
1844 1431 1936 1487 Jo-

343 1531 541 1585 vianus
587 1527 818 1583 efﬁcitur
857 1528 1177 1595 imperator,
1220 1526 1311 1594 qui
1344 1523 1629 1578 vindicans
1656 1523 1814 1577 ﬁdem
1840 1538 1936 1577 ca-

339 1621 632 1685 tholicam,
658 1619 810 1673 dedit
857 1618 1124 1671 calculum
1171 1616 1443 1686 episcopis
1487 1614 1797 1668 catholicis.
1828 1612 1935 1668 Sed

338 1716 413 1769 illi
444 1714 644 1784 egregii
673 1710 953 1780 episcopi,
982 1725 1141 1780 quam
1182 1711 1283 1763 sub
1318 1708 1637 1763 Constantio
1666 1709 1933 1779 integram

2044 503 2389 573 imperatoris
2427 502 2677 559 haeresim
2709 505 3084 571 vindicantes,
3128 516 3317 562 contra
3359 506 3516 562 ﬁdem
3548 522 3638 562 ca-

2045 596 2301 652 tholicam
2352 598 2671 666 peccabaut.
2728 596 2841 653 lleu
2890 598 3153 670 gemitus!
3192 600 3353 655 iidem
3401 598 3636 670 episcopi

2043 691 2303 746 adversus
2335 692 2523 747 ﬁdeles
2556 700 2610 747 et
2639 693 2918 747 catholica:
2952 694 3072 748 ﬁdei
3105 693 3420 749 defensores
3451 694 3640 747 catho-

2040 787 2266 843 licorum
2302 788 2691 857 imperatorum
2719 787 2835 856 jura
2867 797 3209 857 pra'pottunt.
3243 788 3365 842 llatc
3394 802 3514 841 cum
3543 788 3640 841 do-

2042 882 2158 937 lore
2181 882 2418 936 omnium
2448 881 2716 934 viscerum
2747 881 3017 950 loquimur
3038 880 3298 936 deﬁeutes
3324 898 3336 935 :
3365 897 3471 935 non
3493 878 3637 951 quod

2042 990 2148 1029 non
2182 974 2250 1029 sit
2300 973 2546 1030 ﬁdelibus
2575 974 2872 1044 gloriosum
2900 1016 2914 1038 ,
2957 973 2977 1004 ³
3027 974 3125 1027 sub
3171 972 3419 1043 quolibet
3469 988 3637 1043 puero

2040 1072 2281 1142 perpeti;
2312 1073 2407 1124 sed
2432 1070 2554 1139 quia
2585 1076 2767 1123 tantus
2789 1078 2871 1122 est
2894 1076 3080 1134 stupor
3106 1066 3158 1121 in
3185 1067 3407 1132 szeculo,
3442 1077 3498 1121 ut
3520 1066 3637 1122 hinc

2041 1163 2255 1218 illorum
2293 1164 2457 1216 tantis
2484 1160 2725 1215 involuta
2760 1158 3000 1230 perﬁdiis
3033 1175 3136 1215 non
3177 1168 3505 1229 agnoscatur
3541 1159 3640 1213 itit-

2043 1257 2236 1325 pietas,
2264 1263 2320 1308 ut
2364 1268 2524 1307 nemo
2549 1252 2809 1321 intelligat
2844 1251 3114 1321 quomodo
3143 1252 3303 1305 etiam
3340 1251 3519 1321 regias
3546 1265 3641 1303 au-

2040 1362 2126 1402 res
2154 1361 2373 1416 semper
2410 1344 2662 1399 inludunt
2708 1347 2757 1398 in
2786 1346 3080 1399 vexatione
3123 1344 3555 1398 Christianorum
3587 1347 3642 1396 et

2040 1440 2276 1493 fldelium
2328 1438 2698 1493 sacerdotum.
2752 1436 2857 1491 Sed
2892 1436 2991 1489 sub
3037 1436 3302 1491 vocabulo
3347 1435 3493 1504 pacis
3541 1436 3641 1488 im-

2039 1533 2212 1603 pietas
2241 1532 2459 1601 tegitur,
2491 1540 2545 1585 et
2586 1530 2894 1599 speciosum
2942 1544 3136 1583 nomen
3187 1528 3430 1582 veritatis
3472 1540 3640 1596 appo-

2040 1627 2187 1681 nitur
2231 1625 2295 1678 ad
2331 1624 2691 1693 patrocinium
2751 1622 3103 1693 perﬁdorum.
3156 1620 3263 1676 Sed
3316 1621 3453 1675 bene
3495 1615 3637 1688 quod

2046 1719 2161 1787 ipse
2193 1716 2445 1773 Salvator
2480 1716 2736 1769 virtutem
2762 1730 2873 1768 sua:
2904 1715 3050 1783 pacis
3092 1714 3377 1782 exposuit,
3412 1728 3479 1766 ne
3519 1712 3639 1781 quis

339 1804 750 1859 vindicaverant
783 1802 965 1868 ﬁdem,
999 1802 1252 1855 haeretica
1278 1800 1680 1869 subscriptione
1710 1802 1936 1854 damna;
1964 1800 2010 1861 B
2041 1812 2271 1880 simplici
2305 1811 2454 1880 pacis
2486 1809 2747 1864 vocabulo
2778 1819 3095 1879 caperetur,
3141 1814 3194 1861 et
3230 1822 3349 1861 eam
3391 1805 3639 1875 quicum-

333 1908 526 1953 verunt
547 1938 563 1961 ,
600 1896 853 1951 videntes
882 1894 1024 1962 quod
1051 1895 1394 1963 imperatoris
1419 1896 1648 1948 arbitrio
1683 1894 1931 1963 episcopi

335 2007 482 2046 nunc
514 2006 584 2045 ex
617 1991 906 2046 catholicis
930 1990 1061 2044 ﬁunt
1090 1989 1363 2054 haeretici,
1394 2000 1448 2044 et
1496 1988 1660 2043 iidem
1690 1989 1931 2059 episcopi

337 2100 412 2138 ex
437 2085 709 2139 hareticis
730 2084 793 2137 ad
817 2082 1306 2139 fidemcatltolicani
1325 2092 1689 2137 revertuntur.
1708 2082 1812 2137 Sed
1833 2082 1933 2137 rlsi

335 2178 563 2248 quidam
611 2176 947 2231 confessores
990 2174 1230 2245 fatigati,
1291 2176 1340 2228 in
1396 2175 1585 2228 ultimo
1634 2176 1821 2229 talium
1874 2189 1935 2230 se

338 2269 716 2325 communioni
738 2270 1041 2341 jungendos
1070 2285 1193 2325 esse
1212 2270 1595 2335 crediderunt,
1624 2278 1934 2325 evertentcs

335 2365 430 2421 illa
458 2363 599 2419 forte
625 2371 825 2418 statuta
858 2378 978 2434 qua:
1008 2363 1158 2433 prius
1195 2365 1463 2418 adversus
1492 2378 1587 2417 eos
1617 2363 1934 2435 prophetica

335 2468 499 2529 atque
535 2458 833 2526 apostolica
864 2458 1191 2513 acetoritate
1242 2458 1625 2524 decreverant,
1673 2456 1935 2527 numquid

337 2550 444 2605 hoc
501 2561 679 2620 potest
733 2550 968 2605 divinam
1019 2552 1252 2605 obruere
1303 2552 1623 2605 veritatem?
1674 2549 1934 2620 numquid

334 2642 443 2697 boc
474 2652 655 2713 potest
682 2643 1013 2712 evangelicis
1051 2643 1402 2713 prrejudicare
1444 2642 1746 2697 doctrinis?
1783 2658 1939 2697 num.

335 2737 465 2806 quid
490 2737 819 2807 apostolicas
841 2735 1172 2791 labefactare
1194 2738 1512 2801 sententias,
1543 2745 1601 2790 et
1630 2737 1770 2790 illam
1798 2751 1937 2806 prte-

336 2831 529 2884 sertitn
561 2830 653 2885 Dei
685 2844 874 2883 vocem
906 2829 1139 2884 dicentis
1174 2848 1186 2882 :
1225 2831 1326 2897 Qui
1356 2833 1750 2900 perseveraverit
1776 2844 1935 2899 usque

336 2925 406 2977 ad
434 2924 610 2990 ﬁnem,
642 2924 722 2977 hic
750 2924 924 2978 salvus
951 2925 1050 2977 erit
1069 2923 1311 2996 (Matth.,
1342 2924 1548 2997 x,‘2~2)?
1580 2926 1685 2979 Sed
1712 2932 1768 2979 et
1792 2928 1938 2994 Apo-

336 3016 464 3071 stoli
518 3015 666 3069 Pauli
710 3032 801 3070 vas
838 3017 1125 3072 electionis
1165 3033 1193 3069 a
1222 3016 1443 3071 Christo
1491 3018 1720 3071 Domino
1754 3018 1768 3047 ¹
1804 3032 1934 3087 pro-

342 3111 680 3174 nuntiantis,
714 3110 869 3179 cujus
914 3109 981 3163 ad
1022 3110 1242 3167 Galatas
1286 3110 1575 3165 scribentis
1622 3110 1739 3165 haec
1770 3111 1935 3165 verba

2038 1920 2141 1975 que
2187 1902 2371 1958 srrculi
2406 1903 2773 1972 impietatibns
2816 1901 3097 1970 copularet
3121 1942 3135 1965 ,
3168 1900 3355 1954 dicens
3387 1917 3400 1953 :
3440 1898 3632 1952 Parem

2038 2012 2205 2059 meam
2235 1998 2471 2066 relinquo
2497 1997 2659 2061 vobis,
2690 2010 2862 2066 pacem
2891 2009 3053 2046 meam
3077 1991 3143 2045 do
3172 1993 3310 2045 vobis
3336 2008 3354 2045 :
3377 2006 3476 2044 non
3501 1992 3635 2045 sicut

2040 2092 2124 2145 hic
2157 2090 2380 2144 mundus
2406 2091 2528 2156 dat,
2564 2105 2657 2161 ego
2680 2088 2745 2142 do
2768 2087 2907 2141 vobis
2933 2086 3134 2157 (Joan.,
3167 2100 3273 2149 xw,
3296 2081 3415 2156 27).
3443 2083 3638 2138 Pacem

2039 2201 2191 2240 suam
2224 2201 2251 2238 a
2287 2183 2471 2238 mnttdi
2507 2197 2639 2253 pace
2682 2181 2959 2236 discrevit.
2998 2180 3129 2233 Nam
3176 2180 3219 2233 si
3252 2179 3365 2231 haec
3394 2194 3494 2247 pax
3530 2177 3641 2233 Deo

2039 2291 2190 2352 grata
2224 2289 2304 2335 est
2326 2296 2445 2349 quae
2478 2279 2531 2332 in
2560 2276 2859 2331 Ecclesiam
2902 2276 3095 2343 recipit
3123 2270 3411 2342 episcopos
3451 2270 3643 2325 inlide-

2042 2375 2157 2439 les,
2192 2373 2319 2443 quid
2351 2386 2481 2442 ergo
2530 2386 2668 2439 opus
2720 2378 2803 2424 est
2850 2369 2904 2423 in
2955 2367 3423 2440 perscrutionibus
3475 2373 3638 2420 a‘stus

2043 2464 2289 2535 perpeti,
2336 2477 2616 2518 carcerem
2660 2462 2965 2525 sustinere,
3015 2460 3090 2514 ire
3139 2458 3352 2513 obviam
3403 2454 3639 2527 gladiis,

2042 2568 2203 2626 atque
2244 2556 2422 2610 omnia
2454 2568 2653 2624 genera
2700 2551 3093 2623 suppliciorum
3143 2551 3443 2618 mortisque
3508 2548 3643 2601 tole-

2041 2664 2199 2713 rare;
2228 2646 2666 2719 quandoquidem
2699 2656 2818 2715 post
2848 2644 3211 2714 negationem,
3247 2650 3369 2711 post
3396 2639 3637 2711 perﬁdize

2042 2745 2324 2813 sacrilegia
2352 2786 2366 2808 ,
2398 2750 2620 2811 propter
2666 2755 2855 2810 pacem
2899 2738 3039 2793 hanc
3080 2752 3239 2806 quam
3290 2736 3402 2790 Deo
3432 2734 3646 2805 placere

2041 2836 2356 2901 cottﬁdunt,
2418 2847 2645 2889 securus
2700 2832 3070 2901 unusquisque
3116 2827 3457 2891 infidelium,
3509 2833 3645 2878 tant-

2042 2948 2200 3003 qoam
2235 2930 2523 2995 inlibatus,
2552 2928 2702 2981 salvo
2733 2924 3031 2995 episc0pali
3067 2923 3272 2977 honore
3302 2918 3641 2988 suscipitur?

2048 3025 2180 3080 Vani
2212 3024 2325 3094 jam
2363 3021 2661 3076 secundum
2696 3018 2834 3073 hanc
2876 3017 3231 3072 assertionem
3282 3025 3335 3068 et
3376 3020 3646 3082 martyres

2042 3118 2317 3189 iudicandi
2358 3125 2502 3171 sunt.
2551 3114 2629 3169 Ad
2671 3127 2807 3182 quos
2844 3112 2986 3167 enim
3028 3113 3230 3164 fructus
3272 3121 3460 3178 poenas
3500 3120 3647 3159 mor-

341 3213 475 3258 sunt
506 3223 521 3258 :
555 3204 660 3259 Sed
692 3206 786 3258 etsi
824 3221 916 3258 nos
941 3246 956 3271 ,
988 3215 1075 3259 aut
1100 3205 1314 3275 angelus
1358 3208 1419 3257 de
1463 3206 1588 3259 caelo
1618 3206 1938 3275 evangeliea-

2051 3222 2265 3282 tenique
2298 3210 2435 3265 ferre
2469 3206 2820 3262 maluerunt?
2849 3206 2903 3260 Si
2953 3203 3097 3258 enim
3139 3204 3227 3274 qui
3269 3209 3417 3255 metu
3464 3210 3647 3267 perse-

343 3300 475 3353 verit
505 3310 842 3370 praterquam
886 3299 1350 3371 evangeliaavimus
1376 3299 1517 3352 vobis
1536 3342 1547 3362 ,
1578 3298 1852 3353 anathema
1876 3300 1940 3352 sit

340 3391 520 3463 (ϐαι,
549 3408 601 3456 I,
634 3392 713 3459 8).
756 3392 909 3447 Unde
950 3401 1005 3447 et
1051 3393 1191 3446 idem
1234 3393 1351 3462 ipse
1397 3392 1619 3446 inferius
1656 3393 1709 3446 iit
1746 3393 1936 3446 eadem

339 3486 575 3555 epistola
623 3488 968 3556 prosequitur
1012 3484 1236 3541 dicens:
1290 3486 1351 3541 Si
1397 3488 1531 3539 enim
1565 3502 1680 3553 ante
1704 3486 1939 3540 destruat:

337 3579 451 3634 lucc
494 3581 679 3633 iterum
734 3581 965 3649 (ediﬁce,
1026 3581 1476 3651 prevaricatorem
1544 3594 1622 3632 me
1685 3580 1938 3633 constituo

338 3674 521 3745 (ϐαίη
550 3691 611 3739 ιι,
644 3672 759 3746 18).
797 3673 1091 3729 Confessor
1118 3676 1302 3744 utique
1332 3673 1503 3728 factus
1546 3682 1629 3729 est
1668 3674 1735 3727 de
1766 3673 1940 3727 Evan-

338 3768 531 3837 geliis,
564 3766 635 3820 de
683 3767 906 3820 vocibus
933 3766 1328 3835 Prophetarum
1354 3808 1367 3828 ,
1401 3766 1469 3820 de
1497 3766 1762 3819 doclrinis
1796 3768 1940 3834 Apo-

338 3861 628 3922 Stolorum,
655 3860 743 3928 qui
768 3860 787 3888 ¹
815 3859 1001 3914 ﬁdeles
1018 3857 1229 3913 dubitat
1254 3868 1383 3911 tunc
1404 3857 1761 3912 confessionis
1779 3856 1939 3911 meri-

339 3964 453 4005 tum
481 3968 589 4005 non
624 3950 843 4017 habere,
862 3952 906 4004 si
938 3950 1325 4020 scripturarum
1347 3949 1649 4004 divinarum
1670 3950 1790 4019 jura
1812 3951 1940 4004 sub-

337 4057 583 4111 vertens,
614 4050 834 4118 incipiat
864 4048 1134 4102 aedificare
1164 4063 1285 4118 quae
1313 4048 1597 4101 destruunt
1622 4046 1934 4115 Evangelia.

419 4142 538 4198 XV.
562 4144 637 4198 An
656 4159 765 4198 non
790 4142 1087 4213 Scriptum
1102 4143 1303 4197 divina:
1325 4140 1941 4213 impngnanturquando

338 4253 470 4292 cum
500 4239 767 4309 episcopis
802 4237 924 4292 Ftlii
946 4237 1040 4293 Dei
1057 4237 1404 4308 negatoribus
1433 4252 1532 4308 pax
1564 4237 1820 4291 Ecclesiae
1850 4252 1940 4290 co-

339 4331 595 4401 pnlatur?
627 4332 763 4398 Quis
793 4339 877 4386 est
908 4332 1082 4396 enim,
1113 4331 1203 4400 qui
1230 4331 1585 4385 considerans
1613 4329 1719 4382 vim
1744 4328 1941 4383 divinae

338 4425 645 4495 religionis,
679 4438 865 4494 pacem
898 4424 1228 4494 perﬁdorum
1266 4424 1379 4479 Deo
1409 4424 1625 4493 placere
1664 4421 1936 4488 conﬁdat,

342 4520 452 4573 nisi
485 4530 597 4573 uta
627 4519 879 4575 Patribus
905 4518 1188 4574 decretum
1212 4528 1328 4586 est,
1375 4518 1426 4573 in
1460 4517 1718 4572 laicorum
1750 4530 1809 4571 se
1841 4531 1938 4570 nu-

344 4627 556 4667 merum
604 4612 818 4665 tradant
860 4628 972 4666 sure
1011 4611 1249 4681 perﬁdiae
1294 4610 1587 4665 dolentes?
1617 4607 1721 4663 Sed
1774 4617 1931 4675 esto,
1966 4585 2014 4646 Ῑ)

341 4703 587 4758 habeant
614 4718 798 4773 paceni
827 4719 947 4758 curn
999 4701 1307 4758 infldelibus
1350 4720 1363 4755 :
1397 4701 1450 4756 in
1497 4717 1604 4772 quo
1636 4710 1812 4755 tamen
1856 4699 1939 4754 of-

341 4795 577 4850 fendunt
597 4837 610 4860 ,
638 4796 688 4849 in
719 4810 826 4865 quo
860 4796 1058 4850 laedunt
1084 4795 1437 4864 imperatores
1459 4835 1473 4858 ,
1508 4794 1559 4847 in
1590 4808 1697 4862 quo
1726 4807 1944 4861 rempu-

340 4888 540 4945 blicam
595 4897 827 4954 vexant,
873 4892 962 4959 qui
1013 4884 1180 4943 divini
1240 4887 1706 4956 contemplatione
1748 4887 1939 4957 judicii

344 4982 657 5049 hujusinodi
692 4998 875 5051 pacem
909 4991 1173 5050 ι·‹.·ερυυιιι
1196 5023 1209 5047 ,
1243 4996 1363 5050 qua:
1399 4981 1694 5049 sacrilegos
1725 4981 1940 5048 recipit,

344 5076 796 5145 praevaricatores
839 5076 962 5129 ﬁdei
992 5076 1254 5139 honorat,
1296 5074 1438 5127 favet
1486 5073 1782 5143 hypocritis
1807 5114 1820 5137 ,
1848 5072 1944 5127 de-

342 5167 505 5236 spicit
537 5165 1062 5233 veritatetn,Christi
1084 5166 1178 5219 Dei
1202 5165 1314 5219 veri
1342 5163 1464 5219 Filii
1490 5171 1774 5233 negatores
1806 5174 1941 5217 tam-

341 5273 504 5327 quam
539 5260 793 5313 dominos
826 5242 1085 5313 Ecclesiae
1128 5260 1440 5325 constituit,
1476 5260 1732 5329 papulum
1783 5256 1943 5329 perﬁ-

339 5354 447 5408 diaz
477 5353 600 5409 labe
624 5354 998 5418 contaminat,
1030 5353 1227 5409 evertit
1265 5352 1658 5423 Evangelium?
1702 5353 1834 5407 Hinc
1863 5352 1940 5409 rei

338 5440 564 5513 Burnus,
599 5446 728 5501 hinc
757 5447 860 5502 sub
890 5448 1127 5502 nominis
1153 5448 1317 5502 vestri
1358 5446 1682 5502 auctoritate
1708 5446 1942 5516 patimur

419 5612 435 5641 ¹
472 5610 650 5681 Malim
679 5610 1015 5681 pronuntiati.

420 5681 441 5712 ²
472 5680 639 5735 Forte
670 5680 860 5750 ﬁdelis.

420 5753 440 5782 ⁸
476 5748 787 5822 Legendum
817 5753 1040 5808 omnino
1063 5752 1301 5818 videtur,
1332 5750 1423 5805 sub
1452 5748 1677 5822 quolibet
1708 5762 1804 5819 pro
1833 5763 1948 5805 vero

346 5821 583 5901 perpeti,
610 5835 665 5883 ut
695 5840 884 5887 rursus
926 5827 1085 5895 infra,
1116 5825 1217 5883 sub
1245 5825 1406 5883 ﬁnem
1434 5821 1636 5890 libelli,
1662 5823 1810 5894 quasi
1851 5837 1944 5879 ea:-

2045 3308 2283 3362 cutionis
2309 3312 2639 3373 negaverunt
2668 3299 2862 3354 Filium
2891 3297 2985 3351 Dei
3019 3312 3124 3350 non
3156 3293 3354 3347 habent
3385 3304 3595 3360 pamam
3627 3330 3642 3355 ,

2045 3402 2154 3455 imo
2213 3400 2391 3470 potius
2444 3400 2819 3457 honorantur;
2896 3406 2995 3445 nec
3055 3398 3320 3459 martyres
3385 3397 3643 3439 coronatn

2044 3491 2313 3562 passionis
2367 3502 2588 3557 sperare
2633 3486 2973 3549 debuerunt,
3020 3484 3126 3536 imo
3184 3480 3362 3549 potius
3405 3476 3648 3547 pendant

2043 3584 2302 3653 supplicia
2352 3597 2464 3637 suae
2511 3580 2852 3650 temeritatis.
2905 3578 3019 3631 lloc
3070 3576 3217 3631 enim
3279 3587 3506 3628 necesse
3562 3579 3649 3625 est

2043 3683 2429 3745 consiiquatur.
2462 3672 2578 3726 Non
2608 3672 2751 3725 enim
2788 3670 2902 3724 ﬁeri
2936 3676 3146 3738 potest,
3183 3677 3241 3720 ut
3274 3682 3379 3719 non
3410 3664 3481 3718 ibi
3513 3676 3644 3716 con-

2045 3770 2209 3824 traria
2247 3768 2580 3837 judiccntur.
2626 3764 2818 3819 Nonne
2852 3760 3196 3816 manifestum
3240 3768 3324 3813 est
3370 3758 3435 3810 ad
3486 3770 3645 3825 quam

2046 3876 2237 3915 vocem
2289 3868 2564 3913 arctantur
2618 3856 2883 3910 vocabulo
2935 3854 3081 3925 pacis
3130 3853 3316 3915 istius,
3365 3850 3447 3903 vel
3503 3847 3645 3917 quod

2044 3954 2397 4025 pronuntiare
2424 3962 2709 4021 cogantur,
2732 3958 2783 4002 ut
2818 3950 2861 4003 si
2895 3957 3183 4019 negatores
3217 3945 3336 3999 Filii
3370 3943 3466 3998 Dei
3501 3952 3646 3995 recte

2044 4050 2096 4104 in
2131 4049 2338 4103 honore
2368 4048 2825 4108 eorroborantur,
2861 4043 3155 4099 credantur
3199 4050 3464 4112 martyres
3512 4049 3647 4091 tant—

2043 4159 2203 4213 quam
2234 4158 2334 4213 pro
2376 4157 2469 4195 sua
2506 4141 2813 4196 temeritate
2844 4138 3043 4208 puniri.
3074 4135 3180 4192 Sed
3209 4134 3347 4189 absit
3380 4150 3393 4186 :
3424 4132 3560 4186 absit
3589 4139 3647 4186 ut

2046 4236 2148 4292 hoc
2170 4237 2418 4292 admittat
2453 4234 2785 4290 conscientia
2817 4232 3147 4288 Christiana.
3184 4229 3471 4284 Credimus
3501 4225 3647 4279 enim

2055 4331 2193 4387 Filio
2221 4329 2315 4385 Dei
2349 4328 2721 4400 pronuntianti
2752 4345 2763 4379 :
2800 4327 2901 4392 Qui
2939 4342 3020 4379 me
3047 4324 3299 4396 negaverit
3330 4337 3504 4375 coram
3555 4319 3643 4371 ho-

2043 4426 2265 4479 minibus
2284 4466 2299 4490 ,
2330 4436 2376 4479 et
2408 4440 2499 4494 ego
2540 4421 2734 4493 negabo
2766 4437 2881 4475 eum
2910 4435 3081 4473 coram
3114 4416 3273 4470 Patre
3298 4430 3409 4467 meo
3430 4430 3449 4466 .·
3480 4421 3523 4465 et
3552 4410 3640 4480 qui

2044 4535 2125 4573 me
2154 4521 2424 4588 confessus
2455 4516 2611 4587 fuerit
2640 4531 2811 4567 coram
2857 4511 3150 4566 hominibus
3176 4550 3189 4574 ,
3232 4524 3323 4580 ego
3363 4506 3647 4574 conﬁtebor

2046 4629 2164 4669 eum
2191 4628 2363 4665 caram
2394 4608 2555 4663 Patre
2586 4605 3022 4679 meo(Matth.,x,
3058 4603 3173 4668 55).

2118 4703 2261 4760 XVI.
2308 4703 2701 4758 Verumtamen
2746 4711 2797 4753 et
2843 4698 2893 4750 in
2933 4696 3033 4749 hac
3073 4706 3231 4748 causa
3277 4688 3521 4745 divinum
3562 4685 3648 4756 ju-

2047 4796 2248 4850 dicium
2276 4793 2592 4865 cognoscite
2627 4792 2914 4864 probatum
2950 4784 3310 4858 praesentibus
3357 4782 3651 4836 documen~

2048 4887 2119 4941 tis
2141 4929 2155 4949 ,
2189 4902 2257 4940 ne
2281 4888 2401 4955 quis
2430 4894 2641 4955 putaret
2672 4881 3061 4952 acet-ptandam
3095 4892 3279 4946 pacem
3310 4874 3501 4928 talium
3530 4871 3647 4942 epi-

2048 4995 2335 5049 scoporum
2360 5023 2373 5044 ,
2402 4978 2565 5033 etiam
2599 4979 2641 5031 si
2684 4977 2749 5029 ad
2781 4990 2922 5029 verae
2955 4972 3076 5026 ﬁdei
3120 4967 3516 5024 confessionem
3562 4980 3649 5019 re-

2046 5081 2391 5127 verterentur
2420 5077 2540 5140 post
2574 5067 3005 5135 subSrriptiones
3038 5062 3264 5133 impias,
3298 5060 3381 5123 vel
3414 5057 3648 5112 nefarias

2050 5166 2432 5221 haereticorum
2478 5162 2923 5225 communiones,
2958 5158 3152 5229 quibus
3191 5155 3427 5207 scienter
3456 5162 3649 5203 succu-

2048 5261 2316 5324 buerunt,
2364 5272 2431 5313 ne
2476 5267 2571 5312 aut
2617 5256 2998 5328 possessiones
3046 5247 3305 5305 Ecclesiae
3357 5241 3649 5313 perderent

2046 5364 2137 5409 aut
2164 5355 2421 5408 honores.
2456 5352 2477 5383 ‘
2501 5352 2737 5407 Sanctus
2759 5352 2842 5404 vir
2869 5347 3131 5402 Maximus
3153 5342 3461 5409 episcopus,
3492 5330 3647 5403 cnjus

2046 5462 2209 5517 supra
2245 5445 2595 5501 meminimus
2618 5484 2632 5509 ,
2666 5443 2827 5498 ﬁdem
2853 5438 3137 5495 vindicans
3177 5438 3382 5487 rectam
3422 5442 3651 5483 consor-

2057 5622 2388 5679 pavescamns
2418 5621 2509 5679 pro
2530 5601 2910 5679 verointerﬁci.
2997 5667 3034 5679 _
3103 5665 3115 5679 _
3141 5664 3153 5678 ,
3250 5672 3261 5679 Δ
3302 5658 3540 5679 ζῴη-ι,

2132 5657 2504 5733 {Sonent—{vir
2533 5657 2827 5738 Maximas',
2860 5683 2965 5724 etc.
2997 5667 3072 5723 De
3103 5664 3187 5723 his
3214 5672 3272 5738 et
3296 5657 3651 5738 sequentibus

2055 5732 2269 5804 erudite
2323 5763 2419 5819 pro
2463 5762 2614 5802 more
2654 5760 2753 5803 suo
2799 5732 3051 5801 edisserit
3078 5734 3422 5799 Mazochius,
3469 5732 3504 5784 Ι·
3558 5742 3650 5797 σοι

2053 5829 2183 5878 tom.
2212 5820 2283 5893 II,
2310 5834 2431 5893 pag.
2459 5819 2586 5889 578,
2607 5834 2722 5892 scq.
