4150 6176
493 212 566 271 95
1685 210 2006 271 FAUSTINI
2044 211 2133 268 ΕΤ
2174 210 2595 291 MARCELLINI
3730 225 3800 284 96

494 331 741 404 tiumque
769 331 1074 403 reprobans
1106 331 1488 388 bmreticorum
1509 372 1523 399 ,
1558 330 1753 386 ductus
1779 337 1865 385 est
1901 330 1956 384 in
2006 344 2103 384 ex-
2129 332 2183 392 Α
2207 331 2308 385 sub
2333 328 2649 391 Constantio
2668 334 3108 393 damnaverunt?
3130 339 3237 396 llis
3268 338 3432 397 rebus
3454 340 3656 398 Valens
3683 358 3800 399 mo-

500 424 705 481 silium.
736 423 794 481 ln
822 427 943 481 loco
972 425 1089 497 ejus
1121 425 1572 494 praevaricatores
1595 422 1854 479 ordinant
1880 421 2100 477 nomine

497 516 777 574 Zosimum
806 561 820 585 ,
863 518 953 589 qui
980 527 1034 574 et
1062 519 1181 588 ipse
1211 520 1359 588 prius
1385 518 1603 590 quidem
1632 516 1898 573 catholica
1928 516 2102 571 vindi—

502 615 683 669 cabat.
720 613 830 669 Res
877 613 978 668 ista
1024 613 1077 667 in
1116 611 1343 685 Neapoli
1370 614 1591 669 civitate
1625 611 1937 684 Campania:
1983 618 2103 665 aeta

500 713 605 761 est.
637 703 930 776 Cognoscit
960 703 1063 761 hoc
1091 717 1313 762 sanctus
1360 706 1620 761 Maximus
1644 748 1659 771 ,
1712 714 1766 762 et
1794 705 1861 760 de
1904 702 2100 760 exsilio

501 797 754 853 scribens
783 796 878 853 dat
902 799 955 854 in
997 814 1119 855 eum
1151 800 1476 855 sententiam
1498 840 1514 866 ,
1546 814 1653 854 non
1683 797 1857 853 solum
1895 797 2104 867 episco-

501 891 611 963 pali
638 892 1001 958 auctoritate,
1045 892 1143 949 sed
1191 892 1355 949 etiam
1401 893 1747 947 temulatione
1792 906 1857 946 ac
1903 891 2103 946 virtute

504 986 755 1057 martyrii
800 986 814 1017 ’
852 984 1039 1041 fruens
1082 986 1135 1041 in
1174 986 1401 1057 gloriam
1429 986 1688 1041 divinam.
1720 984 1829 1042 Sed
1862 994 1983 1054 post
2005 984 2105 1038 ali-

501 1088 635 1150 quot
655 1094 825 1135 annos
854 1080 1043 1135 beatus
1064 1080 1279 1136 Lucifer
1299 1081 1365 1136 de
1405 1089 1600 1152 quarto
1639 1080 1831 1135 exsilio
1872 1079 2101 1135 Romam

502 1186 774 1243 pergens.
827 1172 1109 1242 ingressus
1156 1181 1242 1229 est
1283 1172 1565 1244 Neapolim
1620 1172 1928 1241 Campaniae
1978 1190 1991 1226 :
2035 1171 2103 1227 ad

502 1280 662 1337 quem
693 1264 943 1321 Zosimus
966 1267 1152 1322 venire
1182 1267 1431 1333 tentavit,
1459 1265 1549 1320 illa
1575 1265 1717 1322 forte
1748 1265 1963 1332 fiducia,
1996 1280 2102 1335 qua

499 1360 711 1418 scilicet
730 1361 840 1429 jam
871 1359 940 1416 de
966 1361 1247 1431 impietate
1279 1362 1298 1391 ’
1323 1364 1628 1414 correxisse
1657 1358 1960 1414 videbatur.
1997 1356 2103 1413 Sed

507 1452 651 1509 hunc
677 1452 893 1508 Lucifer
932 1453 1217 1508 confessor
1256 1453 1538 1521 suscipere
1568 1452 1776 1517 noluit,
1814 1467 1920 1506 non
1953 1452 2106 1521 igno—

505 1558 637 1600 rans
682 1560 805 1615 quae
852 1555 1141 1615 gesserat:
1172 1545 1280 1601 imo
1321 1555 1377 1600 et
1417 1546 1587 1599 sancti
1620 1543 1854 1614 Spiritus
1894 1543 2105 1600 fervore

505 1638 749 1710 episcopi
781 1647 836 1693 et
880 1639 1137 1710 martyris
1177 1638 1503 1694 sententiam
1549 1638 1823 1693 robustius
1852 1639 2108 1708 exsequi-

507 1739 627 1798 tur,
660 1732 845 1787 dicens
874 1731 1018 1802 quod
1064 1731 1438 1803 episcOpatum
1480 1732 1652 1799 ipsum
1692 1746 1851 1801 quem
1895 1731 1996 1785 sibi
2047 1741 2104 1786 ut
2134 1719 2179 1778 Β

507 1824 722 1879 adulter
744 1824 1013 1890 vindicat,
1042 1824 1267 1895 speciali
1291 1824 1387 1879 Dei
1413 1822 1619 1893 judicio
1643 1839 1748 1877 non
1780 1822 2020 1890 habebit,
2053 1832 2106 1879 et

507 1913 587 1971 sic
614 1928 831 1984 quoque
854 1916 1051 1970 sentiet
1082 1930 1298 1985 poenam
1346 1930 1457 1969 suae
1503 1913 1819 1985 impietatis.
1845 1914 1952 1971 Sed
1997 1931 2105 1970 non

512 2015 635 2079 post
666 2006 893 2063 multum
920 2015 1134 2076 tempus
1157 2049 1172 2073 ,
1208 2007 1349 2062 idem
1393 2007 1641 2061 Zosimus
1669 2049 1683 2073 ,
1725 2022 1845 2061 cum
1874 2008 1928 2063 in
1961 2017 2108 2063 metu

510 2101 688 2171 plebis
741 2101 860 2156 vult
906 2102 1130 2171 exsequi
1188 2101 1489 2157 sacerdotis
1534 2102 1745 2169 ofﬁcia,
1804 2103 1944 2158 inter
1993 2104 2107 2174 ipsa

512 2197 678 2251 verba
710 2197 1071 2252 sacerdotalia
1094 2196 1213 2268 ejus
1242 2197 1424 2268 lingua
1455 2198 1817 2269 pr0teuditur,
1845 2215 1943 2255 nec
1968 2201 2111 2255 valet

512 2303 631 2344 eam
657 2304 916 2344 revocare
956 2291 1097 2345 intra
1140 2291 1253 2346 oris
1286 2281 1561 2359 meatum,
1618 2306 1687 2347 eo
1731 2293 1874 2362 quod
1919 2305 2109 2350 contra

515 2379 735 2435 modum
762 2391 971 2437 naturae
1013 2392 1167 2438 extra
1217 2398 1278 2438 os
1324 2382 1606 2453 penderet,
1641 2393 1697 2438 ut
1730 2383 1849 2439 bovi
1891 2387 2107 2442 anhelo.

521 2473 628 2530 Sed
658 2485 713 2530 ut
742 2475 875 2530 vidit
908 2492 967 2531 se
992 2476 1190 2547 linguae
1210 2476 1445 2533 ofﬁcium
1482 2477 1803 2548 perdidisse,
1835 2480 2114 2550 egreditur

515 2570 741 2626 basilica
773 2590 786 2632 ;
816 2582 870 2624 et
903 2585 990 2626 res
1014 2571 1170 2637 mira,
1197 2570 1330 2626 foris
1359 2571 1553 2626 iterum
1579 2570 1633 2625 in
1662 2571 1902 2627 ofticimn
1933 2572 2110 2642 lingua

522 2670 774 2718 revocata
808 2672 912 2717 est.
959 2662 1028 2717 Et
1059 2663 1295 2733 primum
1323 2664 1541 2733 quidem
1582 2678 1686 2718 non
1716 2662 2029 2734 intelligitur
2060 2663 2112 2718 in

518 2770 642 2810 eum
686 2756 949 2825 compleri
998 2757 1322 2812 sententiam
1358 2757 1613 2827 martyris
1648 2766 1703 2813 et
1737 2756 2063 2812 confessoris
2099 2774 2112 2810 :

522 2848 620 2905 sed
649 2863 771 2903 cum
806 2848 907 2904 hoc
930 2849 1102 2919 ipsum
1130 2850 1293 2905 toties
1324 2850 1517 2905 iterum
1552 2850 1783 2919 patitur,
1817 2850 2029 2920 quoties
2062 2850 2112 2905 in

521 2942 801 2998 basilicam
833 2942 1069 2998 diversis
1121 2941 1312 2997 diebus
1343 2943 1549 2998 intrare
1576 2943 1822 3009 tentavit,
1861 2944 1975 3013 ipse
2020 2958 2116 3011 po-

518 3045 724 3090 stremo
759 3036 1095 3106 recognovit,
1137 3037 1207 3091 ob
1234 3036 1336 3090 hoc
1362 3037 1467 3092 sibi
1496 3036 1735 3108 linguam
1770 3037 1909 3091 inter
1939 3037 2118 3107 ponti-

2204 431 2323 494 tus,
2369 428 2622 499 ignorans
2658 432 2909 488 virtutem
2955 449 3099 489 verte
3129 435 3286 501 ﬁdei,
3337 445 3390 491 et
3436 439 3798 495 consmntiam

2202 533 2323 575 cum
2368 521 2723 579 inconstantia
2768 526 3096 594 conferens,
3131 528 3464 597 impietatem
3514 530 3801 587 haeretico-

2204 628 2321 669 rum
2371 629 2492 670 cum
2532 618 2763 687 quadam
2791 619 3003 689 justitia
3034 621 3360 680 vindicabat.
3414 625 3484 680 Et
3514 634 3756 683 tacemus
3780 669 3796 695 ,

2204 704 2345 773 quod
2376 707 2538 762 etiam
2564 709 2666 764 sub
2697 709 2925 767 Valente
2956 711 3147 767 iterum
3190 728 3251 768 se
3281 715 3496 783 quidam
3525 716 3798 776 haereticis

2204 797 2578 865 tradiderunt,
2624 817 2758 872 quos
2804 819 2946 858 nunc
2975 804 3328 862 nihilominus
3358 807 3607 864 videmus
3656 810 3799 867 inter

2204 890 2503 947 catholicos
2530 896 2814 951 nominari.
2846 896 2973 953 Inde
2999 910 3081 954 est
3107 900 3253 956 unde
3284 901 3444 956 etiam
3473 904 3662 974 plebes
3686 907 3799 959 bae-

2205 986 2498 1042 reticorum
2547 989 2613 1043 ad
2662 989 2822 1046 ﬁdem
2870 992 3089 1063 impiam
3130 994 3400 1050 roborata:
3450 1007 3609 1065 sunt,
3661 997 3793 1055 dum

2208 1076 2448 1135 lizcretici
2475 1081 2525 1135 in
2552 1082 2697 1137 malo
2722 1098 3104 1154 perseverant,
3135 1097 3189 1142 et
3212 1089 3303 1158 qui
3332 1092 3581 1159 putantur
3607 1093 3797 1148 catho-

2206 1172 2329 1239 lici,
2376 1175 2443 1230 de
2504 1176 2647 1232 bono
2695 1178 2987 1245 recedunt,
3038 1181 3329 1252 aliquoties
3380 1187 3796 1244 succumbentes

2210 1264 2503 1322 hmreticis.
2556 1268 2668 1335 Qua
2715 1270 2858 1324 enim
2904 1274 3223 1328 auctoritate
3265 1274 3319 1328 hi
3370 1275 3507 1330 tales
3556 1279 3797 1348 episcopi

2207 1367 2390 1413 contra
2424 1359 2672 1415 hmresim
2708 1362 3041 1430 praedicant,
3074 1365 3159 1419 cui
3191 1381 3251 1421 se
3279 1366 3677 1438 subscripsisse
3703 1385 3799 1425 ne—

2207 1465 2334 1520 gare
2375 1466 2479 1506 non
2509 1454 2769 1521 possunt?
2810 1463 2865 1508 et
2893 1470 2996 1524 qua
3040 1455 3230 1511 ﬁducia
3277 1460 3601 1514 catholicam
3637 1461 3799 1517 ﬁdem

2210 1542 2352 1613 plebi
2386 1544 2617 1600 suadere
2648 1547 2888 1602 nitantur
2913 1590 2928 1612 ,
2959 1563 3079 1602 cum
3109 1561 3321 1605 constet
3356 1552 3495 1623 quod
3538 1568 3655 1609 eam
3701 1555 3802 1608 im-

2212 1634 2316 1705 piis
2341 1636 2831 1707 snbscriptionibus
2859 1642 3304 1709 reprobaverint?

2280 1726 2469 1782 XVIII.
2514 1729 2813 1798 Videtisne,
2853 1733 3015 1786 etiam
3070 1733 3266 1789 vestris
3293 1735 3626 1805 temporibus
3666 1737 3803 1807 (sed

2212 1827 2270 1873 ut
2297 1821 2569 1876 credimus
2593 1824 2964 1893 ignorantibus
2987 1826 3187 1898 vobis),
3210 1827 3368 1884 ﬁdem
3396 1830 3609 1899 quidem
3634 1833 3799 1901 piam,

2212 1918 2374 1980 atque
2410 1914 2609 1967 utinam
2643 1916 2725 1968 vel
2761 1932 2887 1971 vere
2910 1959 2926 1983 ,
2960 1917 3053 1973 sed
3082 1919 3185 1974 etsi
3217 1936 3341 1976 vere
3368 1964 3381 1986 ,
3415 1937 3535 1977 cum
3573 1924 3803 1993 quadam

2213 2011 2389 2058 tamen
2419 2005 2676 2074 iujustitia
2707 2008 3008 2074 vindicari,
3052 2027 3175 2067 cum
3201 2028 3299 2081 per
3331 2014 3578 2085 indignos
3599 2018 3807 2085 episco-

2217 2110 2317 2167 pos
2346 2096 2656 2153 vindicatur
2684 2100 2736 2154 in
2768 2101 3114 2159 afﬂictionem
3142 2105 3283 2175 piam
3322 2105 3482 2162 ﬁdem
3509 2106 3808 2163 defenden-

2220 2194 2354 2247 tium
2379 2194 2749 2262 sacerdotum,
2780 2207 2833 2253 et
2857 2199 2908 2252 in
2932 2199 3226 2267 perniciem
3255 2201 3487 2255 ﬁdelium
3512 2204 3807 2257 laicorum?

2215 2287 2322 2343 Sed
2358 2288 2511 2343 nefas
2539 2298 2759 2359 putatur
2789 2299 2869 2345 tot
2908 2294 3354 2361 praevaricatores
3379 2295 3615 2364 dejicere
3635 2338 3651 2363 ,
3680 2310 3809 2351 con-

2214 2383 2543 2436 sentientem
2577 2383 2640 2436 ad
2672 2383 2991 2453 injusﬁtiam
3022 2386 3231 2441 turbam
3264 2388 3578 2458 reprobare.
3618 2389 3685 2443 Et
3718 2390 3807 2445 ubi

2213 2484 2297 2527 ρει
2328 2474 2537 2543 justitia
2568 2492 2709 2531 verae
2736 2478 3014 2548 religionis
3040 2524 3053 2543 ,
3085 2480 3131 2534 si
3160 2482 3458 2537 addicenda
3502 2492 3587 2537 est
3626 2483 3808 2554 impia:

2215 2570 2585 2637 multitudini,
2632 2582 2685 2627 et
2717 2572 2822 2628 hoc
2862 2576 2961 2628 sub
2992 2575 3247 2645 piissimis
3291 2586 3343 2631 et
3390 2576 3809 2647 religiosissimis

2217 2664 2670 2733 imperatoribus?
2697 2662 2813 2720 Non
2845 2667 2922 2721 sic
2965 2668 3016 2721 in
3058 2668 3257 2721 diluvio
3284 2668 3579 2738 judicatum
3626 2680 3711 2724 est
3754 2679 3811 2724 ut

2217 2762 2374 2815 turba
2405 2763 2647 2816 vinceret
2684 2760 3006 2816 infidelium.
3044 2760 3150 2817 Sed
3180 2760 3294 2816 Noe
3346 2762 3434 2816 ille
3476 2762 3809 2831 iustissimus

2220 2852 2344 2908 idco
2375 2854 2544 2923 magis
2594 2854 2703 2907 Deo
2734 2854 2962 2922 placuit,
2996 2853 3138 2922 quod
3173 2854 3224 2906 in
3258 2853 3352 2907 illo
3382 2854 3593 2908 excidio
3622 2854 3809 2908 mundi

2216 2946 2366 3000 solus
2395 2947 2573 3015 justus
2600 2947 2851 3001 inventus
2883 2956 2986 3001 est.
3019 2946 3379 3001 Nihilominus
3406 2956 3461 3003 et
3491 2948 3542 3001 in
3571 2946 3810 3003 Sodoma

2217 3046 2274 3094 et
2302 3038 2598 3094 Gomorrha
2617 3054 2806 3107 graves
2836 3054 3025 3108 pinnas
3051 3038 3199 3094 dedit
3229 3040 3389 3107 impia
3408 3039 3754 3095 multitudine
3785 3059 3799 3096 :

525 3127 633 3184 ﬁcii
659 3128 918 3184 solemnia
951 3129 1113 3184 verba
1144 3128 1429 3199 denegari,
1466 3138 1523 3184 ut
1569 3106 1882 3186 sanctorum
1906 3134 2117 3202 episco-
2142 3106 2187 3169 (ἶ
2220 3129 2364 3185 unde
2388 3106 2671 3199 hospitalis
2701 3106 2849 3185 unus
2869 3131 3005 3185 Loth
3047 3130 3116 3184 ob
3138 3106 3401 3199 justitiam
3445 3131 3702 3185 liberatus
3730 3140 3812 3186 est

520 3237 713 3291 porum
758 3223 809 3275 in
837 3237 961 3277 eum
1013 3222 1117 3277 rite
1165 3223 1429 3292 prolatam
1472 3224 1797 3278 sententiam
1840 3223 2112 3295 probaret.

519 3313 763 3385 Denique
792 3316 957 3370 cessit
983 3316 1352 3385 episcopatui,
1399 3325 1456 3370 ut
1487 3316 1663 3383 lingua
1714 3331 1835 3385 qua:
1875 3324 2119 3370 cesserat

514 3409 860 3465 redderetur.
896 3408 1012 3464 Non
1041 3425 1130 3465 res
1171 3412 1422 3481 antiquas
1457 3410 1760 3475 referimus,
1795 3426 1916 3479 quzc
1942 3410 2119 3464 solent

521 3504 755 3576 quadam
788 3507 1002 3561 ratione
1030 3506 1082 3561 in
1113 3504 1336 3560 dubium
1366 3508 1576 3560 venire.
1606 3504 1739 3559 Nam
1782 3515 1837 3559 et
1870 3503 2118 3559 Zosimus

518 3597 787 3668 hodieque
816 3598 869 3653 in
892 3613 1125 3668 corpore
1151 3608 1266 3665 est,
1296 3614 1452 3653 usum
1477 3599 1588 3667 jam
1615 3597 1811 3668 linguae
1832 3613 1938 3651 non
1962 3596 2121 3650 amit-

520 3701 682 3758 tens,
721 3703 1007 3762 postquam
1040 3691 1231 3746 maluit
1269 3707 1392 3746 cum
1432 3693 1779 3762 episcopatus
1826 3689 2119 3745 amissione

520 3785 707 3840 vivere
734 3783 929 3840 dolens
959 3785 1072 3838 suis
1098 3784 1489 3854 impietatibus.

594 3876 758 3931 XVII.
791 3876 981 3931 Nonne
1009 3878 1172 3932 etiam
1197 3875 1554 3935 desimilibus
1578 3872 1987 3945 prmjudicatum
2011 3882 2117 3935 est,

520 3970 651 4026 nihil
678 3970 789 4025 illis
819 3970 1081 4039 prodesse
1103 4012 1117 4033 ,
1151 3970 1294 4040 quod
1322 3971 1474 4041 quasi
1504 3970 1604 4024 sub
1635 3966 1977 4036 correptione
2004 3968 2121 4035 epi—

516 4062 665 4129 scopi
694 4077 815 4116 esse
844 4066 1227 4133 perseverent?
1253 4062 1372 4118 Non
1404 4063 1547 4118 enim
1576 4060 1849 4130 correptio
1880 4068 1964 4115 est
1992 4060 2116 4123 ista,

513 4154 611 4208 sed
645 4153 846 4220 illusio,
876 4164 1040 4226 prout
1070 4164 1196 4209 sunt
1226 4157 1615 4225 imperatorum
1650 4163 1921 4223 tempora,
1957 4151 2118 4206 fidem

516 4257 756 4303 vertere.
797 4247 943 4314 llaec,
986 4246 1102 4302 lucc
1131 4264 1219 4303 res
1242 4248 1455 4317 decepit
1493 4258 1545 4303 et
1576 4246 1859 4303 Valentem
1890 4245 2122 4314 impera-

521 4347 723 4405 torem,
757 4354 880 4394 cum
906 4339 956 4392 in
992 4338 1262 4394 ba‘reticis
1290 4339 1423 4394 vidit
1452 4338 1809 4394 constantiam
1848 4336 2124 4392 defensio-

520 4432 608 4489 nis
629 4474 644 4499 ,
678 4431 729 4485 in
756 4429 875 4486 istis
907 4440 1089 4487 autem
1119 4432 1350 4501 egregiis
1376 4431 1659 4486 catholicis
1700 4424 2121 4484 inconstantiam

2217 3236 2340 3276 cum
2367 3222 2575 3276 duabus
2602 3223 2978 3277 tantummodo
3003 3222 3233 3277 ﬁliabus.
3261 3222 3368 3276 Sed
3402 3237 3499 3277 nec
3532 3223 3623 3277 Dei
3647 3239 3813 3277 a-mu-

2220 3314 2359 3371 lator
2385 3314 2554 3379 Elias,
2577 3316 2667 3385 qui
2696 3314 2797 3369 fuit
2822 3314 3135 3385 singularis,
3164 3315 3420 3369 obtentus
3443 3324 3545 3377 est,
3570 3330 3691 3369 cum
3718 3315 3813 3370 ad-

2222 3422 2413 3462 versus
2451 3407 2599 3461 illum
2632 3406 3006 3476 quadringenti
3036 3406 3424 3475 quinquaginta
3473 3406 3592 3460 falsi
3632 3400 3814 3461 sacer-

2220 3498 2375 3553 dotes
2404 3498 2762 3552 Initterentur.
2792 3496 2899 3551 Sed
2927 3497 3105 3550 omnis
3134 3498 3285 3551 turba
3319 3498 3406 3550 illa
3436 3497 3601 3566 impia
3628 3512 3813 3552 sacer-

2222 3590 2408 3645 dotum
2443 3590 2542 3643 luit
2573 3604 2761 3659 pmnas
2792 3588 2892 3643 sub
2920 3590 3080 3643 unius
3123 3588 3296 3643 ﬁdelis
3338 3605 3553 3643 manum
3578 3631 3593 3655 ,
3618 3600 3671 3645 et
3713 3593 3817 3646 hoc

2220 3691 2472 3752 Sperante
2516 3697 2643 3752 rege
2691 3681 2915 3747 Achab,
2959 3682 3051 3752 qui
3086 3682 3250 3738 falsos
3299 3681 3611 3738 sacerdotes
3650 3684 3815 3752 impie

2221 3775 2549 3831 vindicabat.
2585 3774 2692 3830 Sed
2742 3791 2843 3830 nec
2874 3774 3010 3830 Jehu
3053 3791 3147 3831 rex
3194 3775 3354 3830 Israel
3395 3776 3589 3831 detulit
3638 3776 3817 3846 impizr.

2222 3869 2555 3925 multitudini
2583 3868 2947 3924 sacerdotum.
2975 3869 3218 3937 Denique
3239 3885 3427 3924 omnes
3452 3869 3615 3923 falsos
3636 3884 3819 3924 sacer-

2222 3961 2401 4027 dotes,
2431 3961 2524 4030 qui
2552 3962 2651 4015 sub
2681 3975 2804 4030 rege
2837 3960 3023 4014 Achab
3054 3959 3266 4014 fuerant
3296 3961 3346 4013 in
3392 3960 3661 4026 culmine,
3693 3975 3818 4015 cum

2222 4054 2479 4124 religiosa
2512 4053 2697 4108 fraude
2736 4055 2787 4107 in
2820 4054 3038 4108 domum
3079 4052 3355 4122 religionis
3388 4052 3567 4123 impia:
3613 4067 3819 4107 convo-

2223 4156 2420 4214 casset,
2452 4148 2602 4215 quasi
2638 4161 2730 4202 eos
2753 4155 2876 4215 post
2898 4146 3031 4200 ritus
3052 4144 3329 4215 religionis
3352 4153 3815 4212 remuneraturus,

2219 4240 2381 4311 jussit
2402 4239 2608 4303 occidi,
2642 4239 2713 4293 ita
2760 4248 2817 4293 ut
2857 4253 3018 4293 nemo
3064 4238 3132 4293 dc
3165 4237 3249 4291 his
3276 4246 3610 4304 superesset.
3647 4237 3714 4291 Et
3747 4238 3824 4292 le-

2224 4335 2401 4407 gimus
2425 4335 2547 4405 quia
2574 4333 2644 4387 ob
2673 4333 2775 4387 hoc
2805 4332 3001 4387 factum
3032 4332 3104 4385 ita
3131 4331 3330 4401 placuit
3353 4330 3606 4393 Domino,
3638 4338 3696 4384 ut
3728 4329 3821 4384 ﬁlii

2226 4427 2467 4499 ejusdem
2514 4429 2659 4498 regis
2692 4436 2881 4497 quarta
2917 4425 3175 4497 progenie
3222 4424 3479 4480 sederent
3527 4424 3581 4479 in
3622 4423 3821 4479 throno

525 4487 672 4579 ﬁdei.
701 4522 832 4579 Nam
863 4523 1047 4593 utique
1091 4487 1354 4594 probavtur
1383 4523 1495 4587 illi,
1541 4523 1682 4591 quod
1714 4521 1766 4575 hi
1800 4520 1887 4591 qui
1933 4535 1991 4574 se
2033 4533 2123 4572 ca-
2151 4487 2200 4547 Β
2228 4487 2415 4575 Israel.

522 4617 756 4672 tholicos
781 4616 1134 4681 asserebant,
1169 4615 1623 4686 subscripsissent
1662 4614 1811 4683 prius
1856 4628 1978 4666 cum
2011 4611 2123 4667 haz-

521 4708 727 4773 reticis,
758 4708 1078 4764 damnantes
1105 4724 1264 4779 quam
1286 4708 1517 4778 primum
1540 4705 1898 4761 defenderant
1921 4704 2078 4759 ﬁdem
2106 4723 2120 4771 ;

522 4806 580 4853 et
603 4796 853 4852 dicebant
876 4797 1116 4854 hmretici
1143 4817 1156 4852 :
1185 4799 1241 4853 Si
1273 4809 1456 4852 nostra
1489 4796 1625 4852 fides
1656 4797 1793 4851 mala
1819 4805 1923 4861 est,
1956 4812 2125 4866 quare

521 4890 623 4945 sub
651 4887 970 4943 Constantio
1007 4906 1106 4961 pro
1137 4891 1253 4960 ipsa
1283 4890 1647 4961 subscriptum
1697 4898 1781 4945 est
1818 4890 1885 4944 ab
1916 4890 2001 4945 his
2033 4891 2121 4961 qui

523 4997 666 5039 nunc
693 4997 751 5038 se
778 4980 1082 5037 catholicos
1126 4980 1351 5048 dicunt,
1385 4981 1525 5038 hanc
1556 4981 1714 5037 ﬁdem
1754 4981 2120 5050 vindicantes,

521 5092 685 5150 quam
715 5089 838 5133 cum
870 5074 1101 5145 primunt
1132 5074 1493 5132 defenderent
1512 5118 1528 5143 ,
1557 5078 1791 5132 convicti
1821 5077 2122 5132 rationibus

598 5242 613 5271 ί
649 5237 871 5294 Fruem.
899 5236 1063 5292 Certo
1092 5237 1292 5293 certius
1322 5246 1437 5301 est,
1462 5251 1560 5306 pro
1589 5237 1785 5305 fruens.
1819 5236 1978 5290 unius
2022 5236 2123 5289 ad-

522 5310 821 5364 ditamento
855 5311 1048 5365 litterae
1074 5352 1087 5375 ,
1123 5312 1317 5381 fervens
1352 5308 1643 5381 scripsisse
1667 5317 1960 5381 auctores:
1991 5306 2122 5361 Fer-

522 5396 639 5435 vere
666 5392 845 5436 autem
871 5377 1199 5437 wmufatione
1226 5380 1339 5434 sive
1363 5380 1739 5435 incensissima
1781 5377 2080 5443 cupiditate
2105 5421 2119 5443 ,

525 5460 883 5577 praeterquam
911 5452 1054 5523 quod
1084 5456 1398 5534 κνριῴτοιτον
1425 5460 1510 5536 est
1531 5493 1546 5516 ,
1578 5451 1789 5506 duobus
1815 5449 1935 5503 aliis
1967 5450 2126 5534 hujus

550 5522 695 5577 ibellt
722 5524 851 5577 lOCIS
880 5522 1145 5577 ﬁrmatur.
1174 5526 1437 5577 Nimirum
1465 5525 1603 5577 infra
1638 5523 1666 5577 8
1699 5522 1771 5577 25
1806 5540 1819 5577 :
1845 5520 2126 5577 Ephesium

550 5522 695 5595 ibelli
722 5520 851 5577 locis
880 5520 1437 5579 firnmtur.'Niinirtnn
1465 5525 1603 5578 infra
1638 5523 1667 5595 ς
1699 5522 1771 5577 25
1806 5540 1819 5577 :
1845 5520 2128 5595 Ephesium

527 5594 825 5664 episcopum
863 5604 1051 5647 sancta:
1078 5611 1219 5651 ι-ἰυει
1265 5592 1659 5651 autumnoue
1684 5607 2030 5648 rsnvsursn.
2066 5592 2131 5646 Et

525 5661 642 5737 seq.
846 5681 873 5733 :_
900 5665 979 5716 Ad
1014 5665 1240 5737 divinum
1271 5666 1795 5721 mmulationent......
1828 5681 2125 5737 succensus.

523 5728 658 5792 Nam
678 5728 902 5805 Terrena
926 5745 980 5789 et
1005 5732 1277 5791 sacceum:
1307 5752 1430 5794 esse
1459 5739 1683 5796 omnino
1717 5751 2019 5805 synonyma
2046 5728 2132 5791 vel

2302 4612 2444 4667 XIX.
2474 4612 2613 4668 Sunt
2641 4621 2697 4667 et
2725 4612 2826 4666 alia
2859 4612 3025 4667 multa
3072 4610 3344 4666 simillima
3373 4609 3643 4679 exempla.
3692 4610 3823 4676 Quin

2228 4705 2448 4776 quidem
2502 4719 2600 4758 nos
2649 4720 2754 4758 non
2784 4704 2911 4759 ideo
2959 4704 3219 4768 dicimus,
3271 4704 3423 4771 quasi
3476 4702 3566 4773 qui
3599 4702 3827 4757 velimus

2228 4798 2459 4871 alicujus
2490 4798 2804 4865 sanguinem
2840 4797 3011 4852 fundi.
3035 4796 3191 4852 Absit
3215 4793 3317 4849 hoc
3345 4810 3376 4849 a
3403 4798 3545 4850 vctis
3575 4795 3775 4849 nostris
3812 4814 3823 4847 :

2233 4891 2336 4947 hoc
2360 4891 2506 4947 enim
2536 4892 2626 4961 qui
2660 4890 2778 4945 ﬁeri
2805 4892 2991 4959 cupit,
3019 4889 3292 4944 exorbitat
3333 4903 3363 4942 a
3414 4888 3621 4958 legilms
3668 4885 3831 4940 Citri-

2232 4987 2444 5042 stianis.
2498 4984 2721 5040 Factum
2755 4994 2840 5039 est
2866 4984 3083 5054 quidem
3119 4993 3277 5049 tunc,
3312 4985 3439 5052 quia
3465 4993 3521 5038 et
3572 4982 3662 5036 illo
3695 4991 3832 5037 tem-

2233 5094 2364 5149 pore
2410 5078 2460 5133 id
2493 5078 2669 5147 ipsum
2701 5076 2881 5131 divina
2909 5076 3029 5145 lege
3060 5073 3176 5129 ﬁeri
3209 5075 3405 5131 licebat
3438 5116 3451 5140 ,
3485 5074 3705 5145 quando
3730 5074 3829 5129 ad-

2232 5239 2383 5308 pueri
2408 5237 2868 5292 animadvertunt.
2904 5237 2981 5292 Ac
3013 5238 3244 5306 plurima
3288 5238 3483 5306 passim
3517 5239 3568 5292 in
3617 5238 3719 5293 isto
3750 5238 3834 5293 vi-

2233 5310 2447 5364 rulento
2474 5309 2711 5375 quidem,
2739 5308 2831 5364 sed
2868 5320 3045 5363 tamen
3070 5311 3184 5364 utili
3209 5325 3270 5363 ac
3292 5309 3652 5364 disertissimo
3696 5324 3832 5377 Opu-

2226 5382 2378 5436 sculo
2422 5382 2558 5436 foeda
2606 5390 2731 5435 sunt
2764 5382 2945 5437 ulcera
2973 5424 2987 5446 ,
3019 5397 3137 5450 quae
3178 5381 3440 5435 medicam
3476 5380 3834 5451 opperiuntur

2232 5453 2750 5518 manum.Mazocu.,
2780 5455 2814 5509 l.
2842 5471 2895 5507 c.

2303 5526 2323 5555 ²
2348 5524 2664 5580 Correxisse.
2695 5524 2926 5580 Notione
2949 5523 3290 5577 intransitiva
3316 5539 3411 5593 pro
3433 5540 3493 5579 se
3511 5524 3828 5577 correxisse:

2232 5597 2389 5651 sicuti
2422 5607 2475 5651 et
2503 5615 2658 5668 surgo
2708 5605 2761 5649 et
2798 5612 2977 5668 pergo,
3006 5609 3074 5648 ex
3102 5596 3305 5668 sur_rigo
3353 5606 3405 5650 et
3453 5596 3656 5667 perrigo
3703 5610 3835 5650 con-

2236 5677 2429 5733 tracta,
2462 5666 2652 5724 neutra
2682 5666 2827 5723 sunt.
2860 5667 3127 5734 MAZOCH.,
3163 5666 3290 5721 ibid.
