4150 6176
307 399 377 456 97
1310 398 1647 458 LIBELLUS
1687 397 1967 461 PRECUM
2006 403 2099 461 AD
2140 402 2655 473 IMPERATORES.
3554 426 3628 487 98

309 518 419 572 huc
450 526 627 570 totum
684 514 1044 585 corporaliter
1077 515 1373 615 agebatur,
1403 517 1595 615 donec
1642 530 1917 575 cresceret
1944 522 1997 583 Α
2023 524 2224 581 minico
2255 528 2523 586 sublatum
2548 574 2562 599 ,
2593 532 2644 587 in
2681 532 2883 605 templo
2928 532 3030 592 sub
3078 536 3308 607 pedibus
3361 539 3490 597 idoli
3521 558 3623 615 po-

310 612 609 668 instructio
634 609 943 679 spiritualis.
985 608 1092 665 Sed
1140 623 1245 663 non
1278 653 1291 675 ,
1327 609 1450 680 quia
1483 627 1625 667 nunc
1652 625 1758 667 non
1792 612 1919 667 licet

314 705 487 766 bonis
516 714 570 760 et
613 702 863 757 ﬁdelibus
913 701 1177 757 falsorum
1223 703 1566 758 sacerdotum
1596 705 1914 774 sanguinem

314 815 521 871 cupere
545 841 558 865 ,
594 797 795 851 idcirco
834 795 1022 852 ﬁdeles
1056 795 1206 851 falsis
1230 796 1607 854 sacerdotibus
1631 798 1917 854 addicendi

315 900 479 954 sunt,
508 892 574 944 ita
602 900 657 943 ιιι
676 890 1020 959 gravissimis
1045 905 1237 944 eorum
1268 891 1743 960 persecutionihus
1782 891 1919 946 afﬂi-

315 995 528 1055 gantur.
562 983 782 1038 Falsum
828 983 1075 1038 videatur
1106 982 1249 1052 quod
1299 984 1529 1041 dicimus
1550 1027 1564 1052 ,
1596 987 1642 1041 si
1690 1002 1796 1041 non
1826 1002 1917 1042 va-

312 1079 408 1133 riis
451 1077 504 1132 in
540 1078 675 1131 locis
706 1076 967 1131 Ecclesia:
1017 1076 1254 1132 ﬁdelium
1300 1080 1643 1133 sacerdotum
1675 1079 1802 1134 alibi
1835 1080 1912 1135 in-

314 1187 458 1227 vasa:
478 1214 493 1238 ,
522 1180 577 1227 et
602 1171 731 1225 alibi
764 1171 1057 1227 destruetae
1102 1182 1229 1225 sunt
1263 1188 1275 1223 :
1311 1173 1355 1227 si
1386 1188 1491 1227 non
1520 1173 1916 1243 interpellatio-

312 1267 475 1321 nibus
499 1266 721 1319 illorum
750 1265 925 1319 sancti
958 1264 1160 1333 quique
1198 1266 1577 1336 comprehensi
1606 1310 1621 1333 ,
1647 1275 1703 1321 et
1724 1268 1817 1322 diu
1846 1267 1912 1323 ad

314 1360 542 1429 injurias
569 1358 790 1423 inclusi,
823 1366 878 1411 et
906 1366 1183 1427 postremo
1206 1358 1354 1411 missi
1384 1370 1510 1412 sunt
1538 1359 1590 1411 in
1622 1359 1909 1413 exsilium:

315 1454 361 1507 si
402 1468 513 1506 non
542 1451 699 1505 etiam
723 1458 778 1505 et
818 1450 1005 1504 caeteri
1037 1451 1253 1519 quidam
1306 1449 1357 1503 in
1390 1436 1609 1505 earcere
1630 1491 1643 1514 ,
1693 1451 1782 1505 alii
1812 1465 1910 1505 au-

323 1557 437 1602 tem
475 1546 632 1601 tracti
659 1555 711 1600 et
755 1544 903 1599 carde
932 1545 1144 1597 multati
1177 1544 1386 1598 animas
1416 1544 1805 1610 reddiderunt,
1841 1544 1913 1600 ob

312 1642 521 1695 nullam
568 1642 726 1694 aliam
770 1654 1026 1706 causam,
1058 1654 1216 1708 quam
1265 1638 1388 1709 quia
1430 1648 1578 1694 metu
1626 1638 1794 1693 dixini
1826 1639 1915 1708 ju-

312 1735 439 1790 dicii
481 1735 739 1789 nolebant
776 1733 1180 1789 communicare
1210 1745 1330 1785 cum
1364 1730 1584 1800 perfidis
1636 1730 1725 1796 vel,
1749 1730 1914 1785 sociis

309 1832 666 1901 perlidorum.

2022 630 2266 673 suerunt.

2094 709 2236 766 XXI.
2271 712 2396 769 llaec
2427 718 2609 787 utique
2648 718 2722 773 illi
2775 720 2975 777 faciunt
3027 724 3116 793 qui
3166 739 3263 795 per
3292 729 3621 797 poeniteutes

2021 802 2087 858 de
2119 806 2284 874 impia
2326 808 2731 879 subscriptione
2762 815 2999 883 suscepti
3046 824 3175 871 sunt
3200 818 3266 871 ad
3295 819 3619 877 catholicam

2019 894 2361 966 disciplinam
2401 911 2620 971 propter
2651 905 2846 958 bonum
2896 907 3044 975 pacis
3097 918 3151 963 et
3202 910 3445 966 unitatis.
3478 912 3619 980 Quid

2016 988 2235 1056 gravius
2255 992 2473 1060 gentilis
2501 994 2678 1049 cultor
2727 994 2995 1053 idolorum
3050 998 3289 1068 faceret,
3318 1002 3363 1056 si
3396 1002 3623 1060 haberet

2020 1080 2295 1137 licentiam
2344 1085 2639 1142 Ecclesium
2672 1091 3082 1161 persequendi?
3124 1092 3229 1151 Sed
3258 1095 3399 1164 apud
3431 1095 3623 1153 Trevi-

2019 1188 2109 1227 ros
2137 1174 2383 1231 Bonosus
2417 1180 2704 1252 presbyter
2735 1182 3012 1250 inclusus,
3047 1185 3369 1254 intestatus,
3418 1204 3481 1243 ac
3526 1191 3621 1247 diu

2018 1279 2207 1334 poenas
2228 1283 2393 1324 senex
2424 1270 2571 1326 dedit
2596 1283 2816 1344 propter
2846 1276 3249 1334 observantiam
3281 1282 3617 1340 inluminata:

2018 1355 2141 1412 ﬁdei
2198 1359 2375 1427 illius,
2438 1380 2537 1434 pro
2566 1382 2668 1436 qua
2701 1376 2757 1423 et
2804 1369 3035 1443 inclytus
3080 1373 3334 1451 Paulinus
3374 1376 3618 1446 ejusdem

2016 1452 2249 1507 civitatis
2279 1457 2566 1529 episcopus
2608 1461 2661 1515 in
2693 1463 2887 1519 exsilio
2920 1477 3127 1538 martyr
3170 1469 3403 1524 animam
3443 1471 3614 1528 dedit.

2016 1543 2072 1599 In
2102 1548 2213 1615 ipsa
2244 1564 2460 1620 quoque
2491 1554 2625 1609 urbe
2671 1556 2917 1613 Romana
2944 1576 3105 1629 quam
3135 1578 3328 1633 graves
3362 1580 3617 1635 persecu-

2018 1636 2190 1692 tiones
2214 1640 2460 1697 ﬁdelibus
2497 1644 2662 1701 illatze
2693 1659 2819 1703 sunt
2842 1692 2856 1715 ,
2892 1652 2980 1706 ubi
3032 1662 3088 1708 et
3120 1654 3312 1711 beatus
3357 1656 3614 1716 Aurelius

2015 1730 2298 1801 episcopus
2327 1739 2731 1795 communicans
2756 1742 3074 1800 beatissimo
3092 1745 3356 1816 Gregorio
3381 1750 3616 1807 afflictus

2015 1834 2097 1876 cst
2124 1823 2135 1875 !
2168 1823 2270 1879 Sed
2306 1826 2392 1881 hic
2424 1829 2504 1883 vir
2534 1842 2753 1887 sanctus
2778 1876 2793 1901 ,
2820 1835 2945 1889 licet
2972 1837 3042 1890 sit
3065 1854 3440 1908 saepenumero
3471 1842 3614 1898 allii-

381 1922 501 1977 XX.
533 1922 588 1976 In
614 1920 874 1990 HiSpania
907 1918 1225 1973 Vincentius
1252 1916 1557 1989 presbyter,
1608 1930 1754 1971 verte
1782 1914 1903 1970 ﬁdei
1936 1917 1985 1978 B
2011 1924 2164 1981 ctus,
2203 1927 2382 1974 tamen
2417 1924 2633 1993 propria
2687 1926 3000 1983 accersione
3029 1932 3316 1999 requievit.
3349 1932 3406 1987 In
3439 1933 3617 1990 Maca-

305 2018 576 2081 antistes,
652 2029 787 2086 quas
865 2030 972 2067 non
1041 2010 1355 2066 atrocitatcs
1437 2011 1908 2078 praevaricatorum

306 2128 509 2184 passus
531 2121 608 2167 est
627 2153 642 2177 ,
670 2126 735 2167 eo
764 2108 905 2180 quod
950 2088 1263 2162 nolletesse
1291 2105 1474 2160 socius
1505 2102 1683 2172 impiae
1708 2116 1911 2172 praeva-

303 2205 597 2261 ricationis
622 2203 829 2257 illorum
858 2244 872 2265 ,
907 2217 974 2255 eo
1004 2200 1148 2269 quod
1176 2198 1336 2253 beato
1366 2196 1633 2266 Gregorio
1662 2211 1913 2251 commu-

302 2298 523 2353 nicaret
549 2298 571 2351 ?
599 2295 707 2359 illi,
734 2295 980 2365 inquam,
1010 2292 1278 2363 Gregorio
1304 2332 1320 2358 ,
1354 2293 1511 2360 cujus
1539 2286 1702 2371 supra
1733 2302 1790 2343 ut
1810 2304 1910 2360 po-

301 2392 509 2446 tuimus
561 2391 721 2445 ﬁdem
748 2390 1116 2458 virtutemque
1164 2387 1468 2442 retulimus.
1502 2384 1704 2441 Contra
1749 2399 1909 2455 quem

300 2483 539 2553 primum
607 2482 827 2552 quidem
878 2479 1295 2550 interpellarunt
1352 2477 1565 2532 Bartica:
1618 2476 1911 2545 provinciae

299 2576 646 2631 consularem
680 2592 693 2628 :
726 2584 853 2628 tunc
881 2572 1099 2627 demum
1127 2612 1141 2635 ,
1168 2572 1269 2625 sub
1296 2572 1479 2641 specie
1502 2567 1911 2624 intercessionis

302 2672 613 2743 postulata,
643 2686 708 2725 ex
733 2670 853 2724 aliis
882 2669 1019 2724 locis
1045 2667 1249 2737 plebeia
1280 2666 1551 2736 colligitur
1573 2662 1861 2718 multitudo
1893 2677 1907 2714 :

301 2775 356 2821 et
404 2768 617 2820 irruunt
668 2764 758 2819 die
811 2763 1080 2817 dominica
1110 2762 1163 2816 in
1209 2759 1495 2816 ecclesiam
1522 2800 1538 2826 ,
1583 2766 1638 2813 et
1670 2756 1909 2812 Vincen-

302 2861 437 2914 tium
488 2856 707 2929 quidem
743 2873 851 2910 nou
884 2855 1209 2919 inveniunt,
1252 2867 1319 2907 co
1350 2851 1493 2922 quod
1536 2853 1651 2921 ipse
1679 2863 1910 2921 praemo~

302 2949 450 3005 nitus
477 2991 492 3015 ,
527 2950 689 3005 etiam
746 2947 949 3019 p0pulo
980 2944 1318 3017 praedixerat
1368 2959 1437 2998 ne
1466 2943 1561 2997 illo
1597 2942 1684 2996 die
1714 2954 1908 3011 proceo

299 3044 492 3113 deret,
525 3043 740 3117 quando
786 3059 908 3099 cum
940 3043 1090 3098 caede
1137 3040 1446 3096 veniebant.
1497 3037 1612 3093 Hoc
1640 3037 1782 3092 enim
1813 3051 1912 3105 pu-

302 3140 442 3194 tavit
474 3139 585 3194 ﬁeri
629 3138 851 3203 melius,
886 3137 933 3192 si
979 3136 1073 3191 irte
1124 3135 1303 3190 locum
1332 3132 1503 3188 daret.
1541 3130 1647 3188 Sed
1704 3129 1782 3184 illi
1815 3128 1907 3200 qui

301 3233 374 3289 ad
408 3231 610 3289 caedem
643 3231 817 3302 parati
848 3239 1137 3297 venerant,
1185 3245 1254 3283 ne
1300 3229 1417 3282 sine
1446 3240 1603 3281 causa
1656 3226 1803 3279 furor
1838 3223 1907 3277 il-

2014 2009 2151 2063 rium
2183 2026 2315 2067 vero
2365 2016 2740 2087 presbyterum
2788 2021 2955 2075 multa
2987 2022 3274 2091 impiorum
3318 2026 3614 2083 commissa

2014 2111 2158 2157 sunt.
2188 2104 2283 2160 llic
2311 2119 2427 2161 erat
2473 2110 2525 2163 in
2567 2111 2755 2166 eadem
2804 2114 2939 2169 urbe
2981 2114 3149 2170 Roma
3183 2119 3465 2191 presbyter
3509 2120 3613 2175 mi-

2014 2210 2087 2249 rae
2139 2199 2528 2267 continentize,
2577 2219 2685 2257 non
2744 2204 2873 2260 vino
2921 2206 3261 2263 stomachum
3318 2212 3612 2279 relevans,

2014 2302 2120 2342 non
2149 2292 2329 2347 carnis
2355 2294 2654 2350 esculentia
2703 2310 2907 2367 corpus
2936 2313 3167 2369 curans,
3202 2302 3297 2357 sed
3337 2303 3460 2358 oleo
3492 2305 3610 2362 solo

2014 2394 2165 2435 escas
2211 2384 2518 2453 asperiores
2567 2388 2849 2458 mitigans,
2897 2391 3122 2462 jejuniis
3171 2402 3228 2449 et
3277 2397 3616 2454 orationibus

2013 2490 2234 2531 vacans.
2263 2478 2405 2534 Sane
2438 2497 2535 2551 pro
2565 2484 2761 2539 merito
2818 2485 2944 2541 ﬁdei
2968 2499 3021 2543 et
3056 2488 3408 2546 abstinentia:
3439 2492 3612 2548 habe-

2014 2567 2101 2622 bat
2128 2573 2355 2639 gratiam
2387 2575 2559 2629 sancti
2608 2575 2843 2646 Spiritus
2896 2579 2948 2633 in
2977 2578 3119 2645 hoc,
3177 2592 3233 2637 ut
3260 2584 3329 2639 de
3373 2584 3617 2642 obsessis

2012 2661 2336 2730 corporibus
2381 2664 2606 2734 ejiceret
2653 2667 2944 2725 daemonia.
2994 2672 3119 2728 ldco
3150 2675 3312 2729 vitam
3342 2675 3459 2746 ejus
3491 2692 3610 2734 me~

2012 2752 2287 2826 ritumque
2318 2761 2735 2817 memoravimus
2756 2804 2773 2830 ,
2806 2776 2861 2818 ut
2893 2773 3043 2821 tanto
3073 2768 3245 2839 magis
3277 2769 3427 2840 impii
3455 2770 3603 2842 judi-

2012 2857 2203 2901 centur
2251 2849 2286 2903 ii
2316 2891 2329 2916 ,
2366 2851 2456 2920 qui
2509 2852 2642 2910 tales
2669 2854 2853 2912 vivere
2896 2872 3004 2914 non
3036 2860 3223 2915 sinunt
3270 2862 3326 2917 in
3357 2861 3608 2922 Romano

2015 2938 2264 3007 imperio.

2084 3030 2248 3087 XXII.
2305 3032 2503 3089 Eodem
2560 3046 2784 3110 tempore
2837 3043 3018 3112 gravis
3065 3043 3327 3103 adversus
3381 3054 3599 3105 nostros

2012 3130 2322 3196 persecutio
2359 3130 2739 3200 inhorruerat,
2792 3135 3084 3194 infestante
3114 3138 3348 3198 Damaso
3389 3142 3606 3214 egregio

2013 3220 2423 3294 archiepisc0po
2443 3264 2457 3291 ,
2489 3225 2561 3280 ita
2597 3236 2654 3281 ut
2681 3226 2929 3284 ﬁdelibus
2957 3231 3334 3289 sacerdotibus
3377 3250 3474 3303 per
3494 3236 3613 3292 dies

300 3326 483 3383 lorum
524 3327 741 3381 venisse
792 3333 1095 3395 putaretur,
1129 3333 1277 3378 certa
1320 3319 1540 3375 Christo
1572 3317 1684 3373 Deo
1710 3316 1905 3372 devota
1933 3309 1979 3373 C
2012 3326 2198 3367 sacros
2224 3313 2398 3384 plebis
2452 3326 2626 3373 emtas
2670 3318 2736 3374 ad
2791 3320 3209 3378 deserviendum
3257 3322 3477 3381 Christo
3507 3325 3621 3385 Deo

300 3419 607 3476 ministeria
636 3434 758 3488 quze
780 3416 893 3471 illic
931 3416 1149 3471 iuventa
1183 3422 1309 3468 sunt
1338 3453 1353 3478 ,
1384 3410 1455 3465 ita
1485 3408 1720 3465 fustibus
1748 3409 1913 3463 elise-

298 3522 459 3578 runt,
491 3521 550 3565 ut
580 3527 686 3565 non
717 3509 887 3564 multo
912 3515 1035 3579 post
1063 3507 1422 3576 exspirarent.
1456 3503 1562 3559 Sed
1594 3502 1717 3573 quia
1748 3500 1913 3572 plebs

298 3612 490 3660 sancta
523 3602 793 3657 Vincentii
828 3599 1132 3672 presbyteri
1184 3599 1355 3669 magis
1382 3613 1476 3653 eos
1508 3597 1521 3627 '
1552 3594 1914 3665 precabantur

301 3711 427 3772 post
458 3699 579 3755 illas
610 3713 796 3753 eorum
829 3696 1009 3752 caedes
1034 3710 1155 3765 qua:
1186 3694 1240 3748 in
1274 3691 1552 3747 Dominico
1577 3690 1729 3746 factm
1758 3701 1906 3756 sunt,

303 3794 518 3865 egressi
567 3791 849 3862 episcopi,
901 3798 964 3844 ut
1020 3788 1172 3858 plebs
1203 3787 1457 3841 universa
1489 3792 1808 3850 terreretur,
1842 3781 1911 3837 ab

297 3891 433 3962 ipsis
462 3886 854 3959 principalibus
884 3883 1171 3951 incipiunt.
1205 3880 1451 3950 Denique
1491 3877 1767 3948 postulant
1815 3891 1913 3932 ex-

298 3984 629 4040 hibitionem
672 3980 1027 4036 decurionum
1056 3975 1291 4031 civitatis
1332 3972 1478 4028 illius
1504 4014 1521 4038 ,
1573 3981 1633 4026 ut
1664 3970 1913 4025 include-

301 4089 503 4135 rentur
530 4077 583 4131 in
630 4089 904 4130 carcerem
937 4090 951 4127 :
986 4087 1052 4126 ex
1083 4070 1276 4141 quibus
1307 4082 1446 4121 unus
1471 4063 1788 4134 principalis
1817 4078 1911 4133 pa-

301 4172 432 4227 tri-.e
478 4184 588 4223 sua:
608 4212 620 4234 ,
650 4184 715 4223 eo
745 4165 890 4237 quod
933 4162 1092 4218 ﬁdem
1123 4161 1352 4216 firmiter
1400 4166 1459 4212 ut
1486 4156 1662 4211 ﬁdelis
1692 4156 1744 4210 in
1799 4155 1911 4209 Deo

300 4263 593 4325 retineret,
621 4273 915 4315 cxsccrans
941 4256 1112 4309 labem
1137 4249 1623 4325 prcevaricationis,
1646 4249 1789 4301 inter
1810 4260 1909 4301 eos

303 4363 366 4411 et
390 4356 504 4425 ipse
533 4363 815 4408 catenatus
843 4349 1015 4415 fame,
1042 4346 1242 4417 frigore
1265 4350 1487 4399 necatus
1516 4350 1600 4396 est
1624 4382 1640 4408 ,
1674 4355 1795 4395 cum
1818 4355 1912 4410 ge-

300 4448 443 4503 mitu
475 4455 528 4501 et
574 4446 704 4500 fletu
738 4443 883 4498 illius
912 4440 1207 4511 provincia:
1255 4454 1375 4508 quae
1416 4436 1698 4490 honestam
1740 4432 1907 4488 vitam

299 4542 432 4611 ejus
476 4539 673 4608 optime
719 4545 960 4592 noverat.
1012 4532 1231 4604 Egregii
1273 4539 1330 4587 et
1381 4528 1631 4585 catholici
1665 4526 1908 4598 episcopi

301 4630 575 4690 Luciosus
599 4640 651 4686 et
684 4629 925 4702 Hyginus
954 4626 1113 4695 huius
1145 4623 1482 4680 crudelitatis
1508 4633 1760 4677 auctores
1793 4621 1910 4677 fue-

2018 3421 2321 3463 convocare
2365 3409 2534 3466 libere
2580 3427 2685 3467 non
2721 3413 2928 3470 liceret.
2973 3416 3080 3473 Sed
3111 3418 3234 3488 quia
3287 3432 3387 3489 pro
3427 3420 3619 3475 condi-

2019 3498 2166 3554 tione
2192 3516 2373 3555 rerum
2413 3503 2657 3572 quolibet
2680 3517 2922 3578 tempore
2949 3551 2963 3575 ,
2998 3511 3077 3565 vel
3107 3512 3248 3566 clam
3286 3513 3476 3569 salutis
3518 3528 3620 3570 no-

2016 3599 2146 3648 strae
2171 3607 2507 3651 sacramenta
2552 3598 2792 3655 facienda
2844 3611 2999 3670 sunt,
3043 3604 3183 3661 idem
3213 3617 3433 3663 sanctus
3462 3623 3618 3679 pres-

2016 3686 2175 3757 byter
2205 3687 2469 3745 Macarius
2501 3692 2592 3746 dat
2616 3694 2831 3762 vigilias
2870 3697 2921 3751 in
2945 3698 3177 3765 quadam
3225 3694 3391 3756 domo
3414 3717 3616 3757 convn-

2016 3793 2143 3834 care
2184 3780 2577 3838 fraternitatem
2600 3826 2612 3848 ,
2648 3794 2705 3839 ιιι
2752 3786 2837 3842 vel
2872 3797 3032 3842 noctu
3061 3790 3257 3844 divinis
3287 3791 3616 3849 lectionibus

2015 3871 2175 3928 ﬁdem
2209 3875 2360 3944 plebs
2390 3885 2577 3933 sancta
2623 3878 2925 3936 roboraret.
2975 3880 3080 3937 Sed
3122 3882 3371 3939 diabolus
3408 3884 3499 3954 qui
3532 3884 3616 3940 fa-

2013 3975 2102 4021 vet
2136 3966 2355 4037 impiis,
2388 3970 2509 4040 quia
2550 3980 2604 4026 et
2652 3972 2801 4047 impii
2850 3973 3030 4030 favent
3081 3975 3339 4045 diabolo,
3405 3993 3507 4036 nec
3560 3980 3613 4036 itt

2014 4060 2230 4115 occulto
2264 4063 2461 4129 patitur
2513 4063 2694 4119 divina
2746 4078 3087 4123 sacramenta
3114 4070 3405 4126 celebrari.
3456 4071 3619 4128 Deni-

2014 4166 2118 4222 que
2150 4154 2379 4209 tendunt
2409 4156 2633 4211 insidias
2677 4157 2860 4213 clerici
2893 4159 3150 4229 Damasi,
3182 4171 3238 4217 et
3283 4162 3374 4218 ubi
3407 4178 3612 4235 cogno-

2015 4256 2210 4300 verunt
2263 4246 2407 4317 quod
2453 4263 2636 4303 sacras
2684 4250 2895 4320 vigilias
2943 4252 3251 4309 celebraret
3300 4270 3423 4310 cum
3457 4257 3617 4327 plebe

2014 4340 2299 4411 presbyter
2324 4340 2617 4409 Macarius,
2658 4343 2869 4398 irruunt
2916 4359 3040 4399 cum
3080 4345 3410 4403 ofﬁcialibus
3462 4349 3517 4404 in
3550 4349 3620 4404 il-

2014 4429 2124 4486 lam
2155 4431 2374 4487 domum
2394 4473 2410 4500 ,
2466 4442 2521 4489 et
2550 4434 2761 4503 plebem
2790 4435 3058 4505 dissipant
3087 4452 3196 4493 non
3231 4438 3578 4497 resistentem
3597 4482 3614 4507 ,

2013 4523 2299 4594 ipsumque
2324 4527 2699 4598 presbyterum
2726 4529 3178 4598 comprehensum
3198 4573 3213 4597 ,
3236 4546 3346 4587 non
3370 4533 3485 4603 jam
3512 4533 3614 4589 du-

2013 4630 2139 4672 cere
2169 4618 2484 4689 dignantur,
2517 4620 2612 4675 sed
2665 4636 2762 4691 per
2788 4621 2969 4678 silices
3006 4623 3226 4680 trahunt
3255 4666 3272 4692 ,
3338 4625 3412 4682 ita
3443 4635 3504 4682 ut
3556 4628 3608 4682 in

304 4735 481 4789 runt,
516 4734 569 4778 et
596 4724 801 4779 interea
849 4723 1168 4776 invaserunt
1195 4716 1409 4788 quidem
1460 4715 1736 4770 basilicam
1766 4756 1781 4781 ,
1815 4712 1911 4769 sed
1936 4705 1991 4767 D
2015 4723 2146 4787 coxa
2179 4710 2298 4781 ejus
2324 4712 2692 4783 perniciosum
2722 4713 2919 4770 vulnus
2948 4715 3104 4771 fieret
3134 4732 3150 4769 :
3199 4725 3367 4788 atque
3394 4717 3506 4774 alio
3529 4719 3619 4777 die

304 4817 472 4874 tidem
516 4815 688 4887 plebis
739 4814 997 4870 invadere
1026 4827 1133 4867 non
1182 4817 1486 4880 potuerunt.
1541 4808 1785 4878 Denique
1813 4807 1911 4861 ali—

304 4910 365 4966 bi
409 4910 463 4963 in
506 4908 685 4979 agello
712 4906 902 4962 eadem
962 4904 1117 4973 plebs
1148 4901 1425 4957 basilicam
1457 4899 1560 4954 sibi
1594 4899 1908 4968 fabricavit,

306 5003 378 5057 ad
406 5018 563 5073 quam
592 5016 719 5057 cum
744 5008 933 5055 saneto
959 4997 1248 5053 Vincentio
1278 4995 1615 5051 conveniret.
1666 4994 1773 5050 Sed
1818 5010 1909 5050 sa-

307 5105 468 5150 tanas
497 5096 587 5164 qui
620 5108 883 5163 nusquam
939 5091 1141 5162 patitur
1181 5088 1454 5143 Christum
1503 5087 1590 5156 pie
1627 5086 1731 5140 coli
1764 5126 1778 5151 ,
1827 5087 1911 5141 in-

306 5187 551 5244 flammat
581 5203 678 5244 eos
701 5230 716 5254 ,
745 5196 801 5242 et
831 5186 1025 5241 iterum
1054 5184 1300 5254 deposna
1333 5180 1696 5252 postulatione
1725 5195 1791 5235 ex
1822 5179 1906 5233 di-

307 5282 485 5338 versis
517 5281 741 5336 urbibus
763 5278 1115 5334 decurionum
1156 5288 1211 5331 et
1242 5274 1453 5346 plebeia
1478 5272 1771 5328 multitudo
1791 5273 1907 5327 col-

306 5374 521 5445 ligitur.
550 5372 726 5429 Simul
774 5371 940 5428 etiam
993 5377 1046 5425 et
1095 5367 1397 5440 presbyteri
1440 5365 1559 5435 ejus
1622 5364 1689 5420 ad
1728 5364 1905 5420 locum

302 5469 556 5524 veniunt.
618 5465 874 5521 Ecclesia
925 5462 1072 5518 illius
1115 5461 1308 5531 januas
1361 5457 1741 5527 confringant,
1774 5456 1913 5512 diri-

307 5562 526 5633 pientes
553 5558 679 5615 inde
704 5555 966 5630 quidquid
991 5555 1060 5610 ad
1082 5568 1234 5609 sacra
1258 5549 1563 5608 ministeria
1583 5550 1907 5621 pertinebat.

303 5653 380 5710 Et
423 5662 700 5723 postremo
720 5693 733 5717 ,
786 5648 931 5720 quod
976 5646 1219 5703 horroris
1248 5654 1330 5700 est
1359 5643 1541 5699 dicere
1566 5684 1581 5709 ,
1626 5641 1693 5697 ad
1725 5657 1913 5698 cumu-

302 5748 422 5804 lum
453 5746 747 5818 perpetrati
778 5742 1079 5813 sacrilegii,
1125 5741 1298 5812 ipsum
1337 5738 1510 5795 altare
1544 5737 1636 5793 Dei
1662 5780 1677 5806 ,
1708 5736 1777 5793 de
1801 5736 1910 5793 Do-

392 5910 406 5938 ¹
449 5907 611 5961 Forte
642 5904 1086 5974 t'mprecabatttur.
1118 5902 1294 5959 Oxon.

2016 4803 2216 4860 sistunt
2240 4821 2365 4861 eum
2398 4816 2527 4863 ante
2550 4807 2786 4879 judicem
2808 4848 2823 4874 ,
2856 4819 2917 4864 ut
2945 4809 3124 4881 magni
3153 4811 3404 4867 criminis
3437 4828 3618 4870 reum.

2014 4894 2115 4951 Cui
2165 4898 2382 4968 quidem
2432 4898 2598 4969 judex
2628 4900 2791 4955 veluti
2824 4900 2925 4955 sub
2971 4901 3240 4972 imperiali
3266 4903 3539 4975 rescripto
3562 4913 3618 4960 ct

2018 4990 2185 5045 minis
2237 5000 2567 5062 extorquere
2613 4993 2943 5061 contendit,
2988 5003 3195 5051 utcum
3231 4996 3463 5054 Damaso
3485 5013 3619 5054 con-

2014 5085 2215 5139 veniat.
2270 5083 2375 5139 Sed
2432 5085 2718 5156 presbyter
2766 5100 2978 5141 memor
3024 5086 3438 5157 divinijudicii,
3472 5103 3615 5159 prae-

2013 5188 2223 5232 sentem
2248 5176 2489 5247 judicem
2522 5192 2628 5233 non
2675 5179 2874 5234 timens
2895 5220 2909 5247 ,
2957 5181 3160 5249 repulit
3208 5180 3449 5250 perﬁdia
3470 5194 3620 5235 com-

2015 5269 2367 5337 munionem;
2397 5278 2561 5341 atque
2605 5269 2730 5327 ideo
2776 5273 2941 5327 datur
2989 5273 3042 5327 in
3088 5272 3381 5336 exsilium;
3415 5280 3617 5327 etcum

2015 5368 2165 5416 esset
2190 5362 2330 5433 apud
2376 5361 2579 5418 Ostiam
2609 5404 2624 5426 ,
2669 5364 2958 5420 atrocitate
2983 5363 3131 5418 illius
3174 5361 3421 5417 vulneris
3447 5364 3620 5420 mori-

2019 5462 2126 5509 tur.
2174 5452 2346 5525 Cujus
2392 5455 2608 5525 quidem
2634 5464 2781 5510 tanta
2828 5454 2932 5508 fuit
2980 5451 3272 5520 sanctitas,
3303 5463 3365 5509 ut
3386 5469 3510 5512 eum
3560 5466 3619 5514 et

2018 5546 2307 5618 episcOpus
2337 5547 2441 5602 loci
2473 5546 2618 5601 illius
2662 5546 2885 5601 nomine
2929 5544 3242 5601 Florentius
3266 5585 3280 5609 ,
3315 5550 3621 5606 communi-

2020 5654 2153 5696 cans
2177 5642 2408 5696 Damaso
2427 5683 2442 5708 ,
2473 5654 2595 5695 cum
2623 5637 2853 5710 quadam
2887 5639 3244 5697 veneratione
3286 5645 3621 5715 suspexerit.

2018 5731 2263 5804 Namque
2300 5749 2421 5790 cum
2460 5734 2514 5789 in
2562 5731 2796 5805 quodam
2846 5742 3065 5791 vetusto
3093 5748 3448 5795 monumento
3494 5754 3619 5796 eum
3694 5736 3699 5741 ’
