4150 6176
542 386 612 447 99
1722 372 2040 443 FAUSTINI
2076 385 2167 444 ET
2204 384 2627 449 UARCELLINI

3742 394 3843 449 100

541 503 737 558 fratres
754 499 1076 572 sepelissent
1100 542 1113 564 ,
1160 512 1263 553 non
1296 503 1380 554 est
1410 513 1603 570 passus
1641 499 1785 556 idem
1819 502 2137 558 Florentius
2165 514 2215 573 Α
2244 502 2376 557 lium
2400 547 2415 571 ,
2446 519 2552 559 non
2582 512 2641 559 ut
2684 503 2928 574 plerique
2954 502 3181 574 gloriam
3223 505 3673 579 captans‘ingenii
3701 548 3715 574 ,
3746 509 3843 561 SCII

535 594 719 664 jacere
769 609 892 648 eum
943 593 1053 646 illic
1078 632 1092 655 ,
1122 590 1449 661 ubiindigna
1496 591 1775 661 sepultura
1804 593 2085 650 videretur
2120 614 2133 648 :

541 687 635 741 sed
667 685 1000 741 transferens
1030 699 1152 739 enm
1189 684 1345 751 inde,
1393 684 1606 755 sepeliit
1649 686 1701 742 in
1730 686 1952 742 basilica
1998 688 2139 745 Mar—

539 779 669 848 tyris
701 776 935 842 Asterii,
987 776 1073 830 ubi
1106 774 1158 829 in
1210 776 1329 835 loco
1366 776 1673 848 presbyteri
1716 781 1803 847 qui
1853 778 2006 848 juxta
2051 793 2140 835 se-

540 872 813 942 pulturam
858 870 1064 926 habent
1100 888 1112 921 ῖ
1150 870 1251 926 hoc
1282 870 1369 940 pio
1403 886 1501 925 suo
1546 870 1809 942 obsequio
1833 913 1849 938 ,
1883 873 1936 927 in
1967 888 2141 942 quan-

539 974 649 1019 tum
682 973 895 1031 poterat
924 1005 940 1029 ,
970 963 1184 1018 Damasi
1215 964 1394 1019 scelus
1421 978 1450 1017 a
1483 978 1543 1019 se
1572 962 1752 1019 facere
1779 964 2140 1020 contendebat

539 1058 797 1113 alienum.

610 1148 803 1204 XXIII.
841 1148 1101 1203 Advertat
1142 1148 1509 1219 tranquillitas
1539 1156 1718 1204 vestra
1748 1190 1762 1213 ,
1812 1149 1857 1203 si
1892 1150 1992 1204 hoc
2022 1146 2141 1203 ﬁeri

537 1240 702 1296 vultis
748 1241 797 1294 in
832 1240 1076 1295 Romano
1124 1240 1353 1310 imperio
1382 1240 1643 1295 adversus
1680 1250 1897 1295 sanctos
1923 1250 1977 1295 ct
2008 1240 2141 1295 fide-

539 1337 618 1391 les
645 1379 661 1403 ,
696 1336 762 1391 ab
795 1335 878 1391 his
928 1335 1022 1406 qui
1060 1336 1508 1406 prtevaricatores
1555 1345 1716 1401 sunt;
1752 1350 1931 1389 nonne
1962 1344 2139 1390 metus

539 1436 655 1492 est,
706 1444 775 1484 ne
814 1429 1035 1500 sanguis
1085 1428 1328 1483 fidelium
1386 1428 1690 1483 Romanum
1738 1436 1926 1497 gravet
1968 1428 2140 1495 impe-

540 1520 720 1576 rium?
773 1520 907 1575 Nam
978 1519 1121 1575 idem
1190 1520 1482 1586 Damasus,
1553 1528 1771 1589 accepta
1846 1520 2140 1574 auctorita-

543 1624 594 1670 te
619 1616 783 1686 regali
815 1658 828 1681 ,
878 1613 1041 1670 etiam
1074 1615 1212 1670 alios
1244 1614 1544 1668 catholicos
1589 1614 1940 1683 presbyteros
1967 1656 1983 1680 ,
2038 1627 2138 1668 nec
2172 1681 2181 1684 4

544 1726 650 1765 non
682 1721 736 1765 et
780 1710 949 1765 Iaicos
1007 1712 1320 1776 insecutus,
1368 1709 1516 1763 misit
1564 1708 1616 1762 in
1671 1708 1965 1774 exsilium,
2019 1722 2139 1776 per-

542 1820 710 1859 orans
742 1804 844 1858 huc
886 1805 1060 1873 ipsum
1088 1820 1182 1873 per
1212 1804 1443 1873 gentiles
1487 1801 1878 1869 scholasticos,
1911 1802 2143 1857 faventi-

2241 596 2419 652 divina
2451 597 2759 653 testimonia
2807 596 3087 667 aptissime
3110 609 3417 667 congerens
3447 611 3637 673 contra
3672 599 3847 656 haere-

2242 690 2413 754 ticos,
2465 701 2520 744 et
2547 700 2735 745 contra
2765 691 2939 761 ipsum
2972 700 3259 761 patronum
3310 693 3729 761 haereticorum,
3777 695 3844 751 ad

2242 780 2485 835 divinam
2540 782 2943 839 aemulationem
2978 798 3076 853 pro
3106 784 3230 838 Filii
3264 784 3359 839 Dei
3388 799 3576 841 amore
3621 770 3844 842 succen-

2242 889 2356 930 sus.
2389 876 2659 931 Denotent
2686 876 2813 948 qttid
2842 877 2955 932 illic
2984 878 3321 932 contrarium
3353 878 3685 950 Scripturis,
3715 879 3845 950 quid

2246 956 2447 1025 no‘vum
2476 973 2628 1041 quasi
2655 972 2942 1027 barreticus
2968 974 3208 1041 scripsit.
3236 974 3383 1039 Quos
3399 972 3616 1042 quidem
3650 973 3845 1040 libros,

2245 1078 2367 1117 cum
2399 1078 2493 1133 per
2515 1066 2697 1119 omnia
2722 1080 2789 1120 ex
2823 1066 3035 1133 integro
3062 1074 3253 1134 ageret
3275 1105 3290 1130 ,
3324 1066 3564 1134 suspexit
3593 1076 3650 1119 et
3673 1064 3849 1121 Atha-

2245 1159 2431 1213 nasius
2459 1200 2473 1224 ,
2506 1168 2564 1214 ut
2611 1158 2727 1215 veri
2754 1159 3031 1225 vindices,
3076 1167 3240 1229 atque
3268 1159 3321 1213 in
3368 1159 3611 1214 Grmcum
3640 1158 3842 1229 stylum

2246 1252 2564 1319 transtulit,
2599 1268 2667 1309 ne
2697 1261 2902 1309 tantum
2932 1251 3060 1307 boni
3091 1251 3280 1308 Cra-ca
3326 1250 3504 1320 lingua
3534 1267 3641 1305 non
3679 1251 3846 1306 habe-

2247 1356 2350 1402 ret.
2383 1346 2579 1401 Parum
2610 1355 2694 1401 est
2727 1390 2741 1411 ,
2816 1354 2944 1417 quin
2974 1346 3139 1401 etiam
3193 1344 3427 1415 propriis
3477 1344 3672 1400 litteris
3701 1345 3843 1401 idem

2248 1440 2580 1495 Athanasius
2618 1439 2841 1496 eosdem
2874 1440 3041 1495 libros
3065 1437 3341 1508 przedicat,
3367 1446 3425 1491 ut
3447 1436 3841 1505 Pmpltctarum

2247 1542 2303 1587 et
2330 1532 2800 1601 Evangelistarum
2856 1541 3017 1602 atque
3064 1530 3449 1599 Apostolorum
3493 1529 3762 1584 doctrinis
3791 1537 3846 1584 et

2251 1624 2337 1693 pia
2369 1623 2719 1679 confessione
2773 1631 3081 1679 contextos.
3127 1623 3193 1677 Et
3220 1616 3468 1692 quamvis
3514 1621 3761 1689 plurimis
3791 1622 3846 1675 in

2248 1732 2371 1773 eum
2406 1718 2654 1772 laudibus
2697 1719 2960 1790 erigatur,
3015 1726 3194 1771 tamen
3221 1732 3327 1771 non
3357 1724 3535 1784 atquat
3562 1714 3628 1769 ad
3662 1714 3844 1769 meriti

2247 1812 2365 1881 ejus
2419 1817 2793 1881 praeconium,
2826 1822 2883 1866 et
2910 1812 3130 1881 quidem
3159 1825 3282 1865 cum
3335 1808 3569 1877 amplius
3619 1807 3847 1863 laudare

543 1894 641 1949 bus
665 1895 765 1950 Sibi
800 1894 1071 1965 judicibus
1099 1912 1111 1946 :
1142 1910 1265 1949 cum
1292 1894 1475 1964 utique
1498 1902 1694 1949 vestrm
1722 1894 2140 1959 constitutiones
2172 1912 2219 1974 Β
2246 1918 2355 1958 non
2391 1912 2574 1973 posset
2607 1922 2620 1957 ε
2654 1905 2669 1936 ί
2699 1905 2771 1959 ita
2798 1919 2980 1959 rerum
3007 1902 3472 1974 supereminentia
3497 1901 3706 1972 qumvis
3729 1901 3847 1955 Ian.

539 1989 798 2044 adversus
829 1988 1121 2044 haareticos
1170 1989 1406 2043 decretae
1438 1989 1587 2054 sint,
1622 2003 1730 2042 non
1759 1988 2020 2042 adversus
2048 2002 2143 2041 ca-

540 2083 810 2150 tholicos,
868 2092 923 2139 et
975 2083 1109 2138 tales
1155 2082 1490 2147 catholicos,
1543 2083 1632 2152 qui
1662 2082 1822 2137 fidem
1874 2082 2141 2152 integram

542 2190 642 2229 nec
662 2175 764 2230 sub
788 2174 1056 2230 haereticis
1087 2174 1509 2244 imperatoribus
1544 2174 1909 2244 reliquerunt,
1942 2185 1997 2229 et
2018 2175 2141 2244 qui-

540 2266 661 2322 dem
692 2268 875 2336 gravia
921 2266 1088 2320 multa
1129 2268 1394 2335 perpessi.
1442 2266 1548 2321 Sed
1594 2276 1647 2321 et
1703 2282 1875 2335 nuper
1907 2268 2136 2321 tentavit

537 2358 780 2430 graviter
802 2359 1051 2428 persequi
1081 2359 1451 2413 beatissimum
1477 2358 1766 2428 Ephesium
1798 2360 2137 2429 episcopum,

538 2460 742 2505 sanctae
767 2450 892 2506 ﬁdei
924 2451 1272 2507 aemulatione
1304 2452 1630 2518 ferventem,
1665 2451 1975 2505 ordinatum
2003 2453 2143 2505 inta-

540 2540 756 2597 tninatte
808 2541 953 2611 plebi
1010 2543 1271 2597 Romanae
1316 2557 1348 2597 a
1391 2543 1835 2599 constantissimo
1883 2544 2140 2611 epi800|t0

537 2634 792 2705 Taorgio,
828 2644 883 2690 et
909 2636 1027 2706 ipso
1056 2636 1275 2692 illibata:
1307 2636 1430 2691 ﬁdei
1474 2637 1621 2701 viro,
1655 2636 1756 2690 sub
1788 2635 1991 2691 invidia
2022 2635 2143 2693 falsi

540 2728 775 2799 itnpositi
808 2730 1157 2798 cognomenti
1180 2771 1195 2795 ,
1232 2745 1329 2798 per
1356 2744 1482 2784 suos
1528 2728 1847 2784 defensores
1879 2728 2141 2797 interpel-

538 2822 657 2877 lans
680 2821 920 2892 judicem
952 2822 1175 2878 Bassum
1204 2864 1218 2890 ,
1250 2824 1406 2892 quasi
1438 2822 1703 2877 adversus
1734 2820 2135 2876 Luciferianos.

535 2914 639 2971 Sed
666 2914 862 2969 Bassus
880 2955 893 2976 ,
924 2914 1051 2967 olim
1079 2914 1402 2968 catholicam
1431 2913 1590 2968 fidem
1617 2928 1905 2978 venerans,
1932 2914 2142 2971 sciebat

536 3006 592 3062 in
643 3006 904 3062 Lucifero
960 3006 1162 3062 nullam
1202 3005 1477 3061 haereseos
1532 3005 1699 3061 fuisse
1772 3007 2131 3077 pravitatem;

534 3101 733 3171 quippe
773 3117 931 3171 quem
964 3110 1018 3155 et
1049 3101 1186 3155 bene
1231 3109 1455 3155 noverat
1484 3116 1580 3169 pro
1610 3100 1711 3155 fide
1736 3099 1996 3155 catholica
2040 3100 2138 3156 de-

532 3209 651 3249 cem
696 3208 869 3249 annos
915 3192 1105 3249 exsilia
1139 3191 1308 3247 fuisse
1358 3206 1712 3261 perpessum,
1757 3202 1811 3246 et
1853 3206 1950 3260 pro
2001 3206 2136 3245 con-

2247 1996 2383 2050 dans
2424 1996 2602 2066 lingua
2634 2006 2943 2065 superatur.

2318 2088 2489 2143 XXV.
2525 2088 2631 2145 Sed
2666 2088 2907 2155 Lucifer,
2954 2089 3176 2159 ignarus
3224 2087 3353 2143 licet
3381 2085 3688 2141 artificiosae
3733 2082 3847 2139 elo-

2244 2182 2518 2250 quentiae,
2574 2191 2756 2237 tamen
2789 2192 2847 2236 ut
2879 2182 3199 2252 prophetico
3248 2192 3300 2234 ct
3329 2178 3639 2249 evangelica
3688 2187 3848 2248 atque

2246 2273 2550 2341 apostolico
2601 2287 2755 2329 more
2806 2274 3105 2339 scriberet,
3134 2271 3281 2343 quod
3310 2287 3476 2340 super
3500 2284 3721 2325 omnem
3751 2268 3849 2322 hu-

2247 2382 2466 2422 manam
2494 2355 2864 2437 eloquentiam
2888 2376 3011 2433 est,
3047 2365 3234 2421 habuit
3260 2364 3489 2436 gratiam
3532 2360 3705 2418 sancti
3726 2358 3849 2431 Spio

2246 2458 2382 2514 ritus
2410 2473 2477 2513 ex
2514 2458 2710 2513 merito
2732 2441 2895 2515 rectae
2927 2457 3050 2515 fidei
3073 2466 3129 2514 et
3156 2456 3538 2513 sincerissima:
3568 2455 3849 2510 conscien-

2247 2550 2335 2604 tia:
2354 2592 2367 2614 ,
2399 2566 2494 2617 per
2524 2568 2684 2619 quem
2714 2562 2770 2606 et
2790 2551 3017 2607 divinas
3048 2550 3276 2606 virtutes
3302 2558 3562 2621 operatus
3588 2556 3706 2612 est,
3737 2560 3846 2601 non

2246 2642 2423 2696 solum
2473 2642 2526 2697 in
2553 2642 2801 2697 Sardinia
2831 2684 2845 2708 ,
2871 2642 2966 2697 sed
2991 2644 3044 2698 in
3074 2644 3203 2712 ipsis
3232 2656 3451 2712 quoque
3477 2649 3709 2710 quatuor
3752 2652 3849 2691 ex-

2245 2734 2383 2789 siliis
2415 2752 2427 2786 :
2462 2749 2633 2804 usque
2663 2735 2800 2790 adeo
2832 2738 2853 2768 ³
2904 2744 2962 2789 ut
2990 2751 3114 2791 eum
3146 2733 3442 2789 adversarii
3482 2746 3737 2801 magnum
3768 2730 3849 2784 dis

2244 2835 2431 2880 cerent
2455 2866 2471 2893 ,
2506 2841 2629 2881 cum
2672 2827 3009 2895 apostolicos
3042 2842 3139 2895 per
3183 2840 3306 2881 eum
3340 2826 3567 2879 virtutes
3597 2822 3719 2877 fieri
3747 2837 3847 2875 ne-

2242 2931 2372 2985 gare
2394 2933 2501 2971 non
2533 2925 2780 2988 possent.
2830 2915 2993 2971 Venit
3034 2917 3101 2972 ad
3130 2916 3274 2971 hunc
3304 2925 3360 2969 et
3385 2926 3606 2969 sanctus
3632 2912 3846 2982 Grego-

2243 3008 2356 3063 rius
2380 3050 2394 3075 ,
2426 3019 2475 3064 et
2501 3009 2801 3063 admiratus
2829 3017 2909 3065 est
2956 3010 3008 3065 in
3030 3024 3096 3063 eo
3128 3015 3331 3064 tantum
3377 3006 3682 3061 doctrinam
3712 3004 3849 3059 scri-

2244 3114 2523 3173 pturarum
2545 3102 2848 3157 divinarum
2868 3143 2882 3169 ,
2916 3112 2969 3157 et
3003 3103 3174 3169 ipsam
3202 3103 3364 3155 vitam
3389 3100 3509 3170 ejus
3534 3113 3666 3154 vere
3693 3096 3847 3167 quasi

2244 3198 2298 3249 in
2340 3197 2495 3251 caelis
2525 3196 2897 3250 constitutam.
2944 3194 3063 3250 Jam
3113 3202 3349 3265 quantus
3378 3194 3461 3247 vir
3488 3191 3708 3248 Lucifer
3734 3191 3847 3246 fue-

531 3288 745 3341 stantia:
778 3301 891 3342 suze
914 3286 1228 3357 integritate
1255 3286 1454 3356 repulit
1482 3285 1860 3341 accusationes
1890 3285 2131 3351 Damasi,
2161 3293 2209 3358 ο
2242 3290 2346 3356 rit,
2368 3305 2493 3345 cum
2519 3289 2693 3345 illum-
2716 3290 3016 3345 admiretur
3070 3300 3126 3345 et
3176 3289 3508 3359 Gregorius,
3563 3289 3652 3359 qui
3700 3285 3845 3357 apud

532 3400 735 3453 negans
758 3399 821 3440 se
850 3383 1159 3449 facturum,
1192 3392 1253 3437 ut
1291 3382 1541 3437 homines
1569 3382 1871 3439 catholicos
1914 3394 1969 3437 et
1997 3384 2133 3438 inte-

531 3477 791 3547 grae‘lidei
839 3476 985 3532 viros
1031 3476 1408 3546 insequeretur
1456 3478 1690 3532 :dicens
1732 3476 1963 3531 maxime
1990 3475 2131 3545 quod

532 3569 664 3640 ipsa:
703 3568 1124 3627 constitutiones
1168 3569 1550 3639 imperatorum
1604 3579 1795 3625 contra
1849 3569 2134 3624 haereticos

442 3709 451 3731 ,
532 3662 875 3718 solummodo
928 3660 1284 3732 promulgata:
1326 3662 1630 3728 videantur,
1666 3679 1772 3717 non
1802 3671 1991 3717 contra
2032 3666 2133 3716 hos

529 3755 623 3828 qui
670 3755 1069 3812 sanctissimam
1098 3756 1254 3812 fidem
1283 3758 1401 3813 sine
1445 3756 1632 3812 saeculi
1671 3756 1971 3811 ambitione
2000 3769 2133 3809 con-

530 3858 775 3905 servant.

602 3941 794 3996 XXIV.
837 3942 908 3996 Et
939 3950 1066 3997 tunc
1094 3942 1325 4008 primum
1373 3939 1591 3996 erubuit
1637 3938 1900 3993 Damasus
1926 3977 1941 4000 ,
1983 3936 2130 4006 quod

528 4033 787 4089 inventus
806 4042 889 4087 est
912 4033 1099 4102 judex,
1131 4033 1223 4103 qui
1254 4033 1400 4087 solus
1427 4032 1726 4102 imperialia
1773 4032 1973 4099 scripta
1998 4028 2131 4099 piis-

530 4126 668 4180 sime
713 4125 1081 4194 interpretans
1114 4134 1382 4181 tueretur.
1415 4124 1549 4179 Nam
1589 4134 1645 4179 et
1686 4122 1790 4178 hoc
1832 4123 2005 4192 ipsum
2036 4136 2133 4177 ne-

528 4219 823 4275 cessarium
849 4228 964 4285 est,
998 4230 1055 4275 ut
1087 4220 1205 4275 falsi
1233 4222 1578 4290 cognomenti
1604 4218 1958 4274 discutiamus
1988 4216 2125 4272 invi-

528 4314 709 4379 diam,
761 4329 860 4384 qua
914 4328 1011 4369 nos
1030 4313 1240 4384 jactant
1275 4328 1399 4369 esse
1448 4313 1841 4368 Luciferianos.
1876 4311 2007 4378 Quis
2039 4324 2133 4365 ne-

444 4400 461 4405 ’
529 4408 832 4465 sciatillius
878 4416 1301 4478 cognomentum
1352 4406 1518 4461 tribui
1549 4406 1943 4471 sectatoribus,
1972 4404 2131 4473 cujus

527 4515 580 4557 et
605 4517 741 4558 nova
774 4502 953 4571 aliqua
981 4500 1229 4556 doctrina
1261 4500 1582 4555 transmissa
1621 4510 1704 4557 est
1729 4500 1796 4554 ad
1834 4497 2132 4567 discipulos

526 4611 591 4650 ex
619 4604 944 4651 auctoritate
987 4594 1285 4664 magisterii
1316 4595 1338 4648 ?
1362 4593 1469 4649 Sed
1512 4592 1666 4648 nobis
1689 4591 1940 4648 Christus
1966 4590 2136 4659 magi-

2238 3394 2466 3438 cunctos
2494 3382 2836 3439 admirabilis
2874 3392 2997 3449 est,
3034 3399 3139 3435 non
3173 3382 3348 3436 solum
3375 3397 3440 3436 ex
3462 3381 3745 3435 collisione
3776 3378 3847 3434 il-

2242 3475 2291 3531 la
2322 3476 2435 3531 Osii
2462 3516 2476 3540 ,
2529 3476 2626 3530 sed
2658 3485 2711 3530 et
2760 3491 2827 3530 ex
2859 3474 3058 3529 divinis
3109 3474 3399 3528 virtutibus
3424 3513 3439 3540 ,
3469 3486 3603 3542 quas
3631 3471 3841 3527 habens

2238 3571 2294 3625 in
2320 3587 2379 3625 se
2430 3570 2658 3639 gratiam
2690 3570 2863 3624 sancti
2890 3569 3125 3637 Spiritus
3154 3569 3474 3639 exsequitur
3500 3568 3515 3622 l
3548 3566 3684 3633 Quid
3716 3578 3848 3636 ergo

2238 3670 2293 3716 et
2324 3663 2375 3715 in
2408 3662 2509 3715 hoc
2534 3658 2685 3730 impii
2733 3662 2905 3715 sunt?
2932 3658 3066 3717 Cum
3099 3660 3317 3716 Lucifer
3370 3658 3671 3715 secundum
3704 3658 3844 3712 scri-

2241 3764 2427 3825 pturas
2480 3754 2691 3808 divinas
2738 3764 2793 3809 et
2840 3754 3167 3821 crediderit,
3200 3763 3256 3810 et
3300 3752 3581 3818 docuerit,
3611 3758 3667 3807 et
3694 3752 3849 3805 vixe-

2238 3847 2343 3912 rit,
2379 3854 2436 3901 et
2461 3848 2513 3900 in
2568 3846 2784 3901 nomine
2814 3846 3018 3902 Christi
3047 3848 3119 3901 sit
3160 3847 3391 3901 virtutes
3439 3855 3726 3917 operatus;
3771 3841 3842 3899 ad

2234 3938 2627 4009 opprimendos
2656 3955 2801 3994 verae
2830 3939 2959 3994 ﬁdei
2982 3939 3224 3995 vindices
3255 3938 3489 3994 Luciferi
3521 3952 3717 3992 nomen
3746 3936 3850 3990 im-

2242 4040 2483 4102 ponunt,
2540 4033 2843 4088 nescientes
2875 4034 3060 4088 miseri
3107 4048 3379 4088 summum
3417 4047 3477 4087 se
3502 4032 3849 4086 committere

2237 4124 2582 4197 Sacrilegium
2609 4168 2624 4193 ,
2654 4141 2776 4182 cum
2801 4125 3105 4182 doctrinam
3134 4125 3333 4181 Christi
3364 4128 3463 4179 sub
3486 4125 3721 4179 hominis
3751 4139 3850 4195 ap-

2239 4219 2529 4289 pellatione
2585 4219 2899 4290 designant;
2956 4221 3098 4273 sicut
3128 4229 3180 4274 et
3227 4219 3280 4273 in
3331 4218 3435 4274 hoc
3491 4218 3643 4288 impii
3675 4227 3847 4284 sunt,

2238 4310 2457 4380 quando
2484 4310 2775 4381 sacrilegas
2798 4312 3167 4365 institutiones
3192 4325 3289 4379 pro
3312 4310 3535 4365 arbitrio
3566 4308 3848 4363 hominum

2239 4404 2415 4460 editas
2438 4447 2454 4471 ,
2478 4405 2579 4460 sub
2601 4404 2894 4461 Christiani
2918 4406 3152 4460 nominis
3177 4403 3499 4457 auctoritate
3521 4401 3844 4457 defendunt.

2240 4496 2323 4553 An
2354 4514 2462 4553 non
2493 4515 2703 4555 summa
2739 4499 2989 4568 impietas
3017 4507 3140 4565 est,
3171 4496 3488 4568 iniquitates
3518 4512 3645 4551 suas
3676 4509 3726 4550 et
3758 4510 3847 4550 sa-

2239 4592 2459 4667 crilegia
2509 4594 2611 4647 sub
2648 4591 2853 4648 Christi
2901 4592 3121 4646 nomine
3149 4590 3468 4645 vindicare?
3494 4604 3561 4643 an
3604 4605 3714 4645 non
3746 4589 3848 4644 im-

527 4697 638 4742 ster
660 4699 744 4743 est
773 4704 788 4743 :
814 4687 957 4743 illius
988 4687 1293 4742 doctrinam
1324 4685 1603 4757 sequimur
1626 4724 1641 4749 ,
1673 4693 1835 4753 atque
1880 4682 2001 4737 ideo
2036 4696 2130 4736 co-
2155 4680 2208 4742 D
2240 4686 2411 4754 pietas
2442 4697 2557 4751 cst,
2589 4687 2730 4755 piam
2757 4687 3060 4742 doctrinam
3092 4686 3193 4742 sub
3218 4684 3428 4741 Christi
3459 4686 3681 4740 nomine
3709 4700 3847 4741 con-

525 4780 803 4849 gnomenti
836 4780 980 4834 illius
1006 4795 1159 4835 sacra
1186 4778 1555 4848 appellatione
1580 4790 1866 4831 censemur
1901 4790 1916 4831 :
1946 4786 2003 4829 ut
2024 4789 2132 4830 non

527 4870 669 4925 aliud
697 4870 820 4939 jure
846 4869 953 4925 dici
996 4871 1291 4926 debeamus
1332 4884 1491 4938 quam
1523 4865 1851 4933 Christiani,
1900 4865 1992 4937 qui
2034 4880 2134 4922 nec

526 4964 670 5020 aliud
699 4962 999 5034 sequimur,
1026 4980 1187 5034 quam
1219 4962 1361 5033 quod
1407 4961 1660 5017 Christus
1699 4976 1797 5030 per
1839 4960 2132 5030 Apostolos

525 5057 731 5115 docuit.
785 5056 1031 5112 Iltereses
1062 5067 1240 5111 autem
1274 5056 1396 5111 ideo
1445 5056 1723 5110 hominum
1748 5053 2132 5125 appellationi-

524 5152 626 5209 bus
652 5153 922 5209 denotatte
951 5160 1114 5219 sunt,
1139 5152 1264 5220 quia
1296 5161 1351 5206 et
1372 5150 1652 5207 hominum
1684 5156 1993 5204 commenta
2022 5158 2134 5202 tra-

525 5248 800 5307 diderunt.
834 5246 1019 5303 Perdit
1066 5248 1211 5311 enim
1258 5248 1311 5301 in
1343 5260 1402 5300 se
1448 5241 1743 5297 Christiani
1772 5242 2005 5296 nominis
2031 5256 2130 5310 ap-

525 5344 872 5411 pellationem
896 5385 911 5410 ,
946 5344 1037 5415 qui
1082 5341 1279 5397 Christi
1308 5355 1416 5396 non
1464 5336 1709 5407 sequitur
1757 5334 2122 5405 disciplinam.

527 5434 721 5492 Dicant
742 5454 885 5495 nunc
934 5437 1060 5507 quid
1120 5434 1337 5493 Lucifer
1394 5447 1593 5490 novum
1639 5430 1921 5491 docuerit.
1980 5427 2125 5500 quod

527 5545 635 5583 non
656 5544 720 5584 ex
751 5530 952 5586 Christi
992 5533 1310 5603 magisterio
1350 5528 1608 5585 traditum
1656 5534 1781 5592 est,
1824 5524 1968 5593 quod
2015 5538 2125 5578 non

526 5621 595 5676 ab
619 5623 890 5691 Apostolis
912 5622 1197 5692 discipulis
1226 5622 1525 5679 Salvatoris
1555 5619 1933 5676 transmissum
1962 5624 2049 5671 est
2068 5616 2123 5674 in

444 5718 453 5726 ’
528 5724 796 5785 posteros.
830 5715 899 5771 Et
927 5715 1066 5771 bene
1087 5756 1105 5782 .
1133 5717 1277 5787 quod
1304 5716 1473 5774 libros
1498 5713 1720 5785 scripsit
1758 5711 1826 5768 ad
1856 5710 2125 5768 Constan-

604 5816 633 5859 ’ἢ
651 5829 749 5884 Ms.
782 5826 867 5881 Ita
891 5840 1061 5879 rerum
1089 5829 1199 5897 ejus
1216 5826 1645 5898 supereminentia
1673 5824 1862 5898 quavis
1894 5824 2129 5879 laudans

530 5900 707 5972 lingua
730 5904 1025 5971 superatur.

2242 4788 2511 4836 socratam
2537 4819 2553 4844 ,
2611 4780 2864 4835 humanis
2894 4780 3354 4850 appellationibus
3402 4779 3705 4834 denotare?
3735 4776 3845 4834 Sed

2245 4872 2361 4926 haec
2391 4873 2535 4929 fraus
2562 4914 2577 4940 ,
2624 4876 2740 4929 haec
2772 4876 3066 4943 atrocitas,
3098 4874 3363 4931 adversus
3411 4875 3600 4931 fideles
3633 4875 3684 4929 itt
3744 4874 3846 4928 Ili—

2243 4967 2465 5036 spania,
2494 4975 2549 5019 et
2570 4964 2999 5035 apud’Treviros
3023 5008 3038 5034 ,
3069 4975 3125 5023 et
3154 4966 3341 5023 Romae
3367 4966 3562 5038 agitur,
3596 4975 3649 5023 et
3676 4966 3729 5022 in
3761 4966 3846 5022 di-

2243 5062 2418 5117 versis
2452 5062 2616 5116 Italiaa
2641 5061 2973 5130 regionibus.

2313 5154 2509 5210 XXVI.
2561 5154 2932 5210 Asserendum
2973 5168 3116 5208 nunc
3166 5154 3477 5211 neceSSario
3505 5162 3589 5209 est
3614 5150 3756 5223 quod
3787 5151 3845 5208 in

2238 5246 2325 5301 his
2358 5246 2604 5311 partibus
2632 5256 2843 5315 gestum
2887 5255 2970 5300 est
3000 5262 3015 5307 ;
3045 5247 3136 5303 ubi
3181 5246 3383 5318 egregii
3408 5246 3686 5316 episcopi,
3733 5260 3844 5300 non

2240 5340 2365 5394 ﬁdei
2398 5340 2631 5394 veritate
2654 5380 2670 5406 ,
2696 5338 2793 5394 sed
2823 5340 2939 5395 sola
2967 5340 3222 5396 catholici
3256 5340 3494 5396 nominis
3518 5339 3847 5409 appellatio.

2238 5450 2307 5488 ne
2366 5433 2590 5499 vestiti,
2665 5448 2773 5488 non
2824 5434 3002 5489 solum
3060 5449 3157 5503 per
3204 5432 3450 5503 judices,
3500 5448 3677 5506 neque
3723 5440 3845 5486 tan-

2235 5526 2517 5583 tummodo
2569 5542 2665 5597 per
2711 5541 2931 5584 manum
2961 5527 3293 5594 militarem,
3347 5526 3538 5584 fideles
3580 5534 3638 5581 et
3683 5538 3846 5582 veros

2236 5618 2533 5676 catholicos
2560 5619 2859 5690 dissipant,
2887 5618 2984 5676 sed
3015 5629 3070 5676 et
3086 5620 3360 5676 interdum
3394 5634 3490 5689 per
3518 5633 3648 5676 suos
3677 5618 3847 5674 cleri-

2236 5729 2331 5771 cos
2356 5754 2372 5779 ,
2422 5713 2796 5785 ignorantibus
2821 5710 3095 5782 iudicibus
3124 5713 3210 5770 vel
3251 5714 3415 5772 etiam
3444 5712 3845 5771 dissimulanti-

2310 5827 2330 5856 ’
2364 5827 2461 5882 Ms.
2498 5826 2569 5882 Ut
2596 5842 2709 5881 eum
2735 5826 3016 5883 aduersarii
3040 5843 3248 5899 magum
3275 5828 3522 5885 dicerent.
