4150 6176
324 374 422 433 101

1312 381 1645 443 LIBELLUS
1682 368 1964 445 peccati
2002 383 2095 445 AD
2134 384 2649 447 lMPERATORES.

3526 392 3629 463 102

318 490 423 547 bus
446 532 463 555 ,
497 491 710 548 atrocia
732 502 1012 551 exercent.
1047 495 1115 552 Et
1157 498 1248 568 qui
1283 499 1406 555 finis
1459 503 1599 567 erit,
1630 503 1675 558 si
1733 514 1924 558 cuncta
1954 503 2007 565 Α
2034 504 2207 573 ipsum
2241 507 2412 561 altare
2443 509 2533 562 Dei
2564 508 2845 567 securibus
2887 509 3198 580 dissiparet,
3234 527 3357 569 cum
3400 512 3629 572 horrore

318 582 633 641 referamus
656 627 670 653 ,
702 602 817 657 qua:
846 589 1044 657 singuli
1095 592 1296 662 quique
1328 594 1566 649 tidelium
1616 598 1758 665 passi
1802 606 1928 651 sunt

325 685 495 745 atque
542 680 855 747 patiuntur?
906 680 1086 737 Unum
1139 692 1316 739 tamen
1346 696 1505 741 atrox
1536 691 1931 758 persecutionis

326 768 543 825 facinus
594 771 659 825 ad
713 774 1098 841 compendium
1140 777 1486 834 referendum
1534 792 1656 845 est,
1688 784 1830 853 quod
1875 784 1931 839 in

329 860 565 933 Aigypto
591 863 736 932 apud
767 864 1137 936 Oxyrinchum
1162 873 1513 927 commissum
1539 884 1624 929 est
1644 876 1744 929 sub
1764 877 1931 931 totius

332 957 643 1011 testimonio
687 960 943 1018 civitatis.
998 961 1159 1019 Certa
1216 983 1340 1035 pars
1384 979 1467 1023 est
1510 970 1654 1039 apud
1698 970 1931 1043 Oxyrin—

328 1050 488 1105 chum
528 1062 734 1109 sancta:
768 1057 941 1123 plebis
963 1100 978 1123 ,
1024 1059 1077 1115 in
1126 1062 1281 1132 cujus
1326 1079 1484 1120 sacro
1516 1082 1743 1123 numero
1770 1069 1933 1137 pleri-

324 1158 463 1212 que,
497 1157 704 1214 quanto
754 1150 1014 1207 intentius
1058 1153 1125 1208 ad
1177 1172 1265 1211 res
1305 1157 1521 1214 divinas
1562 1161 1797 1216 Studium
1837 1177 1932 1218 cn-

324 1251 511 1293 ramve
538 1251 860 1307 posuerunt,
890 1254 1039 1300 tanto
1059 1247 1348 1304 sollicitius
1368 1252 1748 1322 diligentiusve
1770 1254 1930 1309 ﬁdem

325 1330 657 1387 catholicam
715 1335 1102 1395 inviolabiliter
1149 1356 1369 1398 servare
1422 1345 1761 1401 contendunt
1815 1348 1931 1402 :ita

327 1432 390 1476 ut
418 1437 479 1478 se
536 1426 695 1481 nullis
735 1427 1038 1496 inereticis,
1099 1435 1373 1505 nullisque
1422 1440 1932 1506 prmvaricatoribus

330 1530 435 1585 per
480 1517 659 1573 divina
687 1524 1076 1581 commisceant
1125 1540 1485 1585 sacramenta.
1536 1534 1619 1588 Ad
1672 1534 1810 1589 hanc
1837 1536 1933 1590 ob-

329 1612 662 1665 scrvantiam
714 1614 963 1684 plerique
1023 1634 1215 1675 eorum
1268 1624 1467 1678 eruditi
1515 1634 1642 1680 sunt
1684 1630 1933 1698 exemplo

326 1714 382 1756 et
408 1706 666 1760 monitu‘
721 1708 863 1764 beati
895 1710 1087 1779 Pauli,
1131 1717 1223 1785 qui
1278 1716 1470 1773 iisdem
1523 1720 1623 1774 fuit
1672 1724 1932 1792 tempori-

324 1794 427 1852 bus
462 1799 661 1867 quibus
705 1812 755 1855 et
786 1802 1183 1863 iarnosissimns
1213 1809 1302 1864 ille
1351 1810 1619 1867 Antonius
1645 1855 1657 1876 ,
1692 1831 1796 1869 non
1830 1817 1932 1870 mi-

2036 600 2200 653 totius
2226 600 2464 656 civitatis
2486 611 2539 655 et
2563 605 2798 671 gemitu,
2829 605 2971 672 quod
3016 606 3103 659 illa
3135 606 3375 661 Ecclesia
3409 619 3630 663 everte-

2034 703 2203 759 retur,
2228 694 2382 763 cujus
2401 694 2713 763 episcopum
2736 697 2898 751 etiam
2923 697 3155 753 diversa:
3187 699 3355 768 partis
3379 700 3629 757 homines

2035 798 2198 839 rectm
2224 798 2278 840 et
2318 787 2538 841 illibata:
2580 788 2708 842 fidei
2745 778 3093 843 confitentur.

2111 878 2321 933 XXVII.
2366 880 2684 941 Advertite,
2718 897 3049 951 ancsumns,
3087 882 3631 953 piissimiimperato-

2033 983 2122 1023 res
2152 979 2206 1024 et
2230 980 2393 1025 rectae
2421 971 2544 1026 fidei
2573 972 2835 1039 vindices,
2869 975 3126 1044 numquid
3160 991 3261 1044 pro
3299 986 3404 1031 tam
3451 977 3631 1047 impiis

2035 1062 2306 1131 episcopis
2336 1054 2510 1119 cilicia
2542 1067 2863 1136 proponitis,
2896 1077 2953 1121 nt
2981 1067 3035 1121 hi
3059 1068 3392 1139 afﬂigantur,
3437 1071 3526 1138 qui
3559 1069 3630 1124 ob

2034 1158 2286 1212 meritum
2321 1157 2443 1213 fidei
2476 1168 2531 1214 et
2552 1161 2908 1214 sanctissima
2931 1162 3077 1224 vitae,
3127 1161 3328 1215 umndo
3362 1162 3478 1230 ipso
3510 1178 3632 1230 pre-
3672 1242 3675 1243 ν

2038 1250 2287 1305 tiosiores
2313 1262 2438 1305 sunt
2465 1251 2487 1306 ?
2514 1249 2752 1317 Credite,
2802 1254 3195 1323 religiosissimi
3252 1255 3628 1323 imperatores,

2034 1339 2252 1394 beatum
2281 1342 2618 1398 Heraclidam
2647 1360 2811 1398 unum
2843 1361 2965 1400 esse
2996 1347 3060 1400 de
3104 1348 3196 1400 illo
3238 1364 3465 1405 numero
3509 1364 3635 1404 san-

2034 1444 2267 1496 ctorum.
2296 1437 2365 1492 de
2393 1440 2588 1505 quibus
2620 1437 2785 1492 refert
2813 1438 3089 1509 Scriptura
3132 1442 3341 1499 divina,
3401 1442 3588 1498 dicens
3616 1461 3630 1498 :

2036 1524 2362 1581 Circuierunt
2391 1529 2442 1582 in
2470 1530 2670 1583 metatis
2696 1542 2741 1584 et
2772 1532 2826 1584 in
2848 1530 3074 1599 caprinis
3104 1535 3350 1601 pellibus,
3398 1536 3636 1607 indigen-

2035 1628 2131 1681 tes,
2157 1619 2209 1671 in
2242 1619 2654 1674 tribulationibus
2682 1632 2727 1675 et
2754 1622 3018 1677 doloribus
3040 1626 3252 1695 afﬂicti,
3281 1643 3499 1694 quorum
3526 1644 3633 1682 non

2035 1722 2145 1768 erat
2174 1715 2360 1784 dignus
2390 1716 2610 1770 mundus
2640 1715 2830 1787 (lleb.,
2874 1734 2948 1779 XI,
2996 1718 3111 1786 57).
3158 1719 3441 1786 Quomodo
3490 1724 3633 1775 enim

2037 1810 2229 1866 beatus
2261 1813 2543 1868 Heraclida
2579 1828 2683 1868 non
2740 1815 2862 1869 talis
2914 1825 3019 1877 est,
3051 1816 3142 1884 qui
3185 1818 3362 1870 omnia
3410 1817 3637 1871 szecula-

326 1890 449 1944 nori
478 1892 586 1946 vita
635 1910 809 1964 neque
848 1897 1029 1953 studio
1049 1943 1063 1963 ,
1099 1916 1273 1971 neque
1316 1903 1499 1959 divina
1528 1906 1698 1976 gratia
1720 1946 1735 1973 ,
1765 1924 1925 1977 quam
1956 1896 2007 1958 Β
2036 1905 2113 1959 ria
2144 1920 2407 1973 respuens
2438 1906 2854 1968 obleCIamenta,
2909 1922 3005 1975 per
3045 1908 3190 1975 ipsas
3246 1908 3637 1964 amaritudines

325 1982 428 2038 fuit
476 1998 703 2042 sanctus
762 1991 1054 2046 Antonius.
1113 1993 1271 2049 Novit
1322 1997 1424 2051 hoc
1470 2010 1521 2052 et
1571 2000 1683 2068 ipsa
1744 2001 1935 2055 civitas

326 2073 709 2146 Oxyrinchus,
758 2097 881 2149 quae
930 2083 1199 2154 hodieque
1252 2098 1495 2144 sanctam
1548 2090 1695 2145 Pauli
1730 2107 1936 2147 memo-

322 2166 468 2221 riam
496 2167 835 2229 devotissime
872 2176 1138 2232 celebrat.
1194 2180 1213 2209 ¹
1264 2179 1373 2235 Sed
1414 2190 1469 2236 et
1513 2182 1623 2251 ipsa
1658 2198 1783 2251 pars
1824 2185 1936 2253 ple-

324 2257 453 2324 bis,
498 2262 587 2316 ubi
648 2264 778 2319 vidit
836 2268 1147 2338 episcopum
1210 2272 1352 2327 illius
1400 2275 1669 2341 civitatis,
1714 2279 1934 2333 nomine

324 2349 703 2421 Theodorum,
742 2359 792 2412 in
838 2360 1054 2429 impiam
1087 2368 1588 2433 praevaricationem
1622 2368 1792 2425 fuisse
1821 2372 1930 2425 col-

319 2443 576 2514 lapsum,
625 2450 698 2503 ita
749 2460 806 2506 ut
834 2467 941 2506 non
973 2454 1148 2509 solum
1192 2456 1348 2513 fidem
1382 2460 1642 2531 integram
1677 2464 1934 2518 condem-

318 2549 522 2606 naret,
588 2558 766 2613 neque
833 2556 891 2601 ut
937 2551 1321 2607 tantummodo
1394 2555 1554 2623 impie
1624 2558 1930 2613 subscribe—

319 2643 438 2696 ret,
472 2632 493 2663 ³
527 2634 624 2689 sed
657 2646 717 2689 ut
754 2637 949 2692 laicum
986 2656 1048 2694 se
1095 2643 1209 2696 tieri
1252 2645 1320 2697 ab
1362 2644 1525 2715 impio
1560 2647 1793 2719 Georgio
1833 2666 1929 2718 pa-

324 2734 551 2789 teretur,
585 2737 640 2781 et
682 2727 863 2783 denuo
892 2730 962 2785 ab
987 2732 1105 2801 ipso
1138 2735 1393 2791 hieretico
1419 2739 1737 2808 episcopum
1769 2744 1918 2797 ordi-

320 2814 464 2881 nari,
488 2830 772 2872 exsecrata
796 2832 877 2877 εει
898 2822 1020 2890 ejus
1034 2829 1498 2896 communionem,
1518 2831 1722 2887 habens
1744 2848 1927 2889 secum

325 2908 678 2977 presbyteros
704 2919 760 2966 et
784 2912 1045 2971 diaconos
1073 2918 1218 2973 illius
1249 2921 1472 2977 illibata:
1501 2924 1643 2989 fidei,
1675 2942 1773 2996 per
1792 2944 1929 2997 quos

326 2997 347 3027 ’⁵
378 2999 660 3055 fruebatur
689 3002 892 3061 divinis
933 3012 1310 3077 sacramentis,
1360 3029 1464 3068 una
1491 3031 1613 3071 cum
1646 3032 1930 3088 superme-

325 3110 539 3152 morato
570 3100 889 3157 beatissimo
920 3103 1109 3160 Paulo.
1160 3107 1266 3163 Sed
1298 3121 1481 3178 postea
1511 3100 1674 3167 etiam
1718 3118 1929 3184 episco-

325 3204 456 3259 pum
493 3191 594 3245 sibi
628 3208 726 3262 per
755 3204 887 3250 tunc
914 3202 1175 3267 temporis
1205 3204 1493 3271 episcopos
1516 3205 1812 3262 catholicos
1838 3225 1927 3261 or-

2040 1998 2372 2067 confragosae
2403 1999 2525 2052 vitae
2558 2000 2732 2065 istius,
2766 2000 3027 2053 :emulans
3060 2000 3332 2055 dominica
3387 2001 3633 2069 vestigia,

2039 2091 2217 2145 nudus
2246 2092 2636 2161 expeditusque
2666 2094 2927 2147 virtutum
2960 2094 3064 2146 iter
3092 2094 3331 2148 salutare
3361 2104 3632 2159 seetatur;

2038 2184 2233 2254 quisic
2257 2201 2356 2254 pro
2404 2186 2607 2240 divin-ae
2652 2201 2839 2239 amore
2885 2186 3009 2240 fidei
3050 2189 3346 2255 conspirat,
3397 2188 3538 2241 sicut
3582 2198 3640 2243 et

2037 2288 2257 2331 sanctos
2286 2278 2516 2346 legimus
2571 2280 2937 2347 conSpirasse,
2972 2280 3132 2334 'nihil
3178 2279 3385 2335 habens
3422 2280 3490 2336 de
3530 2296 3635 2336 sae-

2036 2371 2182 2435 culo,
2208 2387 2368 2441 quam
2403 2388 2500 2441 pro
2532 2372 2635 2427 fide
2664 2372 3040 2427 trihulationes
3068 2383 3121 2428 et
3152 2373 3392 2439 dolores,
3447 2374 3525 2429 sic
3556 2376 3639 2428 vi-

2039 2477 2194 2527 vens,
2222 2464 2301 2518 sic
2332 2465 2612 2529 incedens,
2668 2454 2830 2519 siculi
2869 2474 2925 2520 et
2966 2466 3038 2520 illi
3098 2466 3269 2521 sancti
3322 2466 3389 2521 de
3447 2467 3640 2535 quibus

2036 2568 2199 2622 supra
2234 2556 2467 2622 positum
2495 2564 2580 2610 est
2609 2556 3013 2613 testimonium?
3054 2558 3246 2612 Merito
3272 2573 3402 2628 ergo
3430 2568 3485 2614 et
3507 2560 3637 2615 bea-

2015 2657 2123 2701 itus
2152 2648 2472 2718 Gregorius,
2520 2651 2817 2720 czeterique
2844 2652 3019 2706 sancti
3046 2653 3308 2721 episcopi,
3346 2653 3639 2708 sanctimo-

2036 2741 2143 2794 nia:
2190 2740 2346 2796 istius
2401 2743 2697 2797 venerabili
2752 2742 3050 2809 consortio,
3112 2745 3163 2797 in
3219 2745 3374 2799 malis
3424 2744 3639 2801 afﬂicta:

2036 2830 2320 2895 Ecclesiie,
2358 2834 2503 2887 velut
2551 2833 2751 2888 divinis
2776 2834 2987 2889 solatiis
3016 2836 3349 2891 relevantur.
3380 2836 3499 2893 Non
3549 2854 3639 2894 s0-

2036 2924 2147 2979 lum
2180 2937 2359 2980 autem
2385 2926 2437 2981 in
2466 2937 2571 2980 tam
2601 2928 2967 2983 venerabilem
2997 2931 3315 3000 episcopum
3361 2942 3638 3000 grassatus

2035 3028 2120 3072 est
2147 3018 2486 3085 Theodorus,
2504 3022 2598 3075 sed
2632 3032 2685 3075 et
2710 3022 2762 3075 in
2792 3022 2965 3090 ipsam
2998 3026 3393 3079 sanctissimam
3422 3026 3637 3096 plebem

2033 3116 2176 3185 ejus,
2210 3132 2332 3185 quae
2371 3131 2471 3186 pro
2501 3118 2858 3172 sincerissimi
2903 3128 2957 3172 et
2994 3119 3293 3174 fidelissimi
3340 3120 3642 3178 sacerdotis

2034 3207 2281 3262 doctrina
2314 3218 2369 3263 et
2402 3210 2641 3264 moribus
2665 3208 2914 3264 instituta
2944 3222 3049 3266 est.
3084 3212 3150 3265 Et
3177 3212 3395 3281 longum
3425 3225 3509 3267 est
3550 3229 3634 3268 re-

324 3281 564 3349 dinavit,
588 3294 837 3340 sanctum
862 3288 1226 3357 Heraclidam,
1260 3304 1407 3348 tanto
1432 3298 1600 3366 magis
1626 3298 1881 3354 idoneum
1902 3341 1917 3363 ,
1948 3287 1996 3351 C
2032 3300 2185 3363 ferri,
2215 3318 2333 3370 qua)
2364 3312 2551 3357 contra
2587 3303 2851 3373 pudorem
2902 3303 3308 3373 propositumve
3357 3319 3634 3360 sacrarum

325 3382 528 3442 quanto
558 3388 613 3431 et
644 3380 851 3434 ﬁrmius
870 3393 1060 3437 contra
1087 3383 1374 3440 haereticos
1401 3398 1455 3442 et
1481 3391 1925 3457 praevaricatores

323 3466 513 3523 debuit
538 3469 800 3537 ordinati,
836 3475 927 3543 qui
975 3484 1030 3529 et
1069 3475 1125 3531 in
1184 3477 1290 3532 vita
1324 3489 1470 3535 esset
1508 3482 1858 3550 perspicuus,
1894 3499 1925 3537 a

322 3562 495 3631 prima
526 3574 691 3620 mtate
719 3566 828 3622 Deo
853 3568 1185 3637 deserviens,
1218 3574 1546 3641 contemptis
1575 3574 1730 3629 bonis
1756 3591 1929 3631 saecu-

319 3655 547 3721 laribus,
593 3667 650 3712 et
689 3659 741 3713 in
789 3660 914 3727 fide,
958 3671 1014 3716 et
1056 3662 1299 3719 doctrina
1321 3668 1592 3735 perlectus
1630 3668 1922 3724 exsistens.

321 3744 478 3802 Unde
500 3756 557 3804 et
580 3765 679 3818 pro
707 3752 1002 3819 apostolica
1034 3753 1162 3822 fide,
1210 3766 1265 3810 et
1297 3772 1393 3825 pro
1417 3758 1663 3813 doctrina
1694 3776 1927 3831 evange-

319 3838 458 3903 lica,
492 3856 593 3909 pro
637 3846 1054 3900 conversatioiie
1099 3850 1306 3904 caelesti
1352 3851 1497 3920 apud
1544 3860 1769 3908 cunctos
1817 3855 1928 3910 illic

320 3935 655 3992 venerabilis
686 3949 793 4004 est,
827 3941 962 3995 solis
992 3944 1368 4000 tantummodo
1398 3946 1670 4002 haereticis
1698 3960 1753 4003 et
1785 3963 1929 4018 prae-

319 4029 715 4084 varicatoribus
740 4031 1059 4101 displicens.
1094 4035 1248 4092 Unde
1299 4047 1355 4092 et
1395 4039 1507 4094 Deo
1533 4041 1705 4111 magis
1750 4042 1927 4111 placet

322 4132 451 4174 cum
489 4121 680 4175 talibus
709 4122 981 4193 displicet.
1008 4127 1114 4182 Sed
1147 4128 1237 4184 hic
1270 4139 1450 4185 tantos
1476 4146 1540 4187 ac
1573 4134 1694 4188 talis
1726 4136 1800 4189 ita
1825 4150 1926 4191 cte-

324 4212 408 4281 pit
438 4227 697 4271 exercere
724 4219 1078 4287 pomificium,
1116 4233 1173 4277 ut
1209 4224 1278 4278 ad
1320 4226 1630 4294 opinioiiem
1661 4228 1785 4283 fidei
1808 4232 1929 4297 ejus

324 4313 383 4359 et
404 4305 695 4374 doctrinm,
722 4306 1067 4380 atqueipsins
1093 4314 1452 4370 sanctissima:
1473 4322 1926 4387 conversationis,

324 4398 572 4469 plerique
596 4402 759 4456 etiam
782 4402 849 4458 de
875 4404 1202 4475 longissimis
1231 4408 1544 4476 regionibus
1584 4410 1926 4478 advenirent,

326 4507 677 4565 exsecrantes
726 4498 985 4553 nefariam
1032 4501 1513 4569 praevaricatorum
1560 4506 1878 4563 societatem
1909 4547 1927 4573 ,

328 4586 558 4655 ejusque
583 4600 987 4647 sacrosanctum
1027 4596 1363 4650 consortium
1391 4597 1784 4653 desiderantes.
1821 4600 1928 4656 Sed

2035 3394 2303 3463 virginum
2335 3395 2553 3450 molitus
2583 3408 2686 3462 est,
2709 3412 2936 3465 quarum
2969 3397 3296 3451 monasteria
3325 3413 3424 3468 pro
3444 3397 3637 3457 merito

2034 3487 2406 3540 sanctimoniae
2452 3502 2636 3540 earum
2680 3488 2871 3543 civitas
2919 3489 3033 3556 ipsa
3063 3501 3379 3546 veneratur.
3437 3490 3544 3546 Sed
3577 3502 3637 3547 et

2034 3580 2184 3649 ipsos
2205 3595 2397 3634 servos
2428 3580 2522 3634 Dei
2545 3581 2834 3650 aliquoties
2855 3584 3132 3639 atrocibus
3161 3582 3357 3639 afﬂixit
3401 3584 3632 3652 injuriis,

2036 3687 2171 3741 quos
2196 3674 2371 3741 magis
2403 3672 2728 3740 probaverat
2755 3675 3079 3729 sanctiores.
3109 3675 3215 3730 Sed
3250 3676 3377 3744 quid
3411 3678 3634 3742 mirum,

2036 3764 2082 3817 si
2109 3778 2239 3817 oves
2264 3775 2320 3817 ut
2353 3764 2511 3833 lupus
2543 3763 2826 3833 afﬂigeret,
2860 3781 3087 3835 quarum
3130 3766 3328 3821 bonum
3359 3776 3635 3837 pastorem

2034 3854 2351 3926 frequenter
2372 3855 2565 3926 alﬂigit
2590 3856 2611 3909 ?

2117 3947 2359 4007 XXVIII.
2388 3950 2525 4003 Ecce
2550 3947 2643 4017 qui
2672 3947 2773 4004 sub
2800 3948 2952 4004 vobis
2981 3949 3082 4018 piis
3113 3949 3553 4018 imperatoribus,
3584 3961 3641 4008 et

2036 4060 2136 4114 pro
2162 4044 2268 4099 ﬁde
2303 4044 2569 4098 catholica
2610 4044 2977 4111 venientibus,
3005 4045 3171 4111 jactat
3196 4059 3257 4099 se
3305 4059 3425 4100 esse
3454 4045 3641 4101 catho-

2035 4136 2227 4203 licum,
2260 4147 2513 4192 evertens
2539 4136 2839 4191 Ecclesium
2861 4137 3278 4203 catholicorum,
3304 4152 3639 4208 persequens

2035 4231 2335 4286 catholicos
2378 4230 2696 4286 Sacerdotes
2734 4238 2790 4283 et
2825 4244 3015 4284 servos
3046 4228 3272 4294 Christi,
3325 4246 3535 4287 necnon
3586 4240 3643 4288 et

2037 4337 2224 4378 sacras
2250 4324 2366 4392 ejus
2418 4324 2653 4393 virgines
2681 4324 2845 4394 impie
2893 4321 3162 4394 afﬂigens.
3214 4323 3316 4378 ilic
3345 4337 3429 4379 est
3473 4340 3635 4395 egre-

2036 4415 2155 4484 gius
2178 4424 2232 4470 et
2256 4416 2634 4470 sanctissimus
2667 4415 2759 4469 ille
2786 4415 3097 4485 cpiscopus,
3153 4416 3243 4486 qui
3271 4430 3396 4470 cum
3446 4417 3644 4472 fuisset

2037 4510 2272 4580 primum
2313 4524 2342 4563 a
2366 4508 2655 4563 catholicis
2684 4509 2955 4578 episcOpis
2991 4509 3273 4565 ordinatus
3323 4511 3636 4579 episcopus,

2040 4613 2229 4671 postea
2256 4602 2324 4656 ab
2353 4603 2515 4671 impio
2537 4601 2773 4673 Georgio
2815 4603 2869 4657 in
2912 4603 3172 4657 laicorom
3212 4618 3495 4657 numerum
3546 4620 3638 4658 rc-

328 4676 427 4730 ille
456 4680 705 4749 egregius
736 4682 819 4738 bis
861 4686 1153 4755 episcopus
1184 4687 1287 4742 hoc
1317 4704 1424 4742 non
1460 4691 1685 4759 patitur.
1725 4691 1791 4745 Et
1823 4693 1931 4760 pri-
1960 4678 2011 4740 ί)
2037 4698 2249 4763 dactus,
2276 4696 2628 4751 nihilominus
2654 4698 2722 4750 ab
2749 4696 2867 4767 ipso
2889 4694 3121 4766 Georgio
3149 4696 3441 4766 episcopus
3492 4696 3641 4752 ordi-

326 4786 481 4825 mum
512 4772 729 4841 quidem
777 4786 1069 4847 vexatper
1101 4780 1344 4848 publicas
1381 4793 1716 4851 potestates:
1753 4788 1825 4840 ita
1872 4796 1933 4842 ut

328 4860 617 4931 aliquoties
636 4867 812 4922 solum
838 4868 1165 4940 intempesta
1189 4883 1345 4929 nocte
1368 4887 1580 4945 raptum
1601 4893 1694 4946 per
1716 4880 1932 4935 lancea-

330 4953 441 5009 rios
468 4956 534 5011 de
562 4957 698 5013 urbe
738 4962 1044 5019 sustulerit.
1090 4964 1194 5021 Sed
1236 4981 1357 5021 cum
1397 4968 1603 5023 eaedem
1635 4981 1930 5039 potestates

330 5066 439 5105 non
468 5052 520 5106 in
559 5053 664 5108 hoc
695 5070 1042 5124 perseverant
1072 5060 1123 5114 in
1156 5077 1262 5129 quo
1292 5065 1577 5119 temerarie
1608 5075 1924 5136 cmperaut:

332 5143 475 5211 quod
503 5148 648 5201 enim
668 5148 759 5217 jus
782 5148 982 5206 habere
1012 5163 1261 5221 poterant
1287 5165 1471 5211 contra
1499 5158 1814 5231 episcopum
1839 5177 1931 5217 ca-

332 5236 591 5293 tholicum
615 5241 639 5294 ?
668 5242 811 5296 unde
833 5256 887 5297 et
918 5249 1113 5301 merito
1132 5262 1163 5301 a
1190 5261 1366 5319 (’(Bpla
1392 5252 1769 5319 persecutione
1808 5270 1931 5311 ces-

330 5338 539 5396 sarunt,
591 5336 828 5390 maxime
856 5351 994 5391 unus
1037 5354 1105 5394 ex
1147 5339 1280 5410 ipsis
1320 5344 1488 5398 etiam
1541 5346 1725 5404 divina
1770 5348 1928 5418 plaga

331 5422 665 5481 admonitus.
714 5427 865 5484 Tunc
896 5432 1145 5502 egregius
1184 5434 1285 5489 iste
1333 5436 1415 5490 bis
1461 5439 1748 5508 episcopus
1776 5482 1786 5501 ,
1814 5440 1926 5509 jam

333 5518 566 5587 prOpriis
592 5519 801 5578 viribus
820 5524 1032 5590 nititur,
1071 5537 1127 5581 et
1156 5528 1322 5581 mittit
1348 5528 1557 5583 turbam
1603 5531 1929 5587 clericorum

329 5609 403 5665 ad
448 5612 739 5670 ecclesiam
788 5615 932 5672 beati
993 5618 1295 5675 Heraclidae
1344 5622 1597 5678 catholici
1649 5626 1924 5696 episcopi,

329 5716 562 5775 eamque
595 5708 809 5775 evertit,
841 5709 1126 5770 destruens
1155 5712 1394 5784 undique
1444 5713 1682 5785 parietes
1712 5734 1726 5772 :
1760 5718 1832 5774 ita
1873 5730 1933 5776 ut

411 5819 423 5847 '
463 5818 562 5876 Ms.
592 5820 883 5879 Beatissimi
914 5823 1094 5881 Pauli.

408 5890 428 5919 ’
460 5890 556 5949 Hs.
593 5892 702 5951 Sed
731 5893 979 5967 ἠως-ἔρδω
1006 5913 1127 5970 pars
1158 5898 1338 5969 plebis.

2034 4804 2193 4846 natus
2231 4800 2336 4856 est,
2363 4791 2414 4844 in
2445 4792 2731 4845 vexatione
2762 4789 3003 4845 fidelium
3030 4807 3044 4844 :
3076 4788 3281 4844 sedens
3312 4797 3367 4845 et
3388 4805 3637 4845 commu-

2037 4885 2228 4939 nicans
2258 4886 2309 4938 in
2340 4900 2443 4940 una
2467 4884 2768 4955 eademque
2794 4884 3015 4939 civitate
3045 4898 3167 4939 cum
3197 4883 3486 4954 Apollonio
3506 4956 3509 4963 γ
3530 4884 3641 4939 Me-

2037 4976 2363 5032 letianorum
2416 4979 2725 5048 episcopo,
2809 4979 3175 5034 consentienti
3269 4978 3639 5047 impietatibus

2041 5070 2285 5140 Georgii,
2315 5080 2371 5126 et
2410 5086 2530 5125 cum
2560 5073 2678 5141 ipso
2706 5072 2833 5126 item
2876 5070 3168 5143 Apollonio
3214 5072 3354 5128 idem
3386 5071 3635 5125 'I'heodo-

2041 5179 2136 5219 rus
2167 5178 2495 5232 persequens
2533 5164 2748 5219 beatum
2798 5163 3172 5232 Heraclidam,
3203 5164 3487 5219 catholicae
3512 5162 3635 5217 lidei

2042 5255 2333 5311 vindicem.
2381 5256 2521 5312 Ecce
2564 5256 2652 5311 cui
2701 5257 2853 5327 quasi
2903 5256 3168 5311 catholica
3219 5256 3439 5308 basilica
3494 5268 3640 5310 nunc

2043 5351 2240 5405 tradita
2274 5360 2356 5406 est
2376 5350 2647 5420 Apollonii
2673 5366 2737 5406 ex
2762 5351 3029 5422 generalis
3054 5348 3218 5403 edicti
3254 5345 3417 5400 vestri
3447 5357 3639 5402 aucto-

2043 5445 2204 5499 ritate
2228 5460 2239 5497 :
2274 5460 2395 5499 cum
2423 5424 2604 5514 utique
2628 5445 2769 5499 idem
2798 5445 3136 5503 Theodorus,
3162 5441 3253 5511 qui
3279 5440 3431 5511 quasi
3454 5441 3644 5496 catho-

2042 5535 2180 5591 licus
2210 5534 2748 5603 haereticiApollonii
2790 5534 3068 5590 basilicam
3111 5532 3344 5604 accepit,
3392 5532 3643 5589 similiter

2042 5629 2206 5699 impie
2235 5628 2423 5700 gessit,
2452 5636 2512 5682 ut
2533 5629 2702 5699 gessit
2732 5636 2788 5683 et
2807 5627 3130 5698 Apollonius
3155 5645 3167 5682 :
3197 5628 3305 5683 nisi
3334 5628 3457 5699 quia
3485 5638 3640 5683 atro-

2042 5724 2160 5779 cius
2184 5722 2353 5795 gessit
2378 5721 2724 5789 Theodorus,
2745 5736 2869 5780 cum
2899 5721 2967 5780 de
2994 5721 3254 5796 episcopo
3283 5722 3551 5779 catholico
3586 5725 3643 5779 tit

2121 5837 2142 5869 ³
2173 5837 2276 5893 Ms.
2310 5837 2416 5892 Sed
2447 5847 2502 5891 ut
2532 5838 2680 5894 etiam
2700 5838 2907 5897 laicum.

2121 5906 2144 5937 ‘
2175 5908 2275 5964 Ms.
2307 5906 2356 5962 F
2360 5908 2601 5965 oriebatur
2628 5912 2814 5969 divinis
2842 5916 3197 5971 sacramentis.
