4150 6176
528 390 632 449 105

1720 384 2036 444 FAUSTINI
2078 384 2167 441 ET
2196 381 2615 443 MARCELLINI

3727 386 3829 443 104

530 506 727 571 laicus,
780 504 923 575 piam
964 502 1229 557 damnans
1261 500 1442 565 Iidem,
1491 510 1548 557 et
1593 500 1944 556 subscribens
1967 499 2127 554 Aria-
2153 507 2464 567 Acatores,
2496 510 2587 557 aut
2632 501 2811 556 socios
2864 499 3073 555 talium.
3126 497 3235 555 Sed
3277 498 3539 555 adversus
3582 510 3831 558 sanctum

530 612 615 653 nm
661 593 942 666 impietati,
969 602 1027 649 ut
1052 594 1120 648 ab
1147 594 1407 649 liazretico
1432 594 1626 651 iterum
1654 595 1943 664 episcopus
1982 592 2128 647 ordi-

532 700 712 747 netur.
741 689 883 745 Sane
907 687 1034 744 hinc
1063 702 1123 743 se
1149 687 1265 742 vult
1305 688 1636 743 catholicum
1685 686 1854 741 videri
1902 685 2044 756 quod
2076 695 2130 740 et

531 779 648 850 ipse
674 793 816 834 nunc
836 778 1098 850 quosdam
1128 778 1476 852 presbyteros
1502 794 1598 835 seu
1622 780 1883 834 diaconos
1904 777 2131 846 Apollo-

532 873 604 928 nii
638 871 766 929 facit
794 887 958 928 suasu
985 873 1219 943 quodam
1246 874 1435 940 laicos,
1481 882 1537 928 et
1560 887 1656 928 eos
1688 873 1883 927 iterum
1912 870 2129 925 ordinat

533 978 587 1022 ut
644 965 887 1021 videatur
923 965 1269 1035 ,turpissimte
1324 954 1480 1019 istius
1521 963 1882 1020 ordinationis
1956 962 2128 1016 vicem

531 1060 736 1117 referre
765 1076 925 1131 quam
956 1074 1148 1131 passus
1175 1070 1278 1115 est.
1308 1058 1579 1130 Numquid
1604 1075 1709 1113 non
1731 1057 1947 1114 excedit
1969 1072 2129 1113 omne

532 1153 896 1223 sacrilegium,
954 1152 1071 1208 haec
1120 1152 1351 1208 ludibria
1403 1152 1503 1208 sub
1559 1153 1777 1208 nomine
1860 1151 2131 1208 catholico

534 1247 839 1312 vindicare,
864 1247 919 1303 in
950 1246 1299 1304 afflictionem
1331 1247 1571 1303 ﬁdelium
1602 1245 1945 1303 sacerdotum
1968 1256 2129 1316 atque

534 1341 795 1397 laicorum
823 1343 847 1397 ?

605 1434 799 1490 XXIX.
842 1434 949 1493 Sed
976 1444 1031 1491 et
1059 1434 1202 1507 apud
1229 1433 1570 1490 Palaestinam
1616 1434 1671 1489 in
1723 1430 2129 1503 Eleutheropoli

531 1538 615 1583 est
639 1542 793 1583 sacra
818 1526 1226 1598 virgo“Cliristi,
1260 1528 1480 1583 nomine
1507 1526 1820 1594 Hermione,
1849 1524 2128 1595 generosis

528 1620 748 1691 quidem
779 1621 919 1676 edita
950 1620 1242 1686 natalibus,
1272 1620 1367 1675 sed
1397 1619 1502 1675 ﬁde
1529 1628 1583 1675 et
1608 1618 1962 1674 sanctimonia
1987 1617 2128 1672 mul-

532 1721 644 1768 tum
672 1712 812 1769 facta
842 1714 1181 1783 generosior,
1217 1713 1388 1783 ipsam
1440 1712 1802 1782 virginitatem
1854 1711 2127 1767 condeco-

530 1820 657 1861 rans
681 1815 990 1875 contemptu
1014 1820 1195 1861 rerum
1214 1804 1557 1860 szrcularium
1587 1803 2123 1873 etliumanaegloriae,

2235 592 2526 663 Ephesium
2579 594 2851 647 modicum
2897 592 3027 662 quid
3056 592 3241 647 conati
3310 592 3363 647 in
3414 592 3831 664 Palaestina‘hi,

2232 686 2426 755 quibus
2450 700 2603 741 sacra
2638 687 2837 741 veritas
2858 698 3088 740 onerosa
3113 694 3220 750 est,
3251 694 3436 754 postea
3480 686 3828 756 destiterunt,

2233 788 2539 834 metuentes
2569 780 2621 833 in
2655 780 2748 834 illo
2768 788 2823 834 et
2854 777 2976 833 ﬁdei
3008 778 3315 834 libertatem
3335 819 3350 843 ,
3383 786 3443 833 et
3468 782 3828 839 constantiam

2231 870 2418 937 anitni,
2451 870 2633 926 ethoc
2661 871 2834 940 ipsum
2858 870 3181 939 cogitantes,
3214 869 3358 939 quod
3404 871 3575 939 magis
3604 870 3831 929 haeresis

2233 979 2421 1020 eorum
2461 973 2515 1019 et
2540 964 2789 1034 impietas
2816 963 2967 1033 prodi
3015 972 3249 1033 poterat,
3307 964 3351 1019 si
3397 964 3498 1019 sub
3552 966 3709 1023 vobis
3739 983 3831 1023 ca-

2234 1056 2452 1112 tholicis
2494 1056 2914 1127 imperatoribus
2974 1056 3201 1127 integra:
3246 1066 3301 1112 et
3345 1061 3647 1116 constantis
3701 1062 3829 1119 fidei

2230 1152 2546 1222 episcopmn
2604 1154 2787 1207 acrius
2835 1152 3244 1222 inquietassent.
3302 1153 3401 1210 Ubi
3446 1167 3627 1213 autem
3680 1157 3826 1214 idem

2230 1243 2423 1300 beatus
2448 1243 2741 1315 Ephesius,
2773 1245 3031 1299 invitatus
3049 1245 3287 1300 ﬁdelium
3320 1247 3539 1315 litteris,
3583 1250 3637 1305 in
3680 1250 3829 1306 Afri-

2230 1353 2347 1393 cam
2380 1338 2669 1408 navigavit,
2696 1338 2854 1393 nobis
2895 1339 3197 1408 apostolico
3242 1356 3395 1396 more
3434 1342 3573 1398 dans
3616 1358 3826 1413 praece-

2232 1440 2402 1501 ptum,
2438 1439 2494 1485 ut
2520 1432 2667 1486 circa
2696 1441 2938 1487 sanctam
2964 1432 3353 1489 fraternitatem
3397 1434 3596 1492 divinis
3640 1448 3695 1493 et
3737 1454 3829 1495 ec-

2229 1524 2551 1580 clesiasticis
2583 1525 2776 1580 ciliciis
2804 1524 3265 1593 incumberemus,
3313 1528 3367 1583 id
3399 1530 3598 1599 ipsum,
3638 1541 3825 1588 sancta

2231 1619 2341 1674 illic
2367 1619 2709 1675 fraternitate
2737 1629 3015 1690 poscente,
3060 1622 3310 1691 egregius
3336 1622 3520 1678 Turbo
3569 1624 3829 1681 Eleuthe-

2230 1712 2549 1782 r0politanae
2580 1713 2869 1784 episcopus
2899 1714 3138 1769 civitatis
3187 1725 3428 1771 nostram
3470 1718 3825 1788 exiguitatem

2229 1803 2557 1874 despiciens,
2592 1806 2643 1859 in
2677 1821 2775 1860 nos
2824 1806 2991 1876 cmpit
3036 1808 3180 1863 velle
3224 1823 3626 1876 consummare,
3680 1811 3826 1882 quod

528 1897 597 1953 ad
627 1913 786 1969 quam
817 1898 1057 1967 plerique
1095 1896 1377 1962 aﬁ'ectant,
1402 1897 1567 1952 etiam
1597 1898 1689 1969 qui
1719 1912 1780 1953 se
1828 1897 2031 1951 saeculo
2069 1906 2124 1951 et
2157 1889 2201 1950 Β
2230 1895 2284 1949 in
2314 1904 2558 1951 sanctum
2602 1896 2897 1965 Ephesium
2942 1913 3327 1956 consummare
3373 1918 3479 1957 tton
3524 1918 3686 1959 ausus
3715 1912 3822 1971 est,

524 1990 985 2062 concupiscentia:
1036 1990 1219 2046 carnis
1302 1991 1718 2046 abrenuntiasse
1793 1989 2117 2061 gloriantur.

527 2082 654 2141 Haec
684 2083 739 2138 in
769 2092 1032 2154 quantum
1060 2083 1435 2139 castimoniam
1467 2085 1717 2154 corporis
1745 2099 1901 2140 sacro
1944 2086 2123 2152 rigore

521 2176 779 2240 custodit,
806 2176 857 2229 iu
885 2183 1093 2230 tantum
1134 2176 1328 2230 animm
1359 2177 1653 2246 puritatem
1684 2186 1830 2232 casta
1861 2177 1961 2245 pia:
1992 2175 2119 2232 ﬁdei

524 2268 907 2324 observatione
931 2278 1257 2323 conservat:
1289 2285 1397 2325 nou
1425 2269 1721 2337 haereticis,
1769 2286 1876 2325 non
1907 2286 2118 2339 pracva-

522 2361 849 2417 ricatoribus
862 2362 1270 2418 communicans
1296 2378 1311 2429 ;
1343 2378 1408 2417 eo
1424 2364 1566 2433 quod
1596 2363 1855 2434 intelligat
1874 2362 2119 2434 corporis

522 2455 889 2527 virginitatem
940 2456 1073 2512 nihil
1122 2458 1402 2528 prodesse,
1464 2459 1567 2515 nisi
1648 2468 1703 2515 et
1756 2460 2116 2527 integritatem

518 2551 713 2605 anima:
739 2566 894 2607 sacra
916 2552 1263 2608 confessione
1297 2561 1512 2607 tueatur
1533 2594 1549 2619 ,
1582 2552 1757 2608 labem
1797 2552 2117 2609 adulterinae

518 2645 918 2699 communionis
947 2643 1233 2714 effugiens,
1286 2653 1339 2699 et
1357 2651 1575 2699 sectans
1621 2643 1880 2699 salutaria
1936 2658 2119 2698 sacra-

515 2748 699 2795 menta
728 2738 968 2795 ﬁdelium
1016 2738 1385 2795 sacerdotum.
1410 2740 1649 2818 Denique
1675 2739 1944 2810 supplicat
1991 2738 2118 2794 reli-

515 2831 681 2903 giosis
711 2831 910 2887 litteris
936 2831 1077 2902 apud
1105 2832 1321 2887 beatum
1356 2831 1697 2887 Heraclidam
1720 2873 1734 2898 ,
1773 2840 1834 2887 ut
1884 2832 2003 2901 ejus
2028 2847 2115 2886 sa-

513 2925 625 2982 cris
656 2924 1055 2981 visitationibus
1099 2926 1401 2995 juvaretur.
1447 2924 1555 2982 Sed
1595 2941 1692 2996 pro
1736 2926 1893 2982 beato
1937 2926 2114 2982 Hera-

509 3019 654 3076 clida
684 3031 904 3077 sanctus
934 3021 1201 3092 Ephesius
1238 3022 1444 3087 visitat,
1474 3023 1565 3093 qui
1606 3022 1659 3077 id
1719 3022 1981 3094 temporis
2030 3023 2103 3077 ob

505 3113 767 3169 utilitates
816 3113 1215 3170 ecclesiasticas
1265 3114 1332 3169 ad
1390 3115 1707 3184 episcopum
1757 3113 2107 3169 Heraclidam

510 3206 579 3263 de
612 3207 743 3263 urbe
769 3207 939 3263 Roma
967 3216 1210 3264 venerat.
1242 3207 1341 3263 llic
1368 3216 1452 3262 est
1482 3207 1772 3277 Ephesius.
1827 3223 1986 3278 quem
2020 3223 2111 3263 su-

2227 1992 2478 2047 nesciens
2506 1992 2649 2062 quod
2678 1990 2882 2047 Christi
2915 1994 3008 2047 Dei
3032 1995 3203 2063 gratia
3230 1996 3392 2050 etiam
3428 1998 3823 2054 minimissimis

2224 2084 2457 2139 servulis
2504 2084 2621 2153 ejus
2672 2087 3064 2155 patrocinetur,
3118 2087 3357 2142 maxime
3385 2104 3483 2158 pro
3526 2105 3687 2144 causa
3729 2107 3817 2144 rc-

2222 2188 2324 2231 cla:
2373 2176 2499 2232 ﬁdei
2548 2177 2940 2233 laborantibus.
2993 2179 3237 2249 Namque
3282 2182 3370 2236 hic
3416 2182 3621 2247 Turbo,
3669 2194 3817 2254 post-

2222 2285 2381 2337 quam
2410 2270 2613 2325 audivit
2643 2272 2901 2341 quosdam
2934 2288 2994 2328 se
3024 2274 3247 2345 integra:
3289 2275 3412 2330 ﬁdei
3458 2278 3733 2346 capillare,
3766 2287 3821 2334 et

2225 2379 2318 2431 per
2340 2363 2434 2419 Dei
2456 2364 2684 2434 gratiam
2716 2381 2828 2420 rem
2860 2368 2971 2420 veri
3001 2382 3272 2433 crescere,
3310 2370 3468 2424 nobis
3515 2370 3674 2426 exitia
3714 2373 3814 2427 mi-

2223 2459 2449 2526 nitatur,
2485 2469 2538 2513 et
2570 2460 2773 2514 turbat.
2807 2460 2913 2516 Sed
2954 2471 3008 2515 et
3052 2462 3239 2517 Severi
3269 2461 3464 2518 domus
3511 2464 3819 2521 incendium

2223 2549 2529 2604 minitatum
2560 2551 2801 2617 veritati,
2832 2553 2922 2622 qui
2956 2560 3105 2607 tanto
3146 2553 3317 2626 magis
3365 2555 3525 2611 ﬁdem
3555 2556 3645 2612 Dei
3706 2558 3822 2612 viu-

2220 2640 2434 2706 dicat,‘
2467 2658 2670 2713 quanto
2718 2655 2773 2699 et
2829 2644 3076 2701 Romano
3126 2648 3353 2716 imperio
3399 2648 3632 2704 ﬁdeliter
3678 2649 3820 2705 mili-

2220 2734 2371 2787 tavit.
2400 2734 2595 2789 Tentat
2622 2752 2835 2806 quoque
2862 2746 2916 2792 et
2942 2752 3151 2793 sacram
3181 2739 3442 2810 virginem
3472 2740 3818 2797 Hermionem

2220 2826 2429 2898 insequi
2459 2847 2471 2881 :
2498 2845 2658 2899 quam
2691 2832 2945 2886 feminam
3000 2836 3326 2903 quicumque
3357 2832 3566 2899 didicit,
3620 2844 3678 2888 ut
3715 2835 3818 2889 ali-

2217 2937 2375 2991 quam
2402 2922 2469 2978 de
2490 2924 2820 2994 evangelicis
2861 2924 3074 2980 feminis
3115 2925 3412 2981 admiratus
3452 2936 3555 2982 est.
3607 2927 3712 2984 Sed
3758 2938 3816 2985 et

2218 3015 2444 3087 singulis
2475 3018 2795 3088 ,quibusque
2849 3019 3022 3074 tendit
3064 3019 3326 3085 insidias,
3380 3020 3472 3091 qui
3524 3021 3811 3078 nobiscum

2215 3121 2382 3164 sacrae
2436 3112 2833 3166 communionis
2879 3114 3158 3168 consortio
3219 3116 3591 3184 copulantur:
3645 3117 3811 3173 veluti

2219 3199 2369 3253 nefas
2391 3201 2673 3270 objicicns,
2706 3218 2775 3258 ex
2820 3204 2936 3274 lege
2973 3203 3066 3258 illa
3118 3204 3454 3275 Babyloniae,
3496 3206 3640 3275 quod
3670 3207 3809 3263 intra

508 3316 605 3373 pra
629 3300 864 3358 diximus
914 3302 1133 3357 ίιηιηιω
1163 3304 1179 3333 ι
1212 3302 1352 3372 plebi
1404 3301 1666 3357 Romam;
1714 3302 2026 3372 episcopum
2073 3317 2101 3355 ε
2134 3278 2179 3342 C
2215 3304 2398 3347 nostra
2422 3291 2719 3362 domicilia,
2754 3296 2874 3350 sine
2906 3296 3027 3350 labc
3058 3296 3355 3364 haereseos,
3404 3307 3458 3352 et
3502 3298 3619 3355 siue
3660 3315 3811 3355 com-

508 3393 950 3449 constantissimo
1000 3393 1236 3465 Taorgio
1278 3394 1535 3465 episcopo
1591 3394 1919 3449 ordinatum.
1992 3394 2101 3451 Sed

504 3499 630 3541 cum
659 3486 893 3541 venisset
923 3485 1414 3557 Eleuthempolim,
1449 3501 1554 3541 non
1584 3486 1760 3542 solum
1807 3486 2102 3543 Hermione

503 3592 627 3632 cum
656 3592 756 3633 suo
781 3593 938 3633 sacro
959 3580 1289 3635 monasterio
1318 3580 1610 3645 relevatur,
1656 3579 1751 3636 sed
1784 3588 1839 3635 et
1880 3580 2098 3650 quidam

504 3672 803 3728 ﬁdelissimi
834 3674 978 3730 servi
1020 3673 1140 3730 Dei.
1189 3673 1335 3731 luter
1363 3689 1500 3746 quos
1543 3675 1705 3731 etiam
1762 3675 1957 3731 nobilis
2002 3675 2099 3730 do-

502 3781 624 3821 mus
650 3765 890 3837 religiosi
917 3766 983 3821 ad
1011 3765 1172 3822 ﬁdem
1193 3766 1517 3823 catholicam
1542 3767 1727 3823 Severi
1753 3783 1818 3823 ex
1843 3768 2094 3834 tribunis,

502 3858 595 3916 diu
625 3860 845 3931 quidem
874 3876 983 3915 non
1013 3862 1421 3916 communicans
1450 3859 1724 3914 ltzereticis
1750 3871 1803 3915 et
1835 3859 2095 3929 pracvari-

496 3951 795 4017 catoribus,
828 3950 971 4005 sed'
1030 3950 1270 4006 nondum
1312 3951 1400 4020 qui
1446 3949 1747 4005 invenisset
1794 3950 2096 4006 catholico-

495 4056 617 4097 rum
658 4056 867 4097 sacram
918 4041 1383 4097 communionem.
1432 4040 1534 4097 Ubi
1564 4050 1743 4097 autem
1794 4043 1925 4098 vidit
1972 4060 2098 4099 san—

494 4140 640 4190 ctum
666 4133 984 4204 Ephesium,
1016 4142 1139 4205 post
1170 4136 1369 4191 multas
1397 4135 1831 4191 examinatioues
1859 4137 2094 4207 probans

496 4241 621 4283 eum
648 4225 999 4291 catholicum,
1033 4227 1253 4283 tradidit
1306 4242 1366 4285 se
1407 4229 1456 4284 ei
1500 4230 1551 4283 in
1603 4243 1813 4285 sacram
1852 4244 2095 4286 commu-

494 4321 735 4386 nionem,
764 4322 982 4377 beatum
1015 4335 1075 4377 se
1100 4320 1373 4392 judicans,
1401 4323 1543 4394 quod
1570 4324 1789 4380 domum
1830 4340 1982 4381 suam
2025 4340 2093 4381 ex

494 4414 777 4485 imperato
802 4413 984 4470 divina
1008 4414 1381 4471 misericordia
1409 4415 1679 4474 visitasset
1705 4436 1717 4471 :
1744 4428 1945 4474 tantam
1969 4434 2093 4474 san-

494 4508 568 4564 cti
599 4507 902 4564 sacerdotis
922 4506 1159 4565 adventu
1186 4508 1382 4564 ductus
1412 4508 1465 4564 in
1494 4510 1934 4576 admirationem,
1981 4526 2089 4566 non

492 4604 670 4659 solum
692 4603 816 4658 vitae
840 4602 959 4673 ejus
989 4604 1240 4674 puritate,
1272 4604 1365 4661 sed
1398 4613 1453 4660 et
1480 4605 1804 4676 quibusdam
1851 4606 2090 4662 ccelesti-

2207 3386 2466 3441 munione
2512 3387 2771 3455 perﬁdize,
2834 3388 3131 3443 secundum
3179 3389 3517 3459 evangelicas
3571 3399 3625 3445 et
3676 3406 3809 3461 apo-

2204 3477 2424 3533 stolicas
2454 3479 2793 3543 traditiones,
2844 3480 3282 3537 desiderantibus
3332 3483 3577 3539 ﬁdelibus
3623 3485 3807 3542 divina

2204 3583 2537 3628 sacramenta
2568 3575 2928 3630 celebramus.
2958 3576 3149 3631 Simile
3169 3579 3313 3631 enim
3347 3577 3527 3633 furore
3557 3588 3613 3634 et
3636 3596 3808 3650 quon-

2201 3664 2325 3719 dam
2345 3665 2630 3736 Babylonii
2657 3678 2903 3723 sanctum
2934 3668 3213 3725 Danielem
3242 3670 3530 3726 hostilibus
3556 3671 3697 3727 odiis
3724 3673 3807 3727 in-

2202 3760 2372 3816 secuti
2411 3768 2557 3827 sunt,
2604 3761 2746 3831 quod
2800 3761 2853 3816 in
2887 3778 2981 3817 sua
3021 3764 3185 3819 domo
3238 3766 3403 3820 Deum
3458 3766 3804 3826 observantia

2201 3853 2397 3909 divinae
2454 3855 2587 3923 legis
2631 3856 2905 3912 adoraret.
2950 3857 3048 3912 Hie
3100 3868 3181 3913 est
3224 3857 3427 3927 Turbo,
3478 3860 3570 3932 qui
3602 3862 3800 3931 diaco-

2202 3963 2302 4002 nus
2334 3946 2437 4002 fuit
2466 3947 2719 4021 Eutycltii
2745 3948 3012 4016 hairetici,
3062 3952 3163 4006 sub
3211 3968 3318 4023 quo
3351 3953 3542 4009 beatus
3582 3953 3803 4013 Lucifer

2201 4040 2759 4111 Eleutheronolitanze
2780 4042 3015 4097 civitatis
3049 4044 3352 4113 patiebatur
3380 4046 3636 4101 exsilium
3665 4066 3678 4101 :
3704 4049 3798 4117 qui

2200 4142 2253 4188 et
2283 4134 2460 4203 ipsum
2484 4132 2817 4201 Luciferum,
2847 4134 3006 4191 ﬁdem
3039 4136 3207 4192 libere
3235 4138 3620 4205 vindicantem,
3659 4141 3800 4196 mul-

2200 4226 2268 4281 tis
2295 4226 2675 4282 atrocitatibus
2703 4228 3051 4283 vehementer
3074 4229 3285 4285 afﬂixit.

2268 4317 2462 4372 XXXI.
2505 4317 2641 4374 Sunt
2667 4318 2843 4375 adhuc
2869 4320 3108 4377 hodiein
3138 4321 3447 4389 Palaestina,
3488 4325 3656 4395 quiin
3698 4326 3794 4383 illo

2198 4418 2443 4479 tempore
2470 4410 2879 4481 insequentibus
2929 4413 3037 4467 illis
3067 4428 3256 4484 pmuas
3309 4418 3660 4486 gravissimas
3701 4419 3798 4475 de-

2194 4501 2410 4569 derunt,
2444 4518 2510 4558 eo
2530 4504 2675 4575 quod
2706 4520 2828 4561 cum
2858 4506 3140 4563 catholica:
3170 4507 3295 4565 ﬁdei
3323 4511 3582 4580 episcOpo
3629 4513 3793 4570 Luci-

2194 4595 2310 4652 fero
2335 4599 2712 4655 convenirent.
2742 4599 2970 4671 Negent,
3003 4604 3048 4657 si
3077 4616 3203 4670 ;non
3250 4602 3392 4659 inter
3440 4614 3636 4660 ctrtcra
3694 4622 3791 4663 sua

490 4694 591 4751 bus
617 4672 1101 4753 documentissesi
1125 4698 1271 4754 enim
1305 4705 1471 4753 tanta;
1498 4672 1633 4754 hdci
1689 4710 1743 4764 et
1795 4672 2174 4756 sam-timo-”
2200 4692 2425 4758 atrocia,
2472 4693 2696 4764 januam
2736 4694 2974 4750 clausam
3002 4697 3283 4753 securibus
3316 4697 3644 4770 effregerunt
3675 4719 3689 4756 :
3742 4702 3789 4757 si

492 4788 597 4842 nite
623 4788 818 4844 beatus
861 4787 1153 4859 Ephesius,
1201 4798 1258 4844 ut
1314 4804 1656 4859 quocumque
1702 4792 2029 4860 perrexerit,
2064 4792 2085 4822 ³

487 4897 615 4939 eum
643 4882 813 4955 gratia
840 4882 1020 4938 divina
1051 4883 1361 4939 comitetur.
1397 4883 1647 4939 Probavit
1696 4885 1801 4942 hoc
1846 4896 1901 4942 et
1932 4886 2088 4958 plebs

488 4982 675 5031 sancta
721 4973 862 5046 apud
884 4973 1272 5046 Oxyrinchum,
1303 4975 1462 5032 beato
1501 4976 1798 5035 Heraclida:
1842 4994 2088 5036 commu-

489 5069 700 5137 nicans,
731 5084 852 5140 qua:
875 5068 1024 5123 illum
1055 5069 1125 5125 ob
1143 5070 1393 5125 meritutn
1422 5070 1618 5127 divina:
1644 5075 1833 5144 gratia:
1858 5075 1940 5143 pia
1969 5074 2087 5146 ejus

485 5163 779 5221 dilectione
807 5162 1124 5229 constricta,
1157 5171 1216 5217 ut
1246 5164 1519 5232 quondam
1556 5165 1741 5220 Asiani
1775 5168 2080 5237 apostolum

487 5255 711 5315 Paulum
758 5272 883 5314 cum
934 5271 1130 5328 magno
1172 5256 1299 5312 ﬁetu
1359 5257 1583 5312 deduxit
1626 5259 2077 5329 proﬁciscentem.

558 5348 728 5403 XXX.
763 5348 880 5405 Non
908 5346 1024 5403 haec
1046 5346 1299 5403 laudandi
1327 5348 1507 5403 studio
1558 5348 1851 5419 loquimur,
1900 5351 1996 5406 sed
2026 5361 2084 5407 ut

482 5440 626 5498 scire
655 5444 894 5511 possitis,
923 5459 1084 5513 quam
1109 5450 1313 5497 sancta:
1342 5451 1396 5496 et
1424 5441 1613 5499 ﬁdeles
1636 5443 1830 5498 anima:
1858 5444 1959 5499 sub
1984 5461 2080 5500 ve-

486 5532 588 5587 stri
616 5533 851 5587 nominis
876 5535 1195 5590 auctoritate
1230 5534 1567 5605 gravissimis
1606 5536 2078 5605 persecutionibus

482 5621 791 5692 afﬂigantur
813 5624 882 5678 ab
909 5624 1013 5689 his.
1037 5641 1175 5696 quos
1200 5635 1434 5691 constat,
1469 5628 1843 5697 ignorantibus
1896 5630 2071 5695 vobis,

482 5716 647 5774 etiam
673 5730 815 5770 nunc
842 5730 1014 5786 usque
1039 5729 1135 5772 aut
1164 5720 1451 5777 haereticos
1498 5737 1641 5792 esse,
1688 5732 1785 5780 aut
1815 5726 2071 5797 praevari-

555 5835 570 5864 ¹
607 5831 707 5887 Ms.
742 5830 911 5885 Plebis
939 5832 1187 5887 Romana:
1214 5841 1533 5902 episcopum.

552 5905 573 5937 ¹
604 5903 705 5960 Ms.
735 5902 842 5960 Sed
866 5906 1078 5958 necdum
1101 5905 1187 5961 aui
1213 5905 1499 5963 invenisset.

2198 4801 2304 4841 non
2338 4787 2611 4843 irruentes
2649 4788 2702 4842 in
2737 4787 3047 4845 Luciferum
3101 4790 3475 4847 ﬁdelissimum
3534 4793 3790 4848 sacerdo-

2191 4878 2297 4926 tem
2308 4914 2322 4939 ,
2337 4871 2519 4927 divina
2533 4887 2745 4943 quoque
2763 4888 3098 4930 sacramenta
3111 4884 3409 4943 verterunt,
3425 4893 3788 4948 unumquem-

2190 4979 2297 5033 que
2328 4965 2436 5019 illic
2460 4964 2528 5020 de
2554 4964 2640 5020 his
2660 4963 2918 5022 fratribus
2934 4968 3025 5038 qui
3048 4980 3423 5025 convenerant
3452 4972 3614 5042 impia
3636 4973 3788 5029 czede

2190 5056 2501 5111 multantes.
2544 5055 2785 5127 Negent,
2848 5058 2895 5111 si
2936 5074 3041 5112 non
3084 5058 3245 5115 hodie
3282 5061 3424 5130 apud
3482 5077 3541 5117 se
3596 5072 3784 5119 sancta

2189 5149 2415 5220 mystica
2445 5165 2572 5205 vasa
2610 5166 2730 5219 quae
2757 5159 2885 5206 tunc
2931 5153 3091 5222 impie
3134 5153 3385 5211 Lucifero
3413 5156 3782 5228 diripuerunt,

2187 5256 2311 5297 cum
2337 5241 2508 5297 sacris
2534 5242 2813 5298 codicibus
2839 5245 3138 5315 possident.
3171 5248 3323 5304 Tunc
3369 5250 3554 5320 utique
3604 5250 3785 5308 Turbo

2187 5351 2308 5392 cum
2326 5335 2594 5408 Eutycliio
2620 5336 2880 5395 heretico
2900 5340 3233 5397 versabatur.
3260 5342 3340 5399 Ex
3367 5352 3495 5400 tunc
3515 5360 3575 5401 se
3594 5346 3787 5402 catho-

2188 5430 2349 5485 licum
2382 5430 2588 5497 dicens,
2618 5432 2917 5489 catholicos
2961 5438 3307 5507 persequitur
3355 5438 3457 5495 sub
3486 5440 3653 5495 vestri
3683 5456 3783 5496 no-

2186 5522 2348 5577 minis
2377 5525 2737 5590 auctoritate,
2788 5528 2889 5597 piae
2942 5528 3061 5598 spei
3106 5532 3566 5602 contemplatione
3617 5532 3779 5590 ﬁdem

2185 5618 2506 5673 catholicam
2539 5618 2884 5675 vindicantis.
2915 5620 3254 5692 Permittitis,
3288 5624 3515 5696 piissimi
3546 5626 3784 5696 impera-

2184 5716 2355 5776 tores,
2386 5720 2443 5764 ut
2480 5711 2582 5766 sub
2607 5713 2775 5768 vestri
2832 5715 3065 5771 nominis
3122 5719 3469 5787 auctoritate,
3515 5718 3779 5777 adversus

2254 5846 2274 5919 _’
2437 5847 2569 5901 Eum
2583 5849 2795 5919 justitia
2821 5849 2993 5904 divina
3025 5855 3318 5910 comitetur.

2253 5914 2275 5946 ⁴
2302 5917 2400 5972 Ms.
2439 5914 2699 5984 Quantum
2724 5932 2769 5977 et
2798 5920 3035 5978 Romano
3066 5925 3301 5993 imperio.
