4150 6176
302 322 408 379 105

1272 316 1608 377 LIBELLUS
1649 314 1932 375 ιιιιεαυιι
1973 313 2064 371 ΑΙ)
2103 314 2616 389 IMPERATORES.

3505 324 3607 381 106

303 436 494 492 lideles
521 433 615 489 diu
637 433 841 505 ubique
862 434 1174 490 dominetur
1200 434 1492 504 impietas?
1518 434 1744 504 Expedit
1763 432 1906 488 enim
1935 440 1987 500 Α
2015 445 2121 499 que
2156 432 2523 497 conscribant,
2566 440 2747 487 tamen
2791 433 2892 487 sibi
2925 447 3138 499 omnes,
3162 434 3248 490 vel
3283 450 3347 492 ex
3378 434 3609 505 directo,

305 529 411 584 hoc
465 528 714 583 Romano
756 527 1011 595 imperio,
1058 527 1200 597 quod
1256 537 1432 580 tamen
1474 525 1673 579 allecto
1716 534 1772 579 et
1805 524 1910 578 lide

300 621 427 691 ejus
453 636 619 691 quam
658 618 875 674 Christo
898 620 1013 674 Deo
1062 618 1334 675 exhibetis
1374 618 1735 673 observantiae
1776 616 1911 671 dici-

305 730 457 779 mus,
490 726 549 769 ut
574 712 661 784 qui
693 711 971 768 Christum
1015 712 1104 785 pic
1133 712 1449 783 przedicant,
1501 713 1911 785 persecutiones

310 817 625 877 mortesque
646 808 947 875 patiantur,
1003 806 1156 860 itaut
1185 820 1449 875 nusquam
1483 806 1645 860 liceat
1667 805 1777 859 Deo
1825 804 1911 873 pia

311 900 507 956 altaria'
522 898 817 965 collocare,
849 906 943 953 aut
978 908 1159 960 certe,
1207 913 1327 952 cum
1374 897 1641 953 collocata
1686 896 1910 962 fuerint,

310 990 701 1047 destruantur?
736 990 853 1045 Sub
883 990 1046 1060 impio
1074 988 1262 1044 Achab
1292 1004 1419 1059 rege
1470 989 1659 1053 Israel,
1713 987 1912 1043 occisis

309 1084 588 1156 prophetis
618 1083 993 1153 altaribusque
1024 1082 1342 1147 destructis,
1374 1082 1686 1151 interpellat
1736 1080 1914 1137 Helias

307 1178 479 1233 Deum
510 1176 778 1232 adversus
810 1175 997 1241 Israel,
1044 1174 1235 1231 dicens
1283 1176 1333 1230 in
1379 1176 1517 1229 libro
1546 1175 1854 1243 Regnorum
1896 1190 1910 1228 :

310 1268 556 1335 Domine,
587 1269 866 1339 prophetas
916 1278 1030 1321 tuos
1083 1268 1400 1333 occiderunt,
1454 1268 1643 1321 altaria
1688 1278 1781 1321 tua
1827 1268 1916 1321 de-

308 1372 631 1418 struxerunt.
661 1371 709 1415 et
732 1378 827 1433 ego
857 1362 1066 1415 relictus
1089 1377 1203 1414 sum
1242 1362 1407 1426 solus,
1449 1370 1496 1414 et
1522 1369 1763 1429 quarunt
1804 1361 1914 1413 ani-

321 1473 463 1510 mum
488 1472 647 1510 nteant
669 1454 762 1526 (Ill
800 1453 959 1525 Reg.,
992 1469 1106 1520 nx,
1144 1453 1255 1523 14).
1288 1453 1437 1508 Hanc
1483 1453 1803 1508 invidiosam
1839 1456 1919 1506 in-

319 1548 749 1619 terpellationem
798 1546 961 1602 etiam
995 1550 1194 1603 vestris
1236 1546 1575 1617 temporibus
1616 1546 1797 1600 sinitis
1849 1544 1917 1599 ad

313 1642 487 1696 Deum
518 1639 634 1695 ﬁeri
666 1656 695 1693 a
727 1638 955 1709 singulis
989 1638 1291 1709 quibusque
1321 1636 1571 1693 lidelibus
1619 1635 1921 1692 sacerdoti-

311 1734 415 1790 bus
444 1734 467 1788 ?
499 1735 554 1790 Si
584 1731 732 1789 enim
766 1741 821 1789 et
845 1738 1083 1796 taceant,
1134 1731 1392 1802 numquid
1440 1731 1583 1785 Deus
1636 1731 1751 1785 hinc
1801 1730 1917 1799 ipsa

2010 526 2092 577 vel
2138 540 2203 577 ex
2244 524 2460 592 obiqua
2500 529 2949 581 concatenatione
2988 531 3391 584 communicant
3420 550 3431 584 :
3462 532 3611 587 inani

2009 615 2191 669 studio
2214 616 2663 688 philosophorum
2683 618 2817 673 solis
2837 618 3294 689 disputationibus
3314 622 3611 692 litigantes,

2012 725 2117 764 non
2148 719 2205 764 ut
2242 709 2533 765 Cliri~tiani
2563 728 2627 767 ex
2662 712 2955 768 devotione
2982 716 3329 778 sacramenti,
3360 718 3499 771 alter
3526 718 3609 772 al-

2013 810 2185 856 terum
2214 804 2359 857 velut
2387 804 2609 873 impium
2631 804 2969 871 devitantes;
3001 821 3051 860 ut
3077 808 3186 877 jam
3210 809 3349 863 sicut
3373 811 3424 863 in
3449 811 3614 865 schoo

2014 898 2081 953 lis
2110 900 2308 969 ingenii
2340 900 2592 954 videatur
2622 901 2760 956 inter
2788 916 2884 955 eos
2904 916 3025 957 esse
3052 915 3349 965 certamen,
3380 922 3485 960 nun
3513 922 3612 960 au-

2012 995 2121 1044 tem
2170 1006 2324 1045 sacra
2356 990 2606 1045 defensio
2645 1008 2788 1047 verte
2817 994 3136 1063 religionis:
3176 996 3613 1066 quandoquidem

2013 1082 2154 1136 inter
2191 1098 2251 1138 se
2284 1093 2623 1139 sacramenta
2668 1100 2772 1139 non
2815 1098 3089 1156 separant,
3125 1103 3247 1143 cum
3284 1090 3463 1159 impiis
3493 1107 3619 1147 seu-

2016 1176 2205 1229 tentis
2246 1177 2316 1232 ab
2345 1176 2575 1232 invicem
2626 1190 2969 1247 separentur.
3022 1180 3133 1234 Iloc
3162 1192 3342 1235 autem
3388 1183 3511 1237 ideo
3538 1184 3619 1236 l'a-

2016 1269 2185 1335 ciunt,
2218 1270 2341 1336 quia
2371 1271 2589 1337 quidam
2618 1288 2807 1327 eorum
2839 1272 3089 1328 humana:
3138 1275 3349 1345 gloria),
3398 1277 3619 1346 quidam

2017 1376 2146 1415 vero
2176 1363 2419 1416 avaritia:
2448 1363 2666 1419 student
2692 1386 2704 1417 :
2736 1374 2789 1419 et
2822 1364 2948 1420 inde
2978 1378 3060 1419 εει
3092 1366 3234 1436 quod
3264 1368 3366 1421 sibi
3390 1369 3618 1423 invicem

2016 1454 2119 1507 sub
2153 1454 2313 1523 impia
2351 1456 2787 1511 dissimulatione
2822 1458 3144 1517 colludunt.
3191 1471 3248 1514 ut
3280 1476 3379 1514 nec
3408 1476 3625 1532 posses-

2018 1546 2202 1601 siones
2226 1547 2455 1616 perdant
2484 1548 2768 1615 Ecclesiae,
2798 1566 2897 1605 nec
2928 1552 3185 1607 honores.
3220 1553 3287 1606 Et
3310 1554 3536 1619 interea,
3567 1565 3626 1609 ut

2021 1645 2103 1693 tot
2129 1654 2255 1695 suas
2281 1640 2462 1695 velent
2486 1641 2816 1709 impietatcs,
2840 1642 2903 1694 ad
2933 1643 3241 1698 illusionem
3264 1646 3622 1715 singulorum,

2022 1732 2187 1787 veluti
2212 1734 2613 1799 benignissima-
2638 1736 2837 1791 mentis
2862 1736 3058 1791 indicia
3080 1737 3451 1808 pra-ferentes,
3477 1741 3629 1796 aiunt

313 1826 431 1883 ﬁeri
460 1826 720 1895 ignorat?
772 1825 913 1894 Quid
957 1836 1230 1894 putamus,
1284 1824 1427 1895 quod
1461 1825 1579 1879 sine
1618 1823 1917 1879 offensione
1951 1828 1996 1889 Β
2025 1823 2149 1879 ideo
2198 1840 2259 1880 se
2314 1828 2478 1881 etiam
2527 1829 2800 1882 contraria
2835 1829 3195 1884 sentientibus
3240 1833 3627 1887 ecclesiasticze

316 1917 412 1972 Dei
440 1917 556 1973 haec
581 1918 635 1973 in
661 1933 819 1972 veros
841 1917 1139 1972 catholicos
1170 1926 1227 1971 et
1269 1918 1321 1972 in
1352 1932 1533 1972 veram
1584 1916 1703 1985 ejus
1733 1916 1919 1972 Eccle-

312 2011 451 2066 siam
481 2019 884 2080 perpetrentnr,
941 2027 1063 2080 quae
1087 2011 1217 2064 olim
1277 2008 1539 2065 adversus
1588 2024 1777 2063 servos
1822 2009 1917 2065 Dei

316 2116 631 2176 perpetrata
697 2104 1013 2176 gravissime
1084 2105 1284 2160 divinis
1352 2103 1919 2161 animadversionibus

315 2197 594 2253 vindicata
624 2199 786 2253 sunt?
815 2198 883 2253 Et
904 2198 1048 2253 unde
1078 2206 1208 2253 sunt
1232 2207 1311 2253 tot
1334 2200 1527 2270 plagae,
1552 2199 1749 2270 quibus
1769 2197 1921 2252 orbis

318 2288 603 2343 Romanus
624 2290 864 2359 quatitur
896 2299 949 2344 et
985 2289 1254 2361 urgetur?
1302 2288 1424 2344 Non
1478 2306 1616 2360 opus
1664 2300 1749 2346 est
1777 2302 1921 2344 nunc

314 2397 420 2437 nos
448 2382 661 2453 singula
689 2398 921 2453 quaeque
948 2383 1228 2452 plagarum
1251 2397 1557 2447 recensere,
1612 2398 1733 2453 qua:
1776 2391 1922 2436 tran-

309 2476 559 2548 quillitas
582 2486 762 2532 vestra
795 2477 1137 2547 recognoscit
1163 2491 1286 2531 cum
1317 2484 1450 2531 testu
1475 2485 1530 2530 et
1552 2474 1922 2533 stillicitudine

313 2569 534 2638 imperii
566 2570 671 2623 sui.
702 2565 1057 2623 Communem
1086 2568 1248 2622 istum
1283 2567 1531 2623 dolorem
1574 2566 1661 2622 vel
1693 2566 1922 2621 tacendo

316 2661 654 2731 mitigemus,
687 2675 759 2716 ne
785 2675 894 2715 non
943 2668 1055 2714 tam
1082 2659 1346 2729 conipati,
1394 2674 1556 2730 quam
1606 2658 1925 2716 exulcerare

315 2755 622 2811 videamur.

383 2845 606 2902 XXXII.
670 2848 685 2877 ⁸
732 2845 845 2902 lIoc
873 2861 1208 2917 quaesumus,
1260 2847 1490 2919 piissimi
1537 2848 1919 2917 imperatores,

319 2940 563 3011 cogitare
618 2938 935 3010 dignemini,
987 2940 1187 3010 quibus
1234 2953 1299 2994 ex
1351 2940 1529 2994 causis
1576 2940 1677 2995 ista
1734 2954 1925 3010 prove-

318 3034 489 3088 niant.
525 3032 717 3089 Utrum
747 3033 874 3103 quia
904 3031 1092 3088 ﬁdeles
1145 3032 1289 3087 servi
1340 3032 1563 3101 Christi,
1618 3041 1925 3089 metuentes

318 3127 474 3197 leges
495 3125 723 3190 divinas,
768 3124 960 3181 nolunt
986 3139 1110 3179 cum
1150 3123 1458 3179 inﬁdelibus
1486 3124 1803 3190 convenire,
1857 3140 1923 3178 an

2020 1918 2420 1973 communionis
2462 1922 2741 1975 Constirtio
2792 1920 3063 1990 copulari,
3114 1938 3181 1975 ne
3233 1922 3433 1976 bonum
3479 1922 3629 1991 pacis

2022 2009 2073 2062 in
2102 2008 2345 2064 Ecclesia
2373 2020 2576 2079 pereat.
2598 2013 2763 2078 Quasi
2789 2030 2916 2068 veto
2948 2013 3255 2082 hujusmodi
3282 2028 3383 2084 pax
3409 2012 3629 2068 Christo

2021 2100 2135 2155 Deo
2167 2102 2399 2171 placeat,
2440 2119 2562 2173 quae
2592 2105 2643 2157 in
2688 2104 2807 2174 ejus
2856 2105 3157 2159 Eet'lesiatu
3208 2113 3387 2159 tantas
3435 2104 3631 2173 recipit

2022 2192 2350 2261 impietates.
2382 2194 2487 2249 Sed
2521 2194 2624 2248 hoc
2654 2196 2745 2264 qui
2776 2196 2847 2249 ita
2879 2204 3083 2264 putant.
3118 2198 3138 2226 ⁸
3170 2196 3393 2248 audiant
3419 2194 3530 2249 dust
3552 2196 3632 2250 ri-

2021 2294 2170 2355 ptum
2203 2302 2215 2337 :
2250 2284 2319 2339 Et
2358 2287 2494 2341 viam
2527 2288 2673 2353 pacis
2703 2304 2807 2340 non
2836 2299 3201 2357 cognoverunt,
3235 2304 3337 2341 non
3374 2296 3448 2341 est
3478 2288 3629 2339 timor

2022 2377 2119 2433 Dei
2146 2389 2265 2434 ante
2304 2382 2485 2436 oculos
2520 2397 2702 2436 eorum
2750 2381 2922 2452 (Psal.
2961 2398 3075 2447 xm,
3119 2379 3199 2451 5).
3244 2380 3349 2436 Sed
3390 2382 3633 2450 apertius

2022 2488 2235 2542 quoque
2273 2484 2327 2528 et
2360 2473 2502 2542 apud
2542 2474 2869 2529 Hieremiam
2904 2474 3134 2546 legimus
3159 2474 3180 2505 ⁸
3204 2475 3273 2530 de
3306 2491 3438 2546 pare
3466 2476 3633 2544 impia

2023 2574 2075 2619 et
2106 2565 2307 2634 iniqua,
2339 2566 2479 2621 sicut
2516 2571 2833 2637 exsequitur
2878 2568 3248 2623 testimonium
3281 2569 3584 2637 subjectum
3614 2586 3627 2621 :

2024 2655 2069 2709 Α
2097 2656 2288 2726 pusillo
2309 2674 2485 2711 eorum
2508 2675 2669 2727 usque
2688 2660 2756 2713 ad
2779 2676 3046 2727 magnum,
3071 2661 3245 2714 cuncti
3267 2671 3633 2731 perpetrarunt

2027 2748 2225 2820 iniqua,
2257 2767 2290 2803 a
2311 2751 2579 2806 sacerdote
2596 2769 2757 2823 usque
2778 2755 2845 2807 ad
2868 2753 3390 2825 pseudOprOplietam,
3412 2755 3637 2809 universi

2026 2844 2225 2912 operati
2250 2854 2369 2897 sunt
2389 2844 2545 2915 falsa,
2576 2854 2623 2899 et
2646 2844 2667 2875 ⁸
2688 2846 3067 2899 meditabantur
3100 2847 3427 2901 obtritionem
3454 2848 3636 2919 pepuli

2026 2937 2147 3001 mei,
2171 2952 2265 3005 pro
2296 2936 2460 2991 nihilo
2491 2939 2855 2993 constituentes
2878 2948 2924 2993 et
2973 2938 3221 3004 dicentes,
3249 2937 3385 3005 Pax,
3423 2956 3557 3009 pax,
3586 2947 3634 2993 et

2028 3028 2114 3082 ubi
2145 3040 2220 3082 est
2243 3045 2349 3097 pax
2378 3028 2540 3103 (Jer.,
2576 3047 2651 3095 γι,
2685 3031 2812 3102 l5)?
2844 3031 2913 3086 Et
2944 3032 3328 3087 intendendum
3359 3043 3440 3089 est
3471 3049 3633 3104 quant

2030 3123 2232 3177 atrocia
2258 3123 2327 3179 de
2359 3124 2463 3178 illis
2494 3137 2872 3194 prosequatur,
2908 3128 3000 3194 qui
3046 3127 3146 3183 hac
3178 3129 3466 3182 vanissima
3503 3144 3637 3198 pace

315 3220 443 3290 quia
473 3219 585 3273 veri
617 3217 871 3273 catholici
897 3232 927 3271 a
978 3218 1128 3273 l'alsis
1158 3216 1534 3273 sacerdotibus
1587 3218 1929 3273 obteruntur.
1960 3214 2006 3276 Ο
2039 3214 2361 3284 gloriantur.
2387 3215 2642 3287 Sequitur
2662 3218 2839 3273 enim:
2875 3218 3094 3285 ϐοιδίοιιί
3123 3230 3245 3275 sunt
3271 3222 3513 3290 quoniam
3540 3222 3633 3274 de-

321 3311 608 3379 Quomodo
646 3311 791 3367 enim
835 3325 943 3367 non
972 3309 1093 3364 falsi
1144 3312 1457 3365 sacerdmes
1497 3322 1625 3364 sunt
1670 3312 1760 3380 qui
1805 3312 1919 3380 jam

316 3421 427 3461 non
456 3404 633 3459 solum
660 3403 733 3458 ob
754 3418 972 3459 causam
1000 3401 1468 3474 praevaricationis
1494 3418 1657 3471 supra
1705 3403 1925 3470 exposi-

319 3508 427 3554 tam
456 3496 735 3554 devitandi
766 3506 914 3561 sunt,
944 3495 1039 3551 sed
1081 3497 1242 3551 etiam
1266 3493 1414 3565 quod
1465 3494 1678 3563 plurimi
1726 3494 1925 3564 quique

318 3606 510 3648 eorum
546 3589 798 3661 proprias
826 3591 990 3644 etiam
1032 3602 1176 3643 nunc
1228 3586 1464 3642 haereses
1513 3586 1790 3640 vindicant
1823 3586 1926 3640 sub

323 3685 587 3741 ementita
614 3684 755 3757 apud
803 3698 900 3737 vos
954 3682 1207 3738 catholici
1260 3681 1496 3736 nominis
1546 3680 1925 3751 profess-ioue?

320 3778 454 3847 Quis
482 3778 632 3833 enim
657 3777 769 3847 jam
799 3775 985 3831 timeat
1006 3775 1387 3846 episcoporum
1417 3772 1577 3843 impia
1605 3773 1923 3843 praedicare,

319 3888 446 3928 cum
474 3870 637 3926 toties
666 3870 959 3925 commissa
1022 3867 1273 3937 impietas
1321 3867 1579 3922 honorata
1628 3875 1753 3933 est,
1800 3881 1924 3920 cum

318 3965 549 4019 minime
573 3962 828 4032 dejicitur
857 3960 1162 4016 sacerdodo
1189 3959 1212 4013 ?
1249 3959 1493 4029 Denique
1522 3972 1645 4013 cum
1693 3958 1801 4012 sint
1830 3956 1927 4012 alii

318 4071 517 4112 eorum
546 4052 891 4126 Origenistm,
924 4053 1015 4107 alii
1064 4048 1658 4121 Anthroponiorpbiue,
1690 4050 1778 4104 alii
1830 4064 1927 4103 au-

324 4161 443 4206 tem
492 4146 817 4216 Apollinaris
860 4145 1015 4216 impii
1068 4156 1274 4201 seetam
1320 4152 1567 4210 tuentes,
1618 4152 1673 4198 et
1723 4142 1925 4211 triplici

323 4258 505 4299 cuneo
528 4241 618 4295 alii
644 4241 907 4296 adversus
935 4250 1183 4295 sanctum
1208 4238 1467 4309 Spiritum
1483 4237 1712 4293 diversis
1736 4236 1928 4292 studiis

324 4335 793 4404 blasphemantes.
829 4332 938 4390 Sed
979 4343 1035 4387 et
1080 4332 1181 4402 ipsi
1222 4346 1458 4402 quoque,
1515 4330 1605 4401 qui
1657 4329 1742 4400 pie
1788 4331 1928 4384 inter

324 4445 429 4487 eos
458 4438 710 4498 putantur
738 4426 991 4492 credere,
1022 4426 1197 4481 Patris
1224 4434 1278 4479 et
1305 4424 1423 4480 Filii
1470 4434 1526 4479 et
1545 4422 1779 4491 Spiritus
1803 4439 1927 4479 san-

323 4524 405 4580 cti
435 4533 544 4577 tres
568 4537 688 4577 esse
716 4520 1050 4577 subStantias
1073 4517 1427 4581 vindicantes,
1464 4516 1546 4572 vel
1579 4526 1921 4587 respuentes,

2029 3311 2277 3377 fecerunt,
2314 3318 2360 3364 et
2388 3327 2452 3364 ne
2476 3311 2551 3365 sic
2576 3312 2781 3379 quidem
2802 3314 3155 3380 confusionem
3176 3312 3488 3366 sustinentes
3510 3329 3635 3365 con-

2028 3409 2315 3465 venerunt,
2339 3412 2385 3455 et
2406 3403 2745 3472 ignominiam
2775 3420 2917 3457 suam
2953 3420 3056 3457 non
3096 3414 3463 3473 cognoverunt.
3496 3402 3630 3457 Pro-

2030 3504 2205 3562 pterea
2235 3495 2415 3547 cadent
2444 3496 2497 3547 in
2537 3496 2694 3548 ruina
2734 3511 2847 3562 sua,
2880 3506 2927 3550 et
2968 3498 3021 3550 in
3049 3507 3274 3566 tempore
3321 3497 3632 3552 uisitationis

2028 3586 2435 3656 inﬁrmabuntur
2466 3586 2784 3659 (lbid.,15).

2101 3676 2342 3731 XXXIV.
2374 3677 2515 3746 Quid
2544 3679 2667 3732 mali
2698 3681 3111 3745 committimus,
3141 3682 3268 3747 quid
3310 3682 3477 3753 impie
3506 3684 3633 3739 laci—

2030 3784 2169 3831 mus,
2199 3771 2243 3824 si
2271 3780 2554 3826 servantes
2582 3771 2739 3826 lidetn
2761 3770 2978 3827 Christo
3002 3773 3309 3843 hujusmodi
3340 3791 3525 3846 pacem
3553 3791 3634 3831 re-

2028 3876 2307 3931 spuamus,
2341 3862 2495 3934 cujus
2522 3873 2667 3918 tanta
2690 3863 2936 3919 confusio
2964 3877 3018 3920 et
3052 3866 3345 3937 ignominia
3370 3868 3631 3937 gravissi-

2030 3957 2211 4027 mique
2239 3957 2419 4013 exitus
2454 3958 2870 4014 describuntur?
2913 3960 3019 4017 Sed
3048 3971 3101 4016 et
3132 3962 3217 4016 isti
3246 3963 3449 4033 egregii
3486 3965 3630 4033 pacis

2027 4061 2296 4106 amatores
2345 4051 2596 4107 ﬁdelibus
2641 4052 3010 4109 sacerdotibus
3062 4055 3261 4111 bellum
3333 4057 3625 4129 exagitant.

2029 4143 2168 4211 Quid
2226 4144 2370 4200 enim
2418 4146 2535 4201 vult
2580 4146 2849 4209 diabolus,
2894 4165 3055 4218 quam
3096 4161 3153 4206 ut
3204 4152 3353 4221 impii
3400 4163 3451 4208 et
3492 4169 3633 4223 pra:-

2031 4238 2363 4294 varicatores
2403 4241 2589 4295 szeculi
2625 4256 2756 4309 pace
2782 4242 3126 4312 glorientur?
3160 4244 3298 4313 Quid
3340 4247 3482 4301 enim
3516 4249 3632 4303 vult

2030 4329 2301 4397 diabolus,
2332 4347 2491 4403 quam
2524 4342 2582 4387 ut
2603 4333 2655 4387 hi
2687 4336 2774 4405 qui
2808 4335 2877 4403 pii
2909 4345 3037 4390 sunt
3066 4345 3121 4391 et
3152 4337 3339 4393 lideles
3370 4339 3628 4394 infestan-

2031 4422 2163 4475 tium
2199 4425 2574 4492 persecutione
2602 4427 2902 4481 vexentur?
2932 4426 3056 4482 Haec
3086 4428 3207 4483 ideo
3238 4434 3505 4497 prosecuti
3538 4448 3629 4487 su-

2030 4530 2173 4582 mus,
2209 4532 2277 4569 ne
2316 4532 2412 4585 per
2441 4528 2676 4573 veSIram
2712 4518 3068 4588 ignorantiam
3092 4518 3185 4573 diu
3214 4518 3471 4576 fundatur
3497 4539 3625 4578 san-

320 4612 685 4669 nihilominus
726 4613 779 4666 hi
807 4625 999 4666 omnes
1026 4610 1096 4666 de
1141 4606 1337 4664 vestris
1362 4608 1663 4679 gloriantur
1706 4609 1920 4673 edictis,
1951 4606 2146 4677 Dgnis
2173 4605 2606 4663 Christianorum
2660 4608 2941 4678 prisﬁnam
2988 4608 3148 4665 ﬁdem
3195 4612 3623 4670 defendentium.

322 4717 383 4761 et
409 4704 515 4759 sibi
545 4703 814 4759 Ecclesias
859 4702 1153 4767 vindicant,
1203 4716 1324 4755 cum
1355 4698 1452 4754 has
1506 4699 1702 4770 impias
1750 4709 1927 4756 sectas

326 4812 519 4871 patres
542 4799 710 4854 nostri
731 4813 951 4866 semper
973 4797 1266 4869 apostolica
1294 4806 1351 4850 et
1392 4794 1701 4865 evangelica
1742 4802 1928 4849 aucto-

323 4894 493 4946 ritate
521 4890 921 4945 damnaverint.
946 4890 1093 4956 Quos
1122 4888 1339 4959 quidem
1362 4903 1504 4942 nunc
1529 4887 1800 4942 discutere
1819 4901 1926 4941 non

322 4996 417 5042 est
443 4986 725 5055 przesentis
749 4984 996 5055 opusculi
1024 4999 1040 5037 :
1068 4984 1162 5039 sed
1193 4990 1399 5037 tantum
1427 4981 1570 5052 quod
1622 4988 1836 5035 moveat
1860 4979 1928 5035 ad

326 5079 613 5135 horrorem
644 5080 911 5134 intentum
936 5093 1079 5134 vera:
1106 5076 1233 5132 ﬁdei
1259 5075 1498 5130 animum
1540 5084 1813 5143 vestrum,
1846 5073 1928 5129 di-

323 5171 524 5228 cimus.

410 5264 646 5320 XXXIII.
676 5263 816 5331 Una,
847 5273 904 5319 ut
948 5265 1250 5334 opinamur,
1286 5262 1514 5319 haeresis
1553 5260 1693 5333 apud
1727 5259 1928 5316 Arimi-

325 5373 463 5413 num
505 5359 608 5410 sub
639 5356 897 5411 haeretico
946 5371 1076 5427 rege
1117 5366 1369 5427 suscepta
1409 5366 1517 5421 est,
1545 5365 1599 5411 et
1645 5370 1790 5409 nunc
1831 5354 1933 5408 sub

325 5452 491 5506 vobis
523 5448 625 5518 piis
654 5448 943 5505 catholicis
983 5450 1403 5518 imperatoribus
1437 5458 1516 5504 tot
1546 5448 1781 5504 hiereses
1813 5448 1932 5501 vin-

324 5545 605 5611 dicantur,
634 5558 741 5598 non
768 5545 949 5598 minus
970 5542 1172 5614 impiae,
1194 5558 1355 5616 quam
1379 5551 1464 5599 est
1501 5542 1618 5597 Arii
1660 5542 1929 5611 impietas.

327 5639 405 5695 Et
431 5653 558 5695 cum
588 5636 847 5694 adversus
873 5652 934 5695 se
963 5636 1133 5694 libros
1174 5637 1257 5694 vel
1293 5636 1554 5708 epistolas
1585 5635 1783 5707 singuli
1811 5634 1934 5706 qui-

411 5760 425 5790 ¹
461 5757 565 5813 Ms.
605 5755 712 5828 Sed
739 5756 831 5811 hoc
871 5772 1188 5828 quasumus.

409 5833 425 5862 ³
456 5828 559 5887 Ms.
584 5827 810 5884 Audiam
836 5829 901 5884 de
929 5846 983 5883 se
1004 5827 1271 5898 scriptum.

652 5922 929 5986 Ρλιτιιοι..
999 5921 1176 5985 XIII.

2030 4699 2167 4766 Quid
2203 4700 2347 4755 enim
2380 4702 2618 4771 prodest,
2652 4701 2696 4757 si
2739 4704 2857 4757 sitis
2892 4702 3177 4759 catholica:
3206 4704 3327 4760 ﬁdei
3361 4707 3629 4775 vindices,

2029 4802 2086 4846 et
2135 4796 2407 4859 patiamini
2452 4796 2732 4850 catholica:
2780 4798 2899 4852 litlei
2946 4809 3241 4853 sectatores
3267 4801 3464 4872 ubique
3506 4820 3631 4859 cru-

2029 4886 2197 4940 ciari?
2237 4889 2435 4957 ubique
2465 4888 2729 4956 cll'ugari?
2764 4906 3024 4960 nusquam
3071 4892 3239 4948 libere
3282 4896 3421 4963 piam
3469 4898 3629 4954 Iidem

2031 4981 2355 5051 praedicari?
2396 4982 2638 5039 Habeant
2680 4983 2756 5038 illi
2800 4984 3053 5041 basilicas
3092 5002 3225 5042 auro
3256 5002 3630 5057 coruscantes,

2033 5076 2502 5145 pretiostirumque
2557 5092 2885 5131 marmorum
2944 5081 3239 5137 ambitione
3270 5088 3507 5147 vestitas,
3544 5082 3628 5137 vel

2037 5179 2248 5225 erectas
2275 5171 2666 5238 magniﬁcentia
2707 5171 3112 5239 columnarum;
3146 5174 3377 5229 habeant
3412 5188 3630 5244 quoius

2039 5269 2320 5329 porrectas
2370 5263 2423 5316 in
2455 5262 2670 5333 longum
2705 5265 3079 5333 posstissioues
3123 5266 3193 5318 ob
3222 5281 3356 5332 quas
3399 5278 3451 5318 et
3494 5265 3631 5321 ﬁdes

2039 5353 2244 5424 integra
2280 5355 2577 5424 periclitata
2616 5366 2700 5409 est
2730 5374 2743 5407 :
2777 5356 2903 5425 quid
2936 5359 3097 5410 etiam
3126 5356 3236 5411 suis
3269 5357 3634 5424 impietatibus

2045 5446 2322 5502 vindicant
2352 5462 2669 5503 communes
2695 5447 2954 5502 Romanis
2983 5452 3232 5505 omnibus
3277 5451 3545 5517 civitates,
3579 5461 3638 5507 ut

2046 5542 2317 5597 neminem
2365 5540 2419 5595 iu
2465 5539 2550 5594 his
2598 5541 2683 5611 pie
2712 5542 2894 5596 vivere
2936 5543 3269 5613 permittant,
3299 5545 3351 5601 in
3381 5548 3575 5619 quibus
3608 5567 3639 5606 a

2045 5637 2291 5709 plurimis
2318 5637 2481 5692 etiam
2510 5650 2645 5690 vana
2674 5636 2992 5706 superstitio
3015 5638 3133 5695 sine
3160 5642 3401 5711 periculo
3421 5646 3637 5711 colitur,

2117 5752 2138 5782 ³
2178 5751 2277 5807 Ms.
2309 5749 2389 5805 De
2416 5765 2477 5805 ea
2506 5765 2630 5817 pace
2654 5750 2833 5819 impia.

2120 5822 2139 5853 '*
2180 5823 2363 5891 Forte,
2396 5820 2818 5890 medicabantur;
2846 5822 2901 5883 in
2927 5824 3178 5899 Vulgata,
3208 5828 3474 5885 curabant.

3054 5920 3091 5981 ὣ
