4150 6176
527 279 636 351 10⁷

1146 275 1583 336 RESCRIPTUM
1626 272 1997 335 THEODOSII
2045 271 2180 334 PRO
2219 272 2560 333 FAUSTINO
2598 272 2689 333 ET
2728 270 3198 334 MARCELLINO.

3727 271 3833 331 £08

527 405 585 454 et
610 396 729 451 sine
758 392 972 451 illorum
1003 392 1204 449 invidia
1233 391 1574 448 vindicatur?
1604 389 1793 449 Liceat
1817 389 2009 445 saltem
2032 403 2126 445 ve-
2153 395 2204 458 Α
2230 404 2358 445 num
2372 388 2715 459 plenissimos
2728 388 2851 445 ﬁdei
2865 387 3174 445 sacerdotes
3191 384 3530 457 interpellata
3543 384 3833 443 clementia

528 472 831 554 ritati,’vcl
880 486 1021 543 inter
1050 486 1164 554 ipsa
1192 484 1452 541 vilissima
1502 492 1558 541 et
1595 483 1806 554 abiecta
1839 482 2124 554 praesepia,

531 582 808 638 Christum
835 579 1004 637 Deum
1034 577 1117 647 pie
1144 576 1330 634 colere
1370 592 1434 633 ac
1478 577 1711 634 ﬁdeliter
1754 576 2005 642 adorare,
2039 575 2129 631 ubi

529 682 587 733 et
612 669 903 741 aliquando
933 679 1093 726 natus
1132 670 1429 728 secundum
1459 686 1678 726 carnem
1710 670 1853 727 idem
1884 668 2131 725 Christus

529 766 707 821 infans
732 765 918 835 jacere
941 763 1198 835 dignatus
1225 774 1327 820 est.
1382 763 1497 820 Hoc
1543 763 1688 835 quod
1734 764 1987 833 petimus,
2023 778 2129 819 non

528 859 655 915 ideo
682 857 933 929 petimus,
962 858 1118 927 quasi
1146 872 1573 927 expavescamus
1604 871 1701 926 pro
1718 871 1847 912 vero
1873 855 2127 912 interﬁci.

526 952 672 1008 Deus
706 950 859 1007 testis
887 951 1084 1018 est,qui
1128 965 1288 1005 verus
1319 950 1626 1020 speculator
1656 957 1741 1006 est
1768 948 1970 1016 cordis,
2006 949 2133 1019 quia

524 1060 626 1116 per
650 1046 749 1101 Dei
769 1045 996 1116 gratiam
1023 1045 1178 1099 nobis
1195 1054 1252 1101 et
1280 1059 1547 1099 summum
1574 1043 1916 1115 refrigerium
1939 1052 2047 1108 est,
2077 1050 2133 1099 et

524 1148 675 1196 certa
717 1154 841 1208 spes
868 1137 1062 1192 futurae
1091 1137 1470 1204 beatitudinis,
1502 1137 1548 1193 si
1580 1154 1677 1209 pro
1713 1138 1816 1193 hac
1862 1136 2008 1193 ﬁdeli
2046 1151 2133 1191 as-

524 1232 767 1288 sertione
798 1231 1129 1301 jugulemur.
1177 1230 1294 1287 Non
1342 1244 1473 1301 ergo
1516 1230 1669 1299 quasi
1709 1230 1801 1299 qui
1845 1230 2131 1299 timeamus

524 1322 757 1395 perpeti,
806 1322 926 1378 ideo
964 1337 1152 1377 sumus
1191 1323 1293 1377 ista
1325 1322 1597 1391 prosecuti
1626 1340 1638 1376 :
1672 1321 1767 1376 sed
1798 1336 1867 1376 ne
1898 1320 2128 1375 aliorum

526 1413 893 1485 impietatibus
932 1422 987 1469 et
1022 1413 1439 1469 crudelitatibus
1479 1414 1700 1485 sanguis
1730 1412 1933 1469 eﬁ‘usus
1977 1410 2131 1467 Chri-

523 1506 826 1563 stianorum
850 1505 940 1561 diu
970 1506 1273 1575 piissimum
1304 1505 1927 1575 vestrteprincipalitatis
1941 1510 2131 1574 gravet

523 1598 837 1670 imperium.
881 1597 1109 1655 Maxime
1151 1598 1251 1653 sub
1299 1606 1371 1662 te,
1406 1596 1816 1667 religiosissime
1852 1593 2130 1651 Theodosi

523 1699 775 1767 auguste,
800 1690 891 1762 qui
920 1689 1055 1746 mira
1081 1689 1373 1747 devotione
1400 1698 1593 1744 contra
1624 1704 1815 1745 omnes
1837 1687 2128 1744 hxercticos

2234 492 2441 551 nostra,
2465 483 2620 539 veriti
2646 498 2854 549 sumus,
2870 497 2937 538 ne
2951 482 2995 537 si
3019 496 3116 553 per
3131 494 3231 536 nos
3244 478 3376 536 nihil
3395 479 3588 537 fuisset
3609 494 3837 551 respon-

2232 592 2354 633 sum
2399 577 2730 648 petentibus,
2759 590 2860 631 nos
2894 575 3207 632 videremur
3245 589 3485 630 annuere
3516 574 3605 640 iis,
3635 574 3727 646 qui
3757 574 3838 632 di-

2236 672 2378 727 vinae
2424 671 2526 743 legi
2554 672 2638 728 cui
2668 671 2960 736 servimus,
2988 678 3177 727 contra
3206 669 3543 740 prepositum
3590 681 3835 726 nostrum

2234 763 2437 835 aliquid
2465 764 2822 820 addidissent.
2851 762 3031 833 Atque
3056 762 3178 819 ideo
3211 763 3284 819 ita
3326 771 3620 834 utrumque
3650 762 3838 819 mode-

2234 872 2445 922 ramur,
2472 865 2532 912 ut
2561 857 2875 927 petitionem
2902 872 3022 927 qua:
3042 865 3127 912 est
3168 856 3349 912 oblata
3379 871 3740 922 veneremur;
3775 856 3838 912 ﬁ-

2233 950 2320 1005 dei
2351 958 2534 1005 autem
2559 949 2689 1004 nihil
2716 966 2782 1006 ex
2807 958 2996 1005 nostro
3017 950 3245 1007 arbitrio
3262 958 3517 1018 optemus
3536 949 3621 1005 vel
3639 949 3836 1020 jubea-

2233 1059 2355 1100 mus
2409 1042 2652 1115 adiungi.
2686 1042 2855 1100 Nemo
2884 1059 3139 1114 umquam
3190 1050 3299 1098 tam
3347 1040 3586 1111 profante
3635 1043 3835 1100 mentis

2234 1136 2359 1203 fuit,
2410 1136 2504 1207 qui
2558 1153 2681 1192 cum
2736 1137 2890 1207 sequi
2927 1136 3229 1192 catholicos
3280 1135 3533 1192 doctores
3584 1135 3831 1203 deberet,

2234 1228 2362 1298 quid
2408 1228 2744 1298 sequendum
2789 1228 2861 1284 sit
2888 1228 3206 1283 doctoribus
3236 1228 3353 1299 ipse
3403 1228 3714 1282 constituat.
3768 1228 3836 1283 Et

2235 1336 2366 1377 sane
2398 1320 2696 1392 probabilis
2741 1330 2796 1377 et
2824 1321 2971 1391 justa
3017 1319 3254 1375 laudatio
3291 1335 3513 1390 precum
3565 1328 3669 1385 est,
3714 1335 3834 1391 quae

2233 1432 2452 1472 omnem
2488 1430 2658 1487 pr0pe
2685 1416 2883 1471 seriem
2911 1414 3189 1471 haeretica
3234 1413 3666 1484 superstitionis,
3715 1428 3835 1485 qua:

2234 1512 2507 1567 contraria
2549 1520 2633 1567 est
2676 1511 2957 1567 catholicae
2987 1511 3133 1576 ﬁdei,
3160 1510 3525 1580 ordinemque
3555 1508 3834 1579 complexa

2234 1612 2339 1661 est.
2385 1604 2519 1660 Nam
2551 1613 2608 1660 et
2637 1602 2781 1659 unde
2809 1612 3020 1671 exorta,
3064 1611 3120 1658 et
3147 1600 3259 1673 quo
3304 1611 3561 1673 provecta
3609 1609 3835 1657 auctore

2232 1698 2425 1754 fuisset
2454 1697 2684 1768 aperuit.
2727 1696 2939 1767 Quippe
2981 1711 3102 1751 cum
3153 1709 3408 1766 persuasu
3451 1693 3831 1767 quorumdam,

522 1782 838 1843 Christianae
876 1782 1158 1852 religionis
1180 1784 1265 1853 pia
1303 1782 1647 1839 confessione
1675 1784 1978 1852 eonspiras,
2010 1797 2125 1837 ma-
2155 1795 2204 1856 Β
2230 1793 2396 1846 totius
2425 1790 2610 1846 εωευιί
2638 1790 2960 1860 antiquitate
2989 1797 3216 1855 mutata,
3241 1787 3349 1846 acri
3371 1801 3472 1858 ριιο
3501 1786 3606 1841 nde
3644 1786 3697 1841 in
3735 1800 3832 1841 ει.

522 1892 686 1947 gnum
722 1875 878 1932 nobis
902 1875 1044 1945 apud
1075 1877 1242 1933 Deum
1272 1876 1388 1934 fore
1418 1877 1742 1947 supplicium
1769 1876 2124 1944 credidimus,

520 1968 567 2026 si
600 1968 740 2040 apud
770 1976 824 2023 te
852 1979 960 2024 tam
986 1968 1321 2040 religiosum,
1351 1978 1457 2025 tam
1492 1970 1796 2040 piissimum
1826 1969 2126 2041 imperato-

523 2074 663 2122 rem.
687 2067 745 2117 et
764 2058 984 2115 Christo
1009 2061 1117 2115 Deo
1140 2060 1325 2115 divino
1351 2076 1414 2116 ac
1440 2061 1752 2129 plenissimo
1783 2061 1980 2117 timore
2005 2074 2129 2115 con-

520 2164 816 2221 secratum,
840 2168 1000 2222 quem
1023 2168 1150 2207 vere
1171 2153 1239 2207 ad
1263 2153 1548 2224 imperium
1576 2154 1717 2207 Deus
1740 2152 1994 2209 Christus
2014 2151 2127 2208 ele-

520 2246 618 2318 git,
647 2260 766 2316 quze
789 2252 918 2301 sunt
939 2261 1081 2301 verae
1104 2244 1226 2301 ﬁdei
1254 2261 1317 2302 ac
1344 2261 1488 2301 verae
1511 2244 1769 2306 Ecclesia:
1797 2254 2123 2302 taceremus.

520 2336 653 2393 Post
690 2336 792 2393 hoc
818 2352 925 2395 non
952 2339 1301 2409 ambigimus,
1326 2354 1434 2409 quo
1456 2338 1724 2396 sollicitus
1751 2353 1880 2409 agas
1902 2353 2006 2409 qua
2032 2352 2128 2407 pa-

518 2439 603 2487 ter
632 2431 867 2502 imperii,
893 2448 961 2488 ne
990 2432 1042 2486 iu
1070 2433 1202 2488 orbe
1248 2432 1494 2489 Romano
1523 2431 1783 2502 professa:
1818 2431 1940 2488 fidei
1970 2446 2123 2487 com-

524 2523 907 2594 munionisque
933 2523 1217 2579 sinceritas
1244 2523 1538 2593 afﬁigatur.
1571 2522 1843 2594 Quidquid
1876 2523 1931 2578 in
1960 2537 2126 2579 causa

521 2630 695 2672 sacrae
734 2614 859 2671 ﬁdei
892 2630 955 2671 ac
984 2616 1247 2687 professa:
1284 2617 1528 2673 veritatis
1556 2617 1795 2674 sanctius
1820 2615 2121 2686 gesseritis,

505 2694 669 2767 ‘tanto
692 2711 982 2783 gloriosius
1008 2722 1065 2769 et
1104 2713 1192 2768 hic
1219 2720 1275 2769 et
1297 2713 1354 2769 in
1377 2722 1694 2783 perpetuum
1716 2712 1919 2769 Christi
1941 2712 2127 2768 favore

518 2804 835 2876 regnabitis.
869 2806 979 2875 Ego
1010 2806 1394 2863 Manceuwus
1428 2808 1743 2879 presbyter,
1785 2815 1980 2876 optans
2011 2804 2125 2861 feli-

515 2896 1004 2967 cissimoimperio
1026 2907 1209 2957 vestro
1236 2915 1484 2955 securam
1507 2897 1770 2970 quietem,
1794 2907 1851 2954 et
1871 2900 1924 2953 in
1953 2913 2124 2969 regno

518 2990 721 3047 Christi
752 3000 808 3046 et
838 2992 929 3047 Dei
961 3000 1274 3062 perpetuam
1302 2993 1691 3050 beatitudinem
1715 3033 1730 3059 ,
1760 2993 1991 3063 piissimi
2024 2994 2126 3047 im-

514 3093 819 3155 peratores.
856 3084 967 3155 Ego
1013 3085 1339 3153 Fuis'rtmus,
1371 3087 1462 3155 qui
1511 3102 1620 3142 non
1667 3100 1887 3156 possum
1926 3084 2125 3155 dignus

2232 1882 2417 1937 silium
2456 1882 2796 1947 innocentes,
2826 1880 2991 1935 vitam
3038 1895 3162 1935 cum
3193 1894 3403 1935 summa
3431 1878 3594 1934 laude
3638 1892 3835 1949 posue-

2230 1983 2380 2029 runt.
2412 1973 2521 2030 Sed
2551 1973 2696 2028 circa
2724 1987 2821 2028 eos
2848 1986 2955 2028 non
2977 1980 3065 2028 est
3090 1971 3255 2027 dilata
3289 1971 3443 2036 ultio,
3471 1971 3560 2040 qui
3596 1966 3835 2025 insidiati

2229 2067 2387 2123 bonis
2417 2067 2658 2123 moribus
2706 2074 2762 2122 et
2802 2066 3118 2123 cmlestibus
3151 2065 3437 2131 institutis,
3471 2064 3746 2134 paulisper
3765 2064 3847 2119 δι’

2228 2160 2604 2227 contentione,
2631 2173 2740 2215 non
2763 2158 2889 2225 ﬁde,
2919 2158 3015 2214 sed
3038 2157 3297 2226 factione,
3319 2157 3611 2212 multorum
3626 2164 3833 2210 mentes

2228 2249 2549 2307 detestanda
2564 2249 2928 2307 insinuatione
2945 2258 3342 2321 perverterent.
3359 2248 3493 2305 Nam
3513 2264 3683 2319 usque
3697 2249 3834 2304 adeo

2228 2345 2627 2414 omnipateutis
2671 2345 2767 2401 Dei
2796 2355 2945 2402 mota
2971 2344 3230 2416 patientia
3269 2355 3374 2411 est,
3423 2354 3481 2402 ut
3510 2358 3669 2416 pana
3715 2357 3833 2414 quae

2229 2436 2541 2492 criminosis
2571 2446 2692 2506 post
2717 2436 2855 2492 facta
2886 2435 3137 2501 debetur,
3186 2436 3439 2505 exemplo
3483 2435 3667 2492 omnia
3708 2440 3835 2490 ante

2229 2531 2373 2589 facta
2408 2535 2695 2591 sentirent.
2724 2534 2833 2591 Sed
2862 2550 2930 2591 ne
2956 2537 3060 2591 hoc
3085 2535 3302 2605 quidem
3328 2535 3469 2591 facto
3495 2539 3737 2590 converti
3766 2531 3834 2587 ad

2230 2637 2563 2697 praeceptum
2599 2627 2693 2683 Dei
2737 2626 2995 2699 ﬂectique
3040 2636 3372 2698 potuerunt:
3406 2627 3707 2683 catholicos
3744 2640 3836 2682 oc-

2230 2719 2393 2774 cultis
2432 2721 2806 2775 molitionibus
2832 2728 3043 2790 urgent,
3076 2719 3460 2790 insequuntur,
3493 2726 3831 2790 oppugnant.

2231 2810 2400 2867 Tanta
2433 2811 2833 2881 perseverantia
2865 2811 3072 2869 erroris
3094 2820 3197 2877 est,
3231 2820 3289 2865 ut
3307 2825 3427 2867 cum
3456 2808 3579 2865 aliis
3600 2809 3837 2867 diversae

2230 2904 2594 2959 observantia:
2647 2903 3010 2960 sectatoribus
3054 2902 3302 2974 quotidie
3344 2916 3573 2972 peccare
3615 2900 3833 2967 malint,

2230 3013 2392 3067 quam
2420 3012 2546 3052 cum
2572 2997 2856 3053 catholicis
2884 3005 3031 3053 recta
3060 2997 3285 3052 sentire.
3314 2994 3373 3051 in
3403 3010 3511 3065 quo
3534 2994 3834 3066 petentium

2232 3089 2501 3144 laudanda
2531 3090 2698 3145 illatio
2718 3099 2823 3155 est,
2854 3091 2943 3161 qui
2965 3089 3435 3145 communicantes
3453 3087 3723 3159 Gregorio
3744 3088 3836 3143 lli-

517 3176 703 3234 vocari
737 3178 1025 3251 presbyter
1051 3179 1168 3247 Dei,
1204 3192 1397 3251 optans
1428 3188 1487 3237 ut
1529 3188 1584 3236 et
1609 3180 1696 3235 hic
1721 3180 1919 3235 multos
1949 3194 2126 3235 annos
2153 3175 2201 3240 C
2232 3181 2507 3251 spaniensi
2556 3190 2611 3237 et
2660 3181 2965 3237 Heraclida
3003 3180 3290 3246 Urientali,
3342 3180 3547 3236 sanctis
3593 3194 3725 3235 sane
3770 3194 3834 3234 ac

516 3270 958 3327 clementissimae
980 3270 1280 3328 divinitatis
1305 3272 1507 3328 auxilio
1553 3272 1785 3330 feliciter
1815 3272 2120 3341 imperetis,

518 3369 577 3420 et
619 3360 673 3416 in
702 3360 884 3417 futuro
908 3360 1109 3420 Christi
1142 3363 1263 3421 Filii
1304 3364 1397 3421 Dei
1428 3379 1594 3436 regno
1622 3374 1944 3436 perpetuam
1993 3379 2121 3420 cum

516 3454 722 3511 sanctis
788 3455 1181 3514 beatitudinem
1242 3458 1673 3529 consequantini,
1736 3456 2121 3530 gloriosissimi

518 3544 897 3617 imperatores.

1135 3715 1511 3757 -θο-ὶῦὓεε-ο-ο-

697 3844 781 3903 Ad
811 3846 909 3903 has
935 3862 1124 3918 preces
1149 3848 1219 3903 ita
1244 3850 1327 3903 lex
1348 3850 1589 3920 Augusta
1616 3849 1893 3921 respondit
1921 3868 1933 3903 :

892 4004 1333 4065 RESCRIPTUM
1372 4007 1737 4066 THEODOSII

1265 4138 1367 4179 Ριιο

679 4253 1283 4323 MARCELLINO
1324 4260 1436 4323 ET
1481 4260 1939 4328 FAUSTINO

1066 4399 1558 4461 PRESBYTERIS.

2230 3273 2591 3331 laudabilihus
2610 3275 2903 3345 episcopis,
2932 3283 3121 3345 optant
3151 3274 3205 3328 in
3250 3273 3356 3329 ﬁde
3402 3272 3668 3329 catholica
3714 3274 3834 3329 sine

2230 3366 2634 3437 oppugnatione
2659 3366 2892 3437 alicujus
2918 3381 2982 3422 ac
3018 3366 3265 3424 molestia
3311 3366 3515 3433 vivere,
3561 3366 3834 3436 nullisque

2229 3466 2600 3535 appetentium
2638 3463 2852 3519 insidiis
2879 3462 3542 3533 circumventionibusque
3577 3462 3777 3532 pulsari
3814 3479 3830 3518 :

2227 3558 2427 3627 quippe
2447 3554 2645 3627 quibus
2689 3556 2901 3626 placeat
2939 3567 3249 3627 susceptam
3278 3554 3450 3611 semel
3496 3553 3657 3610 ﬁdem
3682 3553 3834 3610 omni

2227 3664 2353 3706 cum
2390 3649 2651 3721 religione
2681 3664 2919 3705 servare.
2950 3649 3034 3706 Sit
3081 3650 3266 3719 itaque
3309 3647 3634 3707 inviolatum
3675 3647 3836 3718 quid-

2227 3742 2357 3814 quid
2406 3757 2529 3799 esse
2578 3744 2776 3800 meruit
2802 3752 3086 3798 aeternum.
3118 3741 3238 3798 Non
3278 3742 3571 3797 conventio
3594 3740 3828 3813 aliquid,

2226 3848 2336 3891 non
2358 3836 2646 3905 appetitio,
2677 3850 2783 3891 non
2810 3835 2958 3892 fraus
2987 3841 3216 3891 attentet
3243 3835 3443 3891 aliena.
3467 3834 3700 3891 Utantur
3724 3848 3836 3905 quo

2225 3927 2286 3982 in
2318 3927 2439 3983 loco
2467 3928 2740 3984 voluerint
2766 3929 3047 3999 proposito
3072 3944 3204 3995 suo;
3247 3937 3473 3983 utantur
3506 3927 3577 3984 ad
3604 3926 3835 3983 catholi-

2224 4033 2343 4074 cam
2377 4018 2539 4075 ﬁdem
2572 4034 2763 4077 amore
2786 4020 2997 4076 divino.
3037 4018 3239 4092 Cynegi
3261 4061 3278 4087 ,
3308 4033 3506 4089 parens
3549 4018 3835 4077 carissime

2224 4120 2281 4167 et
2319 4111 2714 4178 amantissime,
2766 4112 3073 4168 sublimitas
3115 4121 3211 4167 tua
3248 4119 3578 4182 praeceptum
3627 4120 3834 4167 nostra:

2222 4202 2533 4259 serenitatis
2558 4219 2669 4274 quo
2691 4203 2853 4259 ﬁdem
2873 4204 3200 4260 catholicam
3229 4206 3379 4259 omni
3394 4204 3581 4261 favore
3595 4218 3831 4260 veneno

2225 4310 2366 4359 mur,
2392 4304 2449 4351 et
2477 4297 2597 4352 sine
2622 4312 2728 4368 qua
2750 4296 2884 4353 salvi
2905 4312 3029 4354 esse
3052 4312 3160 4353 non
3189 4311 3497 4367 possumus,
3528 4297 3604 4352 ita
3639 4296 3834 4366 iubeat

2222 4387 2507 4455 custodiri,
2531 4389 2921 4460 utGregorium
2942 4398 2999 4446 et
3022 4390 3362 4447 Heraclidam
3384 4404 3555 4445 sacrm
3575 4390 3713 4461 legis
3732 4404 3833 4444 an-

2222 4482 2457 4550 tistites,
2510 4493 2853 4553 canorosque
2897 4499 3085 4541 eorum
3129 4484 3446 4541 consimiles
3491 4482 3823 4548 sacerdotes,

591 4556 773 4625 Salve,
799 4556 998 4629 Cynegi
1028 4559 1309 4617 carissime
1339 4560 1516 4617 nobis.
1547 4562 1659 4618 Etsi
1690 4564 2119 4624 nulla‘humanis
2143 4567 2201 4631 Ι)
2222 4574 2317 4645 qui
2361 4589 2423 4629 se
2452 4573 2611 4644 parili
2636 4575 3003 4632 observantiae
3046 4576 3335 4642 dederunt,
3361 4577 3431 4631 ab
3456 4575 3829 4647 improborum

516 4649 823 4715 pectoribus
837 4651 1007 4719 major
1022 4668 1180 4720 quam
1197 4652 1395 4707 divinae
1408 4653 1543 4724 legis
1555 4654 1717 4710 debet
1730 4671 1853 4712 esse
1865 4672 2121 4715 reveren-

516 4739 610 4806 tia,
630 4757 727 4795 nec
742 4742 901 4812 adjici
917 4744 1206 4813 quidquam
1222 4745 1291 4800 ad
1304 4746 1548 4801 eamdem
1569 4750 1765 4818 possit,
1780 4750 1937 4819 cujus
1947 4753 2115 4808 ambi-

515 4830 651 4887 tiosa
684 4836 1014 4904 praestantia,
1048 4838 1231 4893 mundi
1263 4846 1529 4911 temeun
1557 4840 1925 4908 moderatrix,
1953 4860 2117 4903 omne
2156 4904 2159 4909 ,

512 4925 658 4998 quod
691 4927 794 4981 sub
824 4928 981 4984 nobis
1008 4945 1131 4986 esse
1170 4932 1358 5000 voluit,
1391 4932 1574 4990 favore
1600 4936 1991 5007 omnipotentis
2015 4939 2114 4996 Dei

513 5020 804 5092 prapitiata
827 5022 1093 5078 custodit:
1116 5031 1292 5081 tamen
1314 5040 1411 5098 per
1431 5026 1752 5089 Faustinum
1766 5038 1825 5091 et
1844 5030 2119 5091 Marcelli-

2231 4670 2513 4725 hominum
2540 4679 2703 4740 atque
2731 4671 3111 4727 haereticorum
3144 4681 3359 4727 tueatur
3386 4679 3441 4726 et
3469 4668 3721 4726 defendat
3744 4668 3832 4723 in-

2226 4764 2406 4834 juriis,
2432 4763 2715 4835 sciantque
2738 4768 2918 4821 cuncti
2945 4765 2998 4821 id
3049 4765 3240 4823 sedere
3280 4766 3479 4821 animis
3510 4763 3731 4828 nostris,
3766 4772 3833 4817 ut

2226 4854 2467 4910 cultores
2491 4856 2883 4927 omnipotentis
2922 4856 3022 4914 Dei
3050 4873 3155 4915 non
3184 4857 3335 4913 aliud
3379 4857 3482 4913 nisi
3528 4854 3831 4913 catholicos

2226 4962 2350 5005 esse
2369 4948 2676 5006 credamus.
