4150 6176
1474 311 1787 372 SANG‘I’US
1825 315 2152 375 DAMASUS
2189 317 2393 374 PAPA.

1468 560 1654 617 ANNO
1691 560 1934 619 DOMINI
1971 562 2390 619 CCCLXXXIV.

658 708 1789 878 SANCTUS
1919 717 3170 888 DAMASUS.

1461 1005 2398 1092 PROLEGOMENA.

1226 1334 1761 1411 EPISTOLA
1841 1335 1984 1407 DE
1996 1332 2633 1409 DICATORIA.

278 1469 516 1538 Josepho
548 1469 815 1524 Dominico
863 1471 928 1524 de
966 1469 1255 1543 Lambergh
1297 1472 1358 1528 S.
1390 1471 1458 1526 Η.
1492 1471 1561 1527 E.
1597 1470 1872 1537 cardinali,
1906 1468 1960 1530 Α
1985 1470 2157 1540 ipsum
2184 1469 2472 1524 clementia
2503 1470 2703 1525 eximia
2732 1484 2797 1525 ac
2818 1470 3111 1540 singularis
3132 1514 3147 1539 ,
3178 1481 3237 1527 ut
3260 1486 3458 1529 munus
3485 1473 3590 1532 hoc

352 1561 598 1631 episcopo
638 1570 685 1615 et
724 1560 947 1632 principi
996 1560 1350 1630 Passaviensi,
1374 1562 1627 1618 Antonius
1658 1562 1737 1619 Μ.
1770 1563 1881 1617 Με-

349 1653 514 1707 renda
535 1653 851 1721 felicitatem.

345 1744 501 1813 Quod
529 1760 775 1800 summos
799 1746 964 1802 etiam
992 1748 1140 1802 viros
1170 1747 1399 1817 publicis
1428 1750 1747 1806 muneribus
1782 1765 1878 1805 oe-

278 1846 506 1907 cupatos
531 1837 771 1893 studium
808 1839 1045 1894 tenuisse
1075 1841 1419 1907 accepimus,
1455 1850 1513 1895 ut
1542 1842 1878 1897 vacationem

278 1944 467 1983 eorum
510 1938 674 2000 atque
723 1932 897 1985 otium
927 1942 1425 2002 consequerentur,
1457 1933 1752 2002 aliquando
1786 1948 1882 1989 cu-

278 2022 355 2076 ris
384 2022 496 2077 illis
522 2022 713 2085 liberi,
738 2034 902 2093 atque
925 2025 1189 2091 absoluti;
1226 2025 1365 2081 idem
1391 2026 1622 2083 subiisse
1642 2028 1880 2082 animum

278 2129 469 2167 tneum
491 2114 713 2170 diliiter't
732 2130 836 2170 non
867 2130 1087 2184 possunt
1107 2158 1121 2183 ,
1146 2132 1269 2172 cum
1295 2116 1655 2186 dijudicandis
1682 2119 1739 2174 in
1764 2118 1883 2174 foro

280 2206 510 2271 litibus,
537 2217 698 2274 atque
723 2207 1033 2277 bujusmodi
1080 2209 1528 2277 occupationibus
1564 2210 1877 2266 distinerer.

277 2298 403 2366 Quo
429 2298 647 2367 quidem
673 2311 913 2369 tempore
934 2315 1059 2356 cum
1085 2300 1405 2355 suavissima
1436 2300 1526 2356 illa
1556 2302 1885 2373 cogitatione

278 2390 447 2445 futuri
478 2392 573 2447 Otii
617 2392 951 2459 delectarer,
998 2410 1207 2449 mecum
1240 2395 1402 2450 etiam
1445 2397 1629 2452 animo
1669 2405 1885 2465 reputa-

276 2484 402 2539 bam
425 2524 441 2550 ,
476 2500 597 2554 qua:
622 2496 771 2541 esset
789 2487 1033 2542 omnium
1061 2489 1262 2556 optima
1294 2489 1345 2542 in
1369 2488 1640 2559 reliquam
1663 2498 1881 2545 aetatem

277 2579 423 2632 ratio
470 2578 597 2633 vitae
645 2579 1035 2645 instituendas,
1087 2589 1141 2635 et
1190 2582 1456 2650 temporis
1509 2582 1822 2637 traducendi
1866 2600 1880 2635 :

277 2684 513 2739 cumque
541 2669 675 2724 nihil
705 2669 903 2725 melius
929 2682 1277 2735 occurreret,
1303 2688 1468 2742 quam
1499 2674 1564 2727 ad
1595 2688 1656 2727 ea
1686 2674 1884 2729 reverti

278 2763 453 2818 studia
478 2804 495 2829 ,
525 2780 679 2835 quae,
709 2765 813 2821 etsi
843 2774 1063 2821 coactus
1089 2767 1519 2835 intermiseram,
1553 2767 1881 2823 retinueram

1983 1562 2377 1631 qualecumque
2403 1576 2511 1617 non
2539 1564 2870 1632 asperneris.
2898 1560 3131 1620 Habebis
3172 1564 3224 1620 id
3254 1567 3451 1623 saltem
3478 1610 3492 1634 ,
3538 1570 3587 1624 si

1984 1653 2097 1707 ullo
2123 1660 2367 1722 tempore
2395 1669 2425 1707 a
2450 1655 2677 1725 negotiis
2712 1654 2991 1726 fatigatum
3012 1659 3251 1713 animum
3281 1661 3385 1715 huc
3412 1672 3592 1715 trans-

1982 1748 2127 1802 feras
2152 1787 2167 1811 ,
2201 1757 2257 1801 ut
2288 1748 2577 1819 imaginem
2610 1749 2776 1804 veluti
2807 1767 3021 1805 morum
3077 1760 3294 1805 tuorum
3324 1752 3590 1807 intuearis

1986 1839 2038 1892 in
2074 1839 2431 1894 sanctissimis
2470 1856 2657 1894 eorum
2701 1848 3007 1910 temporum
3040 1842 3290 1897 Patribus
3314 1885 3328 1909 ,
3357 1859 3588 1914 quorum

1982 1929 2056 1986 ibi
2081 1932 2283 1987 mentio
2305 1941 2417 1998 est;
2446 1933 2791 2004 gaudensque
2815 1935 3016 1989 nullam
3043 1949 3164 1989 esse
3192 1935 3434 2002 Iaudem,
3467 1952 3590 2005 quae

1987 2039 2092 2077 non
2133 2023 2293 2079 fuerit
2322 2040 2351 2079 a
2383 2034 2435 2079 te
2479 2040 2755 2094 exiiressa,
2799 2026 2917 2080 sive
2944 2042 3154 2081 morum
3201 2026 3586 2097 integritatem,

1984 2117 2100 2173 sive
2154 2118 2533 2173 liberalitatem
2580 2120 2634 2173 in
2680 2134 2980 2188 pauperes,
3034 2120 3150 2173 sive
3196 2119 3478 2189 religionis
3523 2134 3588 2175 ac

1985 2212 2287 2283 disciplinae
2328 2213 2605 2279 studium,
2648 2216 2699 2268 in
2733 2213 2930 2269 mdium
2976 2228 3254 2271 sacrarum
3298 2215 3593 2284 splendore

1986 2306 2324 2361 restituendo
2347 2346 2363 2373 ,
2395 2315 2559 2375 atque
2583 2305 2967 2375 ampliﬁcando
2992 2321 3179 2362 curam
3204 2348 3219 2372 ,
3245 2307 3597 2377 magniﬁcen-

1988 2396 2116 2453 tiam
2139 2398 2192 2451 in
2224 2398 2324 2465 piis
2345 2398 2694 2455 instituendis
2719 2397 3116 2466 fundaudisque
3136 2400 3396 2469 operibus
3443 2410 3594 2457 tanta

1987 2507 2109 2547 cum
2143 2490 2417 2561 largitate.
2446 2506 2511 2547 ac
2534 2490 2813 2560 religionis
2840 2490 3018 2557 bono,
3047 2491 3401 2562 gravissimos
3424 2495 3476 2547 in
3508 2493 3591 2548 la-

1989 2582 2196 2638 Iissima
2244 2582 2466 2638 dimcesi
2516 2582 2891 2652 perlustrando
2946 2583 3205 2651 labores,
3252 2598 3375 2640 cum
3425 2585 3592 2641 animi

1986 2676 2267 2731 alacritate
2302 2677 2653 2745 conjunctos,
2686 2677 2741 2731 in
2790 2676 3003 2746 populis
3043 2676 3276 2744 denique
3316 2677 3382 2732 ad
3428 2679 3593 2734 (idem

1988 2782 2309 2838 morumque
2359 2776 2627 2838 praecepta
2683 2766 2996 2822 erudiendis
3053 2768 3366 2836 patientiam
3427 2778 3595 2840 atque

280 2866 460 2911 tamen
490 2859 677 2910 animo
702 2871 954 2926 semper,
997 2860 1135 2928 coepi
1164 2860 1328 2914 etiam
1353 2861 1709 2931 cogitationes
1738 2876 1887 2917 meas
1917 2852 1965 2913 B
1991 2862 2345 2915 constantiam
2362 2903 2377 2925 ,
2400 2862 2676 2916 uberrimo
2694 2876 2827 2915 sane
2848 2861 3144 2931 singularis
3164 2862 3316 2930 ejus,
3345 2879 3504 2933 quam
3525 2880 3595 2921 ex

278 2955 333 3001 et
382 2962 545 3002 curas
590 2948 661 3002 ad
714 2949 1137 3019 comparandam
1200 2952 1566 3007 necessariam
1622 2954 1885 3009 librorum

278 3040 675 3106 supellectilem
728 3056 1003 3099 revocare.
1049 3042 1213 3108 llmc,
1267 3045 1698 3101 eminentissime
1730 3047 1885 3115 prin-

277 3146 450 3202 ceps,
486 3144 540 3186 tu
588 3149 696 3187 non
737 3133 985 3204 ignoras,
1018 3134 1109 3204 qui
1141 3136 1340 3199 litteris
1384 3136 1637 3205 iuvandis
1682 3148 1839 3192 natus
1866 3179 1883 3206 ,

280 3225 409 3279 lmic
438 3240 561 3279 meo
587 3227 741 3294 quasi
773 3226 1092 3282 instruendo
1119 3226 1288 3281 fundo
1320 3228 1649 3284 liberalitate
1674 3239 1761 3285 tua
1790 3230 1887 3285 ad-

276 3316 467 3381 fuisti,
496 3328 547 3370 et
580 3319 632 3371 in
665 3317 934 3387 reliquam
961 3328 1173 3375 aetatem
1205 3336 1379 3375 meam
1407 3323 1692 3377 consulere
1721 3334 1775 3379 ut
1807 3324 1886 3378 l'a-

276 3412 439 3467 cilius
487 3428 735 3480 possem,
776 3411 1022 3467 ellecisti.
1070 3414 1430 3481 Quamobrem
1473 3416 1518 3470 si
1550 3417 1671 3485 quis
1713 3432 1783 3470 ex
1817 3431 1884 3471 eo

276 3504 486 3559 fructus
518 3505 753 3570 exstitit,
784 3515 878 3560 aut
907 3507 956 3562 si
981 3508 1150 3562 otium
1190 3508 1418 3577 adeptus
1459 3509 1644 3563 conari
1675 3509 1884 3581 aliquid

279 3599 459 3669 potui,
488 3599 718 3669 primum
747 3599 987 3654 omnium
1014 3601 1108 3655 tibi
1136 3602 1339 3670 optimo
1361 3601 1484 3672 jure
1509 3602 1759 3659 debetur.
1787 3608 1880 3659 At-

276 3707 381 3759 que
404 3689 457 3746 id
482 3692 824 3761 potissimum
847 3703 967 3761 est,
997 3695 1139 3764 quod
1168 3710 1310 3749 nunc
1333 3695 1502 3751 oll'ero
1526 3698 1616 3751 tibi
1648 3698 1883 3753 nomini-

276 3800 382 3854 que
425 3793 520 3840 tuo
550 3785 812 3841 inscribo.
850 3786 984 3841 Cum
1017 3780 1161 3842 enini
1195 3788 1245 3842 id
1270 3827 1285 3854 ,
1329 3789 1474 3858 qttod
1502 3790 1783 3857 volebam,
1818 3791 1882 3844 li-

274 3875 469 3931 berum
523 3887 737 3948 tempus
781 3892 1116 3949 vacuumque
1160 3888 1470 3946 assecutus,
1507 3882 1764 3937 nonnulla
1811 3898 1878 3937 ex

272 3970 647 4026 ecclesiastica
693 3971 927 4026 Historia
951 4013 967 4038 ,
998 3987 1120 4040 quae
1155 3972 1380 4027 aliorum
1411 3974 1744 4043 diligentiam
1790 3973 1876 4027 fu-

270 4063 458 4133 gisse,
483 4062 562 4116 vel
592 4061 846 4119 fefellisse
871 4077 1072 4119 rectam
1096 4064 1595 4133 interpretationem
1624 4066 1879 4121 videban-

271 4166 406 4221 tur,
435 4154 814 4227 collegissent:
848 4157 1049 4213 deinde
1076 4158 1141 4211 ad
1170 4158 1384 4213 Damasi
1413 4174 1578 4227 onera
1617 4175 1879 4231 recogno-

1992 2960 2304 3006 sanctorum
2368 2951 2629 3020 Patrum,
2684 2961 2847 3024 atque
2902 2958 3261 3023 interpretum
3313 2970 3593 3013 sacrorum

1992 3043 2225 3099 lectione
2270 3042 2533 3111 hausisti,
2568 3045 2892 3099 eruditionis
2934 3044 3111 3105 fructu
3145 3063 3158 3099 :
3202 3062 3339 3118 quas
3368 3063 3471 3118 ego
3502 3063 3592 3105 res

1991 3136 2243 3206 persequi
2271 3136 2443 3191 iusius
2471 3150 2718 3204 possem,
2750 3137 2842 3206 qui
2870 3151 2964 3192 eas
2995 3151 3103 3191 non
3129 3138 3293 3193 modo
3318 3140 3592 3197 audiendo

1989 3228 2365 3296 cognoverim,
2394 3228 2491 3283 sed
2521 3228 2690 3283 oculis
2713 3228 2910 3283 multas
2932 3231 3303 3300 usurpaverim
3325 3271 3341 3296 ,
3374 3231 3477 3284 nisi
3500 3246 3589 3288 me

1989 3332 2080 3377 tua
2122 3324 2338 3394 egregia
2380 3338 2443 3379 ac
2485 3322 2782 3393 singularis
2825 3322 3089 3377 modestia
3130 3335 3443 3389 revocaret,
3479 3339 3582 3395 qua

1986 3415 2175 3469 laudes
2218 3430 2341 3470 cum
2377 3416 2667 3479 merearis,
2716 3414 2769 3468 in
2819 3424 2872 3469 te
2901 3415 3133 3469 conferri
3165 3430 3271 3470 non
3301 3416 3434 3471 sinis
3458 3458 3473 3484 ,
3519 3433 3584 3473 ac

1987 3505 2268 3574 prmdicari
2294 3525 2308 3558 :
2340 3520 2664 3575 quamquam
2697 3504 2827 3559 nihil
2853 3520 3077 3562 necesse
3104 3516 3216 3575 est,
3244 3522 3365 3562 cum
3392 3509 3475 3562 vel
3498 3523 3586 3565 me

1988 3608 2200 3652 tacente
2231 3597 2475 3652 historia:
2525 3599 2847 3666 loquantur,
2879 3613 2943 3653 ac
2980 3599 3192 3668 publica
3234 3611 3587 3657 monumenta

1985 3696 2328 3758 posterorum
2361 3690 2637 3743 memoriae
2663 3690 3001 3759 consignata.
3038 3689 3213 3746 Unum
3247 3701 3429 3747 tamen
3461 3704 3545 3747 est
3569 3734 3585 3759 ,

1984 3780 2130 3850 quod
2161 3781 2437 3851 praeterire
2466 3781 2688 3836 omnino
2718 3797 2824 3835 non
2847 3797 3066 3852 possum
3089 3824 3103 3846 ,
3133 3784 3407 3838 excelsam
3436 3785 3583 3839 illam

1983 3873 2148 3927 animi
2180 3872 2605 3944 magnitudinem
2651 3880 2811 3943 atque
2838 3874 3197 3929 constantiam
3220 3915 3235 3942 ,
3263 3891 3369 3948 qua
3419 3886 3471 3930 tu
3513 3874 3582 3931 ad

1984 3965 2451 4036 Salisburgensem
2478 3967 2653 4037 magni
2678 3966 2729 4019 in
2758 3965 3049 4021 Germania
3070 3968 3307 4023 nominis
3329 3977 3384 4023 et
3404 3968 3583 4039 digni-

1985 4057 2108 4111 tatis
2128 4057 2310 4113 sedem
2335 4070 2591 4113 evocatus
2610 4097 2625 4123 ,
2656 4070 2846 4127 sponte
2870 4058 3079 4114 cessisti
3106 4059 3218 4130 juri
3246 4069 3338 4115 tuo
3359 4102 3374 4128 ,
3403 4062 3580 4116 adrni-

1982 4142 2563 4222 randuque'omnibus
2616 4152 2908 4223 exemplo,
2967 4153 3117 4224 pacis
3169 4162 3226 4210 et
3272 4156 3580 4212 concordiae

272 4248 480 4304 scenda
523 4258 575 4303 et
629 4267 718 4305 res
760 4251 1112 4321 explicandas
1145 4269 1231 4307 me
1260 4254 1684 4318 convertissem,
1716 4264 1876 4324 atque
1904 4238 1950 4301 C
1981 4246 2216 4300 studium
2244 4288 2258 4313 ,
2307 4246 2592 4301 commodo
2656 4257 2713 4302 et
2770 4247 2963 4305 honori
3015 4258 3106 4303 tuo
3179 4251 3579 4319 anteposuisti,

274 4340 353 4394 ita
386 4341 456 4396 ab
495 4341 762 4398 immenso
805 4344 897 4398 illo
943 4347 1119 4414 spatio
1164 4345 1215 4399 in
1257 4345 1356 4400 hoc
1386 4346 1664 4417 angustius
1700 4346 1872 4401 studia

272 4434 673 4488 contraxissetn
693 4449 832 4504 mea,
857 4438 1173 4505 opusculum
1196 4438 1451 4508 paulatim
1480 4438 1707 4502 exstitit,
1732 4438 1875 4508 quod

274 4540 396 4580 non
426 4526 608 4581 inutile
635 4526 748 4583 fore
773 4529 1027 4595 omnino,
1054 4529 1097 4583 si
1124 4529 1177 4583 in
1209 4529 1385 4584 lucem
1418 4539 1876 4600 prospectumque

274 4617 563 4673 hominum
592 4619 830 4686 veniret,
864 4622 1141 4688 nonnulli,
1170 4622 1370 4692 quibus
1412 4623 1463 4678 id
1486 4624 1834 4679 ostenderam
1859 4664 1873 4688 ,

270 4710 699 4780 judicaverunt:
745 4714 1112 4784 repugnabam
1143 4716 1428 4785 equidem,
1472 4734 1646 4789 neque
1689 4734 1878 4776 eorum

268 4806 485 4876 judicio
528 4808 937 4874 acquiescebam
968 4822 1094 4863 cum
1140 4809 1339 4865 multas
1385 4811 1456 4866 ob
1496 4824 1721 4872 causas.
1765 4821 1877 4866 tum

272 4898 426 4970 quod
444 4908 563 4954 erat
589 4899 835 4954 delicata:
859 4898 1017 4969 hujus
1037 4901 1211 4956 anatis
1230 4901 1570 4956 subeundum
1589 4903 1871 4970 judicium.

274 4990 351 5047 Ut
383 4994 629 5047 vincerer
658 5000 836 5047 tamen
866 4993 1155 5062 aliquando
1177 5035 1191 5060 ,
1222 5004 1385 5061 atque
1410 4994 1525 5048 haec
1546 4994 1877 5064 evulgarem,

276 5083 416 5139 illud
460 5100 546 5139 me
595 5085 871 5154 praecipue
919 5086 1163 5156 impulit,
1216 5096 1275 5140 nt
1319 5087 1679 5141 observantiae
1727 5088 1780 5140 in
1827 5096 1880 5142 te

273 5194 422 5234 mea:
463 5188 845 5249 argumentum
888 5189 1126 5235 exstaret
1156 5180 1393 5247 aliquod.
1429 5181 1676 5251 gratique
1711 5181 1878 5234 animi

274 5280 601 5343 perpetuum
634 5275 1000 5329 testimonium
1029 5283 1105 5328 tot
1130 5276 1400 5345 tantisque
1432 5276 1710 5331 beneﬁciis
1731 5276 1883 5331 debi—

274 5376 428 5432 tum,
452 5365 647 5435 quibus
672 5382 761 5421 me
781 5409 795 5432 ,
824 5366 1161 5438 gentilesque
1184 5383 1334 5423 meos
1355 5410 1370 5434 ,
1395 5384 1516 5423 cum
1548 5368 1884 5424 Vindubunte

273 5474 307 5513 a
359 5458 761 5529 cognitionibus
815 5475 990 5515 essem
1041 5476 1327 5517 Causarum
1384 5463 1880 5519 ecclesiasticarum

275 5551 616 5620 Apostoliem
641 5552 927 5622 legationis
951 5554 1052 5609 sub
1092 5555 1416 5611 immortalis
1455 5558 1737 5618 memoriae
1762 5556 1883 5611 viro

275 5644 552 5701 cardinali
576 5644 911 5719 Hieronymo
938 5644 1217 5704 Grimalde
1234 5690 1248 5716 ,
1275 5648 1534 5703 virtutum
1558 5647 1720 5703 etiam
1767 5658 1885 5702 tua-

278 5753 405 5794 rum
433 5746 577 5793 teste
599 5738 726 5794 olim
750 5740 1085 5809 amplissimo
1103 5781 1117 5805 ,
1148 5742 1453 5796 cumulasti.
1487 5740 1596 5797 Nec
1627 5754 1760 5796 vero
1783 5739 1886 5795 dif-

282 5831 425 5900 ﬁde,
449 5845 577 5903 quae
603 5839 693 5887 tua
727 5831 782 5889 in
808 5846 1001 5892 omnes
1027 5832 1337 5891 humanitas
1365 5843 1484 5903 est,
1512 5842 1677 5904 atque
1712 5832 1766 5889 in
1795 5846 1886 5890 me

1983 4340 2221 4393 maximo
2247 4338 2373 4394 licet
2418 4339 2683 4395 bonorum
2725 4355 2957 4395 manere
2983 4381 2998 4406 ,
3032 4342 3121 4410 qui
3151 4340 3581 4396 administratio-

1979 4445 2103 4484 nem
2134 4441 2276 4484 tuam
2325 4431 2675 4500 amplissima:
2720 4431 2793 4485 illi
2843 4432 3107 4487 Ecclesiae
3154 4432 3338 4489 utilem
3366 4474 3380 4499 ,
3414 4445 3581 4504 atque

1979 4524 2341 4578 necessariam
2388 4525 2823 4589 arbitiabantur,
2872 4524 2968 4579 sed
3012 4524 3266 4579 nimirum
3299 4526 3579 4583 insederat

1979 4616 2163 4671 animo
2194 4626 2283 4670 tuo
2312 4615 2605 4672 Clementis
2638 4616 2771 4671 illud
2800 4615 3141 4672 Sanctissimi
3167 4616 3425 4673 Romanae
3465 4618 3575 4675 Ec-

1980 4707 2158 4765 clesia
2188 4708 2438 4778 Episcopi
2483 4727 2495 4761 :
2537 4710 2622 4779 qui
2650 4725 2948 4781 generosus,
2998 4711 3085 4779 qui
3129 4711 3442 4777 misericors,
3484 4715 3577 4783 qui

1981 4807 2248 4861 charitatis
2291 4806 2497 4877 plenus,
2545 4805 2702 4873 dicat,
2752 4806 2797 4860 si
2843 4814 3050 4877 prepter
3094 4821 3174 4859 me
3213 4805 3495 4873 discordia,
3529 4817 3578 4863 et

1981 4900 2202 4955 schisma
2227 4943 2240 4965 ,
2272 4901 2479 4955 discedo
2501 4942 2515 4966 ,
2546 4900 2670 4954 abeo
2703 4917 2721 4954 :
2752 4901 2921 4953 solum
2957 4899 3087 4953 ovile
3136 4897 3327 4955 Christi
3354 4902 3409 4955 in
3450 4919 3578 4972 pace

1983 4997 2132 5068 degat
2164 5012 2277 5049 cum
2306 4996 2593 5048 constitutis
2616 4993 2919 5065 presbyteris
2942 5036 2956 5059 ,
2979 5005 3129 5064 atque
3150 4993 3245 5048 hoc
3265 4996 3353 5066 qui
3375 4997 3575 5067 fecerit,

1982 5088 2079 5141 sibi
2139 5102 2379 5157 magnum
2428 5086 2581 5139 decus
2633 5085 2685 5137 in
2737 5083 2960 5138 Domino
3008 5086 3359 5154 comparabit;
3414 5101 3572 5154 quam

1985 5182 2295 5252 praeclaram
2330 5194 2516 5235 vocem
2550 5179 2693 5233 idem
2725 5178 2869 5234 facto
2899 5195 2997 5234 suo
3026 5180 3409 5249 comprobasse
3444 5178 3578 5231 dici-

1986 5282 2074 5327 tur
2096 5316 2109 5340 ,
2144 5273 2327 5344 primae
2350 5275 2593 5328 omnium
2623 5272 2777 5330 Sedis
2802 5273 3007 5327 honore
3023 5313 3037 5338 ,
3064 5287 3125 5326 ac
3146 5272 3405 5340 dignitate
3426 5270 3579 5325 abdi-

1986 5379 2103 5421 cata
2123 5408 2137 5433 ,
2171 5368 2387 5422 utalter
2413 5382 2529 5422 eam
2564 5368 2678 5437 pari
2705 5368 2994 5422 sanctitate
3019 5363 3259 5435 pontifex
3284 5364 3575 5432 obtineret,

1987 5466 2247 5528 partuque
2274 5458 2613 5527 Optatissima
2637 5472 2767 5526 pace
2793 5457 3217 5512 administraret.
3243 5452 3359 5508 Non
3384 5455 3577 5527 exigua

1991 5548 2106 5604 haec
2152 5550 2272 5605 laus
2319 5558 2437 5615 est,
2483 5548 2581 5604 sed
2626 5564 2849 5619 magna,
2898 5556 3061 5618 atque
3091 5547 3385 5618 praeclara;
3417 5564 3580 5621 quam

1990 5657 2111 5697 cum
2137 5643 2510 5700 sanctissimus
2537 5643 2673 5699 alter
2696 5642 2791 5698 Vir
2813 5641 3186 5700 Nazianzenus
3211 5644 3582 5713 amularetur,

1990 5736 2244 5804 dolebat,
2292 5753 2629 5809 nequaquam
2657 5737 2791 5793 satis
2820 5738 3020 5793 multos
3062 5738 3291 5795 inveniri
3313 5779 3328 5804 .
3378 5739 3506 5809 qui,
3538 5740 3584 5792 si

1991 5827 2208 5900 quando
2238 5829 2443 5889 utilitas
2464 5829 2835 5889 Ecclesiarum
2873 5827 2929 5889 id
2955 5829 3228 5902 postulare
3263 5828 3549 5889 videbatur
3573 5860 3590 5893 ο
