4150 6176
524 296 621 352 iii

1726 293 2039 354 SANCTUS
2078 294 2403 357 DAMASUS
2443 299 2645 359 PAPA.

3723 310 3827 367 “‘3

512 408 673 464 sedes
694 423 819 464 suas
843 410 1247 481 relinquerent,
1271 409 1578 480 atleploque
1626 410 1819 465 honori
1856 419 1910 465 et
1941 410 2115 480 digni-
2146 413 2191 472 A
2219 427 2425 481 vertar,
2460 417 2588 483 tibi,
2640 417 2896 489 princeps
2942 417 3392 488 eminentissime,
3444 437 3566 477 cum
3598 426 3823 480 omnino

516 500 617 555 tati
654 503 1045 555 renuntiarent.
1086 502 1425 571 Quamquam
1471 502 1521 555 in
1555 510 1645 555 tuo
1676 502 1769 555 illo
1800 500 1944 555 facto
1974 502 2115 556 divi—

512 608 638 647 nam
669 595 828 649 video
853 595 1026 662 palam
1054 608 1175 649 esse
1205 593 1534 649 declaratam
1564 595 1922 662 sapientiam,
1953 606 2114 666 atque

511 686 796 741 consilium
832 703 844 739 :
896 702 1071 757 neque
1101 688 1244 743 enim
1274 688 1388 742 lleri
1431 698 1673 757 poterat,
1709 691 1835 759 quin
1880 688 1950 755 ii,
1990 690 2109 758 qui-

510 776 615 832 bus
663 779 954 843 prtelueras
981 821 995 844 ,
1042 781 1224 835 animo
1269 780 1550 849 dolerent,
1605 800 1668 837 ac
1707 794 2069 854 quererentur
2096 826 2110 851 ,

509 868 671 924 avelli
695 885 724 923 τι
751 886 810 926 se
839 881 1109 940 pastorem
1137 874 1284 927 illum
1308 916 1323 940 ,
1355 890 1419 929 ac
1446 876 1742 946 principem
1761 921 1775 945 ,
1806 892 1914 948 quo
1938 893 2113 948 neque

508 963 864 1017 amantiorem
890 1004 904 1029 ,
941 980 1037 1019 nec
1069 966 1354 1021 meliorem
1401 968 1624 1021 omnino
1666 977 1756 1022 aut
1801 969 2112 1025 desiderare

506 1065 762 1125 pOsseut,
787 1068 877 1111 aut
898 1073 1120 1128 sperare
1147 1059 1431 1115 auderent.
1466 1061 1534 1117 Ut
1557 1065 1701 1118 enim
1725 1063 1959 1135 quodam
1990 1067 2109 1121 loco

504 1152 727 1221 scripsit
756 1152 1016 1208 Damasus
1048 1170 1199 1209 meus
1220 1197 1235 1219 ,
1264 1164 1320 1211 et
1350 1148 1585 1226 illi,‘qui
1616 1158 1899 1212 amiserint
1926 1174 2109 1213 sacer-

505 1245 689 1301 dOtem
712 1287 726 1312 ,
758 1247 873 1302 sine
902 1248 1090 1303 dolore
1118 1264 1240 1305 esse
1271 1265 1377 1304 non
1413 1260 1674 1319 possunt,
1707 1258 1763 1305 et
1791 1251 1865 1306 illi
1902 1253 1991 1322 qui
2023 1252 2107 1307 al-

504 1339 676 1393 terius
715 1340 948 1395 civitatis
977 1342 1289 1412 acceperiut
1325 1342 1635 1413 episcopum
1660 1385 1674 1408 ,
1704 1344 1915 1399 etiamsi
1972 1362 2105 1415 gau-

500 1429 695 1496 deant,
730 1432 1056 1488 invidiosum
1087 1435 1189 1489 sibi
1235 1428 1542 1506 intelligunt
1586 1437 1736 1503 fore,
1780 1438 1881 1492 sub
1927 1440 2106 1494 alieno

498 1537 560 1578 se
599 1538 763 1595 agere
791 1527 1095 1585 sacerdote.
1145 1527 1254 1583 Sed
1286 1536 1343 1583 ut
1368 1528 1438 1583 ad
1474 1544 1610 1599 opus
1658 1529 1763 1585 hoc
1795 1544 1977 1587 meum
2019 1547 2104 1589 re-

2223 506 2353 561 illud
2385 507 2647 563 debeatur
2678 526 2707 564 a
2741 526 2828 565 me
2852 552 2865 575 ,
2898 526 3019 565 cum
3048 526 3257 567 summa
3290 512 3599 570 humanitas
3625 532 3688 573 ac
3713 518 3824 573 cle-

2222 601 2423 656 mentia
2457 613 2543 656 tua
2593 604 2645 656 in
2676 619 2828 672 Spem
2860 620 2947 660 me
2988 604 3249 673 adducat,
3282 623 3387 662 non
3434 607 3538 664 hoc
3581 608 3823 667 futurum

2223 695 2491 766 ingratum
2526 697 2654 764 tibi,
2687 698 2891 752 nomini
2923 708 3014 753 ttto
3046 700 3237 755 lubens
3262 700 3364 766 do,
3404 701 3529 757 dico
3555 745 3572 771 ,
3604 703 3826 760 dedico-

2220 806 2328 860 que
2378 808 2392 845 :
2447 801 2691 859 precatus
2736 792 2802 846 ad
2849 800 3153 848 extremum
3203 794 3266 849 D.
3314 794 3378 850 0.
3435 794 3543 861 M.,
3594 806 3653 851 ut
3700 813 3822 854 cum

2219 884 2623 942 sanctissimum
2657 888 2967 958 pontilitrem
2990 888 3141 943 illum
3168 931 3183 955 ,
3215 890 3371 958 cujus
3394 890 3499 946 edo
3534 906 3739 962 opera,
3770 902 3827 947 et

2216 994 2304 1034 res
2350 992 2531 1050 gestas
2562 998 2890 1053 persequor,
2941 982 3358 1045 diligentissime
3407 984 3673 1054 imiteris,
3728 985 3822 1041 diu

2220 1081 2273 1129 te
2302 1074 2547 1129 ecclesia:
2594 1075 2721 1141 isti,
2770 1091 2929 1146 quam
2979 1076 3269 1147 regendam
3314 1076 3494 1142 dedit,
3544 1078 3756 1149 pepulis
3790 1093 3823 1132 a

2217 1165 2413 1235 quibus
2458 1168 2614 1223 avelli
2656 1184 2848 1240 passus
2893 1185 2998 1224 nou
3052 1179 3169 1233 est,
3219 1169 3410 1235 bouis,
3456 1184 3520 1225 ac
3567 1170 3820 1227 litteratis

2216 1262 2471 1317 omnibus
2516 1262 2682 1328 viris,
2729 1263 2927 1334 quibus
2959 1265 3009 1318 in
3054 1273 3107 1319 te
3136 1264 3386 1319 columen
3413 1304 3429 1329 ,
3475 1262 3819 1334 praesidium-

2214 1372 2320 1426 que
2341 1357 2603 1426 contulit,
2633 1357 2893 1428 sospitem
2920 1399 2935 1426 ,
2961 1357 3169 1414 salvum
3187 1399 3201 1426 ,
3227 1356 3667 1429 ineolumemque
3689 1372 3820 1414 cou-

2215 1458 2418 1505 servet.

518 1746 3802 1776 mm

1900 1907 2412 1985 LECTORI.

565 2104 716 2161 Nihil
756 2118 828 2162 est
847 2148 861 2173 ,
901 2122 994 2161 cur
1033 2117 1101 2169 te.
1128 2108 1290 2162 amice
1317 2109 1496 2172 lector,
1524 2109 1676 2179 longo
1704 2110 1974 2178 prooemio,
2003 2118 2093 2162 aut
2123 2113 2172 2173 B
2200 2120 2255 2164 ut
2297 2127 2413 2180 qua:
2450 2115 2562 2184 ejus
2588 2126 2696 2166 esse
2716 2110 3016 2179 constabat,
3046 2125 3161 2165 cum
3201 2125 3324 2165 mss.
3352 2123 3439 2174 cc,
3469 2108 3512 2162 si
3538 2122 3663 2178 quos
3686 2122 3813 2161 nac-

500 2203 784 2265 composito
830 2217 1065 2255 sermone
1106 2217 1278 2255 morer
1316 2219 1333 2255 :
1376 2218 1494 2255 nam
1520 2201 1657 2272 quod
1694 2202 1970 2271 scriptores
1996 2203 2105 2273 ple-

496 2310 714 2363 rumque
765 2292 931 2347 solent
956 2308 1165 2345 causam
1196 2293 1419 2361 aperire,
1451 2310 1542 2347 cur
1570 2292 1791 2347 scribere
1810 2293 1977 2365 printo
2013 2310 2105 2365 ag-

502 2388 665 2461 gressi
695 2387 911 2457 fuerint,
944 2387 1127 2441 deinde
1147 2388 1317 2457 operis
1344 2388 1511 2455 ipsius
1539 2388 1793 2441 rationem
1824 2397 1869 2441 et
1897 2388 2102 2441 modum

498 2481 783 2554 explicare,
816 2490 1088 2547 utrumque
1111 2482 1324 2535 breviter
1353 2494 1598 2548 prwstare
1625 2498 1857 2549 possunt.
1888 2479 1959 2534 Et
1986 2498 2106 2551 ope-

493 2575 567 2629 ris
592 2576 798 2643 quidem
825 2575 1081 2628 condendi
1110 2591 1289 2638 causa,
1320 2591 1433 2643 qua:
1470 2576 1636 2642 primo
1669 2576 1766 2646 fuit
1789 2576 2100 2647 justissima,

496 2684 557 2723 ea
592 2684 671 2721 me
700 2670 751 2721 in
800 2684 956 2722 cursu
1005 2669 1227 2722 deseruit
1266 2668 1410 2722 nulla
1450 2685 1561 2721 mea
1606 2668 1760 2733 culpa
1792 2685 1804 2722 :
1856 2672 2103 2737 affectum

493 2775 613 2814 vero
643 2776 773 2825 opus
804 2761 940 2814 volui
981 2761 1258 2828 dimittere,
1293 2762 1371 2815 vel
1402 2760 1538 2828 quod
1565 2778 1702 2815 erant
1718 2762 2103 2831 jucunditatcm

496 2854 683 2907 Iterum
724 2852 1013 2907 studiorum
1068 2864 1343 2923 expertus,
1401 2854 1478 2908 vel
1518 2855 1655 2921 quod
1704 2853 2105 2924 pulcherrimam

504 2950 641 3002 ltanc
688 2964 795 3002 esse
834 2948 1074 3011 viderem,
1101 2959 1251 3019 atque
1295 2948 1708 3002 honestissimam
1734 2951 1985 3003 rationem
2012 2950 2105 3002 otii

497 3042 848 3112 transigendi,
897 3041 964 3095 ad
998 3043 1138 3111 quod
1180 3040 1322 3097 haud
1362 3043 1547 3097 invitus
1598 3042 1836 3097 dimissus
1879 3042 2098 3110 fueram,

502 3134 839 3189 tricosissimo
886 3151 1097 3189 munere
1122 3135 1574 3209 dijudicnndarum
1607 3136 1657 3189 in
1688 3139 1803 3207 foro
1838 3136 2024 3198 litium,
2052 3137 2103 3190 in

503 3243 605 3296 quo
648 3242 849 3279 onmem
873 3242 999 3298 pene
1020 3236 1307 3281 anteactam
1332 3229 1489 3282 vitam
1510 3243 1955 3293 consumpserant,
1979 3226 2105 3280 libe-

501 3332 664 3376 ratus.
706 3320 815 3375 Erit
860 3321 1100 3390 fortasse,
1136 3324 1226 3393 qui
1275 3340 1403 3391 cpus
1443 3324 1611 3392 ipsum
1649 3340 1680 3376 a
1708 3340 1785 3376 me
1810 3332 2105 3394 susceptum

504 3432 609 3469 non
640 3418 773 3470 tanti
812 3418 1048 3481 (estintet,
1074 3428 1127 3471 ut
1164 3435 1223 3472 eo
1244 3418 1500 3473 debuerim
1526 3418 1860 3491 cogitationes
1884 3420 2099 3486 referre.
2142 3458 2151 3467 .

2207 2212 2290 2258 tus
2319 2221 2499 2271 essem,
2529 2204 2816 2271 conferrent
2845 2221 2863 2258 :
2883 2204 3069 2257 deinde
3095 2218 3212 2274 quat
3230 2204 3273 2257 ei
3298 2202 3663 2276 abjudicantur
3689 2202 3814 2254 doc-

2208 2304 2376 2349 torum
2422 2296 2650 2349 virorum
2681 2296 2910 2367 judicio,
2938 2296 3240 2368 rejirerem;
3280 2296 3327 2349 si
3373 2295 3488 2366 quis
3526 2294 3658 2347 enim
3701 2293 3812 2346 lucc

2204 2404 2403 2459 quoque
2433 2389 2708 2452 desideret,
2738 2398 2925 2460 prwsto
2964 2398 3083 2442 sunt
3112 2388 3433 2443 Sarazanius
3458 2388 3590 2457 ipse,
3613 2397 3661 2442 et
3687 2403 3813 2442 con-

2207 2485 2444 2537 ciliorum
2472 2483 2798 2538 collectiones
2818 2500 2836 2537 :
2863 2484 3080 2553 denique
3101 2492 3158 2537 ut
3180 2500 3239 2537 ea
3259 2498 3372 2553 qua:
3399 2496 3810 2549 recognoveram,

2206 2578 2477 2632 illustrare
2520 2580 2672 2632 etiam
2715 2594 2948 2631 conarer.
2992 2576 3177 2646 Itaque
3221 2577 3583 2631 adnotationes
3610 2574 3811 2641 adieci,

2209 2685 2395 2738 easque
2415 2669 2711 2741 plerumque
2739 2687 2874 2724 nteas
2888 2686 2907 2735 ;
2936 2668 3305 2723 llolstenianas
3326 2671 3482 2723 etiant
3506 2667 3812 2739 aliquando,

2208 2779 2321 2833 qua:
2339 2779 2519 2834 paucte
2558 2774 2728 2818 tamen
2755 2773 2895 2828 sunt,
2934 2773 2981 2816 et
3012 2762 3287 2817 nonnullas
3318 2763 3498 2827 etiam,
3522 2763 3613 2815 sed
3634 2778 3755 2814 raro
3785 2777 3818 2813 a

2210 2854 2507 2910 Constantio
2535 2856 2830 2926 desumptas
2851 2872 2868 2921 ;
2892 2857 2999 2909 illa
3028 2855 3162 2908 enim
3196 2854 3352 2925 facile
3378 2854 3612 2907 omnibus
3633 2868 3817 2907 occur-

2208 2960 2351 3015 runt,
2383 2962 2428 3003 et
2464 2950 2509 3004 si
2536 2966 2709 3003 omnes
2732 2948 3035 3012 retulissent,
3063 2963 3275 3001 onerare
3305 2948 3475 3018 potius
3506 2944 3818 3015 cpusculunt

2210 3044 2305 3097 hoc
2331 3060 2499 3097 meum
2537 3043 2700 3097 videri
2726 3053 2961 3111 poteram
2999 3059 3153 3112 quam
3179 3058 3385 3097 ornare.
3421 3041 3551 3108 Quae
3583 3040 3815 3097 Sarasa-

2210 3142 2326 3190 nius
2369 3136 2437 3189 ad
2479 3136 2722 3191 Carmina
2772 3134 3089 3191 illustranda
3130 3136 3353 3209 adjecit,
3383 3135 3575 3190 retinui
3614 3134 3815 3195 omnia,

2210 3246 2327 3284 cum
2377 3247 2476 3284 non
2528 3231 2600 3283 ita
2641 3230 2791 3301 facile
2832 3230 2897 3283 sit
2927 3245 2985 3284 ea
3015 3236 3239 3299 reperire
3268 3244 3286 3282 :
3314 3227 3512 3282 servavi
3539 3236 3706 3280 tamen
3740 3226 3816 3280 lo-

2210 3340 2350 3389 cum,
2384 3340 2530 3394 quem
2558 3324 2662 3377 illis
2691 3323 2827 3376 ident
2858 3321 3091 3386 dederat,
3120 3320 3175 3373 id
3203 3329 3277 3375 est
3322 3318 3389 3373 ad
3416 3320 3607 3373 calcem
3632 3317 3815 3391 rejeci.

2214 3417 2467 3472 therum
2494 3418 2536 3471 si
2564 3416 2687 3485 quid
2712 3426 2799 3470 tuo
2822 3416 3088 3469 comntodo
3111 3418 3305 3486 factunt
3329 3423 3422 3477 est,
3450 3412 3612 3466 amice
3637 3412 3818 3476 lector,

504 3508 642 3576 Quid
654 3510 806 3574 enim,
826 3510 1036 3578 inquiet,
1056 3527 1221 3565 nonne
1246 3510 1457 3565 Damasi
1483 3510 1747 3579 Opttscula
1773 3528 1804 3563 α
1826 3512 1935 3564 viro
1952 3510 2105 3563 docto
2134 3498 2179 3561 C
2213 3512 2398 3583 gratim
2420 3509 2667 3564 habenda:
2705 3518 2826 3563 sunt
2869 3510 3119 3562 bonorum
3155 3506 3381 3560 omnium
3413 3503 3645 3574 largitori
3674 3500 3784 3555 Deo
3801 3518 3822 3568 ,-

502 3602 792 3657 Sarazanio
831 3603 1067 3667 collecta,
1091 3614 1139 3656 et
1167 3605 1321 3658 semel
1352 3607 1633 3675 iterumque
1662 3605 1873 3677 vulgata
1899 3608 1923 3655 2’
1956 3600 2109 3657 Nihil

508 3695 685 3749 attinet
706 3711 787 3749 me
800 3694 865 3748 de
882 3695 1159 3750 Sarazanii
1176 3697 1442 3768 diligentia
1468 3708 1621 3765 atque
1642 3698 1928 3750 eruditione
1951 3695 2115 3759 loi,ui.

511 3785 658 3841 Illud
705 3788 1058 3841 tantummodo
1088 3786 1286 3852 dicam,
1333 3806 1435 3841 non
1467 3788 1592 3842 ntihi
1624 3790 1847 3857 priutunt
1878 3802 2013 3839 nunc
2030 3802 2115 3839 ve-

510 3882 647 3935 nisse
686 3882 740 3933 in
786 3892 1002 3934 mentem
1036 3881 1245 3934 Damasi
1277 3898 1433 3948 opera
1493 3881 1556 3932 ab
1592 3881 1684 3932 illo
1723 3879 1859 3932 edita
1906 3895 2115 3932 rursum

510 3989 871 4044 recognoscere
892 4015 905 4039 ,
957 3983 1107 4042 atque
1153 3976 1435 4043 evulgare;
1468 3990 1587 4027 nant
1612 3973 1707 4027 viri
1735 3973 1876 4027 docti
1921 3973 2117 4027 Suare-

513 4065 619 4118 sius
650 4075 695 4119 et
720 4106 733 4129 ,
767 4074 945 4119 nostra
974 4064 1071 4116 hac
1099 4066 1258 4134 ferme
1286 4074 1437 4117 wtate
1458 4104 1472 4127 ,
1512 4064 1793 4118 Pastritius
1826 4064 1887 4118 de
1927 4080 1988 4118 eo
2033 4068 2117 4134 fa-

514 4156 694 4210 ciendo
708 4158 1073 4227 cogitaverunt.
1094 4154 1217 4210 Non
1230 4173 1347 4229 ergo
1362 4157 1631 4211 consilium
1644 4173 1810 4210 nteant
1825 4157 2121 4226 improban-

515 4250 642 4303 dunt
662 4261 759 4315 est,
780 4251 869 4306 sed
894 4251 948 4304 id
965 4250 1136 4321 potius
1167 4252 1468 4321 optanduut,
1488 4261 1542 4305 ut
1568 4251 1700 4305 nihil
1732 4253 1785 4305 in
1804 4249 2120 4321 perﬁciendo

514 4359 573 4397 eo
601 4358 741 4399 cura:
771 4354 820 4399 et
856 4344 1138 4417 diligentia:
1167 4344 1505 4399 desideretur.
1545 4342 1693 4398 Hanc
1723 4361 1815 4415 ego
1846 4345 2001 4407 viam,
2034 4358 2121 4396 ra-

512 4435 802 4508 tionemque
825 4437 967 4491 tenui
988 4436 1043 4490 in
1070 4434 1280 4491 Damasi
1302 4437 1541 4506 operibus
1564 4436 1924 4492 recensendis:
1952 4436 2121 4507 primo

2215 3604 2260 3656 si
2285 3604 2416 3656 nihil
2427 3603 2542 3664 erit,
2562 3602 2700 3667 quod
2712 3617 2914 3655 sacrum
2930 3600 3197 3654 historiam
3216 3601 3392 3667 iuvare
3403 3612 3551 3667 posse
3563 3593 3822 3661 videatur,

2218 3707 2270 3751 at
2294 3697 2545 3750 laudandi
2568 3706 2703 3749 certe
2724 3707 2940 3751 conatus
2971 3696 3070 3748 mei
3095 3710 3112 3748 :
3143 3703 3199 3747 ut
3222 3708 3337 3747 vero
3363 3708 3493 3763 opus
3516 3690 3686 3761 ipsum
3708 3704 3824 3742 cum

2218 3790 2417 3843 cwteris
2466 3788 2740 3853 similibus,
2769 3788 2953 3858 quibus
2990 3786 3290 3853 obruimur,
3323 3783 3541 3838 tenebris
3580 3782 3827 3837 amande-

2223 3893 2327 3950 tur,
2374 3901 2475 3938 non
2514 3899 2784 3955 repugno:
2826 3882 2961 3936 illud
3003 3881 3275 3935 dumtaxat
3322 3878 3486 3933 Plinii
3515 3893 3637 3947 rogo
3658 3875 3831 3929 animo

2223 3992 2413 4044 verses,
2463 3977 2553 4031 lib.
2598 3993 2674 4044 ιχ,
2709 3976 2863 4047 epist.
2914 3975 2979 4029 l7
3011 3991 3023 4029 :
3058 3975 3229 4043 Quam
3261 3972 3464 4028 multos
3486 3980 3647 4042 putas
3669 3983 3792 4025 esse
3813 4009 3828 4034 ,

2223 4084 2363 4137 quos
2391 4085 2453 4125 ea
2479 4070 2676 4140 quibus
2703 4084 2805 4140 ego
2832 4077 2889 4123 et
2920 4077 2975 4123 tu
3008 4071 3281 4139 capimur,
3312 4074 3368 4121 et
3404 4064 3676 4129 ducimur,
3707 4077 3833 4132 par-

2226 4162 2322 4217 tim
2369 4171 2431 4217 ut
2476 4162 2693 4233 inepta,
2734 4162 2932 4232 partim
2977 4168 3038 4216 ut
3083 4159 3471 4215 molestissima
3518 4154 3835 4227 offendant}
3876 4174 3885 4179 η

2227 4255 2426 4312 Demus
2463 4256 2630 4327 igitur
2662 4255 2858 4312 alienis
2886 4254 3345 4313 oblectationibus
3375 4253 3610 4320 veniam,
3641 4261 3701 4307 ut
3730 4264 3832 4307 no-

2226 4350 2358 4406 stris
2389 4348 2770 4420 impetremus.

536 4628 3803 4660 mw“

824 4802 965 4875 DE
1006 4800 1393 4878 SANCTI
1454 4796 1877 4873 DAMAS!
1927 4795 2239 4869 PAP/E
2291 4742 2899 4869 O‘PUSCULIS
2948 4797 3087 4869 ET
3134 4794 3549 4872 GESTIS.

1944 5017 2423 5058 ﬂ

1054 5203 1284 5262 CAPUT
1336 5200 1622 5259 PRIMUM.

533 5352 573 5408 Ι.
621 5354 681 5408 S.
716 5348 931 5405 Damasi
960 5362 1119 5419 genus
1138 5386 1152 5412 ,
1186 5352 1233 5399 et
1272 5342 1467 5415 patria.
1493 5339 1674 5393 Lector
1700 5356 1732 5393 a
1762 5354 1923 5409 puero
1950 5339 2004 5392 in
2043 5339 2132 5393 ba-

607 5446 754 5500 silica
784 5445 850 5498 S.
885 5440 1172 5497 Laurentii.
1239 5436 1304 5491 ll.
1349 5433 1613 5488 Diaconus
1645 5430 1907 5485 Liberium
1947 5432 1999 5483 in
2037 5447 2131 5485 ea:-

610 5542 782 5594 siliunt
812 5548 1012 5592 euntem
1058 5535 1306 5607 sequitur,
1340 5542 1387 5586 et
1438 5546 1589 5603 quem
1632 5546 1790 5599 usque
1828 5529 1895 5581 ad
1926 5526 2132 5581 locum?

611 5633 715 5685 Cur
744 5629 930 5683 deinde
957 5630 1023 5682 ad
1064 5628 1253 5683 Urbem
1295 5627 1583 5690 revertitur,
1618 5632 1665 5676 et
1701 5640 1766 5675 an
1799 5620 1993 5675 Felicis
2040 5619 2134 5674 eli-

608 5721 760 5794 gendi
786 5729 964 5773 auctor
981 5718 1317 5788 clero-fuerit.
1342 5718 1430 5773 lll.
1456 5716 1732 5785 Presbyter
1748 5712 2037 5778 ordinatus,
2068 5728 2136 5766 an

608 5838 638 5873 a
672 5816 895 5883 Libet-io,
920 5830 986 5867 an
1020 5814 1238 5885 potiusa
1260 5812 1463 5879 Felice;
1488 5810 1707 5867 Baronii
1730 5809 2006 5868 sententia.
2042 5806 2131 5864 ιγ.

2157 5224 2212 5286 D
2311 5200 2624 5255 Proazmium
2670 5200 2739 5254 ad
2770 5215 2945 5271 preces
2976 5200 3219 5257 Faustini
3265 5210 3311 5257 et
3354 5200 3672 5270 Marcellini,
3719 5201 3848 5274 falsi

2314 5295 2569 5363 arguitur,
2583 5301 2631 5346 et
2650 5291 2901 5347 Damasus
2924 5292 3233 5349 vindicatur.
3256 5293 3317 5350 V.
3341 5294 3457 5360 Quo
3474 5296 3587 5349 loco
3607 5311 3667 5349 ac
3680 5294 3847 5364 pretio

2315 5389 2408 5441 sub
2438 5386 2640 5442 Liberio
2671 5388 2857 5445 reduce
2894 5392 2963 5444 ad
2992 5406 3138 5443 suam
3176 5390 3348 5444 sedem
3392 5388 3635 5459 deinceps
3662 5387 3845 5459 fuerit.

2313 5524 2356 5581 Ι.
2384 5526 2644 5582 Damasus
2664 5531 2883 5584 natione
2908 5527 3179 5596 Hispanus
3203 5527 3402 5583 dicitur
3421 5528 3491 5582 ab
3514 5525 3846 5583 Anastasio:

2239 5620 2533 5692 Hispanum
2556 5636 2684 5677 vero
2713 5623 2938 5692 praecise
2964 5637 3086 5677 eum
3107 5620 3565 5685 vocatBaronitts,
3591 5618 3853 5676 Francis-

2240 5730 2337 5770 cus
2366 5715 2579 5786 Pagius,
2612 5713 2963 5781 Ciaccouius,
2996 5713 3201 5786 aliique
3245 5712 3420 5778 tnulti,
3452 5714 3542 5784 qui
3574 5712 3737 5769 etiam
3770 5710 3848 5767 de

2241 5822 2307 5863 eo
2333 5807 2604 5877 Hispaniae
2645 5806 2765 5863 loco
2789 5815 3030 5875 certant,
3064 5807 3149 5863 cui
3177 5807 3251 5863 sit
3280 5804 3694 5865 adscribendos.
3729 5803 3851 5861 Hos
