4150 6176
300 269 410 325 113

1676 256 1856 314 PROL
1866 256 2053 314 EGOM
2062 257 2215 314 ENA.

3515 270 3617 328 114

301 384 422 440 fuse
452 388 709 439 recenset
752 380 839 437 Jo.
876 379 1134 450 Tamajus
1184 378 1407 433 Salazar
1445 377 1500 434 in
1526 374 1909 447 Martyrologio
1932 378 1991 439 Α
2015 374 2093 430 sic
2128 375 2413 432 Damasum
2462 378 2634 448 ipsum
2673 391 2835 449 gente
2885 381 3179 452 Ilispanum
3230 384 3398 441 fuisse
3422 428 3437 453 ,
3485 402 3621 457 quos

304 480 548 549 Ilispauo
575 477 642 531 ad
668 476 809 531 diem
848 476 905 530 11
936 473 1270 530 Decembris.

375 574 511 633 llis.
540 572 586 626 si
633 572 684 626 in
724 570 980 641 Hispania
1038 578 1224 623 natum
1275 568 1561 621 Damasum
1611 563 1912 631 affirmeut,

303 675 579 738 repugnat
608 664 1024 726 'l‘ilh-montius,
1070 676 1133 715 ac
1179 660 1433 714 dubitare
1479 672 1638 729 posse
1689 667 1907 723 censet,

304 759 617 819 DainaSum,
654 756 880 826 ejusque
928 768 1174 807 sororem
1212 750 1457 815 Irenem,
1489 750 1673 805 Roma:
1706 761 1906 803 natam.

306 850 422 907 Nec
449 854 673 904 fortasse
717 848 1010 902 immerito.
1061 845 1224 901 Pater
1253 846 1397 899 enim
1445 845 1497 899 in
1542 846 1600 897 S.
1635 844 1911 898 Laurentii

306 945 524 1001 basilica
572 943 753 1012 primo
783 950 1061 1007 exceptor,
1112 950 1221 993 tum
1269 939 1441 993 lcetor
1475 937 1605 1004 fuit,
1637 940 1726 1007 qui
1784 946 1910 991 sunt

309 1037 466 1108 primi
496 1049 792 1103 puerorum
825 1034 878 1087 in
910 1030 1151 1086 Ecclesia
1184 1031 1402 1102 gradus.
1436 1032 1477 1085 Α
1509 1029 1712 1084 teneris
1748 1029 1910 1100 igitur

299 1129 455 1183 annis
488 1127 709 1182 Damasi
746 1135 900 1196 pater
950 1139 1119 1179 sacra:
1149 1124 1359 1178 militiae
1404 1123 1709 1178 tirocinium
1757 1124 1810 1177 in
1844 1137 1907 1177 ea

302 1220 524 1277 basilica
553 1219 805 1290 posuisse
832 1217 1066 1271 videtur.
1100 1217 1368 1271 Prmtcrea
1391 1217 1505 1285 ipse
1519 1216 1680 1269 etiam
1710 1217 1906 1268 Dama-

300 1331 393 1371 sus
419 1314 664 1385 ejusdem
690 1312 956 1376 basilicte,
992 1326 1022 1365 a
1052 1310 1244 1379 puerili
1269 1318 1430 1363 aetate
1458 1320 1568 1362 tum
1600 1310 1759 1362 lector
1784 1308 1904 1374 fuit,

301 1420 416 1466 tum
440 1410 499 1464 in
512 1406 723 1463 exteris
744 1406 997 1461 omnibus
1015 1404 1184 1459 sacris
1198 1403 1482 1457 ordinibus
1504 1403 1719 1457 meruit.
1747 1400 1902 1467 Nam,

299 1512 364 1556 ut
393 1500 725 1571 Eghinactus
744 1499 818 1552 ait
866 1497 964 1570 (a),
997 1495 1129 1551 Cum
1154 1504 1304 1550 wlate
1326 1496 1514 1565 puerili
1537 1496 1631 1547 sub
1658 1495 1905 1563 magistro

299 1595 648 1659 ministraret,
693 1604 741 1647 et
766 1591 839 1645 ad
869 1606 1115 1662 magnum
1155 1600 1401 1643 cresceret
1446 1604 1619 1642 rerum
1669 1588 1902 1654 culmen,

298 1698 419 1739 tunc
449 1685 690 1740 Romana
750 1683 972 1737 Lacron
1010 1681 1062 1735 in
1113 1681 1361 1745 ecclesia,
1407 1682 1540 1735 Acta
1592 1687 1904 1733 sanctorum

300 1788 602 1851 martyrum
655 1777 803 1831 Ρυιτὶ
833 1783 889 1829 et
932 1774 1225 1829 Marcellini
1267 1788 1331 1827 ex
1362 1788 1455 1826 ore
1502 1771 1755 1826 Dorothei
1781 1786 1903 1842 per-

300 1873 542 1927 cussoris
568 1869 817 1939 excepit,
853 1866 1209 1936 collegitqne,
1255 1882 1318 1921 ac
1345 1864 1410 1919 ad
1443 1876 1692 1935 posteros
1724 1874 1903 1919 trans-

300 1964 465 2020 misit.
494 1963 702 2017 Pueros
733 1969 917 2015 autem
964 1960 1028 2013 ad
1058 1958 1285 2028 gradum
1330 1959 1553 2013 lectoris
1579 1958 1780 2012 assumi
1812 1972 1903 2011 so-

297 2061 428 2114 litos
461 2069 572 2112 tum
598 2072 666 2112 ex
711 2055 890 2111 Siricii
940 2064 991 2109 et
1022 2053 1323 2109 Innocentii
1357 2052 1602 2123 epismlis
1624 2094 1639 2117 ,
1674 2062 1785 2106 tum
1836 2068 1905 2107 ex

299 2154 477 2207 variis
528 2166 557 2205 a
605 2150 961 2206 'I‘homassino
992 2148 1067 2221 (b)
1116 2156 1170 2202 et
1218 2148 1544 2202 Bonarrotio
1597 2145 1667 2218 (c)
1724 2146 1904 2201 allatis

299 2244 569 2314 exemplis
598 2252 827 2299 constat.
861 2244 1069 2312 Agebat
1100 2242 1283 2315 itaque
1316 2242 1577 2295 Damasus
1606 2248 1735 2294 tunc
1768 2250 1905 2295 tem-

297 2339 449 2410 poris
467 2352 668 2405 annum
698 2336 893 2389 saltem
916 2335 1185 2389 decimum
1218 2332 1606 2403 tertium,qnia
1637 2348 1765 2387 vero
1789 2331 1902 2388 fere

294 2430 685 2499 octogenarius
742 2428 914 2493 obiit,
969 2441 1113 2480 anno
1157 2425 1283 2491 384,
1337 2427 1389 2480 in
1442 2426 1616 2481 lucem
1657 2424 1904 2496 profecto

297 2520 502 2591 prodiit
526 2520 669 2573 circa
700 2534 902 2573 annum
933 2517 1038 2574 5M
1064 2560 1078 2583 ,
1106 2534 1169 2572 ac
1200 2519 1427 2573 Romam
1464 2534 1586 2573 cum
1641 2530 1795 2587 patre
1840 2534 1904 2573 ac

296 2623 471 2670 matre
501 2612 718 2667 venisse
738 2612 926 2667 debuit
957 2610 1315 2681 quadriennis
1341 2652 1355 2675 ,
1400 2620 1492 2665 aut
1536 2610 1903 2681 quinquennis

299 2709 501 2765 infans.
531 2708 644 2764 Fac
671 2709 835 2778 igitur
851 2722 913 2761 ea
944 2706 1097 2760 illum
1121 2716 1279 2760 {etate
1299 2714 1448 2760 tanto
1471 2702 1698 2760 ferendo
1722 2706 1899 2759 itineri

300 2803 589 2868 idoneum,
642 2816 709 2854 an
758 2814 887 2855 vero
938 2798 1206 2854 Antonius
1235 2808 1421 2870 pater,
1470 2814 1640 2851 novus
1678 2813 1903 2870 prorsus

299 2893 628 2964 ignotusque
661 2892 850 2957 homo,
903 2906 1101 2946 nomen
1127 2890 1385 2945 Ecclesia:
1432 2889 1652 2945 dedisse
1692 2892 1901 2959 patuit,

298 2989 479 3038 statim
512 3000 573 3037 ac
596 2984 826 3039 Romam
868 2983 1057 3048 venit,
1088 2998 1151 3037 ac
1198 2984 1444 3038 notarius
1472 2984 1676 3047 Statim,
1708 2982 1906 3037 lector-

299 3093 408 3144 que
466 3076 583 3146 ejus
641 3075 878 3131 basilicae
929 3085 1162 3145 creatus
1200 3076 1327 3129 est?
1376 3074 1431 3128 ld
1484 3082 1602 3129 erat
1656 3072 1902 3143 profecto

2018 467 2141 523 ideo
2189 484 2293 522 una
2328 470 2524 540 genitos
2557 471 2725 545 patria
2746 512 2761 537 ,
2810 489 2915 525 una
2945 486 3205 543 promotos
3234 472 3489 542 Ecclesia,
3515 494 3622 533 una

2016 563 2069 612 in
2103 561 2248 614 terris
2277 561 2490 615 basilica
2518 564 2704 625 cultos,
2729 581 2929 635 unoque
2956 568 3011 618 in
3030 567 3169 621 caelis
3212 567 3322 622 Deo
3350 582 3621 625 coronatos

2016 650 2109 703 ait.
2147 651 2387 706 Dubitari
2434 653 2575 707 enim
2608 656 2958 710 vehementer
2984 665 3180 726 potest.
3214 677 3280 713 an
3315 662 3428 731 ipse
3456 661 3619 716 etiam

2016 740 2337 797 Laurentius
2363 744 2547 799 Romae
2576 756 2727 800 ortus
2749 748 2837 802 sit.
2864 748 2996 802 Nam
3029 751 3078 803 in
3105 751 3273 805 veteri
3294 755 3618 809 Sacramen-

2018 838 2191 898 tario.
2225 839 2365 907 quod
2413 838 2497 893 Cl.
2552 840 2753 911 Josepb
2813 842 3163 899 Blaucbinius
3212 846 3422 915 edidit,
3455 859 3618 918 atque

2014 938 2291 983 amtorem
2337 931 2539 987 habere
2564 936 2776 987 censuit
2822 934 2879 990 S.
2916 935 3153 991 Leonem
3192 938 3438 1008 Magnum
3461 980 3475 1006 ,
3509 940 3615 995 R0-

2017 1040 2211 1078 manus
2241 1027 2502 1080 nascendo
2531 1028 2653 1081 civis
2679 1028 2876 1083 dicitur
2905 1028 3003 1101 (ρ).

2088 1116 2151 1170 ll.
2205 1118 2333 1172 Post
2381 1119 2598 1173 lectoris
2643 1121 2822 1190 itaque
2873 1122 3151 1188 officium.
3203 1125 3492 1184 Damasum
3546 1132 3615 1187 ad

2015 1211 2225 1266 diaconi
2276 1212 2499 1280 gradum
2532 1226 2778 1269 evectum
2830 1218 3063 1284 scimus;
3098 1237 3163 1274 an
3214 1238 3344 1278 vero
3374 1241 3401 1279 a
3434 1223 3611 1292 Julio,

2014 1320 2080 1358 an
2106 1321 2131 1357 a
2164 1304 2404 1375 Liberio,
2439 1308 2723 1362 incertum.
2759 1310 2815 1366 Si
2846 1321 3020 1368 tamen
3050 1331 3170 1369 cum
3194 1316 3439 1375 Liberius
3470 1321 3620 1376 elec-

2017 1410 2100 1453 tus
2127 1410 2240 1464 est,
2274 1402 2466 1471 agebat
2498 1403 2757 1458 Damasus
2784 1421 2982 1461 annum
3009 1408 3101 1476 48,
3130 1412 3219 1466 vix
3260 1413 3489 1468 inducor
3514 1458 3527 1481 ,
3562 1426 3622 1472 ut

2015 1493 2232 1546 credam
2262 1494 2377 1562 ejus
2409 1494 2804 1552 ordinationem
2831 1540 2846 1565 ,
2880 1502 3014 1554 ultra
3067 1506 3425 1572 prteslitulum
3454 1524 3479 1561 a
3513 1507 3619 1563 Ca-

2016 1584 2247 1637 nonibus
2291 1587 2525 1656 spatium
2585 1597 2690 1641 tant
2739 1588 2830 1643 diu
2885 1591 3126 1647 dilatam.
3176 1596 3401 1652 Videtur
3433 1601 3614 1669 itaque

2013 1678 2375 1731 verosimilius
2417 1678 2643 1749 gradum
2700 1681 2841 1738 hunc
2897 1685 2998 1740 sub
3040 1686 3183 1743 Julio
3224 1704 3573 1749 consecutum
3601 1737 3616 1761 ,

1936 1778 1985 1839 Β
2012 1770 2253 1839 actisque
2267 1770 2365 1824 sub
2387 1773 2573 1826 eodem
2598 1775 2847 1841 pontifice
2873 1780 3082 1847 magnis
3102 1781 3262 1835 rebus
3280 1783 3613 1841 interfuisse.

2012 1860 2086 1925 Id,
2122 1871 2179 1914 ut
2210 1877 2310 1929 ego
2340 1862 2547 1918 facilius
2573 1868 2817 1933 credam,
2870 1869 2993 1923 facit
3018 1882 3281 1939 prmlerea
3333 1874 3617 1932 familiari-

2012 1963 2095 2010 tas
2122 1956 2229 2024 illa,
2262 1972 2365 2027 qua
2400 1959 2681 2013 Damasum
2709 1975 2831 2014 cum
2862 1964 3421 2032 Athanasiojunctum
3445 1967 3615 2027 fuisse

2008 2048 2205 2118 eolligo
2234 2065 2297 2104 ex
2354 2051 2471 2117 ejus
2527 2051 2766 2120 Episto’a
2797 2052 2863 2106 ad
2901 2055 3061 2108 Afros
3084 2097 3097 2121 ,
3130 2067 3183 2110 et
3212 2075 3277 2112 ex
3310 2059 3492 2115 Basilii
3542 2061 3615 2117 ad

2011 2140 2363 2195 Athanasium
2395 2142 2569 2211 ipsum
2601 2143 2827 2210 litteris;
2854 2160 2975 2215 qua:
3008 2156 3131 2201 tunc
3150 2152 3384 2217 coepisse
3403 2150 3612 2221 debuit,

2008 2249 2129 2288 cum
2158 2234 2558 2290 Alexandrinus
2590 2237 2788 2306 prmsul
2836 2237 3024 2294 Romae
3073 2241 3175 2296 sub
3217 2243 3363 2297 .lnlio
3404 2261 3611 2301 moram

2012 2329 2275 2394 traheret,
2307 2344 2369 2383 ac
2392 2331 2561 2385 sacris
2589 2332 2977 2387 ecclesiasticis
3007 2334 3126 2404 ejus
3159 2338 3308 2391 urbis
3334 2339 3615 2393 conventi-

2010 2421 2110 2475 bus
2154 2422 2481 2489 interesset,
2539 2440 2642 2491 qua
2694 2426 2856 2480 etiam
2897 2427 3038 2483 inter
3083 2439 3308 2484 caeteras
3362 2447 3522 2486 causa
3556 2448 3617 2490 se

2007 2512 2240 2568 detineri
2272 2515 2450 2569 aiebat
2480 2514 2728 2571 Liberius
2755 2560 2769 2584 ,
2796 2521 3086 2589 quominus
3135 2522 3186 2575 in
3236 2522 3354 2590 ejus
3385 2524 3618 2580 damna-

2011 2608 2212 2662 tionem
2238 2609 2435 2665 deinde
2475 2609 2841 2666 snbscriberet
2878 2612 2967 2685 (ι’).
3011 2614 3128 2680 Quo
3160 2630 3290 2669 vero
3321 2615 3442 2671 loco
3471 2618 3616 2687 apud

2009 2699 2283 2753 Liberitun
2315 2702 2575 2755 Datua~us
2600 2706 2799 2758 interea
2826 2703 3007 2767 fuerit,
3037 2706 3163 2760 hinc
3190 2707 3463 2777 canjicere
3484 2724 3612 2779 pos-

2008 2808 2219 2857 sumus,
2252 2794 2394 2863 quod
2424 2810 2545 2848 eum
2578 2797 2627 2849 in
2658 2797 2911 2850 exsilium
2940 2799 3225 2853 abeuntem
3246 2814 3469 2856 secutus
3494 2802 3609 2858 lue-

2009 2886 2100 2951 rit,
2129 2895 2289 2955 atque
2313 2886 2413 2942 hac
2444 2888 2510 2941 de
2537 2903 2696 2942 causa
2728 2889 2924 2944 factum
2956 2902 3104 2957 puto,
3141 2903 3195 2946 ut
3221 2891 3411 2947 Liberii
3436 2897 3612 2950 iliaco-

2008 2995 2107 3032 nus
2154 2980 2449 3046 aliquando
2505 2978 2684 3035 dietus
2734 2985 2803 3037 sit
2826 3025 2839 3048 ,
2871 2985 2991 3052 quia
3026 3000 3220 3057 nempe
3247 2988 3488 3059 pontifex
3520 2989 3612 3045 ille

2008 3072 2127 3141 ejus
2156 3073 2494 3141 potissimum
2530 3088 2693 3145 opera
2717 3118 2732 3141 ,
2766 3085 2822 3129 et
2874 3077 3177 3133 ministerio
3218 3090 3498 3148 uteretur,
3549 3097 3613 3137 ac

295 3172 367 3225 ab
398 3186 586 3225 eorum
626 3181 929 3240 temporum
980 3169 1263 3239 disciplina
1309 3169 1541 3224 alienmn
1576 3188 1589 3223 :
1622 3184 1744 3223 nam
1794 3170 1900 3236 pri-
1930 3168 1975 3229 C
2008 3164 2241 3234 denique
2266 3165 2406 3220 inter
2434 3182 2528 3221 eos
2549 3178 2723 3231 esset,
2754 3168 2844 3237 qui
2878 3169 2967 3221 uni
3000 3185 3149 3239 papze
3178 3171 3485 3229 adstabant.
3517 3188 3612 3242 pa-

294 3280 393 3319 mo
436 3264 693 3332 baptizari
738 3277 802 3317 ac
844 3262 1042 3317 deimle
1094 3263 1274 3331 aliquo
1311 3262 1571 3332 temporis
1603 3262 1897 3316 intervallo

292 3358 515 3430 probari
533 3357 719 3414 debuit
740 3400 754 3422 ,
786 3372 852 3411 an
886 3356 1082 3425 dignus
1110 3365 1276 3418 esset.
1305 3356 1397 3426 qui
1427 3356 1577 3411 clero
1609 3356 1892 3411 adscribe-

294 3463 467 3507 retur.
526 3453 810 3511 l’05trcmo
852 3450 905 3504 in
965 3450 1234 3503 minorqu
1287 3444 1537 3503 ordindm
1575 3445 1898 3502 exercendis

293 3545 517 3610 ofﬁciis,
544 3557 635 3599 aut
665 3544 1022 3610 novenniuin,
1052 3543 1503 3611 autseptenuium
1528 3541 1722 3596 saltem
1748 3542 1896 3594 insu-

292 3653 447 3693 mere
477 3638 669 3692 debuit
696 3655 711 3702 ;
739 3652 846 3707 quo
885 3636 1071 3706 elapso
1101 3646 1369 3705 tempore,
1400 3636 1443 3689 si
1473 3636 1592 3705 quis
1624 3649 1748 3689 sese
1780 3634 1894 3689 idn-

294 3749 456 3788 tteum
493 3734 859 3803 probaverat,
912 3731 978 3785 ad
1021 3731 1244 3785 altiores
1287 3730 1485 3800 gradus
1532 3728 1688 3783 evehi
1743 3738 1895 3797 pote-

290 3836 379 3881 rat
410 3826 519 3897 (d).
554 3826 691 3881 Huic
730 3832 909 3880 autem
950 3824 1246 3888 novenuio,
1279 3834 1370 3876 aut
1395 3824 1682 3892 septennio
1703 3864 1718 3888 ,
1749 3821 1893 3890 quod

290 3920 568 3976 Antonius
599 3922 650 3973 in
688 3918 991 3972 minoribus
1036 3916 1317 3971 ordinibus
1342 3913 1658 3969 exercendis
1684 3925 1895 3969 transe-

288 4015 437 4084 gissc-
462 4012 647 4067 debuit
678 4053 694 4078 ,
730 4012 775 4065 si
807 4011 945 4065 alios
974 4024 1145 4064 annos
1171 4010 1411 4080 quinque
1442 4018 1537 4062 aut
1556 4024 1651 4062 sex
1681 4007 1849 4061 addas
1872 4049 1887 4072 ,

292 4121 442 4175 quos
467 4104 635 4157 ﬁlium
664 4116 848 4158 natum
876 4118 997 4156 esse
1022 4103 1256 4173 oportuit
1286 4112 1410 4155 ante
1441 4100 1742 4154 Romanum
1768 4101 1890 4166 iter,

291 4212 362 4251 ac
399 4198 704 4265 priuSqnam
736 4206 889 4266 pater
912 4196 1062 4249 clero
1084 4193 1509 4255 adscriberetur,
1530 4192 1639 4261 jam
1666 4192 1891 4246 accedes

290 4288 362 4343 ad
397 4299 612 4343 (etatem
643 4289 815 4351 illam,
848 4287 901 4341 in
924 4303 1027 4358 qua
1052 4286 1316 4340 Damasus
1345 4286 1551 4353 positus
1581 4292 1698 4337 erat
1722 4324 1735 4348 ,
1768 4297 1890 4336 cum

289 4390 417 4437 acta
463 4382 558 4438 SS.
611 4394 905 4452 martyrum
961 4379 1164 4439 audiit.
1212 4388 1268 4433 et
1314 4377 1593 4431 memoria:
1636 4375 1889 4429 mandata

288 4475 604 4543 ἁρεετῙρςίι.
641 4475 711 4528 At
748 4488 879 4527 vero
921 4483 1047 4525 tunc
1076 4468 1334 4539 temporis
1371 4468 1480 4538 jam
1514 4466 1686 4521 lector
1725 4464 1891 4519 fuisse

2000 3257 2150 3313 latini
2184 3259 2395 3314 diacmii
2424 3262 2819 3330 posterioribus
2850 3264 3065 3317 sa-cnlis
3085 3264 3216 3316 dicti
3240 3264 3340 3334 (g);
3372 3265 3465 3319 sed
3496 3263 3608 3318 Lu-

2000 3352 2270 3419 ciferiani,
2316 3364 2372 3408 et
2421 3354 2751 3410 schismatici
2809 3356 3091 3425 scriptoris
3130 3357 3291 3411 verba
3336 3357 3439 3411 hoc
3488 3359 3606 3414 loco

2001 3443 2274 3499 alferenda
2306 3462 2335 3497 a
2367 3462 2451 3500 me
2484 3458 2650 3515 sunt,
2699 3457 2756 3501 ut
2813 3448 3121 3517 impositam
3166 3450 3265 3504 hac
3316 3452 3607 3507 occasione

2001 3538 2232 3591 Damaso
2278 3539 2514 3594 ambitus
2566 3553 2619 3595 et
2662 3542 2883 3611 perjurii
2934 3546 3257 3599 calumniam
3297 3562 3601 3603 amoveam.

1999 3632 2125 3702 Agit
2155 3633 2338 3702 itaque
2360 3646 2550 3688 auctor
2569 3638 2902 3704 prmfationis
2930 3637 2995 3691 ad
3028 3639 3324 3694 Marcellini
3356 3652 3409 3695 et
3435 3640 3606 3696 Faus-

1998 3726 2094 3778 tini
2142 3740 2351 3793 preces,
2396 3729 2640 3796 quisquis
2668 3728 2760 3781 ille
2804 3730 2873 3783 sit
2903 3771 2916 3793 ,
2954 3730 3023 3783 de
3045 3733 3424 3799 persecutione
3450 3774 3465 3799 ,
3500 3749 3605 3801 qua

1998 3817 2270 3880 Liberius.
2302 3819 2565 3873 Eusebius
2585 3820 2969 3886 Vercellensis,
3002 3822 3218 3876 Lucifer
3238 3824 3603 3893 Calaritanns,

1997 3921 2052 3967 et
2094 3913 2324 3968 Hilarius
2368 3913 2745 3976 Pictaviensis.
2779 3917 3031 3970 exsulare
3059 3918 3231 3971 coacti
3261 3927 3409 3981 sunt,
3440 3930 3603 3989 atque

1997 4001 2114 4057 iure
2145 4004 2217 4056 ait
2254 4022 2266 4057 ε
2299 4003 2372 4057 Hi
2398 4022 2519 4075 ergo
2564 4008 2837 4059 mittuntur
2877 4008 2931 4060 in
2962 4008 3200 4061 exsilium
3230 4027 3321 4075 pro
3348 4011 3452 4080 ﬁde
3498 4028 3607 4065 ser-

1994 4098 2183 4151 vanda.
2218 4098 2344 4152 Cant
2373 4097 2574 4153 Liberio
2600 4098 2881 4165 Damasus,
2917 4104 3166 4157 diaconus
3193 4107 3329 4176 ejus,
3356 4121 3410 4158 se
3434 4106 3601 4160 simu-

1998 4191 2069 4245 lat
2093 4192 2360 4261 proﬁcisci
2388 4210 2405 4247 :
2446 4194 2581 4247 unde
2609 4195 2813 4264 fugiens
2844 4194 2910 4248 de
2952 4197 3152 4256 ilinere,
3182 4196 3402 4251 llomam
3447 4200 3602 4253 rediit

1996 4286 2275 4339 ambitione
2296 4296 2588 4356 corruptus.
2626 4286 2732 4342 Sed
2761 4304 2819 4340 eo
2849 4288 2951 4351 die,
2981 4306 3081 4359 quo
3111 4288 3347 4345 Liberius
3374 4292 3442 4344 ad
3467 4294 3605 4346 exsi-

1997 4377 2123 4430 lium
2152 4378 2595 4446 proﬁciscebatur,
2625 4380 2794 4433 clerus
2816 4383 2999 4445 omnis,
3032 4381 3087 4434 id
3117 4393 3191 4436 est
3218 4382 3521 4453 presbyteri,
3551 4394 3602 4439 et

1996 4471 2390 4523 archidiaconus
2416 4470 2586 4534 Felix,
2602 4483 2648 4524 et
2668 4473 2780 4542 ipse
2794 4471 3048 4527 Damasus
3066 4474 3333 4534 diaconus.
3352 4487 3396 4527 et
3415 4484 3601 4529 cuncta

290 4566 536 4620 videtur.
569 4565 648 4620 An
677 4567 857 4636 itaque
898 4565 949 4619 in
985 4562 1335 4618 inferioribus
1376 4560 1659 4615 ordinibus
1690 4558 1848 4629 positi
1876 4599 1893 4625 ,
1925 4562 1975 4622 D
2000 4558 2251 4615 Ecclesia:
2274 4562 2453 4634 ofﬁcia
2479 4606 2493 4627 ,
2524 4579 2698 4616 omnes
2730 4564 2949 4631 pariter,
2979 4576 3228 4635 praesente
3256 4569 3450 4637 papula
3494 4567 3601 4621 Ro-

290 4667 460 4730 pater
491 4668 543 4712 et
590 4660 730 4712 lilius
754 4701 767 4721 ,
812 4674 918 4712 uno
952 4655 1064 4711 fere
1095 4655 1397 4723 eodemque
1425 4663 1698 4720 tempore.
1732 4661 1894 4719 atque

290 4752 491 4807 eadem
524 4752 577 4806 in
601 4751 831 4806 ecclesia
860 4750 883 4804 ?
926 4750 1039 4804 Iloc
1076 4748 1166 4803 alii
1211 4747 1477 4818 judicent.
1509 4744 1626 4800 Non
1656 4744 1895 4798 difﬁteor

292 4845 400 4914 legi
432 4844 488 4899 in
544 4844 659 4899 Vita
705 4843 764 4898 S.
802 4843 1015 4897 Damasi
1047 4857 1111 4896 ex
1156 4856 1257 4893 ms.
1291 4838 1413 4894 cod.
1448 4837 1721 4893 Vaticana:
1754 4836 1896 4891 basi-

292 4946 435 5007 licze,
461 4960 490 4996 a
521 4942 815 4998 Serazanio
844 4942 1012 5003 edita,
1040 4939 1172 4995 utS.
1199 4948 1493 5009 martyrem
1522 4935 1893 4999 Laurentium,

369 5120 446 5191 (a)
490 5122 611 5175 Act.
666 5118 765 5174 SS.
819 5117 965 5173 Petri
1012 5123 1069 5171 et
1108 5111 1432 5178 Marcellini,
1465 5108 1610 5165 Junii
1654 5117 1787 5163 tom.
1843 5108 1894 5175 Ι,

293 5192 581 5263 pag.I76.

368 5254 447 5334 (ὁ)
490 5264 564 5316 De
595 5260 777 5315 Veter.
801 5258 967 5334 disc.,
997 5256 1179 5334 p._i_,_l.
1211 5271 1270 5320 ιι,
1300 5271 1348 5310 c.

370 5265 423 5334 (ὁ
490 5265 564 5316 De
595 5265 777 5315 Veter.
803 5265 967 5323 disc.,
997 5272 1050 5326 p.
1081 5265 1179 5323 ι,1.
1211 5271 1270 5320 ιι,
1300 5271 1348 5310 c.
1376 5265 1464 5310 67.

370 5265 447 5399 (ei
488 5334 711 5387 Uhserv.
748 5331 812 5384 ad
838 5331 1029 5397 fragm.
1067 5328 1199 5389 Vit.,
1228 5343 1346 5397 pag.
1378 5325 1502 5381 HS.

374 5393 456 5471 id)
502 5403 614 5457 Vid.
651 5402 814 5457 Siric.
854 5393 1014 5470 epist.
1050 5400 1116 5453 ad
1153 5393 1355 5471 unae}.
1378 5410 1572 5471 ,_num.
1608 5393 1899 5471 Malunt):

288 5465 448 5531 cent;
477 5479 636 5541 epist.
672 5473 737 5527 ad
764 5465 933 5527 Felic.
959 5471 1119 5537 Nnc.,
1152 5485 1270 5539 cap.
1301 5470 1373 5533 5;
1405 5468 1607 5522 Zosim.
1638 5466 1795 5534 epist.
1828 5465 1894 5519 ad

292 5546 520 5602 llesich.
550 5544 778 5601 Saluttit.
802 5586 817 5608 ,
845 5558 965 5612 eap.
998 5544 1052 5598 5.

373 5616 445 5689 (e)
489 5616 543 5671 In
581 5616 725 5671 Prol.
770 5606 839 5669 ad
867 5606 1083 5678 Anast.,
1118 5623 1247 5666 tom.
1276 5610 1365 5675 IV,
1404 5624 1523 5679 pag.
1557 5608 1625 5663 58
1656 5606 1898 5689 :hQuam-

292 5676 455 5759 quam
484 5690 623 5742 enim
650 5676 1191 5759 sanctorumrtuor—um,
1219 5676 1540 5759 prapagante
1561 5676 1895 5759 te,_Domine,

295 5748 405 5812 toto
446 5759 572 5815 orbe
602 5760 744 5813 clara
790 5758 856 5811 sit
904 5756 1089 5826 gloria,
1122 5757 1185 5809 de
1212 5748 1344 5808 beati
1372 5748 1538 5807 tamen
1580 5748 1900 5804 solemnitate

2001 4670 2176 4721 mano,
2204 4657 2297 4708 sub
2310 4657 2661 4728 jurejurando
2683 4658 3035 4726 ﬁrmaverunt.
3054 4675 3128 4723 se,
3157 4659 3349 4712 vivente
3372 4657 3598 4726 Liberio,

1998 4748 2291 4817 pontiﬁcem
2309 4748 2529 4802 alterum
2549 4751 2841 4803 nullatenus
2863 4749 3126 4805 habituros
3142 4753 3248 4819 (It).
3278 4752 3391 4805 Duo
3414 4753 3597 4821 itaque

1996 4842 2218 4907 statuit,
2253 4854 2306 4896 ut
2336 4844 2485 4898 vides
2510 4887 2524 4909 ,
2558 4844 2643 4898 hic
2681 4860 2900 4909 auctor,
2934 4861 3054 4915 qua:
3103 4861 3225 4901 sese
3273 4854 3460 4901 mutuo
3504 4848 3600 4903 de-

1998 4943 2214 4988 struunt
2244 4952 2255 4988 :
2287 4938 2461 5005 primo
2493 4937 2804 5007 Damasum,
2846 4939 3065 4995 deserto
3119 4939 3375 5013 episcopo
3421 4955 3518 4994 suo
3548 4940 3605 4995 in

2010 5110 2305 5185 Laurentii,
2334 5114 2607 5182 peculiaris
2636 5130 2742 5185 prie
2768 5116 2967 5169 caeteris
3000 5114 3162 5169 Roma
3194 5116 3419 5171 Iaztatur.
3450 5114 3600 5185 cui!!!

2009 5180 2298 5239 Nascenno
2334 5180 2504 5248 Civis,
2538 5180 2681 5240 sacer
2705 5187 2956 5253 minister,
2991 5198 3038 5240 et
3083 5185 3372 5239 dedicatum
3402 5180 3600 5233 numini

2008 5263 2096 5307 tuo
2119 5274 2302 5310 munus
2327 5269 2398 5312 est
2431 5260 2715 5329 praprium.

2082 5334 2148 5405 (Ῑ)
2189 5328 2244 5386 Ἦ
2273 5334 2353 5405 {is
2376 5326 2845 5402 ἡμᾶς’ἀποδέξεται
2867 5372 2879 5393 ,
2917 5334 2962 5383 εἰ
2992 5326 3046 5383 ὃν
3075 5326 3302 5405 etaperto:
3328 5326 3599 5393 ἠγαπήσα-

2007 5400 2118 5475 (seu,
2150 5407 2237 5457 καὶ
2264 5400 2478 5475 εἴχομεν
2502 5410 2565 5475 τῇ
2582 5407 2839 5475 κοινωνίᾳ.
2864 5400 3160 5475 τοῦτοΥ-ἒὰύ
3187 5400 3599 5475 ἀρτοστροφωμεν

2006 5464 2226 5531 undam.
2258 5464 2482 5537 Aiittin.,
2525 5464 2658 5526 ΙἸιδι.
2694 5464 2891 5525 Αιυέιιι.
2924 5474 2987 5519 ad
3021 5464 3293 5531 Monatlt.,
3326 5464 3474 5518 nitu}.
3501 5464 3593 5521 37.

2079 5549 2154 5616 (9)
2204 5546 2312 5599 Vid.
2356 5542 2881 5616 Mabill._cmnm._ad
2923 5540 3051 5592 0rd.
3087 5537 3270 5602 Rom.,
3299 5551 3419 5607 cap.
3449 5537 3505 5603 ὃ,
3534 5551 3604 5593 ac

2006 5613 2225 5673 BenCini
2257 5630 2410 5670 notas
2438 5615 2503 5668 ad
2536 5613 2764 5668 Evaristi
2794 5614 2984 5665 Vitam.

2078 5688 2158 5759 (li)
2182 5688 2336 5759 Apud
2366 5685 2642 5743 Sirmond.
2672 5684 2863 5740 Venet.
2899 5681 3059 5751 edit.,
3083 5689 3213 5738 tom.
3247 5679 3288 5747 Ι,
3323 5695 3374 5750 p.
3402 5678 3530 5734 1'58;
