4150 6176
542 238 564 293 l
582 236 648 291 15
1725 227 2040 288 SANCTUS
2081 226 2405 289 DAMASUS
2457 226 2542 284 PA
2552 227 2637 285 PA
3742 233 3765 289 Ι
3785 233 3845 293 I6

540 355 738 413 itinere
768 350 979 424 posito,
1004 349 1230 405 Romam
1261 347 1403 404 clam
1428 346 1678 410 rediisse,
1702 346 2001 405 ambitione
2025 359 2149 400 cor-
2173 347 2222 407 Α
2252 342 2338 401 rio
2372 342 2573 399 reduce
2598 386 2612 405 ,
2640 342 2863 399 minime
2888 350 3117 397 constat.
3148 341 3263 398 Una
3294 352 3501 398 tantum
3531 346 3848 416 conjectura

542 457 759 518 ruptum
786 488 802 512 ,
844 458 948 513 qua
1001 457 1194 511 nempe
1244 455 1515 495 summunt
1554 438 1929 509 pontiﬁcatum
1961 437 2145 495 animo
2246 446 2367 499 est,
2401 452 2519 504 qua:
2548 435 2763 490 Baronii
2801 436 3113 506 opinionem
3146 451 3255 505 pra:
3296 436 3468 491 altera
3511 437 3641 493 mihi
3672 439 3851 507 potio-

545 544 901 609 couceperat;
932 530 1170 589 secundo
1193 546 1255 587 ea
1286 528 1389 592 die,
1415 544 1519 600 qua
1539 527 1788 585 Liberius
1818 528 1871 585 in
1895 527 2145 585 exsilium
2248 544 2365 587 rem
2409 527 2596 584 efﬁcit.
2630 527 2908 598 Siquidem
2950 544 3071 585 eum
3104 528 3485 601 presbyterum
3515 528 3681 585 fuisse
3718 530 3853 601 legi-

544 625 994 703 proliciscebatur
1018 664 1032 690 ,
1065 622 1295 676 clericos
1325 635 1517 677 omnes
1540 621 1755 691 jurasse
1785 662 1799 683 ,
1832 634 1892 677 se
1918 620 2150 677 nullate-
2251 636 2392 687 mus,
2424 636 2547 675 cum
2578 620 2845 681 Liberius.
2876 631 2935 675 ut
2957 620 3049 675 irae
3077 622 3378 677 Constantii
3405 636 3464 676 se
3492 621 3845 690 subduceret,

546 736 650 779 nus
684 717 963 775 habituros
979 714 1143 770 alium
1164 712 1497 785 pontificem,
1520 712 1741 767 vivente
1767 711 1985 769 Liberio
2009 711 2144 780 ipso,

548 815 723 873 cidem
752 813 1058 885 iuramento
1075 808 1309 881 jurando
1330 809 1619 865 Damasum
1649 821 1865 878 quoque
1885 804 2148 861 adfuisse.

546 910 618 965 At
648 907 692 963 si
734 905 837 962 hoc
867 903 958 959 ille
999 902 1312 974 juramento
1360 914 1512 971 spem
1551 899 1652 953 sibi
1689 914 1907 956 omnem
1955 897 2149 966 pracci-

551 998 729 1061 derat,
784 996 875 1066 qui
930 994 1050 1048 fieri
1103 1001 1303 1063 potest,
1365 1000 1422 1047 ut
1465 1006 1571 1047 una
1615 998 1823 1048 tantum
1854 988 2155 1044 ambitione

550 1101 841 1162 corruptus
887 1088 1202 1159 episcopum
1230 1099 1388 1141 suum
1409 1082 1733 1147 deseruerit,
1767 1090 1823 1139 et
1855 1081 1922 1137 ad
1950 1079 2153 1137 Urbem

552 1198 805 1245 reversus
836 1181 940 1238 sit?
985 1178 1209 1236 Constat
1245 1177 1428 1249 itaque
1467 1175 1756 1231 Damasum
1775 1174 2032 1244 episcopo
2054 1186 2155 1228 suo

555 1283 610 1347 in
659 1279 912 1337 exsilium
964 1274 1181 1331 abeunti
1216 1273 1357 1328 bono
1384 1272 1707 1341 sinceroque
1736 1269 1918 1323 animo
1944 1267 2155 1323 socium

555 1387 617 1428 se
660 1371 921 1437 dedisse;
955 1378 1010 1422 at
1058 1367 1324 1421 incertum
1372 1371 1499 1430 est,
1550 1377 1708 1432 quem
1751 1376 1922 1428 usque
1958 1359 2026 1413 ad
2075 1359 2157 1412 lo-

555 1481 678 1522 cum
705 1463 997 1519 comitatus
1020 1458 1172 1514 illum
1196 1455 1378 1521 fuerit,
1398 1465 1451 1509 et
1473 1469 1641 1524 quare
1665 1451 1732 1507 ad
1760 1452 1957 1509 Urbem
1978 1463 2161 1505 rever-

554 1573 648 1616 sus
667 1555 863 1615 deinde
888 1553 977 1611 sit.
998 1550 1307 1621 Onuphrius
1326 1546 1618 1603 Panvinius
1632 1547 1782 1605 illum
1796 1544 2161 1601 Mediolanum

556 1665 729 1722 usque
758 1647 1010 1711 deducit,
1062 1660 1125 1699 ac
1153 1658 1221 1699 ex
1262 1656 1325 1697 ea
1371 1640 1505 1699 urbe
1552 1654 1582 1695 a
1631 1638 1851 1695 Liberio
1898 1637 2160 1693 benevole

557 1744 842 1801 dimissum
882 1736 1075 1794 scribit
1120 1735 1174 1790 in
1226 1731 1610 1788 Ecclesiastica
1648 1745 1750 1786 ms.
1788 1729 2009 1785 historia
2033 1769 2049 1795 ,
2092 1744 2163 1786 ex
2193 1730 2243 1791 B

559 1850 666 1907 qua
698 1829 1089 1890 Schelstratius
1147 1825 1225 1901 (a)
1278 1828 1393 1879 hmc
1442 1824 1634 1881 recitat
1673 1841 1685 1877 :
1721 1821 1857 1878 Eum
1884 1823 1938 1877 in
1970 1834 2165 1879 certum

561 1925 803 1983 exsilium
825 1920 1095 1976 abeuntem
1125 1916 1382 1972 Damasus
1406 1915 1655 1972 diaconus
1676 1957 1691 1983 ,
1732 1916 1818 1980 qui
1846 1924 2025 1987 postea
2053 1915 2187 1987 epi-r

564 2036 753 2093 scapus
802 2016 1070 2075 Romanus
1118 2013 1254 2084 fuit,
1288 2010 1644 2066 Mediolanum
1693 2026 1853 2080 usque
1895 2010 2166 2065 comitatus

564 2122 676 2179 est;
704 2126 851 2181 quem
884 2108 970 2169 ubi
1001 2106 1281 2177 relegatum
1320 2105 1373 2161 in
1427 2101 1710 2158 Thraciam
1741 2103 1902 2168 vidit,
1945 2102 2167 2159 Romam

565 2204 770 2261 rediens
797 2243 811 2269 ,
845 2216 965 2259 cum
1009 2198 1155 2255 nulla
1184 2200 1295 2269 ejus
1342 2196 1685 2255 restitutionis
1722 2212 1837 2267 spes
1877 2211 1982 2251 esse
2022 2195 2167 2249 vide-

566 2307 710 2352 retur
731 2338 745 2364 ,
770 2303 949 2350 auctor
976 2281 1116 2349 clero
1143 2291 1305 2359 fuisse
1335 2288 1528 2343 dicitur
1550 2330 1564 2354 ,
1598 2297 1653 2343 ut
1682 2288 1844 2343 alium
1870 2288 2168 2357 pontificem

567 2392 622 2444 in
662 2388 856 2445 Liberii
887 2388 1056 2442 locum
1101 2384 1383 2456 eligerent;
1410 2382 1556 2451 quod
1596 2390 1781 2439 tamen
1814 2383 2055 2438 nonnulli
2089 2383 2170 2438 in-

568 2483 859 2553 telligunt,
894 2494 958 2535 ac
1000 2479 1045 2534 si
1075 2478 1343 2537 Damasus
1392 2476 1553 2547 hujus
1582 2476 1798 2531 consilii
1827 2477 1977 2535 clero
2003 2476 2168 2533 dandi

569 2590 637 2631 ex
664 2577 786 2648 ipso
811 2573 1019 2633 Liberii
1053 2570 1309 2630 mandato
1340 2579 1531 2627 auctor
1573 2569 1729 2627 luerit
1775 2568 1872 2641 (lt).
1904 2570 2007 2625 Alii
2040 2584 2170 2627 vero

568 2669 836 2727 Beroeam
883 2680 1077 2738 usque,
1123 2663 1275 2719 illum
1308 2662 1528 2725 Liberio
1566 2661 1774 2717 socium
1825 2661 1991 2721 fuisse
2034 2661 2172 2718 scri-

572 2763 728 2821 bunt.
762 2764 834 2816 At
859 2774 983 2815 cum
1010 2772 1202 2817 omnes
1235 2764 1479 2813 veterum
1536 2753 1859 2813 testimoniis
1888 2753 2171 2823 solidaque

576 2854 753 2926 aliqua
784 2850 1101 2922 conjectura
1128 2849 1497 2909 deStituantur
1516 2890 1530 2913 ,
1561 2847 1662 2903 hac
1691 2847 1761 2903 de
1788 2861 1846 2901 re
1878 2848 2009 2903 nihil
2033 2865 2063 2903 a
2086 2862 2171 2903 me

576 2944 925 3000 statuendum
978 2950 1128 3012 puto.
1190 2941 1305 2996 Hoc
1354 2952 1534 2995 tamen
1565 2955 1666 3012 ego
1696 2954 1800 2995 non
1829 2939 2127 2995 concedam
2155 2980 2168 3005 ,

579 3038 910 3102 Damasum,
957 3050 1078 3093 cum
1122 3033 1324 3100 rediit,
1371 3042 1647 3091 auctorem
1677 3035 1828 3090 clero
1873 3033 2037 3091 fuisse
2065 3074 2080 3099 ,
2114 3042 2172 3089 ut

576 3131 716 3185 alter
739 3130 792 3187 in
817 3129 1056 3185 absentis
1082 3127 1324 3201 episcopi
1351 3126 1527 3185 locum
1551 3126 1867 3197 eligeretur,
1891 3142 2013 3183 cum
2038 3125 2169 3185 mihi
2196 3104 2242 3167 (ἶ

578 3237 691 3293 prae
736 3221 989 3277 omnibus
1038 3218 1216 3293 potior
1252 3220 1325 3274 sit
1354 3218 1651 3279 auctoritas
1704 3217 1983 3275 Athanasii
2033 3220 2173 3279 scri-

581 3313 843 3386 bentis(c)
876 3332 889 3371 :
920 3313 1275 3370 Constantium
1307 3311 1538 3383 Epicteto
1561 3312 1795 3367 ministro
1819 3328 1993 3377 usum,
2018 3312 2173 3366 ador-

580 3418 704 3461 nato
728 3408 783 3461 in
817 3405 1061 3460 Ecclesia:
1085 3405 1255 3461 locum
1284 3404 1499 3473 palatio,
1529 3418 1642 3459 cum
1672 3412 1772 3456 tres
1805 3412 2054 3459 castratos
2086 3419 2177 3470 po-

583 3497 826 3569 pulorum
852 3496 961 3551 vice
987 3497 1082 3551 sibi
1108 3495 1291 3553 adesse
1313 3494 1589 3571 jussisset,
1620 3493 1825 3551 demum
1853 3504 1952 3549 tres
1980 3495 2178 3565 impro-

583 3590 671 3644 bos
701 3596 1031 3656 catascOpos,
1063 3587 1204 3641 haud
1239 3588 1373 3640 enim
1420 3585 1645 3659 episwpi
1685 3585 2023 3651 nominandi,
2054 3585 2180 3641 ade-

584 3682 737 3753 gisse,
774 3688 829 3731 ut
855 3676 1079 3735 Felicem
1104 3676 1377 3747 quemdam
1400 3718 1413 3743 ,
1441 3677 1673 3747 ipsorum
1698 3678 1924 3732 moribus
1964 3677 2178 3746 dignum

584 3772 871 3833 hominem,
921 3772 1219 3842 episc0pum
1264 3770 1581 3823 ordinarent.
1618 3766 1770 3825 Unus
1814 3768 1995 3837 itaque
2033 3768 2180 3823 Con-

585 3866 817 3918 stantius
847 3864 1163 3933 imperator,
1198 3876 1334 3915 unus
1366 3860 1671 3928 Epictetus,
1700 3866 1783 3921 et,
1814 3867 1871 3917 ut
1909 3858 2177 3932 Hierony-

582 3972 704 4009 mus
731 3954 813 4026 (d)
843 3955 951 4019 ait,
976 3953 1209 4005 Aeacius
1229 3952 1515 4013 Caesarem,
1544 3949 1703 4025 hujus
1731 3956 1857 4007 tunc
1884 3949 2180 4020 illegitimae

584 4055 749 4117 atque
789 4043 1110 4098 adulterina:
1138 4042 1422 4098 electionis
1466 4054 1656 4099 attetor
1682 4085 1698 4109 ,
1730 4058 1794 4097 ac
1836 4043 1999 4098 nullae
2029 4043 2082 4101 in
2116 4058 2177 4099 ea

584 4148 674 4193 aut
703 4134 1003 4201 suadenda,
1028 4143 1119 4187 aut
1151 4130 1411 4202 paranda,
1447 4132 1661 4187 Damasi
1690 4142 1744 4188 et
1788 4133 1921 4191 cleri
1948 4133 2179 4189 Romani

583 4238 771 4300 partes
808 4228 1047 4285 fuerunt.
1080 4225 1445 4294 Quamobrem
1492 4225 1539 4281 si
1588 4225 1719 4297 quid
1767 4241 1794 4279 a
1827 4225 2045 4281 Liberio
2080 4227 2179 4284 Da-

583 4333 738 4374 maso
770 4318 871 4391 ipsi
904 4314 1219 4371 mandatum
1261 4326 1380 4381 est,
1423 4316 1469 4370 si
1502 4315 1628 4386 quid
1660 4319 1769 4389 egit
1816 4317 1905 4373 ille
1950 4332 2046 4389 pro
2076 4316 2179 4374 Fe-

582 4411 725 4477 lice,
769 4409 897 4465 illud
944 4420 1028 4465 est
1058 4408 1372 4475 dumtaxat,
1423 4417 1480 4464 ut
1528 4412 1801 4465 curaverit
1847 4424 1969 4471 eum
2013 4412 2181 4487 recipi

583 4513 707 4571 loco
740 4511 937 4568 Vicarii
962 4510 1030 4567 ab
1055 4509 1248 4566 eodem
1279 4509 1500 4567 Liberio
1525 4511 1829 4575 conStituti,
1861 4527 1928 4567 ex
1959 4522 2176 4582 recepta
2209 4484 2263 4546 D

584 4609 1028 4679 persecutionum
1064 4617 1309 4676 tempore
1348 4606 1668 4679 disciplina,
1704 4616 1760 4660 ut
1801 4604 2179 4676 Papebrochio

582 4700 763 4768 placet
792 4718 805 4752 :
842 4699 1115 4755 Liberium
1150 4712 1383 4767 namque
1414 4696 1754 4751 Pontificiam
1795 4712 2010 4769 semper
2053 4701 2181 4755 reti-

584 4790 775 4843 nuisse
798 4798 1121 4858 potestatem
1153 4789 1245 4841 vix
1273 4788 1413 4843 ullus
1445 4787 1752 4858 negaverit,
1784 4788 1876 4858 qui
1918 4790 2179 4860 epistolas

583 4880 637 4933 in
669 4880 888 4943 exsilio,
919 4894 981 4935 ac
1002 4895 1109 4949 quo
1132 4879 1397 4949 imprimis
1428 4891 1671 4951 tempore
1703 4880 1875 4952 frangi
1898 4897 1961 4937 ac
1982 4882 2179 4939 cedere

582 4972 734 5027 visus
760 4980 877 5037 est,
910 4971 978 5025 ab
1008 4987 1074 5027 eo
1103 4972 1334 5042 scriptas
1363 4971 1535 5043 legat,
1567 4972 1839 5043 quashuc
1867 4974 2061 5030 alferre
2088 4990 2177 5029 su-

580 5079 976 5143 pervacaneum
1009 5074 1155 5134 puto.

655 5159 743 5221 ΙΙΙ.
791 5158 1058 5217 Damasus
1104 5160 1288 5229 itaque
1335 5158 1516 5217 medio
1560 5160 1766 5217 interea
1820 5168 2066 5231 tempore
2108 5163 2174 5217 ad

586 5254 888 5327 presbyteri
920 5252 1142 5323 gradum
1172 5260 1393 5306 evectus
1416 5251 1638 5317 dicitur,
1668 5267 1736 5306 an
1764 5267 1894 5308 vero
1914 5268 1943 5309 ιι
1967 5254 2172 5322 Felice,

585 5355 643 5400 ut
683 5346 948 5402 Baronlus
976 5351 1165 5402 censet
1194 5341 1290 5421 (ε),
1323 5358 1414 5419 an,
1447 5352 1506 5398 ut
1533 5343 1654 5399 aliis
1681 5344 1916 5415 videtur,
1954 5362 1984 5407 a
2014 5347 2175 5409 Libe-

654 5504 738 5576 (α)
768 5507 961 5628 Antitj5
990 5504 1225 5571 laedes"
1252 5502 1472 5589 dissert.
1502 5504 1718 5592 2,.cap.
1746 5508 1802 5571 9.

657 5578 737 5651 to.)
765 5574 890 5651 yid.
963 5574 1314 5651 apebr._Coo.
1341 5577 1507 5651 ιιιεμ,
1536 5579 1755 5645 dissert.
1790 5580 1853 5651 9,
1888 5597 2042 5643 cum.
2069 5583 2124 5641 6.

680 5657 709 5697 ε

657 5580 737 5712 jb)
769 5580 890 5627 Vid.
921 5580 1314 5657 Parebr..C0tl.
1341 5580 1507 5642 Hist..

657 5642 737 5779 ιρι
764 5642 933 5763 iis:
964 5643 1417 5779 asenatu
1444 5647 1535 5709 ’⁵-

772 5708 846 5761 De
874 5709 932 5763 S.
969 5710 1060 5775 E.,
1086 5726 1207 5782 cap.
1228 5708 1325 5769 '98.

2252 716 2306 770 in
2334 712 2654 771 ccemeterio
2681 712 2934 769 Ostriano
2981 712 3199 769 latitare
3243 723 3464 770 coactus
3520 723 3643 781 est;
3691 727 3851 786 atque

2251 805 2377 861 ideo
2409 820 2514 860 non
2566 805 2791 860 omnino
2846 805 3152 860 verosimile
3204 804 3493 869 videatur,
3528 807 3851 863 iutermedio

2254 896 2359 951 hoc
2390 906 2656 967 tempore,
2688 895 3000 952 turbulento
3031 912 3290 967 prorsus,
3317 898 3696 969 molestiisque
3724 915 3851 970 gra-

2255 990 2497 1046 vissimis
2523 990 2806 1061 impedito,
2831 990 2974 1061 quod
3010 1006 3041 1046 tt
3065 989 3269 1047 Liberii
3296 990 3468 1047 reditu
3498 991 3565 1048 ad
3601 992 3723 1061 ejus
3751 994 3855 1049 ite-

2258 1097 2435 1143 ratum
2471 1100 2747 1140 secessum
2780 1085 3093 1153 interjacet,
3127 1085 3368 1145 ordinari
3399 1086 3549 1141 illum
3588 1088 3857 1155 potuisse.

2260 1177 2405 1235 Fieri
2450 1178 2635 1246 itaque
2664 1176 2821 1232 facile
2853 1184 3064 1246 potest,
3097 1187 3156 1233 ut
3192 1177 3334 1233 inter
3365 1192 3495 1245 eos,
3526 1192 3661 1249 quos
3689 1194 3719 1234 tt
3752 1178 3861 1235 Fe-

2260 1271 2363 1328 lice
2390 1278 2667 1341 promotos
2695 1269 2977 1335 Liberius,
3014 1274 3261 1327 restituta
3284 1272 3398 1340 jam
3431 1272 3817 1343 tranquillitate
3839 1313 3859 1341 ,

2261 1366 2316 1421 in
2347 1364 2573 1434 propriis
2597 1363 2724 1419 locis
2746 1362 2988 1434 reliquit,
3021 1363 3110 1420 ille
3141 1363 3322 1421 fuerit.

2337 1502 2426 1557 IV.
2460 1500 2615 1569 Quod
2637 1516 2769 1557 vero
2790 1500 2859 1557 ad
2888 1501 3110 1571 perjurii
3134 1501 3461 1557 calumniam
3502 1502 3715 1570 attinet,
3739 1502 3854 1560 cle—

2265 1612 2386 1651 rum
2435 1596 2737 1651 Romanum
2793 1592 2949 1650 ﬁdem
2992 1595 3209 1651 Liberio
3240 1596 3291 1650 in
3339 1596 3595 1653 exsilium
3644 1597 3864 1653 abeunti

2268 1704 2422 1745 suam
2450 1689 2809 1761 jurejurando
2834 1691 3107 1760 obligasse
3156 1690 3350 1762 probat
3394 1688 3559 1744 etiam
3600 1687 3867 1763 Hierony-

2272 1798 2392 1837 mus
2415 1781 2533 1836 baec
2565 1782 2615 1835 in
2645 1779 2918 1837 ChroniCo
2945 1782 3191 1837 scribens
3233 1800 3245 1835 :
3274 1780 3480 1836 Liberio
3514 1782 3565 1835 in
3592 1782 3780 1836 exsilio
3805 1784 3866 1836 ob

2270 1877 2428 1947 fidem
2454 1886 2618 1937 truso,
2644 1892 2816 1929 omnes
2839 1875 3013 1929 clerici
3030 1876 3338 1938 iuraverunt
3356 1917 3371 1943 ,
3403 1887 3458 1928 ut
3486 1876 3683 1930 nullum
3706 1878 3869 1931 alium

2269 1969 2780 2038 susciperent:qu:e
2828 1968 2942 2023 lere
2984 1968 3147 2029 verba
3202 1968 3437 2038 Prosper
3466 1968 3744 2024 exscribit.
3796 1968 3871 2025 At

2268 2074 2389 2115 cum
2422 2058 2589 2112 altum
2620 2058 2761 2129 apud
2794 2059 2915 2113 illos
2941 2059 3009 2113 de
3035 2060 3265 2115 Damaso
3285 2060 3563 2115 silentium
3590 2061 3683 2126 sit,
3710 2061 3868 2117 valde

2270 2151 2561 2206 admodum
2595 2152 2807 2219 dubito,
2837 2167 2905 2206 ne
2931 2151 3316 2207 schismaticus
3339 2161 3527 2207 auctor
3554 2152 3698 2209 istud
3727 2169 3867 2225 quo-

2271 2258 2379 2313 que
2410 2244 2473 2297 ad
2501 2243 2608 2297 alia
2654 2260 2774 2314 qua:
2822 2243 2889 2299 de
2916 2258 2981 2299 eo
3016 2245 3317 2310 mentitur,
3368 2245 3658 2314 adjecerit;
3705 2256 3869 2315 atque

2274 2332 2377 2390 hoc
2409 2343 2467 2389 ut
2495 2350 2596 2405 ego
2637 2335 2847 2390 facilius
2877 2335 3134 2403 credam,
3183 2334 3309 2389 facit
3350 2335 3623 2390 Ammiani
3648 2336 3871 2393 Marcel-

2275 2426 2368 2481 lini
2402 2427 2771 2481 testimonium
2820 2436 3009 2497 aperte
3039 2414 3366 2493 asserentis,
3406 2427 3667 2485 Liberium
3696 2445 3867 2501 aegre,

2278 2520 2461 2590 populi
2490 2531 2659 2584 metu,
2689 2520 2775 2587 qui
2816 2521 2931 2589 ejus
2978 2536 3151 2574 amore
3189 2521 3484 2591 ﬂagrabat,
3524 2538 3640 2575 cum
3682 2538 3872 2595 magna

2277 2614 2609 2685 difﬁcultate,
2632 2614 2796 2667 noctis
2818 2613 2985 2667 medio
3008 2614 3266 2683 asportari
3291 2614 3515 2683 potuisse
3537 2610 3629 2686 (ί).
3665 2614 3797 2669 Nam
3825 2614 3872 2668 si

2277 2709 2527 2765 Liberius
2556 2710 2693 2764 clam
2717 2748 2732 2773 ,
2764 2725 2824 2761 ac
2851 2708 3015 2761 noctis
3044 2708 3210 2759 medio
3251 2721 3372 2760 cum
3415 2721 3605 2776 magna
3638 2705 3874 2761 difficul-

2279 2813 2389 2858 tate
2412 2804 2481 2858 ob
2512 2802 2692 2872 populi
2722 2811 2921 2855 metum
2946 2801 2997 2853 in
3017 2798 3266 2854 exsilium
3298 2808 3482 2868 raptus
3508 2807 3611 2862 est,
3636 2798 3727 2869 qui
3752 2798 3876 2853 fieri

2278 2906 2488 2968 potutt,
2523 2907 2577 2949 ut
2601 2895 2836 2963 juratum
2871 2892 3032 2946 fuerit
3072 2907 3131 2944 eo
3155 2890 3268 2956 die,
3306 2907 3407 2961 quo
3432 2891 3521 2951 ille
3545 2891 3597 2943 in
3624 2891 3875 2944 exsilium

2276 2985 2735 3060 proﬁciscebatur?
2763 2984 2874 3038 alio
2896 2984 3075 3054 itaque
3100 2983 3206 3048 die,
3237 2999 3395 3054 quam
3437 3000 3543 3053 quo
3572 2983 3829 3037 scribitur
3856 3026 3873 3048 ,

2274 3081 2509 3149 juratum
2558 3079 2719 3133 fuerit
2748 3087 2992 3148 Oportet,
3035 3086 3228 3147 atque,
3260 3085 3317 3131 ιιι
3357 3076 3718 3146 Hieronymus
3757 3076 3871 3144 ait,

2278 3174 2483 3229 Liberio
2527 3175 2580 3227 in
2632 3172 2871 3227 exsilium
2912 3174 3017 3233 iam
3050 3180 3190 3225 truso
3238 3169 3426 3239 :quod
3472 3170 3516 3223 si
3548 3184 3730 3224 verum
3759 3169 3869 3233 sit,

2278 3268 2541 3323 Damasus
2563 3265 2739 3319 eidem
2767 3265 2990 3318 abeunti
3014 3278 3198 3317 comes
3221 3262 3872 3335 adjunctusjnrejurando

2277 3361 2471 3416 adesse
2504 3374 2610 3412 non
2636 3357 2835 3424 potuit;
2872 3359 3179 3424 frustraque
3205 3356 3581 3412 Tillemontius
3604 3358 3871 3412 medicam

2281 3453 2404 3508 huic
2432 3452 2553 3507 loco
2580 3465 2798 3505 manum
2828 3449 3052 3504 adhibet
3085 3448 3182 3520 (g).

2352 3593 2459 3648 Fac
2490 3602 2670 3647 tamen
2694 3588 2990 3658 prmstitum
3017 3604 3046 3643 a
3080 3590 3309 3646 Damaso
3323 3589 3689 3659 juramentum
3715 3589 3872 3658 illud,

2283 3685 2415 3741 nihil
2450 3684 2552 3739 hoc
2581 3682 2802 3738 obstare
2840 3684 3049 3752 potuit,
3082 3681 3372 3751 quominus
3405 3680 3571 3736 Felici
3600 3680 3875 3739 Romanus

2281 3778 2461 3832 clerus
2498 3773 2698 3830 deinde
2736 3772 3051 3839 accederet,
3096 3772 3320 3843 ejusque
3361 3772 3574 3827 consilii
3618 3784 3743 3829 tunc
3775 3773 3878 3828 Da-

2284 3882 2468 3923 masus
2493 3877 2682 3923 auctor
2710 3866 2894 3922 fuerit.
2925 3865 2982 3921 id
3012 3882 3139 3922 vero
3163 3866 3358 3925 factum
3382 3866 3736 3931 arbitramur,
3769 3866 3873 3922 nisi

2282 3976 2383 4017 nos
2413 3961 2498 4016 his
2544 3960 2596 4015 in
2639 3962 2803 4017 rebus
2825 3958 3152 4014 circumfusa
3178 3959 3352 4028 caligo
3390 3958 3562 4023 fallit,
3596 3976 3740 4016 anno
3767 3959 3876 4016 558

2284 4052 2526 4109 nondum
2556 4052 2761 4119 adulto,
2783 4066 2846 4105 ac
2869 4060 3152 4122 postquam
3183 4051 3429 4107 Liberius
3449 4052 3642 4109 exsilio
3677 4052 3872 4123 frangi,

2281 4157 2337 4206 et
2363 4148 2429 4205 ad
2460 4147 2783 4203 Arianorum
2812 4156 2994 4217 partes
3039 4156 3203 4214 atque
3254 4145 3505 4201 haeresim
3532 4146 3765 4201 transire
3791 4147 3875 4201 vi-

2282 4256 2376 4299 sus
2405 4250 2521 4306 est;
2568 4255 2631 4295 ac
2659 4240 2876 4295 demum
2907 4247 3174 4309 postquam
3201 4238 3383 4292 Ariani
3423 4240 3651 4309 episcOpi
3693 4240 3878 4294 Sirmii

2284 4333 2547 4389 constituti
2572 4334 2780 4391 litteras
2801 4332 3135 4401 scripserunt
3156 4329 3321 4388 Felici
3342 4372 3356 4394 ,
3381 4340 3437 4386 et
3456 4332 3603 4387 clero
3630 4332 3875 4402 ejusdem

2287 4426 2552 4483 Ecclesiae
2570 4436 2630 4479 ut
2659 4424 2933 4481 Liberium
2972 4424 3146 4494 ipsum
3175 4424 3501 4493 reciperent,
3525 4431 3689 4493 atque
3717 4426 3877 4480 ambo

2286 4518 2491 4588 pariter
2518 4516 2869 4586 apostolicam
2902 4514 3087 4571 sedem
3117 4515 3563 4573 administrarent
3596 4516 3694 4585 (It).
3724 4515 3877 4571 Tunc

2283 4611 2429 4665 enim
2460 4608 2601 4664 idem
2626 4608 2802 4662 clerus
2831 4605 3033 4663 certior
3063 4606 3235 4662 factus
3258 4608 3324 4662 de
3355 4606 3423 4660 iis
3442 4649 3458 4674 ,
3480 4622 3599 4677 qum
3630 4607 3878 4663 Liberius

2283 4718 2466 4757 atiimo
2492 4709 2961 4770 praeconcepcrat,
2994 4714 3057 4755 ac
3084 4696 3259 4768 palam
3289 4700 3452 4754 etiam
3482 4701 3715 4765 fecerat,
3748 4714 3880 4754 auc-

2281 4803 2444 4864 taque
2490 4793 2686 4849 deinde
2716 4801 2773 4849 et
2800 4793 3118 4848 confirmata
3142 4793 3408 4847 calumnia
3433 4790 3730 4849 Liberianw
3761 4790 3879 4847 hae-

2286 4901 2495 4949 reseos,
2524 4884 2593 4943 ab
2622 4901 2688 4945 eo
2719 4884 2858 4940 forte
2890 4884 3147 4948 recessit,
3174 4898 3237 4937 ac
3273 4884 3373 4938 sub
3409 4884 3589 4954 capite
3619 4882 3709 4936 illo
3754 4898 3881 4939 esse

2288 4996 2348 5036 se
2378 4979 2583 5034 diutius
2606 4993 2712 5033 non
2746 4992 2903 5048 posse
2930 4974 3137 5029 censuit
3158 5016 3172 5041 ,
3204 4975 3345 5046 quod
3374 4976 3439 5030 ad
3464 4974 3759 5030 Catholicae
3786 4975 3882 5030 Ec.

2284 5073 2464 5131 clesia:
2502 5087 2699 5141 corpus
2740 5070 3015 5140 pertinere
3050 5083 3156 5123 non
3185 5067 3505 5133 videbatur;
3559 5068 3687 5123 hinc
3729 5077 3883 5137 post-

2284 5181 2444 5237 quam
2494 5165 2585 5218 ille
2612 5163 2679 5217 ad
2728 5161 2926 5217 Urbem
2955 5175 3205 5215 reversus
3232 5171 3347 5229 eSt,
3376 5160 3555 5215 clerus
3597 5159 3714 5229 ipse
3749 5174 3878 5215 cum

2284 5256 2471 5329 primis
2508 5270 2649 5323 aegre
2680 5268 2711 5308 a
2741 5251 2923 5307 Felice
2959 5252 3146 5308 divelli
3177 5254 3389 5324 potuit,
3417 5253 3506 5322 qui
3532 5260 3782 5323 quantum
3808 5252 3881 5305 ad

2282 5349 2583 5419 religionem
2608 5354 2851 5417 spectat,
2883 5347 3030 5403 omni
3074 5361 3295 5417 prorsus
3324 5346 3752 5420 reprehensione
3780 5361 3881 5402 ca-

2364 5510 2609 5585 _(e)_Ann.
2633 5508 2762 5574 559,
2799 5525 2857 5564 n.
2882 5508 2973 5585 d6.

2378 5579 2426 5653 ﬂ
2451 5579 2573 5637 Lib.
2610 5596 2704 5646 xv,
2736 5595 2856 5649 cap.
2886 5581 2937 5634 7.

2461 5653 2538 5734 ρθ
2561 5653 2690 5707 Aria
2702 5670 2789 5734 n_..,_
2813 5659 2915 5705 art.
2947 5650 3042 5722 20,
3071 5651 3278 5734 ρεέεο,

2356 5721 2442 5799 (It)
2469 5722 2709 5786 Sosom.,
2735 5721 2829 5777 lib.
2862 5737 2935 5789 tv,
2957 5721 3190 5795 αρξίυ.
