4150 6176
347 208 455 265 ΗῚ

345 416 488 469 inter
508 457 525 481 ,
558 426 625 467 ac
656 410 924 482 populum
949 450 964 474 ,
992 417 1049 463 et
1089 422 1344 477 proceres
1369 451 1383 477 ,
1433 408 1555 463 aliis
1582 406 1753 465 Felici
1778 448 1794 476 ,
1825 408 1949 465 aliis

347 505 577 562 Liberio
603 500 1048 567 adharentibus,
1074 510 1195 555 orta
1226 499 1393 556 fuerit
1416 500 1515 571 (b).

421 599 550 655 Dixi
587 596 908 653 calumniam
942 595 1244 651 Liberianie
1282 594 1576 663 haereseos,
1609 610 1733 651 cum
1759 596 1951 667 primat

349 701 579 760 tantum,
598 690 881 748 Sirmiensi
910 688 1156 743 formulae
1186 689 1608 759 subscripserit,
1632 689 1778 760 quod
1802 691 1951 746 salva

352 784 484 841 fidei
510 783 815 854 integritate
838 781 959 837 fieri
986 782 1229 853 potuisse
1252 780 1523 837 doctiores
1554 783 1798 854 plerique
1822 798 1952 839 cen-

351 887 496 936 sent.
534 877 668 933 Nam
696 877 789 948 qui
840 876 990 931 illum
1037 875 1292 931 secundm
1341 875 1627 931 Sirmiensi
1671 877 1949 946 formulas,

352 973 466 1027 sive
484 970 704 1027 Arianae
729 967 977 1037 perfidia:
1004 968 1395 1037 subscripsisse
1423 978 1634 1038 putant,
1663 968 1952 1024 manifeste

348 1064 631 1125 falluntur,
678 1060 797 1115 sive
825 1058 1132 1126 Catholici,
1160 1074 1491 1130 quamquam
1524 1059 1722 1130 oppido
1753 1061 1947 1131 pauci,

344 1157 460 1210 sive
505 1154 542 1209 ii
572 1170 602 1208 a
637 1152 799 1209 nobis
826 1152 987 1207 alieni
1014 1152 1152 1217 sint;
1183 1166 1416 1220 quorum
1446 1167 1729 1207 numerum
1771 1152 1953 1222 potius

344 1264 507 1319 quam
531 1248 686 1302 vires
710 1260 884 1315 nuper
911 1244 1062 1300 auxit
1087 1259 1391 1316 anonymus
1418 1245 1538 1309 ille,
1570 1246 1660 1315 qui
1688 1244 1951 1315 pudorem

346 1355 474 1396 cum
506 1339 722 1394 cucullo
744 1338 926 1399 exuit,
965 1335 1359 1405 historiamque
1404 1350 1742 1390 summorum
1776 1336 1953 1405 ponti-

354 1431 520 1487 ticum
563 1427 851 1484 infeliciter
887 1427 1319 1484 consarcinatam
1344 1467 1359 1493 ,
1402 1443 1466 1483 ac
1512 1429 1682 1484 tribus
1722 1429 1955 1484 volumi-

356 1524 519 1578 nibus
549 1530 795 1577 reeenter
819 1520 1167 1591 impressam,
1197 1519 1786 1575 Amstelodamensium
1814 1522 1954 1592 typis

349 1614 541 1670 edidit.
568 1616 641 1668 At
661 1629 730 1669 ne
759 1614 1021 1669 lectorem
1047 1613 1171 1685 plus
1201 1628 1358 1685 sequo
1376 1613 1673 1680 detineam,
1702 1614 1954 1669 consulat

1735 197 2267 259 PROLEGOMENA.

343 325 503 380 rebat
533 319 642 393 (tt),
674 332 740 376 ac
784 330 877 374 res
905 331 974 373 eo
1002 317 1181 383 venit,
1224 316 1501 372 utsedon
1536 316 1718 388 aliqua
1744 315 1953 374 clerum
1982 318 2035 380 Α

3554 204 3655 262 illi

2698 317 2928 377 CAPUT
2968 319 3033 376 ll.

2158 454 2285 521 566,
2323 454 2530 510 DAMAS!
2552 457 2607 524 l,
2631 454 2909 512 ϐωτιωο
2933 471 3002 511 ιτ
3028 456 3335 514 ῡΑσΑιΑιιο
3363 471 3543 513 conss.

2209 545 2336 611 567,
2371 546 2572 601 DsuAsr
2602 546 2659 614 2,
2691 545 2947 602 LUPICINO
2988 560 3057 601 ar
3088 547 3289 603 ,ιονιΝο
3310 563 3489 605 conss.

2053 663 2093 717 Ι.
2136 660 2394 717 Damasus
2424 661 2634 733 eligitur
2660 662 2928 719 Romanus
2959 666 3193 734 pontifex
3230 682 3249 720 :
3292 675 3345 719 at
3378 666 3652 724 Ursicinus

2124 754 2383 825 Antipapa
2428 770 2461 807 a
2495 754 2729 824 factiosis
2768 756 3078 811 obtruditur.
3124 756 3189 811 ll.
3220 754 3388 812 Cowvi
3435 759 3654 829 scripto-

2125 863 2207 901 res
2237 848 2596 916 conferuntur,
2638 847 3025 917 expenduntur,
3050 866 3110 903 ac
3138 867 3257 905 vera
3286 868 3459 906 rerum
3486 863 3660 925 gesta-

2124 954 2238 991 rum
2258 939 2414 992 series
2444 939 2566 992 inde
2592 939 2875 1010 colligitur,
2908 950 2953 995 et
2980 944 3256 1011 exponitur
3287 960 3300 996 :
3325 960 3501 999 recens
3522 963 3652 1000 ano-

2125 1046 2311 1101 nymus
2337 1028 2568 1084 Vitarum
2585 1030 2943 1086 Romanorum
2960 1034 3265 1104 pontiﬁcum
3278 1036 3650 1092 Amstelodami

2125 1122 2381 1175 editorum
2433 1122 2652 1193 scriptor
2706 1123 2984 1195 refellitur.
3056 1123 3143 1178 ΙΙΙ.
3202 1124 3523 1181 Prooemium
3584 1130 3653 1182 ad

2127 1212 2315 1268 Preces
2362 1213 2606 1269 Faustini
2648 1224 2697 1269 et
2726 1214 3021 1270 Marcellini
3050 1217 3235 1271 iterum
3267 1219 3510 1274 mendax.
3554 1220 3647 1276 IV.

2130 1302 2398 1359 Ursicinus
2443 1306 2663 1371 exsulat,
2718 1307 3027 1372 restituitur,
3079 1325 3141 1361 ac
3186 1326 3364 1364 rursus
3395 1312 3649 1379 truditur,

2127 1405 2171 1449 et
2200 1413 2354 1465 quam
2382 1400 2659 1453 obcausam
2677 1399 2705 1453 .9
2728 1397 2796 1455 γ.
2826 1397 3073 1455 Balusius
3105 1402 3362 1476 rejicitur.

2127 1529 2167 1585 1.
2201 1529 2418 1585 Liberio
2436 1531 2523 1586 die
2539 1532 2609 1587 9.4
2632 1532 2969 1601 Septembris
2989 1536 3239 1594 humanis
3258 1538 3421 1596 rebus
3442 1550 3654 1611 erepto,

2059 1623 2321 1679 Damasus
2349 1625 2569 1695 eligitur
2612 1626 2889 1681 Romanus
2921 1630 3186 1697 pontifex,
3240 1647 3305 1687 ac
3348 1633 3440 1689 die
3484 1636 3660 1704 prima

349 1710 415 1777 is,
444 1710 490 1764 si
537 1708 797 1776 voluerit,
830 1706 1161 1778 peculiarem
1206 1710 1276 1762 de
1306 1707 1487 1764 Geslis
1515 1708 1715 1765 Liberii
1743 1709 1947 1764 exsulis
1974 1716 2024 1779 B
2051 1715 2324 1785 Octobris,
2357 1734 2497 1790 quae,
2531 1729 2589 1775 ut
2632 1720 2965 1779 Blanchinus
3008 1736 3061 1778 et
3092 1726 3288 1796 Pagius
3340 1729 3655 1795 observant,

354 1804 683 1869 Diatribam,
714 1804 770 1859 in
802 1817 907 1873 qua
937 1802 1007 1858 de
1050 1802 1117 1858 iis
1160 1801 1445 1869 omnibus,
1486 1818 1607 1874 quae
1638 1802 1746 1859 huc
1777 1802 1949 1874 perti-

353 1906 484 1952 nent
504 1938 520 1963 ,
547 1906 727 1950 actum
758 1909 792 1950 a
819 1896 977 1950 nobis
1004 1905 1109 1951 est.

422 1989 559 2046 Cum
584 2005 719 2046 vero
748 1990 891 2047 idem
916 1990 1166 2046 Liberius
1196 1991 1377 2045 statim
1403 2005 1468 2045 ac
1497 1990 1698 2058 rediit,
1731 2005 1949 2048 omnem

356 2086 431 2142 de
459 2101 523 2141 se
546 2086 911 2155 suspicionem
962 2085 1304 2151 sustulisset,
1353 2098 1476 2139 cum
1519 2085 1759 2155 denique
1802 2085 1951 2142 Felix

357 2194 551 2235 amore
578 2180 746 2250 pacis,
776 2193 839 2234 ac
868 2193 938 2233 ne
966 2178 1172 2234 diutius
1196 2178 1281 2233 sui
1310 2192 1473 2232 causa
1498 2177 1742 2234 Ecclesia
1772 2179 1954 2235 turba-

360 2283 538 2338 retur,
568 2272 885 2343 poutiticatu
915 2272 1123 2327 interea
1168 2272 1401 2327 cessisse
1423 2271 1595 2328 videri
1638 2278 1823 2341 posset
1853 2273 1950 2345 (c),

358 2366 623 2420 Damasus
668 2379 788 2419 cum
824 2363 1224 2441 reliquo.clero
1273 2363 1338 2417 ad
1391 2363 1580 2431 illum,
1611 2378 1640 2418 a
1673 2379 1781 2435 quo
1813 2366 1953 2420 bona

357 2457 464 2513 tlde
488 2458 856 2524 discesserat,
902 2458 1045 2513 bona
1073 2472 1287 2529 quoque
1333 2456 1437 2513 ﬁde
1478 2458 1708 2514 rediisse
1738 2460 1909 2529 potuit
1935 2502 1951 2528 ,

355 2561 417 2606 ut
444 2550 606 2607 etiam
632 2550 762 2606 fecit
796 2551 931 2606 citra
959 2551 1191 2622 aliquam
1226 2551 1472 2621 pristina:
1492 2551 1911 2607 existimationis
1937 2595 1953 2620 ,

354 2654 412 2700 et
437 2646 629 2715 gratias
656 2646 963 2713 jacturam;
995 2644 1264 2715 siquidem
1292 2654 1550 2711 constans
1593 2646 1812 2701 traditio
1834 2655 1916 2701 est
1936 2688 1954 2715 ,

272 2776 284 2790 .
357 2736 729 2791 monumentis
752 2736 917 2792 etiam
945 2737 1290 2803 conﬁrmata,
1326 2737 1490 2793 fuisse
1516 2736 1664 2793 illum
1687 2739 1956 2795 vicarium

355 2844 385 2883 a
415 2828 635 2885 Liberlo
676 2828 938 2884 Ecclesiae
970 2828 1234 2884 Romanas
1263 2833 1447 2885 datum
1474 2874 1488 2897 ,
1536 2845 1657 2885 cum
1707 2831 1797 2887 ille
1836 2838 1959 2901 post

355 2921 674 2994 abrogatum
731 2920 1075 2977 Ariminense
1117 2922 1447 2987 concilium,
1487 2923 1679 2977 iterum
1726 2924 1956 2979 secessit

356 3017 425 3071 ab
450 3016 598 3073 Urbe
623 3059 638 3083 ,
670 3030 837 3087 seque
868 3016 924 3070 in
950 3016 1389 3071 cmmeteriorum
1436 3016 1671 3071 latebras
1716 3018 1953 3088 recepit,

2053 1811 2323 1865 dominica
2357 1810 2473 1876 fuit,
2505 1823 2861 1868 consecratur
2894 1834 2906 1867 :
2936 1815 3091 1885 cujus
3122 1829 3299 1874 tamen
3327 1819 3447 1876 loco
3496 1822 3659 1892 paulo

2055 1914 2177 1972 post
2204 1916 2236 1954 a
2263 1900 2505 1957 factiosis
2531 1902 2736 1973 aliquot
2768 1904 3045 1961 Ursicinus
3069 1952 3084 1975 ,
3141 1910 3258 1965 sive
3290 1910 3519 1968 Ursinus
3550 1914 3660 1969 Ro-

2056 2008 2232 2048 mana:
2270 1995 2531 2050 Ecclesia:
2558 1995 2818 2051 diaconus
2860 1998 3100 2055 intrusus
3146 2012 3251 2056 est.
3291 2003 3425 2059 Rem
3476 2016 3661 2061 narrat

2058 2084 2416 2157 Hieronymus
2470 2086 2525 2142 in
2563 2085 2857 2155 Chronico,
2905 2089 3133 2146 Ruﬁnus
3186 2093 3292 2163 (ιι),
3333 2093 3655 2153 Ammianus

2054 2178 2403 2235 Marcellinus
2434 2180 2527 2249 (e),
2557 2195 2620 2234 ac
2644 2180 3037 2237 Schismaticus
3070 2184 3181 2249 ille,
3231 2186 3321 2256 qui
3371 2187 3652 2257 prmfatio-

2057 2289 2179 2329 nem
2204 2274 2421 2344 scripsit
2447 2274 2511 2328 ad
2551 2275 2748 2330 Preces
2791 2276 3090 2332 Marcelliani
3137 2287 3193 2333 et
3231 2278 3476 2336 Faustini
3518 2296 3545 2336 a
3589 2284 3660 2355 (f)

2058 2367 2347 2423 Sirmondo
2374 2367 2566 2423 editas.
2598 2369 2733 2435 Quia
2764 2384 2895 2425 vero
2923 2386 3029 2424 non
3077 2373 3257 2425 omnia
3299 2387 3490 2429 omnes
3533 2390 3659 2444 per-

2059 2469 2360 2530 sequuntur
2388 2459 2700 2530 diligenter,
2748 2476 2812 2516 ac
2864 2462 2917 2517 in
2968 2475 3159 2533 aperta
3191 2464 3312 2520 luce
3362 2466 3657 2535 collocant,

2057 2566 2245 2607 eorum
2276 2553 2440 2607 verba
2472 2552 2680 2608 referre
2728 2568 2911 2624 operte
2966 2557 3201 2625 pretium
3254 2556 3405 2625 duxi,
3442 2567 3499 2613 ut
3548 2568 3659 2615 tota

2058 2645 2136 2699 rei
2177 2645 2348 2700 series
2382 2660 2493 2700 uno
2532 2647 2813 2703 oculorum
2858 2647 3048 2703 obtutu
3096 2651 3486 2721 comprehendi
3535 2667 3662 2723 pos-

2057 2736 2148 2791 sit.
2324 2728 2337 2737 ’

2130 2827 2196 2884 ll.
2247 2829 2606 2901 Hieronymus
2652 2831 2856 2901 itaque,
2908 2832 3001 2903 qui
3051 2832 3187 2889 forte
3240 2846 3479 2904 praesens
3532 2844 3661 2891 tunc

2060 2920 2246 2975 Romae
2278 2920 2474 2989 fuerat,
2507 2923 2624 2977 litec
2649 2924 2874 2979 scribit:
2909 2925 3169 2981 Damasus
3196 2929 3484 2999 trigesimus
3507 2930 3659 3000 quin-

2061 3024 2142 3066 tus
2173 3012 2421 3066 Romana:
2453 3012 2699 3069 Ecclesia:
2719 3016 2992 3071 ordinatur
3031 3020 3323 3091 episcopus.
3375 3019 3505 3075 Post
3551 3039 3654 3077 non

357 3122 416 3166 ut
442 3110 768 3167 Arianorum
799 3109 1040 3165 furorem
1067 3108 1396 3175 declinaret;
1427 3125 1529 3180 qua
1553 3110 1621 3165 de
1646 3125 1705 3165 re
1728 3110 1875 3176 vide,
1907 3111 1952 3165 si
1984 3098 2030 3163 C
2060 3110 2279 3163 multum
2312 3112 2558 3181 temporis
2583 3114 2806 3184 spatium
2853 3113 3074 3185 Ursinus
3120 3133 3151 3169 a
3199 3116 3503 3186 quibusdam
3542 3119 3657 3189 epi-

355 3205 525 3271 lubet,
543 3203 864 3266 Baronium,
888 3218 949 3258 ac
970 3202 1135 3259 Gesta
1157 3202 1356 3258 Liberii
1380 3203 1607 3271 exsulis,
1630 3218 1751 3272 cap.
1772 3202 1949 3257 ultim.

434 3296 499 3353 ν.
528 3297 667 3366 Quid
707 3308 969 3367 praeterea
1006 3297 1268 3351 Damasus
1305 3295 1406 3350 sub
1436 3295 1654 3351 Liberio
1684 3305 1793 3350 tum
1833 3295 1951 3350 dia-

354 3406 566 3458 conus,
616 3404 730 3447 tum
776 3391 1012 3446 vicarius
1055 3390 1259 3460 egerit,
1286 3387 1705 3457 incompertum
1737 3397 1842 3442 est.
1895 3387 1951 3443 In

354 3484 474 3555 ejus
506 3500 574 3539 ex
613 3483 855 3538 Arebivo
885 3482 1162 3537 Vaticana:
1194 3480 1452 3536 Ecclesia:
1484 3494 1615 3534 mss.
1649 3479 1785 3534 actis
1821 3480 1953 3533 scri-

354 3578 533 3643 bitur,
562 3576 715 3630 lllius
742 3573 1088 3645 potissimum
1134 3587 1301 3641 apera
1350 3571 1602 3628 elfectum
1628 3615 1641 3637 ,
1672 3579 1729 3624 ut
1775 3586 1953 3625 omnes

354 3670 621 3739 episcopi,
650 3684 779 3738 quas
800 3668 1077 3739 imperitia,
1106 3678 1194 3720 aut
1221 3676 1385 3721 metus
1414 3667 1469 3721 in
1494 3667 1809 3721 Ariminensi
1832 3682 1954 3719 con-

354 3761 477 3815 cilia
500 3763 693 3831 fecerat
736 3759 941 3813 deviare
963 3800 977 3825 ,
1010 3759 1078 3814 ad
1109 3758 1265 3828 fidem
1291 3758 1598 3814 catholicam
1627 3766 1913 3815 remearent
1934 3775 1954 3824 ;

355 3860 507 3922 atque
527 3867 615 3905 eas
642 3852 835 3920 ipsum,
865 3854 1067 3920 favente
1085 3849 1183 3904 sibi
1217 3848 1424 3907 Hilario
1455 3849 1798 3919 Pictaviensi,
1832 3867 1956 3906 con-

356 3959 439 4004 tra
478 3947 783 4002 sententiam
821 3944 1087 4014 Luciferi,
1117 3944 1204 4014 qui
1231 3960 1286 3999 se
1322 3946 1598 4012 diviserat,
1636 3947 1691 3999 in
1726 3961 1956 3999 commu-

358 4040 565 4092 nionem
622 4048 668 4093 et
722 4038 1041 4091 consortium
1089 4037 1250 4108 recipi
1296 4036 1634 4091 consuluisse.
1683 4036 1953 4107 Quidquid

362 4128 557 4185 horum
578 4130 681 4194 sit,
714 4145 815 4200 ego
837 4128 1059 4183 minime
1089 4128 1301 4195 dubito,
1328 4130 1454 4200 quin
1480 4128 1547 4183 ad
1572 4128 1956 4187 Ecclesiastica

359 4239 588 4295 quaeque
617 4223 869 4293 graviora
902 4224 1117 4293 negotia
1168 4223 1439 4279 adhibitus
1488 4222 1674 4280 fuerit.
1722 4224 1856 4279 Nam
1910 4225 1954 4279 si

357 4318 477 4387 quis
508 4317 791 4388 epistolas,
820 4332 943 4388 qua;
972 4325 1101 4372 ante
1125 4317 1399 4381 exsilium,
1432 4326 1486 4371 et
1516 4331 1639 4387 quas
1665 4325 1789 4387 post
1811 4317 1956 4372 exsi-

360 4411 492 4465 lium
519 4425 550 4464 a
574 4409 795 4466 Liberio
816 4410 1032 4479 scriptae
1053 4419 1199 4477 sunt,
1233 4420 1441 4465 attente
1474 4411 1632 4480 legat,
1668 4426 1731 4465 ac
1760 4411 1956 4486 deinde

2058 3218 2243 3275 scapus
2269 3204 2595 3271 constitutus,
2627 3206 2920 3260 Sicininum
2962 3224 3077 3262 cum
3103 3209 3208 3263 suis
3259 3210 3459 3263 invadit
3495 3226 3517 3265 :
3555 3227 3656 3282 quo

2060 3298 2393 3354 Dnmasiante
2423 3301 2583 3371 partis
2614 3302 2806 3371 papula
2834 3303 3141 3372 confluente,
3173 3303 3547 3361 crudelissima:
3569 3308 3653 3360 in-

2057 3394 2377 3463 terfectiones
2398 3395 2585 3448 diversi
2610 3412 2761 3449 sexus
2795 3406 3116 3466 perpetratae.

2128 3482 2358 3538 Rufinus
2423 3485 2529 3539 alia
2576 3486 2770 3552 addit,
2826 3503 2948 3557 quae
2996 3504 3024 3542 a
3083 3489 3414 3563 Hieronymo
3454 3491 3656 3547 omissa

2058 3587 2205 3641 sunt,
2230 3593 2294 3633 ac
2314 3579 2392 3633 sic
2423 3580 2499 3633 ait
2531 3597 2542 3631 :
2578 3578 2837 3636 Damasus
2867 3592 2979 3651 post
3006 3581 3290 3649 Liberium,
3338 3601 3431 3654 per
3451 3600 3658 3639 succes-

2056 3671 2253 3725 sionem
2273 3672 2618 3725 sacerdotium
2646 3673 2701 3725 in
2749 3672 2888 3727 Urbe
2933 3673 3098 3728 Roma
3134 3684 3447 3747 susceperat,
3507 3690 3657 3747 quem

2060 3763 2328 3833 prtelatum
2382 3763 2475 3818 sibi
2521 3781 2623 3818 non
2678 3768 2847 3835 ferens
2908 3765 3125 3819 Ursinus
3163 3767 3377 3837 quidam
3425 3768 3657 3838 ejusdem

2061 3856 2305 3911 Ecclesia:
2341 3856 2611 3921 diaconus,
2644 3857 2698 3911 in
2725 3866 2925 3911 tantum
2969 3861 3160 3929 furoris
3191 3859 3380 3928 erupit,
3431 3868 3487 3913 ut
3533 3876 3655 3932 per-

2059 3966 2212 4004 suaso
2242 3950 2467 4019 quadam
2520 3951 2792 4020 imperito,
2823 3960 2871 4004 et
2898 3951 3087 4022 agresti
3129 3951 3392 4022 episcopo,
3446 3953 3659 4007 collecta
3708 3936 3709 3939 η

2059 4042 2464 4096 turbulentorum
2488 4052 2534 4096 et
2564 4043 2925 4097 seditiosorum
2966 4043 3231 4098 hominum
3261 4061 3440 4111 manu,
3472 4046 3525 4098 in
3569 4043 3660 4097 ba-

2058 4134 2227 4199 silica,
2280 4149 2397 4203 qua;
2441 4133 2663 4189 Sicinini
2726 4134 3041 4205 appellatur,
3103 4135 3400 4205 episcopum
3447 4152 3502 4190 se
3543 4136 3659 4206 ﬁeri

2061 4234 2405 4293 extorqueret,
2438 4226 2653 4296 legibus,
2683 4234 2731 4279 et
2758 4225 2960 4294 ordine,
2992 4235 3039 4281 et
3070 4227 3347 4283 traditione
3374 4230 3665 4301 perversis:

2059 4332 2162 4387 quo
2223 4331 2289 4371 es
2364 4321 2501 4387 facta
2546 4327 2688 4373 tanta
2747 4318 2931 4373 seditio
2956 4360 2971 4385 ,
3038 4319 3143 4373 imo
3184 4335 3300 4374 vero
3339 4326 3482 4375 tanta
3525 4310 3663 4376 bella

2064 4419 2241 4463 coorta
2261 4417 2403 4474 sunt,
2429 4410 2737 4462 alterutrum
2764 4410 3153 4480 defendentibus
3198 4413 3430 4481 papulis,
3474 4422 3533 4465 ut
3576 4428 3661 4467 re-

360 4518 456 4558 ess
482 4502 726 4560 conferat
764 4518 888 4558 cum
933 4502 1077 4568 illis,
1124 4516 1245 4573 qua!
1286 4503 1463 4557 exsilii
1510 4511 1755 4573 tempore
1784 4506 1852 4557 ab
1885 4518 1951 4558 eo
1984 4506 2032 4566 [i
2060 4505 2322 4572 plerentttr
2369 4503 2595 4555 humano
2633 4503 2882 4572 sanguine
2921 4504 3210 4556 orationum
3238 4506 3372 4570 loca,
3415 4514 3530 4573 qua
3576 4520 3660 4558 res

362 4597 612 4668 pontiﬁce
631 4607 873 4653 exarata:
893 4607 1208 4666 supersunt,
1230 4594 1391 4651 facile
1412 4610 1724 4666 cognoscet,
1750 4607 1954 4667 quanto

359 4693 487 4747 alia:
510 4693 576 4748 ab
600 4693 719 4748 aliis
747 4691 1028 4747 dilferant.
1084 4692 1330 4745 Priorum
1382 4705 1615 4760 namque
1660 4704 1854 4760 magna
1898 4691 1952 4744 in

358 4787 645 4842 sententiis
700 4788 783 4841 vis
840 4796 955 4852 est,
1001 4798 1055 4841 et
1105 4786 1384 4856 gravitas,
1441 4784 1640 4838 nitidus
1693 4794 1952 4853 praeterea

361 4878 643 4950 ﬂuensque
685 4879 862 4949 stylus
885 4918 901 4945 ,
945 4892 1009 4931 ac
1039 4876 1365 4931 Damasiano
1414 4875 1610 4930 similis
1641 4893 1656 4928 :
1688 4873 1956 4944 posterio-

358 4989 479 5029 rum
508 4989 640 5029 vero
682 4974 1007 5031 inconcinna
1029 5010 1045 5037 ,
1087 4980 1140 5025 et
1165 4970 1441 5025 salebrosa
1475 4983 1700 5041 prorsus
1741 4968 1951 5035 oratio;

359 5067 515 5136 cujus
538 5065 798 5136 equidem
823 5065 901 5122 rei
933 5080 1096 5120 unam
1124 5062 1264 5125 hanc
1296 5062 1561 5121 rationem
1592 5061 1759 5118 fuisse
1789 5071 1920 5132 puto
1942 5101 1957 5129 ,

360 5161 503 5232 quod
519 5161 832 5227 Damasum,
863 5160 1021 5231 cujus
1040 5173 1202 5230 opera
1232 5166 1344 5210 tum
1365 5167 1511 5223 ante,
1539 5164 1652 5210 tum
1676 5166 1797 5225 post
1818 5158 1963 5211 exsi~

364 5260 493 5315 lium
524 5275 652 5316 usus
685 5260 853 5315 fuisse
881 5260 1115 5327 videtur,
1149 5268 1275 5314 tunc
1305 5269 1509 5333 pra'sto
1537 5272 1644 5313 non
1676 5256 1959 5323 habuerit,

362 5367 485 5413 cum
510 5354 562 5413 in
592 5353 795 5409 exsilio
824 5352 1113 5410 scriberet.

474 5626 526 5697 ὁ)
554 5632 678 5689 Vid.
716 5626 881 5689 Diatr.
911 5629 980 5686 de
1011 5626 1160 5688 Gest.
1187 5629 1370 5687 Liber.
1397 5626 1598 5695 exsul.,
1623 5641 1740 5697 cap.
1760 5626 1813 5683 9.
1864 5668 1865 5675 η

465 5560 517 5631 a)
548 5559 791 5631 Sozam,
824 5558 1164 5631 lib.ptv,Acap.
1196 5560 1286 5631 15.

465 5578 494 5612 a
548 5560 791 5631 Sozam,
824 5560 918 5615 lib.
946 5575 1016 5626 tv,
1043 5574 1164 5628 cap.
1197 5560 1286 5615 15.

444 5560 526 5779 ib}
554 5632 678 5689 για.
716 5631 881 5689 Diatr.
911 5629 980 5686 de
1011 5629 1160 5688 Gest.
1187 5629 1370 5687 Liber.
1397 5626 1598 5695 exsul.,
1623 5641 1740 5697 cap.
1760 5626 1813 5683 9.
1864 5668 1865 5675 η

444 5704 495 5779 (c
558 5702 888 5779 l'hilostorg.
915 5701 1009 5765 lib.
1042 5718 1116 5776 Iv,
1144 5717 1293 5767 num.
1320 5701 1376 5769 3,
1406 5702 1476 5773 si;
1505 5699 1687 5759 ἑαυτὸν
1714 5700 1887 5775 ἀπῄει.

2060 4596 2282 4666 factione
2309 4592 2584 4648 Maximini
2613 4596 2863 4664 prtefecti,
2896 4595 3015 4649 stevi
3038 4595 3279 4661 hominis,
3306 4596 3375 4649 ad
3404 4597 3656 4651 invidiam

2060 4692 2176 4745 boni
2215 4701 2263 4744 et
2290 4689 2579 4743 innocentis
2631 4705 2774 4743 versa
2814 4698 2886 4742 est
2944 4690 3239 4757 sacerdotis,
3291 4692 3363 4744 ita
3401 4699 3456 4744 ut
3503 4706 3665 4747 causa

2060 4783 2362 4838 clericorum
2402 4799 2559 4852 usque
2581 4783 2647 4834 ad
2679 4792 2929 4835 tormenta
2969 4782 3259 4836 duceretur.
3292 4782 3399 4839 Sed
3440 4795 3664 4841 assertor

2060 4877 2372 4930 innocentia:
2401 4875 2539 4929 Deus
2562 4876 2752 4945 adfuit,
2795 4884 2841 4929 et
2886 4877 2937 4929 in
2984 4884 3140 4946 caput
3163 4891 3359 4940 eorum,
3390 4879 3477 4945 qui
3498 4879 3663 4934 inten-

2066 4969 2251 5021 derant
2274 4967 2469 5033 dolum,
2498 4984 2649 5037 paana
2678 4984 2919 5022 conversa
2948 4976 3043 5022 est.
3073 4965 3140 5023 At
3162 4966 3389 5025 Rufinus
3416 4969 3520 5027 hoc
3541 4970 3665 5025 loco

2065 5058 2217 5129 plura
2248 5058 2649 5127 complectitur,
2693 5075 2811 5128 qua:
2862 5060 2971 5114 alio
3012 5068 3257 5131 tempore
3296 5064 3659 5132 contigerunt.

2067 5150 2139 5207 Ut
2166 5149 2341 5206 dicam
2376 5165 2517 5204 nunc
2545 5150 2688 5220 quod
2734 5166 2802 5204 ex
2852 5160 3079 5222 utroque
3119 5162 3355 5219 constat,
3399 5152 3527 5207 illud
3557 5161 3659 5220 est,

2066 5246 2282 5300 Damasi
2329 5244 2654 5300 electionem
2683 5247 2807 5315 jure
2856 5248 3120 5317 potiorem
3151 5262 3297 5310 esse,
3340 5262 3461 5299 cum
3519 5254 3658 5301 tem-

2066 5354 2200 5408 pore
2229 5337 2376 5409 prior
2402 5339 2509 5392 sit:
2540 5355 2657 5392 cum
2694 5349 2808 5407 post
2846 5340 3089 5409 primum,
3132 5336 3387 5391 secundus
3427 5353 3536 5392 esse
3560 5354 3665 5397 non

2065 5433 2250 5503 possit,
2280 5448 2339 5486 ac
2379 5432 2611 5500 quisquis
2659 5440 2771 5499 post
2792 5448 2951 5485 unum
2985 5432 3072 5501 qui
3120 5429 3259 5484 solus
3308 5446 3418 5486 esse
3459 5431 3657 5501 debeat,

2155 5556 2189 5610 d
2246 5555 2383 5611 Hist.
2416 5554 2513 5611 lib.
2548 5568 2616 5620 ll,
2646 5568 2765 5620 cap.
2796 5551 2886 5608 20.

2158 5646 2181 5683 e
2234 5627 2352 5682 Lib.
2385 5640 2563 5691 xxvu,
2595 5640 2694 5694 cap
2731 5624 2786 5679 5.

2129 5558 2209 5769 iri
2238 5699 2394 5753 Tom.
2422 5694 2512 5763 Ill,
2544 5709 2667 5768 pag.
2702 5694 2827 5751 158.

2158 5624 2206 5694 e)
2234 5627 2352 5682 Lib.
2385 5640 2563 5691 xxvu,
2595 5640 2694 5694 cap
2731 5624 2786 5679 5.

2161 5694 2209 5773 f)
2238 5699 2394 5753 Tom.
2422 5694 2512 5763 Ill,
2544 5709 2667 5768 pag.
2702 5694 2827 5751 158.
