4150 6176
473 165 575 221 H9

1658 162 1970 222 SANCTUS
2013 163 2334 222 DAMASUS
2368 163 2566 220 PAPA.

3668 173 3773 229 19.0

473 286 640 356 factus
666 295 762 352 est,
792 300 895 339 non
915 284 1031 356 jam
1057 284 1313 338 secundus
1341 284 1452 349 ille,
1480 284 1570 337 sed
1620 282 1797 336 nullus
1848 290 1924 336 est
1966 282 2065 355 (α).
2095 295 2147 354 Α
2174 282 2304 339 dere
2336 283 2720 340 Praetextalum
2745 294 2893 341 tuum
2923 286 3167 359 profecto
3194 302 3403 360 posses.
3435 286 3533 345 Hic
3554 291 3699 346 enim
3727 293 3773 347 si

471 377 531 434 In
597 378 831 443 czeteris,
860 378 905 433 si
928 377 1068 432 alter
1107 390 1229 430 cum
1280 376 1455 430 altero
1482 374 1815 441 conferatur,
1864 374 2074 431 videtur

473 471 700 527 Ruﬁnus
748 472 1006 535 scribere,
1055 468 1311 525 Ursinum
1371 468 1424 523 in
1509 469 1781 525 Siciniaua
1852 468 2072 525 basilica

473 567 787 637 episco-pnm
818 579 846 616 a
892 561 1130 616 factiosis
1171 562 1558 625 conslitttlttm,
1591 576 1764 632 eoque
1817 577 1882 616 ex
1934 564 2074 616 l’acto

474 670 646 712 ortam
699 655 1062 720 seditionem,
1120 668 1183 707 ac
1234 653 1661 709 interfectiones.
1713 654 2076 726 Hieronymus

474 760 677 815 autem,
716 749 800 803 cui
830 748 1150 803 Ammianus
1192 749 1485 812 cnnsentit,
1531 746 1810 810 Ursinum,
1860 744 2075 815 episco-

476 863 602 917 pum
646 846 755 913 jam
798 843 1176 909 constitutum,
1226 844 1541 913 priusquam
1584 841 1883 897 Sicininum
1928 841 2075 894 inva-

475 939 667 994 deret:
702 937 769 991 ab
792 951 964 1007 eoque
993 951 1116 989 cum
1159 935 1506 989 Damasianos
1545 935 1611 988 ad
1639 949 1755 987 eam
1795 933 2074 988 basilicam

475 1030 810 1086 conﬂuentes
836 1044 1025 1083 arcere
1057 1028 1238 1089 vellet.
1284 1026 1462 1081 ca-des
1492 1035 1825 1096 perpetratas
1860 1040 2000 1080 esse.

548 1124 700 1179 Nunc
744 1122 1042 1176 audiendus
1070 1131 1155 1176 est
1197 1120 1515 1176 Ammianus
1560 1118 1923 1184 Marcellinus,
1956 1118 2077 1172 eth-

478 1216 630 1271 nicus
656 1214 890 1283 scriptor
914 1212 988 1285 (b)
1027 1231 1040 1267 :
1080 1212 1361 1274 Damasus,
1395 1210 1489 1275 ait,
1530 1220 1575 1265 et
1645 1208 1866 1264 Ursinus
1916 1224 2076 1279 supra

479 1309 741 1363 hominum
794 1306 1005 1359 modum
1036 1305 1106 1357 ad
1156 1304 1458 1374 rapiendum
1511 1301 1860 1371 Episcopatus
1904 1300 2077 1355 sedem

382 1448 387 1452 .
473 1402 715 1457 ardentes
745 1443 759 1468 ,
815 1400 989 1453 scissis
1056 1398 1237 1452 studiis
1292 1397 1755 1466 conﬂictabantur,
1808 1395 1875 1447 ad
1919 1407 2079 1462 usque

476 1497 655 1550 mortis
680 1494 1049 1562 vulnerumque
1104 1491 1409 1544 discrimina
1454 1488 1769 1557 adjumentis
1816 1486 2080 1554 utriusque

478 1590 783 1659 progressis,
813 1601 927 1655 qua:
956 1601 1045 1638 nec
1075 1585 1329 1654 corrigere
1355 1581 1623 1651 sufﬁciens
1664 1577 1959 1645 Juventius,
1988 1593 2080 1632 nec

479 1680 704 1744 mollire,
740 1679 785 1732 vi
808 1694 998 1749 magna
1035 1685 1242 1729 coactus
1270 1675 1477 1729 secessit
1498 1674 1550 1725 in
1582 1671 1931 1725 suburbanum
1961 1687 1978 1724 :
2030 1680 2079 1724 et

474 1772 530 1826 in
558 1772 939 1826 concertatione
961 1779 1289 1837 superaverat
1344 1764 1627 1829 Damasus,
1677 1774 1843 1835 parte.
1895 1779 2008 1830 qua:
2033 1762 2080 1816 ei

476 1868 677 1937 favrbat
706 1867 970 1926 instante;
1025 1873 1323 1928 constatque
1348 1862 1399 1913 in
1451 1859 1669 1913 basilica
1700 1857 1948 1923 Sicinini,
1994 1857 2081 1911 ubi

478 1961 610 2013 ritus
634 1956 913 2013 Christiani
937 1965 1015 2009 est
1038 1954 1469 2017 conventiculum,
1504 1968 1606 2005 uno
1637 1953 1719 2005 die
1744 1961 1948 2006 centum
1986 1952 2082 2005 tri-

476 2053 620 2125 ginta
667 2060 862 2121 scptem
907 2058 1110 2117 reperta
1153 2048 1405 2101 cadavera
1443 2056 1843 2115 peremptorum,
1893 2042 2082 2109 eﬁera-

477 2156 681 2213 tamque
727 2141 936 2195 tandem
986 2140 1077 2193 diu
1124 2137 1343 2209 plebem,
1392 2152 1527 2208 wgre
1572 2147 1748 2208 postea
1793 2135 2077 2191 delinilam.

476 2236 796 2293 Ammianus
818 2235 999 2303 itaque
1022 2231 1244 2286 minime
1292 2232 1487 2301 attigit,
1536 2231 1657 2300 quis
1694 2240 1885 2285 auctor
1930 2229 2079 2285 sedi-

477 2331 640 2386 tionis
669 2327 853 2394 fuerit,
879 2329 1080 2398 quique
1103 2343 1169 2384 ex
1193 2328 1259 2383 iis
1282 2329 1433 2399 prior
1454 2327 1599 2383 sedis
1628 2327 1956 2397 occupanda:
1985 2342 2080 2382 cu-

478 2421 657 2492 pidus,
688 2420 910 2474 alterius
939 2420 1263 2474 electionem
1296 2419 1616 2474 turbaverit.
1650 2417 1789 2472 Nihil
1817 2428 2078 2488 praeterea

478 2514 545 2570 de
576 2523 797 2567 auctore
817 2512 983 2568 caedis
1023 2513 1074 2565 in
1106 2511 1378 2567 Siciniana
1431 2512 1653 2567 basilica
1706 2519 2029 2581 perpetrata:
2062 2529 2077 2579 ;

477 2605 829 2677 quamobrem
883 2603 1018 2658 nihil
1057 2618 1124 2659 ex
1176 2605 1277 2657 hoc
1321 2604 1438 2658 loco
1466 2603 1644 2673 colligi
1675 2612 1880 2672 potest,
1934 2603 2077 2673 quod

481 2697 799 2770 llieronymi
821 2713 883 2752 ac
909 2697 1087 2752 Ruﬁni
1129 2697 1497 2752 testimonium
1531 2697 1787 2763 inﬁrmet,
1818 2697 2078 2769 quidquid

479 2791 684 2849 Gallico
707 2794 1006 2846 litterarum
1037 2792 1097 2845 Ι).
1130 2791 1402 2847 Ambrosii
1451 2792 1730 2861 interpreti
1764 2791 1934 2845 visum
1967 2795 2080 2846 lue-

476 2886 567 2953 rit,
603 2886 945 2941 Ammiannm
999 2886 1081 2941 sic
1108 2885 1451 2956 intelligenti,
1497 2893 1556 2939 ut
1581 2900 1767 2941 earum
1799 2885 2076 2941 turbarum

480 2978 770 3035 Damasum
794 2995 944 3034 reum
978 2977 1168 3034 fecerit
1192 2976 1284 3050 (c).

2176 376 2437 432 Romana:
2467 376 2723 433 Ecclesia:
2776 380 3015 450 pontifex
3054 380 3243 437 fuisset
3291 382 3464 437 factus
3490 424 3504 449 ,
3548 384 3773 439 minime

2177 469 2383 531 dubito,
2416 472 2543 539 quin
2573 486 2635 525 ea
2667 484 2875 527 summa
2906 488 3067 544 quam
3090 473 3363 529 ambiebat
3386 474 3669 545 dignitate,
3691 476 3777 531 di-

2178 562 2537 631 vitiarumque
2559 567 2736 635 cepia,
2782 563 2851 619 ad
2882 568 3060 621 luxum
3111 567 3531 639 superbiamque
3575 568 3775 624 abusus

2177 666 2342 709 esset.
2376 656 2671 721 Caeterum,
2704 672 2825 727 quae
2846 674 2986 712 nunc
3008 659 3170 713 etiam
3194 658 3265 713 sit
3310 661 3361 713 in
3390 661 3607 730 fastigio
3630 671 3777 717 tanto

2179 748 2437 817 regioque
2479 750 2805 816 patrimonio
2837 750 3204 805 Romanorum
3274 752 3588 821 pontificum
3639 754 3778 810 inte-

2178 839 2347 909 gritas
2378 853 2615 903 morum,
2650 841 2881 911 vitaeque
2926 842 3189 897 modestia
3213 884 3229 910 ,
3288 855 3347 898 ut
3390 860 3486 900 eos
3524 854 3733 901 tantum
3762 864 3777 914 ,'

2179 945 2315 1000 quos
2336 945 2436 1000 ego
2462 933 2711 1001 cognovi,
2736 945 3130 1004 veneratusque
3153 950 3292 1002 sum,
3323 950 3776 1003 commemorem,

2179 1033 2501 1093 argumento
2533 1024 2625 1077 tibi
2645 1026 2990 1093 apertissimo
3009 1042 3129 1081 c5sc
3156 1038 3402 1097 possunt,
3427 1029 3682 1086 Clemens
3704 1031 3778 1086 XI

2179 1124 2231 1170 et
2258 1113 2378 1180 XII,
2412 1114 2756 1172 Innocentius
2809 1117 2949 1187 Xlll,
3003 1133 3065 1173 ac
3095 1119 3368 1175 Benedicti
3419 1120 3526 1176 duo
3558 1120 3677 1178 Xlll
3721 1134 3780 1180 et

2180 1205 2323 1273 XIV,
2351 1224 2512 1279 quem
2541 1209 2630 1263 ditt
2685 1209 2842 1265 nobis
2896 1220 3169 1266 servatum
3216 1212 3483 1283 cupimus.
3534 1215 3672 1283 Quin
3720 1218 3778 1272 in

2180 1298 2426 1354 Romano
2456 1301 2604 1355 clero
2628 1302 2807 1363 luxus.
2840 1313 2897 1357 et
2923 1302 3135 1359 delicia:
3160 1319 3281 1359 esse
3326 1306 3620 1375 potuerint.
3674 1323 3781 1365 non

2182 1405 2283 1460 ego
2334 1402 2508 1446 tecum
2562 1393 2907 1461 contendam;
2942 1394 3071 1449 illud
3100 1405 3278 1451 tamen
3324 1399 3565 1453 monebo
3596 1408 3669 1465 te,
3718 1410 3777 1456 ut

2183 1497 2302 1537 cum
2332 1483 2385 1537 in
2416 1498 2477 1539 ea
2502 1499 2561 1539 re
2606 1486 2881 1553 probanda
2934 1486 3319 1561 Hieronymum
3377 1500 3432 1545 et
3481 1489 3781 1547 Nazianze-

2185 1592 2312 1631 num
2346 1585 2513 1633 testes
2539 1576 2801 1645 adhibes,
2862 1579 3047 1636 videas
3101 1580 3374 1650 quomodo
3418 1582 3581 1638 ﬁdem
3639 1594 3783 1640 tuam

2111 1704 2157 1763 Β
2187 1669 2407 1735 liberes,
2438 1685 2618 1740 quove
2645 1672 2767 1739 jure
2814 1672 2879 1727 iis
2908 1674 3221 1728 auctoribus
3242 1675 3316 1728 uti
3350 1674 3522 1743 possis
3567 1686 3623 1729 ut
3652 1674 3783 1730 Flo-

2186 1764 2302 1819 rido
2343 1775 2397 1840 et
2448 1765 2691 1831 Bailleto,
2747 1768 2837 1837 qui
2895 1767 3025 1822 illud
3077 1768 3373 1825 Marcellini
3414 1770 3783 1827 testimonium

2184 1858 2335 1926 parvi
2367 1858 2589 1925 faciunt,
2617 1858 2948 1915 conﬁdentia
2974 1868 3120 1917 tanta
3151 1863 3397 1919 insultes.

2254 1948 2343 2004 Ill.
2374 1949 2479 2005 Sed
2510 1958 2568 2003 ut
2594 1965 2694 2020 ego
2723 1963 2986 2016 revertar,
3017 1953 3161 2008 unde
3189 1953 3417 2010 discessi
3447 1971 3462 2021 ;
3510 1956 3779 2027 reliquum

2183 2052 2288 2107 eSt,
2324 2052 2382 2097 ut
2410 2045 2786 2113 praefationem
2819 2045 2885 2100 ad
2912 2045 3112 2101 Preces
3131 2045 3370 2103 Faustini
3402 2058 3456 2104 et
3482 2048 3782 2105 Marcellini

2183 2135 2290 2191 huc
2315 2136 2560 2201 aﬁ‘eram,
2602 2137 2758 2208 cujus
2810 2138 3045 2209 scriptor
3096 2142 3281 2208 rebus,
3334 2151 3611 2211 qmetunc
3658 2158 3785 2213 age-

2183 2227 2399 2295 bantur,
2426 2227 2668 2284 adfuisse
2706 2230 2941 2286 videtur.
2986 2231 3168 2287 Primo
3216 2233 3398 2304 itaque
3443 2236 3635 2290 recitat
3674 2237 3783 2291 fac-

2184 2321 2348 2375 tionis
2368 2335 2582 2388 causas,
2623 2322 2808 2393 aitque
2836 2323 3154 2407 Ursinianos
3179 2340 3275 2380 eos
3301 2328 3451 2395 ipsos
3490 2342 3613 2384 esse
3640 2343 3781 2399 prte-

2182 2412 2359 2467 claros
2384 2414 2550 2479 viros,
2570 2413 2663 2483 qui
2687 2414 2951 2485 integram
2976 2415 3196 2472 Liberio
3223 2417 3382 2472 ﬁdem
3406 2430 3775 2475 servaverant.

2182 2504 2467 2559 Damasum
2500 2520 2633 2561 vero
2678 2506 2909 2578 elegisse
2957 2508 3210 2579 perjnros
3267 2509 3413 2572 illos.
3468 2512 3560 2582 qui
3610 2512 3783 2568 Felici

2183 2599 2441 2670 primum,
2469 2614 2644 2670 eoque
2670 2599 2793 2655 fatis
2824 2600 3034 2669 functo,
3061 2612 3156 2658 aut
3185 2604 3472 2661 abdicante
3502 2606 3785 2678 pontifica-

2184 2702 2318 2755 tum,
2350 2698 2545 2748 iterum
2594 2692 2810 2749 Liberio
2842 2706 3133 2763 paruerant
3182 2714 3195 2748 :

2165 2786 2414 2841 maciam
2463 2785 2925 2842 cohonestandum
2957 2788 3277 2855 praemissis,
3332 2796 3445 2844 tum
3494 2789 3614 2845 haec
3661 2793 3777 2860 ait;

2186 2898 2205 2932 ι
2245 2879 2376 2936 Item
2406 2891 2605 2937 octavo
2628 2879 2889 2937 kalendas
2927 2879 3200 2947 Octobris,
3229 2882 3487 2939 Gratiano
3516 2894 3573 2940 et
3605 2885 3780 2957 Daga-

2180 2971 2306 3026 laifo
2363 2986 2567 3037 conss.,
2642 2970 2889 3026 Liberius
2938 2971 3188 3027 humanis
3252 2972 3416 3028 rebus
3487 2977 3773 3033 eximitur.

548 3072 866 3144 Anonymns
898 3072 1150 3126 Historiae
1172 3086 1503 3127 summorum
1534 3071 1850 3143 pontificum
1897 3071 2072 3141 scrip-
2099 3081 2144 3145 ο
2178 3066 2329 3122 Tunc
2369 3065 2671 3138 presbyteri
2700 3076 2755 3121 et
2781 3066 3043 3123 diaconus
3098 3066 3347 3136 Ursinus,
3377 3069 3690 3137 Amantius,
3722 3083 3777 3129 et

475 3174 584 3231 tor,
616 3169 771 3233 cujus
799 3166 1064 3235 superiori
1094 3166 1271 3235 capite
1299 3165 1510 3219 inscitia
1550 3175 1605 3219 et
1641 3165 1779 3219 mala
1811 3164 1944 3219 fides
1972 3177 2072 3218 no-

477 3266 590 3313 tata
611 3266 713 3320 est,
747 3265 857 3311 tum
888 3257 1011 3322 hoc,
1061 3267 1173 3311 tum
1201 3257 1308 3311 alio
1337 3258 1540 3312 celebri
1578 3257 1873 3312 Marcellini
1920 3256 2075 3312 testi-

478 3352 684 3416 monio,
714 3367 742 3403 a
769 3350 1001 3405 Baronio
1031 3349 1110 3419 (ά)
1141 3352 1306 3405 etiam
1334 3350 1599 3420 producto
1648 3353 1838 3418 utitur,
1889 3361 1945 3405 ut
1972 3350 2075 3404 Da-

479 3456 630 3495 maso
698 3440 895 3496 fastum
956 3440 1289 3513 deliciasque
1341 3443 1633 3512 exprobret
1691 3442 1786 3515 (ε).
1838 3442 2077 3512 Dignitas

479 3532 747 3604 profecto,
776 3550 839 3590 ac
864 3535 1146 3605 splendor,
1209 3551 1315 3606 quo
1354 3536 1499 3592 Deus
1546 3536 1845 3591 Romanam
1889 3535 2081 3591 Ecrle-

476 3626 609 3680 siam
636 3626 821 3692 auxit,
851 3626 1191 3687 ethnicorum
1217 3640 1478 3698 perpetuo
1531 3638 1587 3685 et
1612 3630 1913 3685 invidorum
1949 3643 2077 3685 ocu-

474 3721 558 3775 los
589 3720 924 3789 perstrinxit,
961 3735 1098 3790 quos
1123 3720 1264 3775 inter
1292 3724 1422 3791 quin
1464 3731 1519 3775 ιιι
1562 3723 1928 3787 recensearis,
1978 3722 2077 3776 do-

474 3813 718 3883 leasque.
748 3812 931 3868 nullus
956 3812 1171 3868 dubito.
1202 3816 1271 3867 At
1297 3814 1580 3869 meliorem
1624 3829 1653 3866 a
1689 3823 1741 3867 te
1770 3814 1955 3880 ﬁdem,
1983 3824 2076 3869 aut

473 3907 702 3959 rationis
742 3907 846 3959 vim
872 3906 1109 3973 postulo,
1142 3920 1266 3958 cum
1308 3904 1422 3958 hmc
1452 3905 1532 3957 ais
1560 3922 1574 3958 :
1612 3924 1632 3956 ί
1669 3906 1752 3959 Au
1784 3921 1918 3961 vero
1948 3906 2072 3976 quia

473 3994 729 4050 Romana:
757 3996 1013 4049 Ecclesiae
1044 4004 1400 4063 proventuum
1429 3995 1630 4051 aﬁ'atim
1662 3996 1854 4065 fuerat,
1883 4000 2075 4053 Dama-

470 4104 566 4145 sus
595 4087 767 4152 luxui,
826 4086 1146 4157 deliciisque
1193 4087 1455 4143 deditus?
1495 4090 1575 4143 An
1609 4090 1673 4144 tis
1726 4091 1798 4144 uti
1831 4106 1936 4146 non
1979 4105 2073 4161 po-

471 4181 572 4235 tuit
602 4179 927 4251 pauperibus
956 4180 1185 4248 alendis,
1224 4180 1459 4251 hospitio
1492 4181 1831 4253 excipiendis
1860 4185 2073 4254 episco-

467 4274 573 4345 pis,
608 4274 937 4342 temploi'um
967 4274 1149 4339 nitori,
1183 4284 1237 4330 et
1266 4274 1435 4329 cultui
1462 4277 1827 4345 procurando,
1853 4294 1918 4335 ac
1947 4280 2075 4336 reli-

467 4366 613 4439 gioni
641 4365 951 4421 christiana:
977 4356 1380 4436 promovenda},
1414 4379 1471 4424 ut
1522 4382 1779 4427 constans
1803 4375 2070 4430 Itomano-

2177 3158 2381 3227 Lupus.
2406 3174 2528 3214 cum
2560 3158 2716 3228 plebe
2743 3169 2951 3222 sancta,
2982 3174 3104 3229 qua:
3133 3158 3352 3215 Liberio
3381 3161 3543 3218 ﬁdem
3593 3177 3780 3221 serva-

2180 3262 2375 3307 verant
2398 3253 2451 3307 in
2474 3252 2668 3307 exsilio
2694 3251 3014 3317 constituto,
3038 3260 3322 3321 coeperunt
3350 3253 3405 3307 in
3435 3254 3652 3311 basilica
3678 3256 3777 3313 Ju-

2177 3350 2234 3405 lii
2265 3350 2585 3419 procedere,
2611 3358 2669 3404 et
2687 3349 2789 3405 sibi
2816 3348 3071 3405 Ursinum
3093 3350 3381 3405 diaconum
3410 3350 3486 3422 (g)
3519 3351 3569 3404 in
3598 3350 3775 3406 locum

2180 3443 2377 3498 Liberii
2405 3442 2646 3498 ordinari
2679 3442 3001 3512 deposcunt.
3060 3442 3271 3511 Perjuri
3314 3457 3445 3498 vero
3473 3442 3526 3498 in
3557 3440 3777 3498 Lucinis

2179 3536 2468 3592 Damasum
2495 3535 2595 3591 sibi
2627 3536 2942 3606 episcopum
2970 3536 3021 3590 in
3058 3535 3235 3590 locum
3273 3535 3473 3591 Felicis
3520 3546 3777 3606 expostu-

2179 3628 2293 3683 lant
2317 3647 2331 3684 :
2361 3627 2616 3683 Ursinum
2639 3627 2837 3683 Paulus
2864 3628 2940 3699 (lt)
2967 3627 3282 3683 Tiburtinus
3311 3627 3595 3683 benedicit.
3618 3628 3777 3695 Quod

2179 3722 2269 3778 ubi
2323 3723 2619 3789 Damasus,
2658 3722 2747 3792 qui
2799 3736 3015 3790 semper
3061 3722 3433 3792 episcopatum
3485 3721 3774 3787 ambierat,

2178 3816 2467 3883 comperit,
2524 3829 2718 3870 omnes
2765 3814 3137 3886 quadrigarios
3176 3824 3233 3869 et
3274 3815 3579 3884 imperitam
3632 3814 3775 3869 mul-

2179 3906 2466 3961 titudinem
2519 3907 2696 3975 pretio
2744 3907 3004 3973 concitat,
3037 3916 3092 3962 et
3134 3917 3375 3963 armatus
3437 3906 3673 3963 fustibus
3704 3907 3773 3963 ad

2176 4000 2454 4055 basilicam
2479 3999 2607 4055 Julii
2642 4003 2965 4071 perrumpit,
3007 4010 3061 4056 et
3091 4016 3284 4071 magna
3324 4001 3473 4057 cede
3531 4001 3771 4057 ﬁdelium

2175 4109 2273 4165 per
2315 4093 2548 4149 triduum
2579 4093 2947 4151 debacchatus
2976 4105 3078 4150 est.
3110 4096 3240 4151 Post
3265 4096 3381 4151 dies
3410 4106 3616 4166 septem
3647 4111 3773 4152 cum

2175 4186 2428 4241 omnibus
2457 4187 2712 4256 perjuriis
2758 4197 2813 4241 et
2841 4188 3126 4249 arenariis,
3151 4202 3292 4258 quos
3332 4188 3535 4258 ingenti
3583 4205 3772 4244 corru-

2174 4281 2254 4352 pit
2282 4281 2475 4351 pretio,
2501 4280 2921 4337 Lateranensem
2950 4281 3227 4336 basilicam
3260 4280 3454 4347 tenuit,
3487 4292 3537 4337 et
3569 4282 3641 4336 ibi
3682 4298 3772 4337 or-

2175 4373 2390 4429 dinatus
2420 4373 2728 4443 episcopus,
2757 4383 2813 4428 et
2841 4374 3112 4429 redimens
3128 4372 3366 4443 judicem
3395 4373 3549 4429 urbis
3572 4373 3772 4430 Viven-

469 4478 588 4517 rum
620 4462 934 4533 pontiﬁcum
962 4462 1302 4518 consuetudo
1333 4464 1433 4520 fuit
1461 4464 1575 4537 (f)?
1613 4486 1632 4520 ι
1668 4468 1821 4535 Quod
1866 4470 1911 4523 si
1951 4471 2071 4539 quis
2095 4466 2151 4528 D
2175 4470 2332 4533 tium,
2385 4479 2441 4525 et
2491 4471 2806 4538 praefectum
2854 4483 3088 4525 annonas
3126 4468 3421 4535 lulianum,
3471 4468 3524 4524 id
3554 4469 3665 4540 egit
3712 4479 3772 4524 ut

468 4554 783 4624 aliquando,
812 4555 1157 4626 sequioribus
1203 4559 1505 4626 prtesertint
1537 4560 1785 4627 sacculis,
1842 4561 2066 4616 meliora

465 4645 817 4703 decessorum
854 4647 1103 4719 exempla
1155 4649 1379 4706 minime
1400 4660 1620 4706 secutus
1674 4661 1781 4719 est,
1833 4651 1919 4707 his
1967 4652 2066 4707 ad-

535 4830 618 4972 ἔτι)
664 4830 826 4952 (Σῖρς.
861 4830 1037 4901 Episl.
1068 4832 1160 4893 52,
1196 4831 1395 4885 Veron.
1430 4830 1563 4885 edit.

559 4899 609 4972 b)
638 4899 697 4954 Et
722 4916 922 4972 uncum
950 4917 1071 4955 eum
1121 4902 1346 4956 facimus
1372 4917 1493 4957 cum
1529 4902 1563 4957 Η

559 4899 609 4973 b)
630 4899 922 4977 Ethnicurn
950 4917 1071 4977 eum
1121 4902 1346 4977 facimus
1372 4917 1493 4977 cum
1529 4902 1799 4960 Hadriano
1823 4904 2061 4977 Valesio,

459 4970 555 5027 Jo.‘
578 4970 802 5027 Alberto
829 4970 1080 5027 Fabricio
1108 4982 1165 5027 et
1196 4973 1435 5029 melioris
1466 4984 1610 5030 notae
1654 4978 1878 5033 criticis.

532 5064 830 5139 (c)Adnot.
874 5063 940 5118 ad
972 5063 1145 5135 Epist.
1182 5066 1268 5121 Ii.

530 5160 615 5232 (ά)
649 5162 786 5216 Ann.
820 5156 945 5214 367.

532 5255 603 5324 (el
635 5255 714 5308 0n
770 5269 836 5309 ne
880 5252 1303 5308 sanraitdoutcr
1350 5269 1457 5324 que
1504 5255 1730 5311 Damase
1779 5257 2058 5313 lui-meme

458 5336 529 5375 ne
558 5322 635 5377 fut
673 5323 889 5380 adonné
925 5339 990 5378 au
1029 5326 1150 5380 luxe
1198 5336 1253 5379 et
1307 5322 1409 5380 au‘x
1451 5324 1719 5381 douceurs
1763 5328 1923 5383 d’nne
1968 5333 2056 5387 vie

454 5393 643 5468 molle,
671 5398 917 5468 pilisque
950 5395 1245 5463 Prélcxtat,
1296 5398 1385 5467 qni
1428 5398 1499 5451 l'ut
1533 5398 1726 5458 denuis
1774 5404 1944 5468 prefet
1984 5402 2053 5457 de

455 5458 650 5543 Btlﬂlt‘,
671 5458 742 5516 lui
759 5458 1025 5543 dis'._i_it_par
1040 5458 1388 5543 plaisauterie
1415 5486 1475 5543 :_¢
1506 5458 1819 5525 Faites-moi
1841 5472 2051 5543 évéque

455 5531 522 5583 de
542 5529 731 5608 Rome,
756 5546 807 5585 et
831 5529 1130 5607 d’abordje
1162 5542 1302 5595 serai
1326 5540 1592 5608 clirétien;
1622 5561 1641 5595 ι
1674 5557 1735 5597 ce
1761 5545 1920 5608 qu'nn
1942 5529 2050 5600 s'ei-

455 5614 629 5682 g_ne_ur
656 5600 892 5682 degette
913 5600 1312 5682 etinsideratititt
1340 5614 1486 5667 n'cut
1515 5600 1607 5682 pas
1633 5613 1732 5677 dii.
1760 5600 1803 5668 S'i
1836 5615 1882 5668 '3
1915 5630 2043 5672 (ξοη-

453 5670 603 5723 duite
642 5669 709 5722 de
736 5668 963 5726 Damase
989 5678 1078 5730 ent
1100 5676 1187 5733 été
1212 5696 1281 5734 un
1306 5696 1405 5752 peu
1434 5668 1552 5754 plu's
1573 5668 1932 5755 apostoliquc.

2179 4562 2408 4619 Ursinus
2456 4562 2538 4616 vir
2578 4548 2925 4629 venerabilis,
2973 4563 3062 4631 qtti
3106 4561 3255 4631 prius
3307 4561 3481 4616 fuerat
3530 4561 3769 4631 pontifex

2172 4654 2475 4722 ordinatus,
2498 4668 2621 4709 cum
2652 4654 2906 4711 Amantio
2928 4662 2985 4710 et
3010 4654 3164 4725 Lupo
3183 4653 3523 4722 diaeonibus,
3552 4655 3606 4711 in
3624 4654 3771 4710 exsi-

2241 4834 2481 4909 (f)_rVid.
2523 4835 2722 4892 Euseb.
2758 4836 2826 4891 Η.
2850 4837 2941 4901 Ε.,
2990 4836 3085 4893 lib.
3119 4851 3193 4905 tv,
3225 4850 3345 4907 cap.
3378 4836 3489 4903 25;
3545 4836 3640 4893 lib.
3666 4852 3764 4907 vu,

2168 4907 2504 5050 calidfllnde
2531 4978 2693 5049 igitur
2723 4978 2986 5047 scriptor,
3018 4979 3106 5049 qui
3139 4978 3347 5033 litteras
3392 4979 3455 5034 D.
3488 4980 3764 5036 Ambrosii

2166 5051 2222 5103 in
2246 5037 2517 5121 ﬁallicum
2548 5037 2860 5105 sermonem
2911 5037 3108 5114 vertit,
3164 5052 3438 5121 acceperit
3486 5050 3763 5117 Ursinum,

2164 5120 2403 5204 basilicae
2432 5120 2557 5204 .iulii
2585 5121 2937 5176 constitutum
2998 5137 3028 5174 a
3089 5120 3307 5177 Liberio
3362 5123 3763 5195 presbyterum,

2163 5193 2256 5247 ille
2278 5193 2475 5247 videat.
3531 5193 3536 5195 ⁷

2238 5263 2315 5333 (Ιι)
2357 5262 2704 5333 Athanasius,
2743 5261 2900 5330 Apol.
2933 5274 3112 5318 contr.
3155 5264 3343 5319 Arian.
3399 5279 3550 5320 num.
3603 5263 3675 5321 58
3705 5274 3760 5320 et

2161 5333 2214 5387 in
2248 5330 2419 5404 Epist.
2446 5335 2513 5388 ad
2538 5330 2697 5405 salit.
2727 5349 2877 5388 num.
2908 5334 3002 5400 26,
3056 5335 3315 5398 libellum,
3369 5352 3477 5405 quo
3506 5334 3762 5392 Ursacius

2157 5415 2213 5459 et
2247 5405 2466 5467 Valens,
2500 5419 2528 5457 a
2585 5403 2732 5460 Julio
2777 5407 2988 5461 veniam
3050 5407 3331 5472 deprecari
3386 5403 3559 5463 coacti
3610 5418 3759 5473 sunt,

2157 5476 2257 5550 sibi
2286 5476 2662 5550 transinismtm
2691 5479 2880 5531 scribit
2900 5494 2927 5530 a
2972 5474 3199 5550 Paulin
3226 5478 3446 5550 τιςέρων
3477 5482 3755 5549 episcopo,

2153 5546 2398 5603 Nannius
2430 5547 2765 5602 ’l'iburensem
2811 5550 2993 5610 vertit,
3023 5563 3086 5601 ac
3122 5548 3225 5605 BB.
3285 5546 3615 5603 Tiburtinum
3664 5546 3761 5605 ’ἰη-

2154 5620 2423 5691 telliguut,
2452 5621 2613 5676 veluti
2645 5618 2831 5674 Roma:
2878 5619 3223 5691 proximum;
3282 5619 3422 5691 forte
3469 5620 3650 5691 itaque
3712 5622 3757 5676 is

2148 5688 2245 5744 ille
2274 5696 2378 5757 est,
2419 5691 2507 5759 qui
2541 5691 2842 5748 Ursicinum
2864 5689 3144 5747 ordinaSse
3191 5689 3411 5746 dicitur;

3250 2697 3448 2767 quibus
3477 2698 3543 2753 ad
3584 2710 3781 2755 contu-
3857 2747 3867 2759 .
