4150 6176
344 182 449 240 121

1738 181 2245 241 PROLEGOMENA
2261 226 2273 240 .

3548 192 3658 252 122

344 300 478 355 lium
511 297 841 354 mitteretur.
871 295 1025 367 Quod
1049 296 1139 353 ubi
1166 298 1371 353 factum
1405 307 1509 363 est,
1558 300 1724 370 coepit
1756 299 1952 354 Dama—
1980 300 2030 360 Α
2058 303 2394 358 delissimum
2423 302 2585 359 nimis
2605 303 2878 376 episcopis
2914 305 3083 363 Italize
3129 306 3474 381 displicebat,
3522 326 3658 383 quos

345 408 441 451 sus
470 392 772 449 Romanam
818 392 1055 462 plebem,
1087 408 1210 459 quae
1253 407 1313 448 se
1350 392 1586 459 nolebat,
1636 394 1947 464 procatdere

346 487 611 554 qutibus,
642 496 696 541 et
720 486 868 542 caede
900 485 1044 540 varia
1074 501 1390 556 perurgere.
1419 487 1773 558 Presbyteros
1804 503 1948 558 quo-

350 598 463 655 que
483 598 711 637 numero
736 590 945 650 septem
968 580 1222 636 detentus
1249 596 1343 650 per
1372 580 1613 635 ofﬁcium
1646 581 1834 635 nititur
1881 581 1949 635 ab

354 677 512 733 Urbe
534 675 855 745 propellere,
890 675 985 729 sed
1020 674 1172 744 plebs
1206 674 1380 729 lidelis
1408 690 1702 730 occurrens
1725 674 1948 729 eosdem

355 771 703 842 presbyteros
730 770 895 834 eruit,
928 777 983 823 et
1008 768 1075 823 ad
1107 768 1383 823 basilicam
1411 767 1610 824 Liberii
1648 769 1767 824 sine
1797 782 1949 823 mora

358 865 623 937 perduxit.
659 863 812 919 Tunc
844 864 1107 918 Damasus
1135 878 1257 919 cum
1283 863 1502 933 perfidis
1530 864 1723 919 invitat
1760 878 1951 919 arena-

354 959 483 1021 rios,
512 956 925 1028 quadrigarios,
968 965 1026 1011 et
1063 958 1322 1018 fossorcs.
1365 972 1693 1029 omnemque
1743 958 1947 1013 clerum

348 1063 469 1104 cum
496 1048 804 1109 securibus,
830 1048 1045 1118 gladiis,
1077 1058 1131 1103 et
1160 1048 1411 1114 fustibus,
1443 1058 1499 1105 et
1563 1050 1780 1106 obsedit
1810 1051 1952 1104 basi-

346 1140 504 1197 licam
530 1140 666 1196 hora
706 1142 816 1197 dici
859 1140 1121 1206 secunda,
1173 1142 1406 1210 septimo
1448 1141 1801 1197 kalendarum
1842 1142 1951 1197 No—

345 1234 648 1291 vembrium
672 1234 783 1300 die,
807 1233 1066 1290 Gratiano
1094 1243 1149 1288 et
1177 1233 1449 1302 Dagalaifo
1478 1248 1687 1302 eonss.,
1711 1244 1767 1290 et
1787 1249 1951 1304 grave

345 1328 597 1399 praelium
620 1328 913 1385 concitavit
942 1348 955 1385 :
989 1344 1111 1383 nam
1147 1327 1385 1383 effractis
1434 1329 1663 1395 foribus,
1720 1331 1951 1400 igneque

350 1425 659 1495 supposito,
691 1425 916 1491 aditum,
961 1425 1104 1479 unde
1165 1426 1527 1495 irrumperet,
1589 1428 1948 1495 exquirebat;

354 1520 602 1574 nonnulli
631 1534 839 1590 quoque
866 1519 935 1573 de
967 1518 1321 1575 familiaribus
1346 1519 1463 1588 ejus
1492 1529 1692 1575 tectum
1717 1520 1953 1576 basilicae

348 1610 729 1677 dcstrueutes,
776 1612 975 1681 tegulis
1020 1612 1235 1667 ﬁdelem
1280 1614 1538 1684 pepulum
1590 1613 1948 1683 perimebant.

2058 398 2222 454 etiam
2248 412 2369 452 cum
2398 393 2464 450 ad
2506 397 2685 452 natale
2714 413 2871 454 suum
2902 400 3219 459 solemniter
3256 404 3562 471 invitasset,
3606 417 3662 463 et

2059 490 2306 546 nonnulli
2336 490 2718 546 convenissent
2748 506 2814 547 ex
2844 492 2945 559 eis,
2976 496 3231 564 precibus
3249 498 3391 567 apud
3421 513 3516 553 eos
3545 513 3661 555 mo-

2058 585 2204 648 litur,
2238 593 2293 639 et
2316 585 2514 654 pretio,
2544 594 2601 638 ut
2651 587 2975 640 sententiam
3010 588 3062 640 in
3109 596 3353 644 sanctum
3400 589 3657 647 Ursinum

2058 678 2361 749 proferant.
2386 678 2489 744 Qui
2521 680 2918 751 responderunt
2942 697 2958 736 :
2984 700 3004 733 ‹
3033 680 3141 735 Nos
3161 681 3228 736 ad
3260 683 3436 739 natale
3456 698 3663 741 Conve-

2058 771 2258 836 nimus,
2289 785 2396 825 non
2426 780 2483 825 ut
2510 770 2809 826 inauditum
2833 771 3171 827 damnemus.
3202 791 3221 827 ι
3253 772 3325 829 Ita
3354 789 3517 845 prava
3542 776 3661 846 ejus

2056 864 2286 919 intentio
2314 866 2539 929 corruit,
2575 880 2685 935 quo
2715 864 3011 931 nitebatur,
3037 866 3267 921 eﬂ'ectu:
3293 868 3490 923 exinde
3507 884 3662 940 pres-

2057 959 2233 1031 byteri
2256 958 2487 1014 diversis
2521 962 2695 1016 modis
2724 959 2912 1015 afﬂicti
2940 977 3037 1032 per
3061 961 3251 1016 exsilia
3279 972 3335 1017 et
3379 964 3661 1033 peregrina

2059 1056 2175 1109 loca
2204 1056 2436 1126 diSpersi
2464 1065 2592 1111 sunt
2623 1074 2637 1109 :
2688 1070 2752 1110 ex
2777 1056 2975 1124 quibus
2997 1055 3367 1121 Marcellinus,
3415 1069 3466 1112 et
3492 1058 3661 1113 Faus-

2059 1148 2224 1211 tinus,
2260 1164 2450 1220 preces
2492 1148 2898 1213 Valentiniano,
2952 1148 3261 1204 Theodosio
3312 1158 3369 1205 et
3426 1150 3660 1206 Arcadio

2057 1241 2391 1296 obtulerunt.
2429 1260 2447 1295 ι
2511 1242 2799 1311 llucusqne
2854 1241 3098 1311 prmfatio
3152 1240 3483 1297 scbismatici
3524 1243 3661 1298 scri-

2057 1336 2253 1406 ptoris,
2296 1351 2416 1406 quas
2444 1336 2659 1391 tametsi
2711 1335 3012 1391 mendaciis
3067 1345 3293 1403 scatcat,
3342 1336 3521 1407 aliqua
3572 1344 3657 1392 ta-

2058 1444 2181 1484 men
2233 1430 2498 1495 continet,
2528 1445 2647 1500 qua:
2670 1429 2880 1485 veritati
2908 1428 3299 1501 cognoscenda:
3318 1428 3491 1485 lacent
3522 1444 3657 1499 pra:-

2056 1531 2219 1579 stant.

2130 1618 2311 1673 Primo
2356 1617 2572 1688 itaque,
2620 1631 2741 1672 cum
2790 1617 3117 1672 Liberianam
3161 1616 3423 1672 basilicam
3467 1615 3656 1685 audis,

348 1702 1100 1761 TunenniversiDamasiaui
1151 1707 1419 1761 irruentes
1446 1705 1499 1760 iti
1529 1706 1804 1760 basilicam
1827 1712 2179 1780 cen-Bejus
2229 1711 2391 1765 etiam
2459 1711 2839 1781 antiquitatem
2912 1710 3197 1778 intelligis.
3250 1708 3385 1764 Nam
3436 1709 3538 1764 etsi
3592 1723 3655 1765 ea

349 1807 460 1853 tum
488 1800 770 1868 sexaginta
801 1798 871 1855 de
917 1800 1074 1870 plebe
1112 1801 1429 1857 occiderunt
1460 1819 1472 1855 :
1526 1801 1952 1857 vulneraverunt

346 1892 511 1947 etiam
543 1893 996 1963 quamplurimas,
1021 1910 1087 1950 ex
1109 1895 1303 1965 quibus
1334 1895 1487 1950 multi
1517 1894 1754 1950 deluncli
1787 1904 1947 1949 sunt:

348 1985 420 2040 de
449 1994 602 2056 parte
630 2001 762 2041 vero
795 1987 1011 2042 Damasi
1036 1989 1215 2043 nullus
1244 1997 1327 2044 est
1356 1999 1621 2045 mortuus.
1656 1990 1787 2043 Post
1839 1998 1951 2046 tres

350 2088 537 2133 autem
561 2079 699 2145 dies,
727 2088 907 2135 sancta
932 2081 1087 2151 plebs
1108 2082 1162 2136 in
1203 2098 1368 2136 unum
1421 2083 1754 2137 conveniens
1784 2084 1951 2152 coepit

350 2172 624 2229 adversus
659 2189 776 2231 eum
819 2175 1033 2231 Domini
1075 2177 1327 2231 mandata
1377 2177 1628 2243 recitare,
1664 2177 1945 2233 dicentes:

351 2265 537 2322 Nolite
564 2268 739 2325 timere
757 2285 866 2336 eos,
913 2272 1000 2341 qui
1047 2273 1281 2325 occidunt
1313 2288 1518 2339 corpus,
1562 2273 1787 2327 animant
1829 2291 1948 2330 vero

344 2376 453 2415 non
480 2371 692 2427 possunt
719 2362 950 2417 occidere
974 2378 995 2419 :
1032 2363 1298 2433 psallebat
1326 2365 1485 2418 etiam
1511 2365 1565 2419 itt
1598 2366 1867 2434 laudibus,
1895 2378 1949 2424 et

342 2452 598 2509 dicebat:
638 2452 927 2509 Potuerunt
955 2456 1197 2509 mortalia
1243 2471 1504 2510 servorum
1550 2468 1753 2513 tuorum
1803 2478 1947 2516 escas

345 2546 649 2601 volatilibus
688 2548 823 2612 coeli,
856 2564 1037 2602 carnes
1081 2559 1373 2605 sanctorum
1400 2562 1603 2606 tuorum
1643 2554 1817 2608 bestiis
1848 2564 1947 2609 ter-

339 2655 445 2703 rm;
488 2638 784 2704 e/fuderunt
828 2644 1133 2713 sanguinem
1203 2660 1400 2711 eorum,
1457 2646 1610 2699 veluti
1656 2662 1844 2715 aquam
1890 2648 1944 2701 in

340 2732 564 2785 circuitu
608 2731 958 2799 Hierusalem,
992 2746 1041 2789 et
1082 2753 1182 2790 non
1226 2749 1333 2791 erat
1364 2739 1453 2803 qui
1481 2740 1737 2805 sepeliret.
1787 2742 1944 2811 Sa’pe

340 2822 529 2893 itaque
553 2824 745 2880 eadem
774 2826 929 2896 plebs
960 2827 1191 2882 adunata
1222 2828 1275 2883 in
1330 2830 1548 2886 basilica
1601 2830 1803 2888 Liberii
1833 2833 1945 2887 cla-

342 2916 528 2969 mabat
554 2915 744 2972 dicens
774 2935 788 2969 :
822 2936 841 2968 ι
872 2916 1179 2973 Christiane
1208 2920 1526 2991 imperator,
1556 2922 1689 2978 nihil
1715 2933 1765 2978 te
1788 2925 1942 2981 latet.

339 3006 543 3062 Omnes
567 3010 811 3081 episcopi
834 3009 1060 3065 Romam
1087 3014 1326 3081 veniant,
1357 3024 1549 3083 agatur
1572 3030 1735 3070 causa
1757 3036 1769 3072 :
1794 3018 1942 3088 quin-

2057 1818 2159 1858 vox
2218 1804 2578 1873 praestitutum
2648 1801 2886 1871 profanis
2940 1801 3105 1856 etiam
3176 1801 3534 1856 conventibus
3570 1800 3656 1855 lo-

2055 1914 2179 1954 cum
2239 1898 2544 1967 cxprimat,
2590 1911 2713 1952 cunt
2782 1907 2961 1950 tamen
3007 1895 3151 1950 idem
3201 1894 3478 1964 scriptor,
3530 1907 3651 1948 eam

2057 1992 2296 2059 undique
2380 1992 2693 2057 occlusam,
2764 1999 2926 2060 atque
3000 1989 3122 2043 ideo
3193 2003 3223 2042 a
3312 1987 3651 2042 Damasianis

2054 2085 2345 2152 obsessam,
2393 2100 2514 2138 cum
2547 2093 2815 2153 praeterea
2861 2085 3054 2153 fractas
3085 2084 3223 2152 fores
3246 2123 3260 2147 ,
3295 2096 3419 2137 cum
3466 2091 3653 2137 tectam

2054 2179 2369 2233 destructum
2400 2186 2645 2243 asserat,
2670 2176 2828 2231 facile
2851 2176 3016 2231 etiam
3046 2175 3141 2230 tibi
3168 2174 3327 2246 ﬁngis
3349 2176 3529 2229 locum
3561 2191 3653 2230 sa-

2052 2276 2159 2329 cris
2185 2274 2407 2345 agendis
2430 2272 2728 2345 synasibus
2777 2271 3095 2327 attributum
3117 2312 3131 2336 ,
3178 2279 3233 2325 et
3286 2270 3608 2325 instructum
3634 2309 3652 2337 ,

2051 2382 2113 2421 ac
2142 2367 2325 2436 populi
2368 2364 2664 2421 Christiani
2710 2362 2963 2419 confluxit
3012 2361 3285 2419 celebrem
3337 2371 3393 2416 ut
3423 2369 3652 2417 cmteros

2052 2460 2198 2516 urbis
2228 2460 2434 2515 titulos.

2127 2553 2290 2608 Vides
2315 2553 2554 2607 secundo
2575 2568 2904 2625 anonymum
2942 2552 3085 2607 ltunc
3131 2558 3408 2605 auctorem
3427 2590 3441 2613 ,
3466 2563 3656 2620 quam-

2049 2661 2209 2716 quam
2245 2644 2501 2701 Ursinum
2563 2646 2714 2716 prius
2762 2646 3071 2699 ordinatum
3128 2642 3366 2707 scribat,
3432 2640 3653 2695 minime

2051 2749 2230 2795 tamen
2257 2739 2562 2808 exprimere
2588 2780 2603 2803 ,
2636 2748 2754 2792 utra
2786 2738 2983 2792 electio
3016 2736 3163 2807 prior
3186 2733 3363 2789 fuerit.
3408 2734 3491 2789 Au
3519 2746 3653 2787 vero

2050 2832 2153 2887 hoc
2177 2832 2268 2886 ille
2311 2832 2600 2896 tacuisset,
2628 2830 2672 2884 si
2691 2838 2781 2895 ,ut
2803 2828 3150 2883 ordinatione
3169 2869 3184 2891 ,
3219 2824 3291 2880 ita
3316 2825 3478 2879 etiam
3506 2824 3653 2907 elec-

2049 2924 2193 2991 tione
2240 2924 2525 2978 Damasum
2577 2919 3054 2993 przeoccupasset?
3101 2916 3653 2986 Verissimumitaque

2048 3027 2164 3085 est,
2194 3018 2338 3089 qttod
2397 3019 2758 3089 Hieronymus
2806 3028 2859 3071 et
2888 3015 3108 3070 Rufinus
3136 3014 3322 3077 aiunt,
3355 3012 3506 3068 illum
3539 3012 3647 3067 sci-

339 3110 459 3155 tum
487 3101 596 3169 jam
630 3102 833 3157 bellum
861 3104 1127 3159 Damasus
1157 3104 1284 3160 fecit
1314 3126 1325 3159 :
1367 3122 1396 3160 a
1423 3107 1550 3161 sedc
1578 3108 1720 3163 Petri
1766 3110 1943 3165 homi-
1972 3107 2018 3171 C
2051 3112 2183 3168 licet
2227 3110 2525 3165 ambitione
2552 3110 2818 3181 percitum
2877 3108 3197 3164 cathedram
3228 3116 3415 3162 contra
3460 3104 3652 3161 cathe-

339 3194 495 3249 cidas
522 3194 687 3250 foras.
720 3216 739 3248 ι
767 3197 858 3251 Dei
882 3206 1063 3252 autem
1084 3199 1315 3269 populus
1337 3201 1623 3269 episcopos
1647 3204 1944 3258 convenire

340 3288 531 3343 multis
554 3288 806 3358 precibus
834 3290 1112 3355 exorabat,
1144 3300 1201 3345 tit
1231 3301 1610 3360 memoratum,
1666 3304 1814 3349 tanta
1844 3295 1947 3349 im-

337 3381 544 3451 pietate
602 3382 952 3447 maculatum,
1005 3386 1271 3441 sententia
1328 3388 1472 3457 justa
1529 3387 1940 3458 propellerent:

338 3489 500 3546 quem
533 3475 585 3529 in
638 3484 844 3530 tantum
896 3486 1160 3532 matrona!
1211 3478 1545 3549 diligebant,
1582 3490 1637 3534 ιιι
1669 3491 1946 3534 matrona-

336 3583 460 3624 rum
519 3568 878 3639 auriscalpius
928 3570 1228 3626 diceretur.
1281 3572 1457 3627 Voces
1499 3588 1631 3643 ergo
1674 3573 1847 3643 plebis
1876 3575 1944 3631 ad

342 3659 782 3715 Valentinianum
814 3671 941 3716 sunt
968 3662 1163 3717 delatas
1196 3665 1502 3735 principem
1533 3681 1548 3729 ;
1578 3667 1668 3736 qui
1699 3667 1937 3723 reditum

334 3753 611 3809 concessit
640 3754 941 3809 exsulibus.
968 3754 1120 3809 Tunc
1158 3755 1385 3812 Ursinus
1435 3772 1559 3812 cum
1607 3760 1861 3813 Amantio
1888 3768 1943 3815 et

334 3845 495 3912 Lupo
525 3846 844 3901 diaconibus
894 3863 1001 3901 xvtt
1034 3846 1142 3902 Ital.
1188 3847 1525 3914 Octobrium,
1582 3850 1845 3919 Lupicino
1886 3861 1943 3908 et

336 3938 536 3993 Jovino
559 3954 768 4004 conss.,
796 3939 863 3994 ad
886 3940 1087 3996 Urbem
1113 3941 1294 4006 rediit,
1321 3942 1407 3996 cui
1430 3942 1581 4011 plcbs
1603 3954 1787 3999 sancta
1813 3962 1937 4016 gra-

336 4040 529 4086 tanter
549 4034 804 4088 occurrit.
834 4033 939 4088 Sed
972 4036 1230 4090 Damasus
1258 4045 1528 4092 tantorum
1554 4038 1655 4093 sibi
1687 4043 1941 4096 conscius

336 4124 635 4190 scelerum,
668 4140 772 4179 non
812 4126 1069 4181 mediocri
1106 4128 1300 4183 timore
1343 4144 1662 4199 concussus,
1709 4132 1942 4188 redemit

334 4232 508 4272 omne
537 4217 809 4287 palatium,
844 4233 912 4274 ne
941 4218 1076 4275 facta
1127 4236 1222 4275 sua
1269 4223 1498 4292 principi
1550 4225 1935 4292 panderentur.

336 4309 639 4381 Imperator
708 4312 956 4368 nesciens
1008 4314 1135 4383 quid
1191 4314 1455 4369 Damasus
1530 4326 1934 4388 perpetrasset,

335 4406 575 4462 edictum
605 4417 883 4479 prorogat,
912 4417 972 4463 ttt
996 4408 1195 4466 Ursino
1240 4411 1435 4465 exsilio
1478 4412 1739 4481 relegato,
1786 4414 1933 4468 nulla

2048 3205 2200 3261 dram
2230 3220 2432 3276 ponere
2462 3218 2797 3275 aggressum.
2843 3220 2847 3225 ·

2119 3296 2285 3352 Vides
2318 3297 2508 3360 tertio,
2543 3295 2793 3351 eumdem
2817 3293 3090 3358 electum,
3123 3307 3187 3346 ac
3230 3289 3427 3346 deinde
3451 3304 3649 3347 conse-

2044 3398 2253 3444 oratum
2297 3388 2441 3443 nulla
2473 3387 2788 3454 interposita
2822 3401 2993 3440 mora.
3028 3384 3096 3439 At
3119 3399 3185 3439 ex
3217 3383 3319 3438 hoc
3342 3384 3460 3454 ipso
3488 3426 3502 3449 ,
3532 3392 3645 3438 tttut

2044 3482 2351 3542 electionis.
2368 3480 2789 3536 etordinationis
2804 3478 2988 3534 vitium
3014 3479 3185 3549 magis
3208 3488 3392 3549 aperte
3411 3487 3646 3544 constat,

2046 3586 2159 3632 tum
2193 3576 2369 3646 major
2400 3575 2584 3632 Ursini
2614 3576 2838 3629 ambitio
2865 3576 3064 3630 elucet.
3102 3575 3226 3630 Dies
3274 3574 3418 3629 enim
3463 3572 3641 3644 legiti-

2043 3687 2146 3726 ma:
2194 3670 2551 3727 ordinationis
2580 3670 2809 3724 cadebat
2835 3671 2886 3724 in
2914 3670 3143 3738 primum
3165 3668 3416 3723 Octobris
3443 3709 3458 3733 ,
3515 3683 3637 3738 quae

2042 3762 2311 3817 dominica
2339 3772 2457 3817 erat
2478 3760 2555 3831 (a)
2581 3778 2594 3827 ;
2620 3777 2779 3828 quam
2810 3772 2989 3816 tamen
3037 3760 3294 3815 factiosus
3319 3760 3412 3814 ille
3454 3759 3640 3814 diaco-

2044 3871 2143 3910 nus
2181 3864 2509 3926 prievertere
2532 3868 2696 3908 ausus
2736 3863 2837 3909 est.
2864 3853 3061 3908 Contra
3089 3866 3220 3907 vero
3249 3851 3461 3906 Damasi
3512 3865 3640 3919 erga

2043 3964 2231 4004 sacros
2254 3964 2492 4005 canones
2522 3948 2823 4004 reverentia
2851 3962 2973 4003 sese
2994 3946 3377 4014 commendat,
3400 3947 3492 4018 qui
3517 3954 3643 4017 post

2043 4052 2251 4109 septem
2282 4043 2349 4095 ab
2373 4042 2639 4096 electione
2666 4040 2783 4096 dies
2812 4039 3090 4094 ordinatus
3119 4050 3231 4102 est,
3268 4053 3447 4109 neque
3473 4038 3636 4105 clam,

2043 4146 2135 4189 aut
2167 4149 2265 4205 per
2288 4143 2553 4203 agrestem
2602 4132 2839 4202 aliquem
2869 4132 3184 4202 episcopum
3205 4174 3218 4195 ,
3252 4142 3307 4185 ut
3333 4131 3472 4185 alter
3495 4171 3511 4195 ,
3544 4130 3640 4186 sed

2044 4227 2095 4281 in
2126 4225 2477 4280 Laleranensi
2509 4225 2729 4281 basilica
2762 4241 2857 4295 pro
2888 4234 3113 4295 recepto
3140 4239 3313 4289 more,
3363 4222 3645 4279 ubianim-

2043 4318 2376 4373 advertimus
2405 4320 2658 4389 anonymi
2696 4316 2988 4386 transfugae
3025 4315 3647 4385 oscitantiam,quiscri-

2047 4412 2122 4465 bit
2162 4411 2450 4465 Damasum
2484 4411 2536 4465 in
2566 4410 2783 4465 Lucinis
2832 4411 3066 4466 electum
3130 4424 3194 4464 ac
3240 4416 3646 4464 consecratum.

338 4502 823 4572 ulteriuspopulos
849 4504 1132 4558 contentio
1163 4504 1394 4559 nefanda
1447 4505 1758 4561 collideret.
1792 4506 1942 4563 Tunc
1969 4490 2025 4552 Ῐ)
2119 4504 2426 4560 Observare
2464 4512 2659 4574 quarto
2699 4512 2891 4572 potes,
2925 4503 3066 4556 inter
3111 4510 3411 4555 sectatores
3459 4497 3643 4555 Ursini

337 4594 593 4662 Ursinus,
620 4598 704 4652 vir
730 4604 951 4653 sanctus
971 4607 1027 4654 et
1049 4598 1165 4653 sine
1193 4599 1443 4662 crimine,
1474 4600 1765 4655 consulens
1797 4601 1937 4669 plebi

333 4688 568 4743 tradidit
587 4707 644 4747 se
669 4692 923 4747 manibus
953 4692 1283 4762 iniquorum,
1314 4702 1368 4748 et
1397 4709 1489 4749 xw
1525 4692 1786 4750 kalendas
1833 4696 1937 4751 De-

332 4782 571 4837 cembris
618 4784 866 4852 jussione
909 4786 1259 4857 imperatoris
1304 4786 1370 4841 ad
1430 4787 1683 4842 exsilium
1740 4798 1935 4860 sponte

333 4878 670 4945 properavit.
718 4876 827 4931 Sed
879 4878 1113 4946 populus
1150 4878 1345 4933 timens
1402 4878 1613 4944 Deum,
1665 4882 1935 4952 nullisque

331 4969 809 5037 persecutionibus
855 4968 1132 5041 fatigatus.
1194 4986 1303 5026 non
1345 4972 1757 5041 imperatorem,
1820 4988 1931 5029 non

327 5058 592 5129 iudicem,
625 5077 727 5117 nec
755 5062 928 5133 ipsum
960 5071 1237 5120 auctorem
1268 5064 1558 5130 scelerum,
1613 5074 1670 5121 et
1711 5066 1935 5122 homici-

330 5150 458 5205 dam
484 5152 777 5209 Damasum
804 5154 1002 5212 timuit.
1037 5155 1129 5210 sed
1161 5172 1257 5224 per
1285 5157 1595 5212 cmmeteria
1640 5169 1934 5233 martyrum

329 5248 596 5302 stationes
615 5248 734 5303 sine
754 5248 969 5303 clericis
995 5249 1305 5304 celebrabat
1332 5268 1345 5302 :
1396 5250 1538 5306 unde
1567 5266 1687 5305 cum
1715 5254 1780 5305 ad
1812 5267 1939 5306 san-

327 5346 478 5394 ctam
510 5341 771 5409 Agnetem
816 5341 972 5395 multi
998 5341 1233 5396 lldelium
1258 5344 1664 5409 convenissent,
1696 5351 1937 5398 armatus

330 5446 459 5487 cum
480 5434 810 5489 satellitibus
864 5436 979 5490 suis
1008 5434 1271 5491 Damasus
1326 5437 1507 5499 irruit,
1558 5446 1612 5491 et
1669 5437 1934 5503 plurimos

330 5525 659 5580 vastationis
687 5541 801 5583 sua:
824 5537 1006 5599 strage
1050 5527 1264 5599 disiecit
1313 5544 1329 5581 :
1387 5528 1533 5600 quod
1562 5528 1763 5584 factum
1806 5542 1931 5583 cru-

330 5684 335 5697 .
409 5637 493 5783 In;
538 5638 666 5711 Pag.
696 5640 763 5696 ad
789 5642 1069 5697 ann.367.

430 5710 462 5762 b
533 5710 681 5781 Epsl.
710 5713 745 5767 9
779 5714 844 5768 ad
893 5712 1061 5770 Fabiu

430 5710 489 5779 b)
533 5710 681 5781 EpSt.
710 5713 745 5767 9
779 5714 844 5768 ad
893 5712 1155 5781 Fabium,
1186 5730 1335 5770 num.
1378 5712 1443 5780 ‘5,
1490 5711 1627 5785 apud
1656 5711 1938 5769 Constant.

2047 4606 2255 4668 septem
2287 4605 2493 4651 tantum
2519 4595 2797 4651 numerari
2828 4594 3198 4666 presbyteros,
3228 4607 3292 4648 ac
3323 4604 3432 4647 tres
3457 4590 3645 4645 diaco-

2046 4705 2165 4745 nos.
2194 4689 2356 4761 Atqui
2381 4704 2445 4745 ex
2477 4689 2732 4744 Cornelio
2759 4688 2958 4743 scimus
2984 4730 2999 4755 ,
3031 4698 3194 4758 atque
3223 4702 3289 4742 ex
3318 4687 3515 4757 Optato
3540 4684 3642 4758 (b),

2042 4782 2395 4853 quadraginta
2445 4782 2718 4838 exstitisse
2748 4782 2953 4846 titulos,
3002 4780 3118 4836 sive
3162 4780 3470 4848 Ecclesias,
3517 4796 3642 4836 cttm

2043 4876 2231 4932 Victor
2278 4876 2595 4932 Garbiensis
2628 4876 2854 4931 Romam
2911 4890 3010 4947 pro
3051 4875 3346 4931 Donatistis
3390 4876 3641 4932 accessit.

2043 4969 2250 5025 Eorum
2273 4970 2472 5025 deinde
2517 4984 2779 5024 numerus
2804 4980 3000 5024 auctus
3048 4970 3223 5024 fuerat
3248 4968 3348 5024 sub
3385 4967 3644 5023 Romanis

2042 5064 2312 5133 episc0pis
2373 5062 2610 5117 Cornelii
2648 5062 3099 5126 successoribus;
3158 5076 3281 5115 nam
3341 5059 3429 5114 vix
3486 5055 3644 5112 annis

2041 5156 2431 5228 quinquaginta
2459 5171 2488 5209 a
2516 5156 2729 5211 Damasi
2752 5155 3024 5210 electione
3044 5154 3247 5223 elapsis
3266 5194 3278 5218 ,
3303 5150 3637 5220 septuaginta

2043 5258 2399 5306 recensentur
2441 5249 2784 5322 presbyteri,
2838 5248 2929 5319 qui
2986 5247 3195 5303 Eulalio
3248 5244 3492 5310 rejecto,
3548 5238 3640 5296 uni

2042 5343 2322 5399 Bonifacio
2343 5342 2618 5413 sulfragati
2642 5344 2854 5398 fuerant
2869 5340 2963 5412 (ε).
2978 5338 3116 5408 Quid
3131 5346 3253 5391 sunt
3275 5332 3637 5404 igiturdecetu

2041 5436 2230 5491 insana
2251 5435 2383 5491 cleri
2409 5438 2619 5504 capita,
2663 5449 2784 5503 quae
2832 5448 2929 5504 pro
2957 5431 3155 5487 Ursino
3196 5434 3502 5491 steterant,
3546 5426 3643 5481 ha-

2038 5528 2149 5584 bita
2174 5530 2387 5584 ratione
2418 5541 2699 5583 sacrorum
2728 5526 2970 5581 omnium
3002 5522 3375 5580 ministrorum
3394 5564 3410 5589 ,
3439 5522 3530 5595 qui
3560 5531 3640 5577 tot

2039 5642 2226 5715 Optat.
2244 5641 2349 5715 lib.
2375 5641 2418 5696 ll
2436 5682 2452 5708 ,
2475 5656 2621 5696 num.
2653 5640 2709 5715 ᾇ.

2130 5714 2203 5785 (c)
2242 5713 2476 5781 Baron.,~
2508 5711 2768 5769 ann.4l9.
