4150 6176
484 183 586 244 H3

1645 188 1962 249 SANCTUS
2005 184 2331 252 DANASUS
2374 190 2545 250 PAPA
2558 233 2572 250 .

3674 200 3776 260 fit

482 298 534 355 in
562 298 825 359 Eccleslis
867 303 1163 361 necessarii
1200 312 1397 371 erant,
1447 316 1508 359 ac
1540 319 1638 375 pro
1686 305 1916 361 Damaso
1963 304 2075 360 suf-
2098 304 2450 375 ASiclnlana
2502 316 2875 379 perpetratam
2935 306 3214 375 scribunt;
3267 310 3621 381 quamobrem
3678 315 3779 370 viri

481 394 713 465 fragium
746 397 1031 454 tulerant?

554 487 707 544 Nunc
728 498 786 545 ut
805 490 871 545 ad
896 488 1200 545 institutum
1228 489 1412 546 redeat
1433 505 1615 547 sermo
1632 534 1647 556 ,
1673 491 1745 547 ob
1769 492 2080 549 schismatis

486 580 652 651 hujus
676 596 895 637 causam
920 580 1341 645 interfectiones
1375 584 1537 638 tertio
1561 583 1787 639 iteratas
1810 590 2082 640 memorat

486 672 590 730 hoc
629 674 917 742 scriptum.
964 672 1147 729 Primo
1180 674 1233 730 in
1283 673 1504 730 basilica
1557 674 1715 741 Julii,
1769 686 1932 747 atque
1962 676 2081 735 htec

486 767 635 836 prior
665 766 805 820 intra
836 765 981 834 ipsos
1032 775 1241 837 septem
1291 767 1579 824 electionis
1625 777 1682 824 et
1718 772 2082 825 censecratio-

488 858 571 912 nis
599 857 715 913 dies
738 866 1047 929 perpetrata
1100 868 1205 915 est.
1254 859 1524 927 aneritur
1555 878 1803 931 quaenam
1857 864 1927 918 sit
1951 864 2082 920 Julii

488 947 709 1004 basilica
737 991 752 1015 ,
780 948 833 1003 in
873 965 976 1019 qua
1000 948 1229 1007 Ursinus
1254 954 1601 1009 tumultuarie
1632 953 1838 1010 electus
1871 966 1927 1011 ει
1950 971 2084 1011 con-

488 1053 729 1099 secratus
749 1052 834 1099 est
858 1085 875 1108 ,
904 1058 966 1099 ac
993 1044 1171 1099 cades
1197 1046 1391 1101 deinde
1421 1046 1582 1102 facta.
1616 1047 1753 1105 Sunt
1794 1051 1883 1119 qui
1932 1049 2080 1106 illam

488 1133 757 1189 collocant
784 1134 835 1189 in
861 1134 1198 1191 Patriarchio
1220 1136 1571 1196 Lateranensi
1598 1181 1612 1205 ,
1663 1150 1830 1211 atque
1854 1140 2087 1199 aﬂ'erunt

493 1226 701 1298 aliquot
726 1243 793 1284 ex
817 1228 1107 1285 Anastasio
1135 1228 1309 1297 locos,
1335 1232 1530 1300 quibus
1558 1232 1607 1286 id
1634 1232 1839 1289 adstrni
1869 1243 2082 1305 putant.

498 1321 580 1377 Me
613 1332 789 1377 tamen
827 1321 1048 1378 dubium
1082 1333 1226 1380 tenet
1272 1325 1543 1382 Liberiani
1573 1325 1818 1399 Catalogi
1845 1329 2085 1383 auctori-

502 1426 604 1482 tas,
622 1415 672 1470 in
696 1430 802 1486 quo
817 1416 982 1471 habes
994 1417 1196 1473 Julium
1210 1420 1446 1489 quinque
1468 1422 1800 1478 exstruxisse
1814 1423 2086 1490 basilicas,

497 1516 608 1562 tres
636 1523 829 1578 nempe
851 1519 1004 1563 extra
1029 1510 1215 1565 urbem
1236 1552 1249 1576 ,
1280 1511 1420 1564 intra
1455 1513 1642 1567 urbem
1670 1513 1835 1579 duas,
1863 1529 2089 1584 quarum

496 1599 721 1656 alteram
749 1600 946 1659 Juliam
971 1603 1291 1673 simpliciter
1325 1616 1631 1675 nuncupat,
1662 1616 1716 1661 et
1747 1607 1799 1662 in
1829 1623 1903 1664 vn
1924 1609 2092 1681 regio-

2182 400 2423 455 nonnulli
2453 399 2595 456 docti
2620 400 2748 457 hinc
2773 402 3067 473 colligunt,
3096 402 3426 458 Sicinianam
3454 419 3518 461 ac
3536 404 3783 462 Liberia-

2181 508 2306 548 nam
2334 506 2493 548 unam
2525 493 2881 567 eamdemque
2906 510 3027 551 esse
3050 497 3332 552 basilicam
3361 539 3375 563 ,
3408 512 3567 555 secus
3591 515 3654 556 ac
3687 502 3783 558 alii

2181 596 2439 647 censent.
2472 585 2915 657 quiSicinianam
2961 588 3102 643 intra
3149 597 3301 659 septa
3353 593 3670 648 monasterii
3720 594 3778 649 S.

2183 678 2401 733 Antonii
2431 687 2693 734 statuunt.
2725 680 2797 733 At
2833 679 2993 733 aliam
3019 695 3141 735 esse
3166 681 3372 735 eadem
3398 723 3413 748 ,
3447 699 3568 753 qua:
3598 684 3650 739 in
3700 686 3785 742 Si-

2183 768 2396 824 ciniana
2425 810 2440 834 ,
2502 769 2661 825 aliam
2713 785 2835 839 qua:
2878 770 2929 825 in
2999 770 3282 827 Liberiana
3331 774 3549 829 basilica
3596 791 3787 848 perpe—

2185 868 2319 914 trata
2352 870 2474 927 est,
2521 860 2674 916 facile
2698 861 2963 931 intelliget
2986 903 3002 928 ,
3029 862 3119 932 qui
3150 863 3445 919 adverterit
3472 865 3633 921 aliam
3687 869 3788 923 Ur-

2185 954 2307 1010 sino
2358 966 2622 1024 prmsente
2672 962 2729 1010 et
2770 970 2962 1026 agmen
3016 954 3366 1013 factiosorum
3410 958 3675 1027 ducente,
3728 972 3787 1018 ut

2187 1046 2413 1101 Rufinus
2440 1057 2495 1101 et
2527 1047 2887 1120 Hieronymus
2930 1049 3210 1116 scribunt,
3239 1048 3398 1105 aliam
3427 1066 3553 1106 vero
3587 1053 3785 1109 Ursino

2183 1138 2294 1207 jam
2324 1138 2567 1205 absente,
2587 1149 2643 1195 et
2682 1140 2734 1194 in
2760 1139 3010 1195 exsilium
3037 1151 3185 1195 trusn
3205 1184 3220 1208 ,
3245 1144 3554 1213 contigisse.
3583 1144 3785 1214 Quam-

2187 1232 2373 1288 obrem
2426 1234 2470 1288 si
2531 1233 2598 1288 de
2629 1232 2861 1303 duplici,
2914 1248 3089 1304 eaque
3136 1233 3352 1291 diversa
3394 1237 3541 1291 caede
3568 1240 3780 1307 agitur,

2192 1328 2323 1383 nihil
2356 1328 2579 1395 impedit
2600 1330 2888 1399 quominus
2911 1328 3073 1383 aliam
3099 1330 3149 1383 in
3181 1330 3474 1395 Siciniana,
3503 1331 3661 1386 aliam
3691 1348 3785 1389 ve-

2190 1436 2251 1477 ro
2279 1421 2330 1474 in
2388 1422 2667 1477 Liberiana
2721 1424 2964 1491 proxima
3022 1421 3241 1477 basilica
3296 1432 3660 1494 pcrpetratam
3705 1425 3788 1482 di«

2191 1528 2397 1569 camus.

2265 1604 2444 1661 Tertia
2492 1604 2729 1675 denique
2772 1606 2863 1662 illa
2887 1615 3012 1672 est,
3074 1622 3235 1678 quam
3275 1608 3392 1664 fieri
3445 1608 3669 1679 contigit
3721 1607 3788 1664 ad

498 1710 561 1748 ne
582 1694 831 1763 collocat,
863 1696 1016 1767 juxta
1040 1696 1254 1767 Trajani
1284 1698 1456 1754 forum
1482 1740 1499 1767 ,
1526 1701 1751 1756 alteram
1786 1718 1911 1758 vero
1937 1706 1989 1758 in
2012 1719 2093 1757 re-
2120 1715 2170 1776 Β
2196 1707 2398 1753 sanetm
2419 1695 2643 1769 Agnetis
2668 1690 2827 1754 extra
2847 1714 3053 1765 muros,
3079 1714 3185 1769 quo
3212 1701 3574 1757 schismaticis
3593 1716 3791 1756 conve-

496 1788 647 1858 gione
703 1804 828 1855 xiv,
880 1800 1026 1844 trans
1074 1789 1337 1856 Tiberim,
1385 1792 1539 1860 juxta
1590 1793 1885 1851 Callistum.
1937 1796 2093 1864 Quod

496 1878 659 1936 etiam
689 1880 883 1950 legitur
904 1880 955 1935 in
989 1882 1258 1938 breviario
1287 1883 1591 1940 Liberianae
1616 1885 1871 1942 basilicas.
1902 1888 1973 1944 At
2002 1904 2095 1945 nec

501 1989 606 2043 que
636 1972 1002 2030 Lateranense
1032 1976 1415 2044 patriarchinm
1446 1979 1498 2033 in
1529 1980 1748 2050 regione
1778 1997 1885 2050 vn,
1918 1996 2094 2051 neque

494 2064 645 2133 juxta
678 2064 894 2135 Trajani
936 2065 1144 2122 forum:
1181 2070 1532 2138 quamobrem
1558 2070 1673 2126 haec
1700 2071 1823 2127 Julii
1872 2073 2095 2130 basilica

501 2155 631 2213 alibi
658 2157 951 2228 quaerenda
973 2167 1058 2213 est
1082 2198 1097 2225 ,
1147 2175 1471 2230 quamquam
1483 2162 1732 2233 ;,facilius
1762 2166 1833 2220 sit
1861 2167 1912 2220 in
1945 2176 2096 2222 tanta

501 2266 683 2306 rerum
739 2266 801 2307 ac
854 2262 1160 2322 temporum
1220 2254 1556 2312 obscuritate
1607 2258 1691 2314 ubi
1743 2274 1848 2314 non
1896 2259 2093 2327 fuerit,

503 2358 665 2412 quam
699 2344 787 2400 ubi
821 2345 990 2414 posita
1021 2345 1181 2401 fuerit
1207 2348 1515 2404 ostendere.
1544 2350 1765 2406 Minime
1793 2360 1973 2408 tamen
2002 2369 2099 2409 ne-

503 2441 925 2511 gaverim,quia
978 2441 1356 2498 Lateranensis
1409 2444 1713 2513 patriarchii
1742 2460 1869 2516 pars
1920 2449 2095 2518 aliqua

501 2530 700 2596 fuerit,
752 2547 875 2601 qua:
903 2531 1050 2586 Julia
1095 2534 1482 2604 appellaretur.
1536 2534 1607 2591 At
1656 2537 1923 2592 incertum
1975 2547 2095 2605 est,

504 2640 573 2680 an
593 2624 709 2680 haec
730 2641 757 2678 a
786 2624 928 2681 Julio
950 2670 964 2694 ,
1000 2641 1068 2682 an
1096 2642 1124 2682 a
1153 2626 1293 2682 Julia
1324 2642 1519 2682 nomen
1546 2630 1773 2684 traxerit
1797 2670 1811 2695 ,
1836 2644 1960 2687 cum
1989 2631 2099 2687 lec-

507 2720 582 2774 tio
606 2718 754 2773 varia
774 2722 879 2786 sit,
908 2730 961 2774 et
988 2720 1150 2775 modo
1174 2719 1303 2775 Julii
1330 2761 1345 2787 ,
1377 2720 1712 2791 frequentius
1744 2724 1904 2779 etiam
1935 2723 2099 2779 Julia

506 2811 765 2878 scriptum
811 2812 1060 2868 viderim.
1110 2812 1260 2868 Hanc
1302 2827 1431 2867 vero
1481 2814 1771 2870 lectionem
1828 2814 2098 2873 veriorem

508 2918 629 2959 esse
657 2902 877 2973 probat,
907 2903 960 2959 ni
984 2904 1139 2960 fallor
1159 2944 1173 2968 ,
1205 2906 1523 2960 Anastasius
1555 2908 1668 2977 ipse
1692 2906 1743 2962 in
1770 2906 1963 2977 Sergio
1985 2910 2101 2979 pri—

512 3011 603 3052 mo
625 3038 642 3063 ,
668 3013 790 3053 cum
836 3013 953 3053 eam
998 2998 1380 3054 Lateranensis
1413 2998 1719 3069 patriarchii
1754 3009 1979 3069 partem,
2011 3000 2101 3056 ba-

506 3090 706 3145 silicam
746 3090 931 3145 domus
957 3090 1119 3145 Inlita
1168 3101 1458 3162 nuncupat.
1488 3092 1623 3149 Hinc
1654 3093 1802 3151 enim
1823 3133 1841 3161 ,
1890 3103 1982 3149 aut
2031 3095 2100 3149 ab
2129 3112 2174 3182 ρ

508 3182 686 3252 aliqua
715 3184 913 3238 illustri
939 3183 1097 3253 hujus
1127 3185 1360 3238 nominis
1406 3184 1607 3240 femina
1629 3226 1643 3251 ,
1674 3196 1765 3241 aut
1795 3204 1822 3241 a
1849 3186 1992 3241 Julia
2024 3186 2103 3243 fa—

510 3277 678 3344 milia,
734 3278 912 3347 potius
938 3293 1098 3349 quam
1127 3294 1157 3334 a
1188 3278 1333 3336 Julio
1365 3280 1620 3349 pontifice
1647 3282 1726 3337 sic
1752 3281 1951 3339 dictam
1978 3297 2101 3337 cre-

508 3370 762 3426 diderim.
802 3372 877 3426 Ex
904 3369 1212 3441 Capitolino
1230 3374 1373 3429 enim
1397 3374 1655 3431 discimus
1674 3416 1689 3442 ,
1720 3375 1789 3431 Μ.
1823 3376 2103 3433 Aurelium

511 3470 695 3517 natum
730 3462 781 3518 in
813 3461 985 3519 Caelio
1006 3476 1221 3534 monte,
1256 3466 1648 3537 educatumque
1678 3468 1844 3524 fuisse
1871 3469 1923 3524 in
1951 3470 2107 3525 domo

510 3557 591 3610 avi
620 3557 701 3612 sui
757 3554 871 3611 Veri
908 3558 1068 3625 juxta
1093 3558 1230 3613 cedes
1256 3558 1527 3628 Laterani;
1558 3561 1675 3617 fieri
1705 3562 1882 3633 itaque
1907 3571 2104 3633 potest,

515 3657 574 3703 ut
598 3647 664 3704 ad
695 3647 893 3705 Juliam
914 3649 1103 3705 Nervae
1133 3652 1314 3717 filiam,
1342 3667 1485 3723 quae,
1516 3663 1569 3706 ut
1594 3652 1870 3710 Harduino
1893 3654 1972 3725 (α)
1997 3655 2108 3724 pla-

512 3744 659 3809 cuit,
701 3741 831 3797 Vero
872 3745 1093 3815 nupsit,
1150 3746 1449 3816 pertineret
1478 3756 1670 3815 antea,
1702 3746 1987 3803 autetiam
2040 3748 2109 3803 ab

512 3835 602 3890 illa
634 3845 907 3891 exstructa
938 3846 1105 3901 esset,
1130 3836 1327 3894 deinde
1355 3853 1485 3892 vero
1512 3846 1633 3906 post
1653 3838 1791 3893 alios
1814 3838 2107 3907 imperato-

521 3944 631 3995 res,
668 3930 734 3983 ad
770 3928 966 3983 Juliam
1007 3928 1243 3983 Flaviani
1286 3929 1624 3983 Constantini
1659 3927 1822 3983 filiam
1850 3942 2109 3998 pervene-

514 4024 585 4076 rit
604 4036 667 4076 ac
680 4021 1134 4077 Lateranensibus
1161 4021 1367 4077 milibus
1398 4030 1523 4076 tunc
1545 4022 1830 4093 conjuncta
1849 4061 1865 4087 ,
1892 4021 1993 4079 hoc
2015 4038 2110 4077 no-

517 4132 640 4173 men
709 4115 1030 4181 retinuerit;
1082 4123 1339 4172 caeterum
1385 4130 1508 4171 cum
1572 4130 1660 4170 res
1722 4114 2050 4184 conjecturis
2088 4154 2105 4183 ,

515 4209 695 4278 iisque
720 4209 943 4265 incertis
964 4218 1175 4279 agatur,
1190 4223 1285 4264 sua
1316 4209 1510 4277 cuique
1538 4208 1724 4277 Opinio
1748 4222 1849 4279 pro
1881 4208 1997 4278 lege
2017 4208 2108 4265 sit.

583 4300 765 4358 Altera
790 4302 988 4357 deinde
1018 4301 1197 4357 caedes
1222 4342 1237 4367 ,
1268 4315 1444 4371 eaque
1483 4301 1701 4369 gravior
1733 4315 1839 4356 non
1866 4300 1958 4355 diu
1985 4308 2113 4371 post

513 4393 741 4465 primam
777 4396 829 4449 in
858 4393 1141 4450 Liberiana
1174 4394 1392 4450 basilica
1441 4395 1690 4465 contigit.
1726 4393 1928 4455 Ursino
1964 4396 2109 4454 enim

2197 1791 2377 1847 niendi
2409 1808 2524 1847 mus
2545 1791 2743 1849 fuerat.
2759 1793 2829 1849 At
2848 1793 2965 1849 haec
2992 1793 3057 1848 ad
3085 1810 3283 1850 annum
3323 1806 3639 1866 sequentem
3672 1812 3792 1867 per-

2196 1885 2329 1939 tinet
2353 1926 2366 1949 ,
2395 1892 2556 1955 atque
2584 1885 2675 1940 illa
2712 1885 2829 1955 ipsa
2857 1896 2960 1953 est,
2989 1887 3145 1955 cujus
3179 1889 3541 1959 cognitionem
3568 1904 3598 1943 a
3622 1888 3791 1944 Maxio

2198 1977 2344 2030 mino
2372 1991 2600 2032 annona:
2652 1977 2905 2045 praefecto
2957 1978 3260 2034 institutam
3303 1979 3525 2036 Ruﬁnus
3555 1981 3648 2035 ait.
3688 1981 3792 2034 lla-

2195 2084 2314 2125 rum
2344 2084 2471 2124 vero
2492 2068 2928 2125 interiectionum
2948 2112 2962 2135 ,
2986 2085 3049 2126 ac
3076 2071 3301 2128 caedium
3322 2113 3338 2138 ,
3395 2088 3631 2143 nuperos
3683 2073 3792 2126 lio-

2200 2175 2480 2215 mauorum
2510 2160 2824 2232 pontificum
2855 2161 3099 2219 historia:
3124 2164 3529 2219 consarcinator
3553 2206 3569 2230 ,
3603 2164 3793 2219 Dama-

2198 2268 2316 2309 Sum
2364 2268 2516 2308 reum
2543 2255 2690 2324 agit,
2746 2269 2848 2309 una
2880 2264 3088 2311 tantum
3129 2256 3372 2313 Faustini
3412 2274 3477 2315 ac
3498 2257 3791 2315 Marcellini

2198 2345 2519 2401 auctoritate
2573 2347 2831 2416 innixus,
2891 2363 3049 2418 quam
3101 2350 3231 2403 tanti
3283 2347 3451 2415 facit,
3511 2358 3571 2406 ut
3616 2348 3794 2405 allatis

2199 2437 2450 2493 omnibus
2476 2454 2571 2508 pro
2598 2438 2830 2496 Damaso
2860 2441 3186 2497 testimoniis
3236 2440 3510 2511 praeferat.
3546 2443 3615 2498 At
3664 2441 3794 2511 quid

2201 2543 2488 2601 chpet‘tes
2509 2532 2576 2587 ab
2605 2533 2697 2589 illo
2730 2534 3005 2589 hominum
3031 2549 3253 2603 genere,
3282 2535 3477 2605 quibus
3517 2548 3628 2605 pra:
3649 2534 3794 2591 veri.

2203 2633 2339 2690 tate,
2376 2625 2643 2681 calumnia
2677 2628 2851 2697 potior
2878 2640 3001 2683 esse
3027 2627 3167 2681 solet
3207 2635 3265 2682 et
3288 2626 3485 2682 debet?

2275 2718 2362 2772 IV.
2397 2719 2549 2773 Nunc
2574 2727 2632 2773 ut
2653 2734 2739 2775 res
2762 2719 3148 2785 concludamus
3176 2734 3296 2789 qua:
3320 2734 3463 2774 anno
3481 2719 3586 2775 566
3613 2729 3669 2775 et
3687 2719 3795 2776 367

2203 2821 2369 2883 gesta:
2413 2820 2557 2876 sunt,
2603 2822 2657 2867 et
2696 2813 2761 2867 ad
2790 2812 3131 2869 Ursinianum
3161 2811 3397 2868 schisma
3423 2813 3655 2868 attinent
3686 2829 3699 2865 τ
3726 2827 3797 2868 ex

2206 2904 2290 2958 his
2336 2912 2551 2961 constat
2582 2904 2835 2961 Ursinum
2878 2904 3109 2958 schisma
3133 2902 3436 2960 conflasse:
3465 2914 3577 2959 tum
3599 2904 3799 2960 deinde

2205 2997 2353 3053 velut
2391 2996 2508 3067 ejus
2530 2996 2871 3067 cmdiumque
2895 2996 3019 3053 inde
3047 3004 3462 3051 consecutarum
3491 3005 3799 3064 auctorem,

2204 3102 2367 3143 causa
2414 3089 2563 3156 prius
2596 3088 2840 3157 cognita,
2884 3102 2947 3144 ac
2988 3089 3346 3155 praesentibus
3385 3098 3441 3143 et
3488 3088 3800 3143 instantibus

2209 3180 2448 3249 partibus
2475 3189 2807 3248 concertata,
2841 3190 2898 3235 nt
2922 3180 3242 3237 Ammianus
3270 3181 3453 3236 verbis
3471 3180 3579 3237 illis
3602 3196 3631 3236 a
3658 3181 3799 3237 Foro

2205 3271 2454 3327 deductis
2485 3272 2717 3338 indicat,
2750 3289 2875 3328 cum
2922 3274 3088 3328 sociis
3113 3274 3320 3343 aliquot
3370 3274 3701 3347 presbyteris
3744 3285 3801 3331 et

2205 3365 2548 3431 diaconibus,
2575 3366 2633 3423 in
2660 3366 2855 3423 exsilio
2881 3365 3095 3435 pulsum
3121 3384 3149 3420 a
3176 3366 3429 3423 Juventio
3449 3366 3507 3423 P.
3532 3366 3619 3430 U.,
3638 3382 3798 3438 quem

2208 3460 2371 3516 virum
2413 3460 2669 3530 integrum
2718 3470 2763 3514 et
2812 3462 3112 3530 prudentem
3146 3476 3270 3515 cum
3313 3460 3452 3516 idem
3487 3461 3802 3517 Ammianus

2208 3560 2387 3617 vocet,
2440 3553 2820 3608 schismaticus
2856 3552 2943 3607 hic
2980 3552 3255 3624 falsusque
3283 3555 3518 3624 scriptor
3539 3569 3671 3609 auro
3700 3554 3802 3611 Das

2211 3647 2346 3709 masi
2374 3645 2572 3702 frustra
2600 3656 2915 3714 corruptum
2944 3646 3195 3702 blaterat.

2284 3739 2481 3796 Ursino
2513 3739 2694 3808 itaque
2738 3755 2860 3795 cum
2890 3740 3054 3796 sociis
3078 3740 3145 3795 ab
3170 3739 3317 3796 Urbe
3340 3740 3535 3811 ejecto,
3566 3740 3805 3797 schisma

2212 3831 2279 3887 ab
2302 3846 2368 3887 eo
2388 3831 2702 3897 conflatum,
2733 3834 3061 3888 exstinctum
3092 3832 3262 3891 videri
3285 3842 3520 3902 poterat,
3550 3844 3715 3904 atque
3734 3834 3808 3889 ob

2212 3940 2330 3983 eam
2377 3925 2517 3982 forte
2562 3941 2782 3983 causam
2829 3926 3066 3997 Prosper
3109 3928 3162 3983 in
3208 3926 3479 3984 Chronico
3508 3944 3538 3984 a
3587 3929 3809 3983 (lanisio

2211 4019 2359 4077 edito
2410 4019 2485 4091 (ι)
2535 4021 2792 4075 mensibus
2825 4037 2916 4077 sex
2964 4020 3244 4077 duravisse
3292 4020 3531 4091 scripsit.
3579 4023 3649 4076 At
3683 4035 3807 4076 eum

2212 4115 2438 4175 abiisset
2469 4130 2497 4169 a
2538 4116 2856 4185 praefectura
2896 4114 3183 4171 Juventius
3209 4114 3352 4170 circa
3381 4114 3578 4170 Maium
3600 4125 3689 4169 aut
3711 4114 3810 4170 Jun

2215 4208 2360 4264 nium
2393 4208 2521 4265 anni
2550 4208 2680 4274 367,
2712 4211 2870 4278 eique
2905 4208 3229 4278 subrogatus
3255 4218 3401 4263 esset
3422 4207 3806 4274 Praetextatus,

2215 4310 2272 4355 ut
2303 4300 2472 4369 liquet
2497 4314 2563 4359 ex
2590 4300 2713 4367 lege
2742 4300 2877 4356 Cod.
2901 4299 3111 4355 Theod.
3143 4300 3207 4353 de
3229 4298 3434 4371 Jngrat.
3458 4297 3657 4364 Liben,
3682 4298 3811 4355 data

2215 4409 2304 4450 xtv
2326 4392 2543 4450 kalend.
2585 4394 2942 4461 Septembris,
2962 4404 3125 4465 atque
3144 4395 3230 4449 hic
3250 4395 3623 4464 magistratum
3650 4410 3811 4450 suum

515 4490 568 4543 in
596 4489 845 4547 exsilium
868 4490 1042 4557 pulso,
1072 4488 1361 4561 quominus
1392 4489 1750 4560 tranquillitas
1770 4498 1825 4545 et
1853 4490 2007 4558 quies
2036 4489 2119 4543 in-
2144 4481 2196 4547 ι)
2221 4487 2447 4555 optime,
2492 4494 2552 4541 ut
2606 4486 2707 4543 sibi
2757 4485 3064 4551 videbatur,
3105 4486 3503 4555 suspicaturus,
3551 4485 3810 4543 Ursinum

514 4590 663 4652 tegra
698 4584 1103 4649 restitueretur,
1130 4582 1417 4638 obstabant
1447 4582 1690 4637 nonnulli
1728 4596 1795 4636 ex
1823 4580 1942 4650 ejus
1992 4595 2111 4650 par-

518 4675 662 4731 tibus
707 4686 867 4746 atque
918 4692 986 4731 ex
1014 4677 1130 4747 ipso
1152 4676 1298 4731 clero
1322 4691 1338 4739 ;
1366 4690 1502 4744 quos
1533 4676 1671 4730 forte
1688 4675 1861 4744 jnrgia
1891 4674 2076 4731 fovere
2096 4715 2111 4741 ,

516 4781 581 4821 ac
609 4768 977 4823 contentionis
1008 4769 1190 4824 funem
1229 4767 1428 4823 ducere
1459 4772 1735 4822 intererat.
1782 4766 1919 4823 Cum
1952 4769 2113 4838 igitur

517 4857 591 4913 illi
619 4873 832 4929 quoque
856 4859 946 4915 die
984 4860 1055 4916 ει
1081 4861 1330 4918 Uctobris
1369 4859 1523 4929 jussu
1552 4860 1792 4927 praefecti
1824 4858 1986 4919 Urbis
2014 4859 2112 4915 Ju-

518 4954 684 5009 ventii
718 4954 769 5008 in
797 4953 1045 5011 exsilium
1078 4953 1429 5020 ducerentur,
1453 4953 1683 5024 populus
1704 4954 1789 5011 cui
1820 4964 2107 5025 praeerant,

516 5064 613 5105 eos
640 5049 687 5105 vi
723 5048 902 5118 rapuit
925 5063 990 5105 ex
1034 5046 1263 5103 militum
1292 5048 1541 5104 manibus
1568 5089 1583 5114 ,
1640 5048 1901 5119 duxitque
1925 5047 1991 5104 ad
2023 5047 2108 5105 Li-

520 5142 799 5198 berianam
820 5139 1128 5202 basilicam.
1160 5156 1279 5209 qua:
1309 5141 1654 5195 factiosorum
1673 5144 2114 5199 concurrentium

522 5234 645 5289 hinc
677 5233 803 5290 inde
824 5244 986 5303 atque
1014 5232 1430 5299 irrumpentium
1479 5234 1740 5301 sanguine
1786 5232 1981 5291 foedata
2010 5244 2114 5290 est.

520 5328 691 5398 Hujus
723 5331 776 5385 in
808 5327 1093 5384 Liberiana
1121 5325 1339 5383 basilica
1390 5324 1589 5391 caedis,
1622 5326 1767 5383 nulla
1797 5326 1936 5394 apud
1983 5327 2118 5385 Atu—

522 5420 763 5475 mianum
789 5462 805 5486 ,
861 5419 1116 5476 Ruﬁnum
1166 5432 1230 5475 ac
1255 5417 1645 5489 Hieronymum
1678 5416 1883 5475 mentio
1910 5458 1926 5483 ,
1977 5417 2122 5487 apud

522 5509 944 5571 Schismaticum
996 5521 1185 5568 contra
1236 5510 1426 5578 nulla,
1480 5509 1705 5567 alterius
1756 5525 1917 5581 quam
1966 5510 2044 5569 illi
2069 5512 2122 5567 in

614 5629 689 5701 (ιι)
723 5629 929 5702 llistor.
964 5631 1101 5702 Aug.
1128 5675 1142 5696 ,
1176 5645 1296 5702 pag.
1330 5628 1455 5685 776.
1482 5626 1649 5700 Oper.
1677 5625 1875 5691 Select.

604 5699 681 5775 (ι)
722 5699 854 5755 Tom
885 5701 923 5764 I,
947 5699 1075 5756 edit}
1101 5699 1262 5756 Baan

2216 4579 2444 4649 ejusque
2480 4580 2661 4635 socios
2691 4580 2886 4635 exsilio
2914 4579 3049 4637 solvi
3086 4590 3140 4635 et
3164 4578 3296 4637 Urbi
3323 4580 3534 4636 restitui
3555 4596 3585 4637 a
3613 4579 3812 4638 Valen-

2218 4674 2422 4731 tiniano
2472 4674 2818 4739 obtinuisset,
2854 4673 3062 4731 factiosi
3091 4673 3319 4733 Romam
3351 4675 3549 4731 iterum
3582 4676 3811 4745 ingressi

2217 4777 2344 4823 sunt
2380 4766 2469 4822 die
2513 4766 2582 4825 f5
2610 4767 2967 4836 Septembris.
2996 4767 3241 4827 Edictum
3271 4768 3533 4825 Baronius
3573 4767 3648 4841 (c)
3669 4769 3813 4823 reci-

2221 4868 2299 4914 tat
2345 4859 2636 4917 Praetextat
2665 4861 2928 4917 omissum
2960 4876 3067 4929 quo
3092 4859 3501 4917 Valentinianus
3536 4861 3814 4919 exsulibus

2217 4952 2283 5008 ad
2308 4951 2506 5010 Urbem
2531 4952 2793 5010 redeundi
2820 4953 3030 5010 veniam
3056 4951 3216 5019 facit;
3248 4961 3410 5023 atque
3433 4952 3586 5017 illud,
3605 4968 3669 5009 ea
3691 4969 3815 5022 que

2217 5045 2417 5102 deinde
2471 5055 2761 5102 consecuta
2802 5057 2923 5103 sunt
2953 5087 2968 5111 ,
3011 5046 3153 5102 circa
3198 5045 3399 5103 Julium
3428 5089 3443 5113 ,
3486 5054 3580 5123 aut
3626 5046 3816 5116 Angu-

2219 5146 2363 5199 stum
2394 5151 2661 5202 mensem,
2685 5136 2868 5193 datutn
2903 5136 3069 5193 fuisse
3086 5136 3338 5203 probant.
3363 5136 3495 5193 Nam
3521 5136 3817 5194 turbulenti

2222 5232 2304 5287 vir
2337 5229 2573 5299 ingenii,
2620 5240 2743 5298 post
2771 5229 2907 5285 duos
2941 5231 3160 5300 elapsos
3196 5246 3227 5288 a
3261 5229 3435 5285 reditu
3467 5244 3703 5294 menses,
3727 5229 3819 5286 die

2223 5321 2434 5379 scilicet
2452 5320 2871 5386 l9Novembris,
2904 5322 3012 5381 alio
3045 5321 3409 5380 Valentiniani
3426 5321 3822 5378 edictoiternm

2225 5415 2475 5481 exsulare
2488 5425 2711 5473 coactus
2726 5424 2895 5482 est,ut
2910 5433 2979 5473 ex
2993 5416 3097 5473 hoc
3114 5416 3317 5485 scripto
3332 5414 3822 5473 discimus.Veram

2226 5526 2445 5571 causam
2469 5512 2686 5571 silentio
2716 5513 2960 5584 praeterit
2977 5511 3101 5587 ejus
3112 5519 3323 5578 auctor,
3342 5526 3407 5572 ac
3429 5527 3527 5582 pro
3544 5526 3696 5569 more
3719 5524 3821 5568 suo

2300 5628 2377 5704 (c)
2418 5632 2559 5693 Ann.
2595 5629 2723 5695 368,
2755 5644 2899 5685 num.
2928 5626 2984 5691 4.
