4150 6176
388 252 490 309 £25

378 459 554 517 fuisse
605 458 954 529 impudenter
984 457 1195 513 scrihit.
1232 458 1300 512 At
1354 471 1476 528 quae
1508 472 1631 514 vera
1660 472 1723 514 ac
1760 460 1992 528 genuina

380 551 571 612 iterati
624 552 778 621 hujus
829 551 1009 609 exsilii
1046 566 1209 607 causa
1250 550 1453 616 fuerit,
1502 554 1721 621 partim
1752 556 1994 609 excitato

385 662 490 721 per
532 648 671 705 hunc
724 654 999 701 auctorem
1043 644 1408 701 Valentiniani
1448 646 1747 715 rescripto,
1797 648 1991 717 partim

387 754 458 803 ex
508 738 791 794 Ammiano
828 737 1147 793 Marcellino
1186 738 1493 807 colligimus
1522 736 1634 808 (a);
1666 737 1995 795 Valentinia-

387 849 491 889 nus
538 832 682 887 enim
732 831 1021 888 exsulibus
1065 829 1300 885 reditum
1339 838 1719 896 concesserat,
1754 829 1857 887 bac
1884 846 1993 886 me-

389 925 493 981 rito
529 924 742 993 adjecta
786 923 1102 978 conditione
1130 963 1143 987 ,
1178 931 1233 975 ut
1278 924 1322 977 si
1352 922 1506 976 iidem
1533 923 1585 976 in
1616 922 1831 995 pristino
1858 931 1993 976 statu

383 1017 628 1080 restituti,
671 1015 877 1084 aliquid
914 1015 1102 1084 spiritu
1130 1014 1313 1069 iterum
1338 1015 1583 1086 gesserint
1613 1014 1862 1082 inquieto,
1893 1028 1993 1082 quo

379 1109 739 1180 tranquillitas
762 1113 1044 1179 reformata
1066 1108 1317 1174 turbetur,
1350 1108 1672 1164 severissima
1693 1109 1746 1161 in
1768 1124 1850 1162 eos
1873 1124 1992 1162 sen-

382 1204 544 1259 tentia
572 1206 895 1274 proferatur.
924 1202 1127 1257 Centra
1170 1218 1300 1258 vero
1330 1202 1511 1257 edicto
1553 1202 1669 1267 illo,
1706 1218 1811 1270 quo
1841 1200 1995 1257 Ursi-

383 1311 517 1350 num
547 1310 739 1350 rursus
765 1294 966 1364 expelli
989 1294 1176 1364 jussit,
1200 1294 1305 1350 hoc
1331 1310 1361 1349 a
1393 1309 1452 1350 se
1484 1295 1684 1349 factum
1706 1295 1801 1361 ait,
1830 1304 1881 1347 ut
1903 1294 1993 1348 illo

387 1386 617 1459 relegata
651 1386 792 1441 nulla
828 1386 1045 1441 ulterius
1076 1388 1296 1456 populos
1323 1386 1548 1457 nefanda
1572 1386 1823 1441 contentio
1850 1385 1991 1440 colli-

395 1477 556 1543 deret,
584 1488 637 1532 ut
661 1480 973 1548 Anonymus
1006 1478 1122 1547 ipse
1152 1476 1342 1532 scribit
1376 1493 1388 1531 :
1424 1476 1649 1535 Ursinus
1680 1478 1846 1546 igitur
1873 1484 1996 1546 post

388 1571 625 1625 reditum
650 1586 805 1625 suum
835 1571 906 1624 ita
940 1585 998 1625 se
1021 1579 1286 1640 gesserat,
1320 1580 1377 1624 ut
1403 1584 1593 1625 rursus
1621 1569 1996 1625 aPraetextato

386 1663 583 1731 expelli
615 1662 872 1718 debuerit
905 1681 917 1716 :
950 1662 1094 1732 quod
1142 1678 1265 1718 cum
1293 1662 1415 1732 jure
1449 1662 1647 1717 factum
1679 1663 1995 1719 Ammianus

386 1754 615 1821 scribat,
660 1754 936 1825 Anonymi
972 1756 1022 1810 in
1063 1756 1352 1811 Damasum
1397 1755 1667 1811 caluumia
1705 1754 1996 1812 manifesta

389 1857 491 1904 est.
527 1849 605 1902 En
641 1863 775 1902 vero
810 1848 1081 1902 Ammiani
1111 1850 1279 1918 ipsius
1310 1848 1472 1903 verba
1510 1867 1523 1903 :
1552 1847 1712 1917 Cujus
1736 1848 2001 1919 (Praetex-

390 1939 505 2009 tati)
549 1941 881 2007 auctoritate,
911 1940 1164 2009 justisque
1205 1942 1430 1997 veritatis
1460 1939 1727 2012 suffragiis
1776 1942 1998 1995 tumultu

390 2034 545 2087 lenito
570 2074 585 2099 ,
631 2050 780 2103 quem
808 2031 1224 2089 Christianorum
1237 2036 1416 2107 jurgia
1444 2036 1843 2099 concitaverunt,
1875 2035 1995 2104 pul-

393 2141 547 2195 soque
580 2124 767 2181 Ursino
788 2128 895 2181 alta
922 2128 1063 2197 quies
1094 2128 1211 2197 pari
1233 2128 1341 2197 jam
1371 2129 1635 2199 proposito
1666 2128 1855 2183 ciuium
1887 2127 1999 2182 llo-

396 2234 662 2275 manorum
709 2220 1025 2275 adolescebat
1066 2221 1239 2293 gloria
1286 2221 1415 2275 clari
1453 2222 1697 2286 rectoris,
1728 2221 1997 2292 complura

394 2322 440 2366 et
470 2313 619 2371 utilia
641 2312 984 2381 disponentis.
1014 2315 1195 2385 Atque
1224 2314 1391 2381 hunc,
1420 2315 1563 2385 quod
1593 2325 1807 2387 spectat
1828 2330 1999 2371 annos

390 2409 495 2465 366
524 2419 577 2467 et
606 2410 732 2474 567,
759 2409 940 2471 Ursini
974 2411 1210 2467 schisma
1244 2411 1404 2469 lluem
1435 2412 1643 2467 habuit.

464 2501 526 2555 V.
562 2502 816 2557 Baluzius
848 2502 1038 2558 iisdem
1057 2504 1214 2559 annis
1246 2504 1459 2559 Damasi
1480 2506 1711 2559 concilia
1734 2504 1842 2559 duo
1864 2520 2001 2561 cou-

389 2592 603 2665 signat:
633 2594 863 2653 alterum
894 2594 1024 2653 illud
1058 2605 1163 2661 cst,
1195 2597 1337 2666 quod
1365 2599 1415 2652 in
1441 2599 1575 2653 actis
1601 2598 1819 2654 Eusebii
1847 2615 1999 2669 pres-

385 2686 562 2758 byteri
610 2703 971 2749 memoratum
1021 2689 1255 2760 legimus
1302 2707 1317 2749 ;
1370 2692 1600 2747 alterum
1644 2707 1774 2747 vero
1830 2692 1996 2758 illud,

388 2780 532 2851 quod
564 2782 885 2837 Anastasius
913 2781 968 2836 in
1007 2783 1219 2839 Damasi
1252 2782 1373 2838 Vita
1406 2783 1607 2849 refert,
1638 2794 1997 2840 convocatum

394 2889 493 2947 pro
534 2876 860 2931 accusatione
891 2875 1135 2934 adversus
1179 2894 1292 2932 eum
1334 2879 1602 2946 instituta,
1648 2881 1731 2935 cui
1758 2880 2001 2935 adulterii

392 2966 589 3019 crimen
610 2966 966 3036 imputabatur
991 2969 1053 3021 ab
1074 2968 1384 3025 adversariis
1408 2973 1539 3042 ejus,
1566 2971 1618 3025 in
1640 2985 1812 3042 eaque
1840 2971 2000 3026 etiam

397 3058 780 3131 Paternianos,
831 3075 928 3119 seu
970 3060 1335 3119 Venustianns
1365 3062 1653 3118 damnatos
1680 3064 1866 3121 scribit
1899 3064 1997 3134 (b).

394 3154 467 3209 At
510 3164 805 3223 utrumque
848 3153 951 3210 boc
988 3154 1277 3211 concilium
1310 3154 1556 3213 fictilium
1588 3153 2001 3225 fabulosumque
2028 3178 2073 3240 ρ

397 3252 485 3299 est
515 3261 527 3298 :
557 3259 682 3300 nam
708 3244 854 3315 quod
898 3244 964 3300 ad
999 3246 1229 3315 primum
1271 3247 1485 3312 attinet,
1519 3256 1639 3303 acta
1667 3246 1757 3301 illa
1781 3246 2001 3305 Eusebii

397 3339 700 3409 presbyteri
745 3348 825 3394 tot
854 3338 1190 3406 mendaciis,
1226 3338 1423 3395 fabulis
1464 3349 1519 3395 et
1569 3340 2002 3399 anachronismls

391 3442 633 3500 scatent,
661 3450 725 3490 ac
757 3435 954 3493 fmdata
986 3446 1142 3502 sunt,
1169 3444 1227 3495 ut
1259 3451 1479 3505 operam
1507 3451 1613 3491 nou
1639 3440 1999 3493 necessariam

394 3530 617 3582 omnino
666 3540 866 3598 ponat,
890 3530 979 3599 qui
1011 3544 1071 3584 ea
1105 3529 1208 3584 sibi
1240 3529 1554 3599 singillatim
1586 3530 1884 3587 refellenda
1910 3546 2002 3586 su-

396 3628 509 3673 mat
562 3618 659 3690 (c).
699 3619 835 3674 llinc
874 3620 1189 3677 Bossuetius
1218 3620 1356 3689 ipse,
1389 3636 1487 3676 seu
1509 3621 1755 3691 quisquis
1784 3622 1872 3676 ille
1900 3620 2001 3689 sit,

395 3712 525 3767 dum
571 3728 762 3767 eorum
813 3713 1235 3780 auctoritatem,
1282 3722 1341 3768 ut
1370 3728 1549 3770 causae
1570 3731 1681 3769 sua:
1709 3713 1997 3781 inserviat,

398 3820 502 3860 una
539 3813 721 3860 tuetur
759 3821 944 3871 manu,
993 3805 1161 3863 altera
1196 3806 1483 3861 lalsitatem
1514 3807 1747 3876 prodere
1768 3806 2001 3875 cogitur,

401 3898 1051 3963 excommunicatiouem,
1086 3913 1249 3969 quam
1293 3897 1347 3953 in
1393 3897 1670 3955 Liberium
1715 3915 1745 3952 a
1776 3900 2004 3957 Damaso

395 3992 509 4060 jam
550 3991 791 4060 pontiﬁce
834 3990 997 4047 latam
1036 3992 1281 4048 scribunt
1309 4002 1426 4048 acta
1454 3991 1542 4047 illa
1574 3994 1904 4065 apocrypha,
1935 3994 2003 4048 ad

406 4082 694 4137 Damasum
726 4082 1082 4155 presbyterum
1129 4099 1231 4140 suo
1279 4095 1455 4141 marte
1502 4099 1787 4141 revocans.
1836 4085 2003 4145 Nobis

400 4175 584 4245 itaque
612 4191 734 4231 cum
778 4176 1128 4232 Tillemontio
1159 4178 1337 4233 ridere
1359 4177 1635 4233 Baluzium
1662 4178 1841 4243 liceat,
1868 4194 2003 4233 vana

401 4284 626 4340 prorsus
668 4270 927 4340 opinione
976 4270 1283 4340 abreptum,
1329 4286 1394 4327 ac
1422 4271 1525 4327 sibi
1557 4272 1902 4342 plaudentem
1936 4272 2006 4328 de

401 4360 506 4415 hoc
536 4362 768 4431 primum
806 4379 835 4419 s
868 4378 928 4423 se
958 4363 1220 4432 producto
1250 4364 1503 4428 consilio,
1536 4363 1680 4433 quod
1712 4379 2002 4435 numquam

402 4456 627 4509 exstitit.
658 4455 809 4522 Quod
839 4455 903 4509 ad
931 4456 1198 4525 posterius
1226 4458 1420 4510 attinet
1448 4456 1601 4526 cujus
1626 4456 1693 4511 ab
1718 4458 2006 4515 Anastasio

1785 247 1961 306 PROL
1969 247 2315 307 EGOMENA.

379 368 597 438 culpam
621 362 821 435 rejecit
853 363 907 419 iu
940 363 1255 428 Damasum,
1287 363 1440 433 cujus
1463 362 1649 419 fraude
1676 363 1778 420 hoc
1798 365 1995 423 factum
2022 370 2075 432 Α

3584 255 3688 311 128

2718 365 2946 424 CAPUT
2986 366 3072 423 Ill.

2097 500 2224 569 368,
2250 501 2450 556 Dussr
2469 502 2524 566 3,
2540 498 2943 557 VALEbTINIANO
2962 516 3028 555 er
3041 500 3299 559 VALENTE
3320 521 3407 561 ΔΑ.
3430 521 3487 561 ιι.
3507 520 3688 563 cosas.

2100 616 2139 674 1.
2179 616 2567 673 Valentinianus
2592 619 2865 692 imperator
2885 619 3121 673 iteratum
3149 618 3325 676 Ursini
3342 623 3695 695 sociorumque

2168 710 2615 766 schismaticorum
2648 711 2886 765 exsilium
2914 712 3123 781 probat,
3159 724 3310 782 atque
3338 730 3513 780 unam,
3541 732 3694 788 qttaut

2174 802 2438 857 Ursiniani
2489 804 2825 869 retinuerant,
2856 803 3123 859 basilicam
3174 806 3395 861 Damaso
3426 808 3574 863 reddi
3602 812 3695 883 ju-

2172 896 2271 951 bet.
2298 894 2361 949 ll.
2394 893 2568 950 Ca'des
2601 905 2893 966 perpetrata
2921 896 2973 950 in
2995 897 3103 951 cede
3126 896 3185 951 S.
3210 898 3440 969 Agnetis,
3469 916 3582 968 qua:
3602 916 3694 971 per

2169 988 2479 1041 calumniam
2510 986 2737 1045 Dantaso
2760 988 2960 1042 crimini
2982 993 3141 1043 data:
3163 1006 3315 1060 grave
3343 990 3403 1045 ob
3435 1008 3546 1047 eam
3572 1008 3694 1047 cau-

2168 1096 2275 1135 sam
2321 1080 2607 1150 periculum
2653 1079 2914 1135 innocenti
2962 1082 3197 1151 ponti/lci
3247 1092 3512 1149 creatum;
3556 1084 3693 1156 quod

2170 1173 2457 1243 explicatur
2484 1171 2665 1241 Ruﬁni
2692 1183 2739 1227 et
2769 1171 3075 1244 Hieronymi
3107 1174 3415 1230 testimonio.
3438 1172 3521 1229 Ill.
3554 1174 3691 1234 Eva-

2168 1268 2309 1343 grius
2332 1264 2678 1321 Antiochenus
2723 1281 2816 1333 pro
2847 1263 3074 1320 Damaso
3110 1268 3219 1320 adit
3253 1268 3635 1339 imperatorem,
3663 1287 3695 1325 a

2169 1375 2270 1431 quo
2293 1360 2538 1412 innocens
2568 1361 2948 1428 pronuntiatur,
2977 1377 3132 1432 eaque
3152 1360 3418 1417 occasione
3441 1362 3699 1437 Hierony-

2169 1467 2282 1505 mus
2300 1449 2537 1516 aﬂ'ertur,
2561 1461 2607 1506 et
2632 1450 2945 1508 illustratur.
2968 1452 3056 1509 IV.
3082 1454 3336 1511 Damasus
3359 1468 3527 1513 votum
3548 1458 3698 1513 solvit

2172 1542 2234 1599 S.
2270 1541 2457 1611 Felici,
2486 1552 2540 1601 ut
2570 1544 2793 1609 videtur,
2828 1543 2880 1598 Ν
2887 1546 3066 1615 olauo,
3096 1550 3313 1621 aliisque
3339 1551 3670 1621 martyribus.

2171 1657 2210 1717 l.
2244 1658 2653 1715 Valentinianus
2688 1660 3001 1731 imperator,
3027 1662 3116 1717 cui
3155 1662 3515 1723 Prmtextatus
3543 1665 3702 1722 Ursi-

2028 1785 2076 1844 Β
2103 1768 2229 1807 nunt
2282 1753 2472 1807 iterato
2500 1752 2698 1809 exsilio
2727 1766 2755 1806 a
2781 1768 2840 1809 se
2869 1754 3182 1813 damnatum
3215 1758 3529 1828 scripserat,
3553 1758 3702 1829 judi-

2102 1848 2245 1903 cium
2271 1846 2329 1904 P.
2377 1846 2443 1905 U.
2494 1856 2669 1905 ratum
2702 1846 2911 1915 habuit,
2955 1860 3012 1905 ut
3065 1860 3278 1906 constat
3339 1868 3406 1907 ex
3460 1855 3577 1920 ejus
3611 1867 3699 1908 re—

2103 1939 2327 2008 scripto,
2360 1937 2502 2007 quod
2541 1938 2802 1995 Baronius
2846 1942 3037 1997 recitat
3068 1940 3134 1996 ad
3168 1957 3366 1997 annum
3392 1941 3523 2006 268.
3560 1960 3613 1999 u.
3640 1942 3699 2011 Ξ,

2102 2036 2246 2108 quod
2304 2036 2516 2093 tametsi
2567 2044 2690 2091 notu
2720 2038 2981 2106 temporis
3008 2047 3210 2104 careat,
3240 2038 3454 2094 videtur
3474 2039 3541 2094 ad
3572 2041 3698 2095 anni

2102 2128 2373 2186 currentis
2416 2128 2626 2185 initium
2650 2128 2842 2185 referri
2870 2138 3148 2200 dportere,
3179 2131 3302 2200 quia
3335 2130 3563 2188 Ursinus
3588 2132 3704 2203 ipse

2104 2221 2276 2281 Roma
2334 2233 2646 2279 excesserat
2704 2222 2895 2279 ultimo
2967 2238 3104 2293 pene
3146 2238 3335 2280 mense
3407 2225 3705 2292 superioris

2104 2316 2254 2381 anni,
2288 2324 2348 2371 ut
2378 2315 2631 2371 vidimus.
2670 2316 2844 2383 llunc,
2876 2331 3037 2386 quem
3095 2318 3387 2384 imperatur
3430 2317 3709 2372 dissensio—

2105 2410 2183 2465 nis
2210 2422 2470 2465 auctorem
2500 2418 2679 2475 vocat,
2710 2410 2885 2466 secuti
2915 2409 3111 2465 deinde
3140 2419 3264 2466 sunt
3294 2410 3476 2466 czeteri
3521 2411 3707 2466 tactio-

2105 2503 2189 2560 nis
2247 2504 2378 2558 socii
2430 2512 2485 2558 et
2537 2502 2793 2569 ministri,
2824 2517 2959 2572 quos
2984 2504 3187 2574 pariter
3235 2503 3390 2560 Urbis
3424 2502 3707 2573 praefectus

2105 2595 2255 2651 abire
2292 2595 2471 2665 jussit,
2518 2595 2564 2651 si
2596 2610 2795 2665 paucos
2847 2595 3106 2666 excipias,
3155 2596 3244 2666 qui
3282 2612 3351 2651 ne
3400 2596 3699 2665 prodirent,

2106 2689 2160 2746 in
2214 2690 2450 2745 latebras
2501 2706 2623 2746 sese
2652 2689 2989 2746 abdiderant.
3014 2690 3069 2746 ld
3104 2705 3232 2745 vero
3260 2690 3563 2761 colligimus
3593 2700 3704 2745 tum

2107 2798 2175 2839 ex
2209 2783 2475 2852 scriptore
2525 2781 2855 2852 prtefatiouis
2878 2825 2892 2847 ,
2921 2782 3010 2852 qui
3034 2783 3413 2838 scbismaticos
3442 2783 3705 2840 stationes

2108 2891 2203 2946 per
2258 2877 2566 2933 cmmeteria
2596 2877 2714 2933 sine
2761 2876 2973 2931 clericis
3004 2876 3313 2932 celebrasse
3367 2877 3464 2943 ait,
3496 2885 3607 2931 tum
3638 2891 3705 2931 ex

2106 2969 2215 3025 alio
2245 2968 2610 3025 Valentiniani
2641 2970 2907 3038 rescripto
2937 2967 3010 3039 (e)
3041 2969 3166 3024 dato
3200 2968 3372 3039 pridie
3400 2967 3507 3024 kal.
3532 2967 3705 3033 Junii,

2107 3060 2297 3117 iisdem
2325 3077 2534 3127 conss.,
2566 3078 2670 3130 quo
2703 3071 2881 3118 tamen
2911 3061 3152 3118 factiosis
3174 3062 3307 3132 ipsis
3330 3074 3536 3134 propter
3565 3062 3707 3132 quie-

2107 3163 2204 3208 tem
2258 3154 2398 3209 urbis
2438 3154 2627 3222 ejectis
2658 3153 2997 3219 conceditur,
3021 3165 3082 3210 ut
3107 3164 3253 3210 certo
3297 3156 3707 3225 prrestitutoque

2107 3246 2301 3305 exsilio
2356 3246 2544 3314 soluti,
2574 3262 2685 3318 quo
2732 3248 2901 3303 velint
2951 3249 3070 3302 loco
3115 3248 3378 3313 habitent,
3410 3246 3577 3302 Roma
3608 3262 3705 3301 cx-

2105 3349 2280 3409 cepta.
2309 3339 2577 3396 Catlerum
2606 3340 2801 3397 nedum
2839 3339 3014 3395 Ursini
3043 3339 3296 3396 exsilium
3324 3338 3704 3395 Valentiniano

2108 3431 2387 3501 probatum
2449 3432 2569 3495 fuit,
2598 3447 2785 3489 verum
2844 3432 3320 3501 providentissime
3369 3432 3530 3488 etiam
3577 3446 3710 3485 cou-

2105 3522 2247 3588 silio,
2278 3530 2362 3578 est
2389 3524 2536 3579 urbis
2567 3524 2821 3593 przrfectn
2872 3523 3203 3589 mandatum,
3233 3534 3291 3579 ut
3330 3540 3436 3581 una
3482 3525 3571 3579 illa
3604 3525 3706 3579 Ec-

2106 3614 2294 3681 clesia,
2355 3631 2474 3683 qua!
2499 3631 2528 3675 a
2557 3615 2923 3673 schismaticis
2975 3618 3153 3673 adhuc
3201 3618 3563 3682 retinebatur,
3600 3618 3704 3671 Da-

2105 3722 2261 3763 maso
2292 3708 2697 3764 attribuerelur.
2753 3709 3057 3765 Verebatur
3107 3711 3252 3764 enim
3288 3711 3538 3778 princeps
3588 3708 3701 3763 fore

2107 3809 2165 3855 ut
2194 3800 2400 3859 nullum
2432 3817 2501 3858 ex
2532 3800 2709 3859 Ursini
2742 3802 2937 3858 exsilio
2993 3804 3221 3857 fructum
3252 3802 3493 3858 Ecclesia
3541 3816 3702 3870 cape-

2105 3894 2282 3958 ret,si
2341 3909 2504 3963 quam
2555 3905 2817 3965 prieterea
2863 3909 3155 3965 superesse
3209 3897 3262 3951 in
3316 3895 3450 3951 urbe
3502 3894 3707 3951 sineret

2099 3982 2402 4054 iurgiorum
2434 3986 2738 4045 materiam.
2783 3988 2895 4044 lloc
2919 4002 3049 4043 vero
3073 4002 3101 4043 a
3126 3986 3414 4044 defensore
3443 3987 3705 4043 Ecclesia:

2106 4079 2256 4135 urbis
2310 4078 2496 4135 Romae
2556 4080 2967 4139 Valentinianus
3025 4083 3352 4151 postulatum
3398 4082 3704 4147 scribit,ex

2105 4187 2214 4243 quo
2244 4172 2551 4241 colligimus
2602 4172 2907 4229 defensoris
2958 4174 3310 4231 ecclesiarum
3361 4175 3598 4231 officium
3649 4175 3702 4232 in

2108 4280 2174 4322 eo
2198 4267 2454 4335 positum,
2494 4278 2549 4325 ut
2582 4282 2772 4324 earum
2810 4282 3002 4323 causas
3031 4279 3213 4337 ageret
3243 4266 3383 4338 apud
3413 4268 3704 4322 saeculares

2100 4360 2337 4430 judices,
2368 4372 2534 4433 atque
2565 4362 2631 4419 ad
2662 4362 2807 4435 ipsos
2837 4362 3000 4417 etiam
3020 4362 3377 4431 imperatores
3397 4363 3700 4427 accederet,

2108 4470 2229 4511 cum
2301 4470 2482 4513 rerum
2533 4455 2672 4511 ratio
2718 4456 2767 4509 id
2823 4455 3095 4524 postulare
3147 4454 3444 4510 videbatur.
3500 4453 3701 4507 Eorum

408 4548 609 4605 mentio
651 4546 927 4618 injicitur,
961 4548 1006 4603 si
1047 4564 1169 4616 quae
1209 4558 1392 4603 narrat
1422 4548 1534 4615 ille,
1564 4564 1689 4605 vera
1720 4559 1867 4617 sunt,
1896 4550 2004 4606 alio
2030 4548 2084 4609 D
2108 4563 2239 4603 vero
2263 4548 2502 4605 officium
2554 4550 2907 4605 constitutum
2952 4550 3123 4603 luerat
3151 4547 3241 4603 diu
3290 4557 3416 4602 ante
3462 4544 3705 4602 Valenti-

406 4654 631 4710 prorsus
681 4650 925 4711 tempore
955 4656 1018 4699 ea
1070 4641 1381 4711 consignari
1409 4652 1652 4711 oportet,
1694 4658 1817 4699 cum
1861 4643 2007 4699 nulla

405 4748 508 4803 per
537 4732 587 4787 id
612 4742 822 4803 tempus
846 4734 949 4789 sub
979 4734 1208 4788 Damaso
1236 4733 1480 4805 synodus
1509 4734 1692 4789 habita
1716 4735 1873 4790 fuerit
1900 4733 2003 4807 (ά).

402 4825 674 4882 Praeterea
714 4827 1016 4882 institutam
1044 4834 1232 4881 contra
1268 4827 1409 4883 hunc
1438 4828 1842 4884 sanctissimum
1876 4844 2006 4898 pon-

402 4918 601 4974 tificem
635 4918 889 4974 adulterii
922 4920 1348 4986 accusationem,
1396 4936 1504 4979 non
1534 4935 1635 4991 ego
1662 4920 1814 4975 facile
1837 4919 2007 4977 adrni-

402 5011 567 5067 serim
591 5053 606 5078 ,
645 5012 714 5067 de
754 5026 859 5081 qua
905 5023 1083 5067 tamen
1116 5028 1306 5068 rursus
1333 5028 1515 5069 sermo
1546 5013 1767 5079 redibit;
1800 5014 1845 5071 si
1876 5015 2003 5086 quid

402 5112 580 5157 autem
622 5103 693 5158 de
727 5104 1068 5160 Paternlanis
1093 5147 1108 5170 ,
1138 5114 1233 5161 aut
1282 5105 1625 5163 Venustianis
1648 5148 1662 5171 ,
1689 5122 1825 5177 quos
1855 5108 1911 5164 in
1941 5124 2006 5164 ea

402 5197 613 5268 synodo
637 5215 665 5251 a
698 5197 928 5255 Damaso
955 5199 1241 5257 damnatos
1260 5200 1357 5260 ait.
1384 5200 1633 5257 Balnaius
1650 5216 1716 5256 ex
1741 5202 2003 5257 immensa

403 5305 437 5346 a
482 5305 540 5347 se
590 5292 822 5349 collecta
872 5307 1014 5363 penu
1062 5295 1286 5351 uberius
1325 5294 1708 5364 explicuisset,
1754 5310 2002 5366 magnam

404 5385 546 5453 apud
592 5386 981 5442 ecclesiasticas
1022 5386 1262 5443 historiae
1306 5396 1581 5444 amatores
1621 5390 1852 5457 gratiam
1880 5405 2005 5457 pro—

408 5478 547 5533 tecto
575 5479 805 5535 iniisset.
840 5478 946 5535 Sed
975 5479 1043 5534 de
1069 5479 1152 5534 bis
1174 5480 1338 5535 etiam
1366 5480 1568 5550 aliquid
1593 5496 1693 5535 suo
1716 5482 1855 5537 loco.

483 5616 570 5688 (ιι)Δ
600 5616 719 5688 Lib.
749 5632 919 5688 xxvii,
946 5631 1068 5688 cap.
1098 5618 1153 5675 3.

500 5684 581 5758 (b)
608 5687 780 5759 _(_1onc.
817 5687 955 5744 Ven.
984 5684 1115 5745 edit.
1151 5698 1281 5745 tom.
1314 5687 1385 5756 ll,
1406 5684 1721 5759 pag.1037.

492 5757 565 5833 (τ)
608 5757 723 5817 Vid.
770 5759 999 5817 Diatrib.
1037 5761 1105 5815 de
1130 5760 1278 5817 Gest.
1312 5757 1514 5823 Liberii
1542 5761 1773 5829 eusulls,
1802 5774 1920 5837 cap.
1951 5760 2006 5819 9.

2110 4642 2255 4699 niani
2308 4652 2547 4712 tempora
2576 4684 2591 4708 ,
2622 4658 2780 4700 secus
2802 4657 2865 4695 ac
2896 4642 3138 4696 nonnulli
3160 4649 3404 4706 censent,
3432 4638 3699 4708 siquidem

2103 4736 2313 4808 Cyriaci
2360 4736 2677 4807 cujusdam,
2741 4735 2997 4790 Ecclesia!
3043 4736 3345 4805 Ancyranae
3395 4730 3698 4787 defensoris

2109 4834 2314 4889 mentio
2366 4844 2449 4888 est
2487 4833 2626 4903 apud
2676 4830 3031 4904 Epiphanium
3065 4828 3155 4901 (f).
3217 4827 3498 4882 Derivatus
3524 4835 3701 4880 autem

2107 4926 2177 4981 ab
2207 4928 2459 4997 exemplo
2485 4928 2783 4991 civitatum,
2846 4926 3303 4996 profanorumque
3330 4921 3701 4991 collegiorum,

2108 5035 2229 5090 quae
2275 5020 2593 5075 defensores
2634 5036 2764 5075 suos
2816 5020 3107 5079 habebant.
3161 5033 3279 5072 mos
3310 5017 3415 5070 istc.
3468 5014 3532 5067 ad
3562 5009 3707 5064 chri—

2109 5112 2342 5167 stianam
2397 5113 2713 5183 religionem
2748 5114 3022 5182 sapienter
3062 5112 3255 5166 fuerat.
3294 5108 3386 5161 llis
3412 5115 3705 5160 successe-

2111 5213 2257 5269 runt,
2283 5205 2374 5274 qui
2429 5204 2668 5276 sequiori
2701 5213 2946 5277 tempore
2986 5202 3231 5259 advocati
3262 5197 3387 5253 dicti
3434 5201 3579 5257 sunt,
3613 5190 3707 5259 qui

2110 5311 2234 5353 cum
2284 5313 2380 5353 sua
2409 5298 2761 5353 abuterentur
2796 5306 3058 5367 potestate
3084 5288 3466 5348 nonnullorum
3508 5280 3707 5340 deinde

2110 5393 2472 5449 conciliorum
2501 5394 2873 5449 sanctionibus
2902 5389 3100 5447 sublati
3127 5393 3273 5441 sunt.

2182 5486 2246 5541 ll.
2282 5487 2405 5541 Haec
2434 5486 2499 5540 ad
2526 5486 2910 5540 Prmtextatum
2960 5480 3244 5550 rescripta,
3275 5491 3397 5532 cum
3447 5474 3517 5532 de
3544 5473 3707 5530 rebus

2181 5621 2265 5691 (ά)
2294 5621 2414 5676 Vid.
2448 5620 2514 5675 ad
2544 5635 2670 5675 ann.
2704 5618 2830 5673 596.

2209 5688 2260 5767 ε)
2283 5694 2665 5769 apudjlaron.
2693 5707 2823 5769 ann.
2856 5691 3169 5769 {’68,'_nqm,
3200 5688 3255 5745 8.

2209 5695 2260 5767 e)
2283 5695 2436 5763 Apud
2468 5695 2665 5749 Baron.
2693 5707 2823 5748 ann.
2856 5695 3051 5757 368,"n

2183 5695 2257 5839 ll)
2283 5764 2553 5835 HaerJZ,
2591 5780 2737 5823 num.
2765 5765 2822 5835 8,
2852 5754 3055 5835 ΝΛΞ.
