4150 6176
454 240 559 299 H7

1629 238 1943 299 SANCTUS
1983 234 2307 294 DAMASUS
2347 235 2546 296 PAPA.

3660 248 3763 306 128

451 369 614 433 agant
642 368 765 432 post
794 358 1050 415 iteratum
1103 356 1287 416 Ursini
1341 358 1590 415 exsilium
1620 358 1810 430 gestis,
1846 356 2051 429 primos
2078 356 2133 419 Α
2156 369 2283 426 erga
2315 356 2570 414 factiosos
2596 372 2659 414 ac
2688 360 2999 431 perduelles
3044 362 3227 418 studio
3259 372 3318 419 ut
3347 373 3401 421 et
3425 365 3493 422 de
3514 381 3765 438 praecon-

449 461 718 523 occupant
749 450 909 523 hujus
934 451 1061 508 anni
1095 465 1332 507 menses.
1362 452 1431 511 At
1464 451 1742 525 pupularis
1767 464 1933 506 aestus
1958 452 2051 521 qui

452 543 585 600 nihil
617 548 823 600 Interea
854 553 946 598 aut
992 559 1181 613 parum
1222 543 1290 598 de
1321 544 1373 597 vi
1402 559 1497 598 sua
1530 544 1838 609 remiserat,
1864 556 2052 597 rursus

454 638 637 706 erupit
666 639 718 691 in
748 646 963 692 mutuas
988 636 1167 693 caedes
1215 635 1281 690 ad
1310 633 1368 692 S.
1412 638 1696 705 Agnetcm,
1720 651 1827 707 quo
1851 647 2054 691 temere

453 730 665 787 factiosi
714 740 1119 799 convenerant,
1172 730 1318 785 nulla
1347 730 1525 801 legum
1558 739 1746 786 contra
1795 745 1891 785 eos
1912 728 2052 783 lata-

448 840 567 880 rum
612 825 822 880 ratione
853 823 1059 890 habita;
1089 833 1251 891 atque
1281 823 1383 879 hoc
1424 822 1630 879 facinus
1658 838 1759 895 pro
1788 831 2054 877 consueto

448 917 921 974 schismaticorum
982 932 1172 981 more,
1230 915 1443 971 crimini
1502 917 1683 970 datum
1742 915 2051 970 immerenti

454 1008 685 1065 Damaso
735 1008 876 1078 apud
906 1007 1213 1081 Olybrium,
1243 1008 1332 1079 qtti
1381 1010 1525 1064 circa
1573 1007 1791 1063 .luuium
1819 1017 1911 1062 aut
1952 1007 2051 1062 Ju-

448 1102 580 1159 lium
632 1118 876 1159 mensem
928 1101 1255 1158 Praetextato
1294 1114 1670 1169 successerat;
1703 1111 1761 1157 ut
1800 1118 1865 1158 ex
1892 1102 2053 1158 chro-

447 1197 659 1266 nologia
691 1195 897 1251 codicis
928 1194 1313 1263 Theodosiani,
1356 1210 1419 1250 ac
1448 1209 1515 1250 ex
1545 1195 1895 1251 Titlemontio
1922 1210 2051 1250 con-

447 1297 576 1344 stat.
611 1286 710 1343 llic
736 1302 864 1343 vero
913 1302 1034 1342 cum
1088 1288 1339 1358 Aginatio
1394 1286 1663 1356 neglecto,
1710 1302 1869 1357 quem
1926 1286 2053 1341 Rei-

446 1380 630 1437 nesius
672 1380 746 1453 (a)
777 1396 843 1436 ex
873 1380 1063 1436 Anicio
1110 1380 1336 1435 Paulino
1367 1380 1494 1434 olim
1536 1382 1761 1436 consule
1792 1390 1845 1434 et
1888 1379 1945 1433 P.
1980 1378 2045 1433 ll.

450 1475 799 1531 descendisse
830 1475 1023 1531 asserit
1056 1475 1109 1529 in
1165 1473 1342 1528 causis
1386 1472 1747 1543 dijudicandis
1804 1481 2051 1527 uteretur

447 1582 612 1639 opera
643 1566 941 1633 Maximini,
959 1565 1054 1638 qui
1083 1580 1312 1621 annonae
1336 1563 1710 1636 prtefecturam
1734 1572 1856 1634 post
1880 1563 2050 1619 Julia-

449 1676 577 1717 num
632 1660 1070 1726 administrabat,
1130 1658 1470 1729 intelligitur,
1501 1672 1596 1713 cur
1626 1657 1852 1713 Rufinus
1902 1665 2049 1727 post-

2156 460 2316 520 ccpto
2346 452 2473 507 odio
2528 453 2581 508 in
2634 454 2922 511 Damasum
2956 457 3265 528 pontilicem
3300 457 3612 531 bonamque
3642 462 3762 533 ejus

2157 560 2373 599 causam
2401 562 2413 598 :
2445 547 2796 617 quamobrem
2829 547 2954 604 hinc
2992 549 3214 616 factum,
3246 559 3305 605 ut
3346 551 3761 612 Valentinianus

2157 637 2295 706 ipse,
2328 639 2418 709 qui
2461 640 2594 695 alias
2623 643 2850 697 arbitrio
2874 643 3182 699 Praetextati
3226 645 3358 700 nulli
3389 649 3624 718 partium
3650 661 3765 705 stu-

2156 728 2249 783 dio
2300 730 2525 796 addicti,
2558 747 2673 787 rem
2704 743 3044 790 totamantea
3090 738 3431 806 permiserat,
3465 756 3609 795 nunc
3628 740 3763 813 Oly-

2158 820 2298 886 brio,
2323 839 2484 893 quem
2538 824 2811 881 Maximini
2866 827 3073 882 artibus
3100 840 3261 884 antea
3316 834 3760 901 prmoccupatum

2157 926 2420 983 senserat,
2483 933 2664 989 parem
2714 921 2961 991 Aginatio
2992 922 3044 975 in
3095 938 3157 976 ea
3206 937 3369 977 causa
3428 935 3757 995 potestatem

2158 1006 2398 1073 faceret,
2451 1026 2514 1065 ac
2558 1011 2698 1066 idem
2744 1016 2959 1084 utrique
3015 1016 3326 1069 mandatum
3387 1016 3557 1073 daret.
3591 1018 3757 1075 llisce

2156 1111 2335 1155 autem
2379 1101 2588 1156 duobus
2628 1105 2905 1175 rescriptis
2935 1106 3001 1160 ad
3031 1106 3313 1177 Olybrium
3354 1118 3408 1163 et
3444 1112 3754 1179 Aginatium

2155 1191 2317 1256 datis,
2345 1193 2487 1248 aliud
2525 1195 2785 1250 Baronius
2811 1196 2958 1251 addit
3012 1198 3077 1250 ad
3102 1197 3384 1270 Olybrium
3412 1200 3611 1272 ipsum,
3642 1220 3752 1275 quo

2158 1284 2453 1353 imperator
2496 1298 2813 1358 conceptam
2866 1305 2894 1341 a
2933 1305 2993 1345 se
3022 1292 3355 1361 voluptatem
3385 1295 3650 1363 significat
3680 1312 3749 1353 ex

2156 1377 2373 1444 litteris,
2413 1382 2607 1450 quibus
2662 1384 2752 1438 ille
2806 1383 3224 1441 denuntiavemt
3286 1403 3609 1454 compressos
3672 1406 3756 1446 eos

2154 1472 2243 1541 qui
2291 1474 2667 1528 sanctissimam
2717 1474 2878 1547 legem
2909 1477 3131 1531 tumultu
3182 1488 3227 1532 et
3255 1480 3505 1532 seditione
3536 1480 3758 1536 miscue~

2154 1573 2289 1618 rant.
2325 1564 2402 1619 Ex
2432 1582 2540 1635 quo
2585 1566 2846 1623 discimus
2893 1568 3041 1623 illum
3073 1569 3288 1625 tandem
3342 1571 3550 1640 integre
3586 1572 3757 1641 impe-

2155 1658 2323 1711 ratori
2351 1660 2619 1726 paruisse,
2652 1670 2762 1713 tum
2816 1662 3125 1715 mandatum
3167 1660 3273 1715 hoc
3318 1661 3440 1715 aliis
3486 1664 3755 1733 posterius

449 1771 612 1827 quam
652 1755 967 1825 scripserat,
1004 1756 1240 1809 bumano
1294 1752 1555 1823 sanguine
1591 1752 1797 1822 repleta
1846 1752 2049 1806 oratio—
2079 1751 2127 1811 B
2155 1764 2275 1803 esse
2300 1767 2313 1803 :
2343 1758 2505 1820 atque
2536 1751 2678 1806 hunc
2704 1752 2995 1824 aliquando
3018 1764 3137 1824 post
3160 1753 3437 1809 biennium
3471 1756 3632 1809 linem
3658 1753 3756 1810 ba-

447 1864 573 1906 num
601 1851 737 1915 loca,
767 1850 947 1903 statim
979 1847 1144 1903 addat
1180 1863 1295 1903 rem
1326 1847 1463 1902 hanc
1494 1847 1718 1917 factione
1758 1845 1975 1900 Maximi
1996 1848 2050 1901 in

445 1942 695 1997 invidiam
722 1940 844 1995 boni
887 1951 934 1995 et
960 1940 1243 1995 innocentis
1268 1940 1550 1995 sacerdotis
1590 1937 1811 1993 Damasi
1851 1954 2048 1993 versam

446 2053 573 2093 esse.
608 2036 933 2092 Maximinus
958 2036 1126 2100 enim,
1152 2035 1268 2090 sive
1310 2043 1366 2088 ut
1394 2033 1754 2090 schismaticis
1784 2034 2045 2103 placeret,

446 2132 537 2202 qui
596 2129 651 2185 in
694 2138 874 2201 partes
940 2143 1069 2184 suas
1125 2135 1407 2183 traxerant
1464 2126 1709 2201 Judaeum
1757 2128 2046 2196 quemdam

451 2222 692 2278 Isaacttm
738 2223 959 2277 nomine
1002 2235 1180 2291 eoque
1220 2228 1535 2276 accusatore
1587 2219 1901 2284 utebantur,
1932 2220 2047 2275 sive

447 2325 507 2370 ttt
552 2314 720 2370 feroci
750 2313 971 2385 ingenio
1010 2328 1110 2369 suo
1165 2313 1492 2383 indulgeret,
1526 2312 1736 2367 induxit
1780 2313 2043 2379 animum,

448 2416 508 2463 ut
530 2406 815 2462 Damasum
860 2405 1142 2461 seditionis
1183 2421 1247 2462 ac
1275 2405 1441 2461 caedis
1467 2421 1588 2477 qua:
1620 2406 1672 2460 in
1705 2405 1946 2461 Ecclesia
1978 2405 2045 2461 ad

449 2500 507 2557 S.
550 2499 813 2570 Agnetetu
869 2508 1177 2569 perpetrata
1230 2498 1454 2565 fuerat,
1506 2513 1656 2554 reum
1694 2506 1877 2569 ageret
1904 2498 2045 2569 apud

450 2594 857 2666 imperatorem,
915 2603 1081 2666 utque
1141 2594 1243 2649 hoc
1300 2606 1702 2665 assequeretur.
1736 2593 2044 2649 testimonia

444 2696 635 2743 contra
680 2686 993 2759 pontificem
1049 2687 1548 2743 innocentissimum
1594 2701 1622 2741 a
1657 2687 1790 2741 viris
1820 2686 2045 2757 perdita)

447 2778 625 2844 famae,
659 2788 820 2851 atque
873 2780 943 2834 ab
992 2781 1125 2851 ipsis
1159 2781 1376 2835 clericis
1426 2781 1573 2835 illata
1626 2788 1833 2834 tortura
1864 2787 2045 2835 extor-

446 2874 667 2947 quebat.
716 2874 917 2931 Verum
970 2875 1250 2945 Aginatius
1290 2874 1439 2929 urbis
1486 2876 1742 2939 vicarius,
1782 2875 2044 2946 indignis-

446 2970 575 3024 sime
603 2969 795 3038 ferens,
829 2969 881 3024 in
931 2969 1310 3024 examinandis
1335 2969 1513 3023 causis
1564 2968 1911 3023 Maximinum
1940 2968 2040 3023 sibi

444 3059 514 3114 ab
564 3059 786 3133 Olybrio
833 3061 1110 3131 praelatum
1139 3061 1239 3133 (ὁ).
1291 3072 1402 3115 tum
1460 3061 1526 3116 de
1575 3062 1661 3122 iis,
1704 3076 1825 3131 qua;
1854 3071 2043 3117 contra

446 3154 736 3209 Damasum
787 3154 1107 3225 agebantur,
1142 3153 1577 3209 Valentinianum
1635 3154 1923 3208 certiorem
1957 3153 2038 3209 fe-
2070 3135 2115 3198 (ἶ

444 3248 539 3313 cit,
567 3258 679 3303 tum
712 3257 970 3317 praeterea
1024 3247 1282 3304 factiosos
1330 3249 1383 3303 in
1438 3247 1710 3305 suburbiis
1738 3262 1803 3302 ex
1833 3248 2041 3320 Olybrii

445 3340 792 3397 conniventia
819 3351 1123 3397 conventus
1154 3357 1335 3412 agere,
1368 3342 1509 3398 unde
1539 3342 1794 3413 frequens
1828 3344 2041 3415 jurgio-

447 3447 591 3497 rum,
632 3448 698 3488 ac
748 3433 1118 3500 seditionum,
1173 3450 1294 3505 qute
1342 3446 1701 3506 supererant,
1750 3436 1871 3491 fons
1904 3479 1920 3504 ,
1988 3447 2041 3491 et

444 3528 620 3598 origo.
665 3525 960 3596 Imperator
1004 3527 1186 3599 itaque
1230 3526 1455 3583 veritate
1502 3530 1714 3599 cognita
1744 3540 2042 3585 conventus

450 3619 573 3674 illos
622 3618 962 3674 suburbanos
1013 3620 1181 3675 vetuit
1233 3622 1531 3691 statuitque
1554 3620 1745 3676 exsilio
1774 3623 2042 3677 mulctau-

445 3714 567 3782 dos,
597 3715 641 3770 si
674 3715 812 3770 intra
850 3716 1143 3769 vicesimum
1173 3715 1241 3771 ab
1264 3715 1398 3771 urbe
1425 3716 1655 3786 lapidem
1699 3716 1928 3783 coirent,
1962 3726 2042 3768 al-

447 3823 551 3879 que
578 3808 649 3862 ita
678 3806 873 3863 Rufino
917 3807 1191 3864 scribente
1242 3808 1481 3863 accidit:
1529 3807 1594 3861 Ut
1621 3818 1842 3861 assertor
1891 3809 2042 3860 inno-

444 3899 624 3953 centia:
650 3896 791 3953 Deus
843 3900 1091 3970 adfuerit,
1124 3909 1170 3951 et
1216 3899 1269 3951 in
1318 3908 1472 3967 caput
1521 3913 1699 3950 eorum
1753 3898 1838 3964 qui
1866 3897 2041 3951 dolum

446 3990 797 4055 intenderant,
842 4006 991 4057 pana
1037 4004 1281 4043 conversa
1334 3990 1419 4042 sit.
1453 3988 1744 4044 Enimvero
1786 3990 1913 4060 quin
1954 4005 2041 4045 res

449 4082 522 4137 ita
552 4088 703 4151 gesta
752 4080 936 4147 fuerit,
976 4081 1061 4135 vix
1113 4080 1361 4135 dubitare
1416 4080 1636 4151 poterit,
1684 4082 1773 4151 qui
1799 4080 2042 4137 Valenti-

448 4173 596 4229 niani
628 4173 891 4243 rescripta
935 4182 1142 4227 attente
1185 4174 1373 4236 legerit
1416 4173 1483 4229 ad
1524 4173 1803 4246 Olybrium
1828 4183 1881 4228 et
1907 4173 2039 4245 Agi-

451 4269 655 4321 natium
707 4266 897 4323 eodem
958 4277 1203 4332 tempore
1237 4266 1397 4333 data,
1443 4282 1565 4337 qua:
1595 4282 1823 4338 magnus
1869 4281 2041 4322 anna-

446 4360 578 4416 lium
611 4374 806 4430 parens
835 4360 889 4415 in
921 4360 1097 4415 lucem
1128 4360 1351 4430 protulit
1379 4358 1472 4431 (c).
1509 4358 1589 4414 Ex
1630 4359 1713 4415 bis
1734 4364 1878 4415 enim
1905 4374 2040 4415 con-

447 4464 554 4510 stat
575 4464 861 4525 utrumque
902 4470 967 4510 ex
1000 4454 1064 4509 iis
1101 4470 1164 4510 ea
1186 4454 1254 4510 de
1277 4470 1337 4509 re
1365 4455 1570 4510 litteras
1627 4454 1693 4509 ad
1751 4455 2043 4526 imperato-

446 4560 560 4601 rem
602 4546 838 4602 dedisse.
876 4544 981 4602 Sed
1022 4546 1127 4602 alia
1186 4546 1461 4617 Olybrius,
1495 4547 1597 4601 alia
1658 4547 1938 4616 Aginatius
1966 4547 2041 4600 si.
2069 4528 2119 4589 Ῑ)

443 4638 736 4706 gnificavit.
795 4638 949 4694 Prior
995 4639 1140 4694 enim
1189 4640 1407 4709 scripsit
1457 4640 1749 4711 perfecisse
1798 4655 1859 4695 se
1902 4656 1916 4693 :
1970 4638 2038 4695 Ut

443 4728 590 4783 nulla
628 4733 683 4784 in
712 4730 835 4784 urbe
861 4729 1027 4785 Roma
1059 4741 1227 4798 posset
1274 4748 1381 4786 esse
1406 4730 1686 4796 discordia,
1717 4748 1776 4785 ac
1797 4733 2040 4786 christia-

444 4837 567 4875 num
614 4824 861 4893 populum
910 4826 1172 4895 profunda
1217 4826 1485 4878 securitate
1528 4825 1584 4877 in
1636 4824 1741 4878 otio
1789 4825 1917 4896 frui,
1948 4826 2035 4893 iis,

441 4929 565 4983 qute
597 4928 692 4983 per
717 4914 1061 4970 Maximinum
1094 4931 1323 4971 annonae
1338 4915 1650 4987 pr:cfectum
1675 4932 1739 4971 ac
1765 4916 2033 4973 schisma-

443 5006 579 5061 ticos
625 5005 944 5077 agebantur,
994 5007 1236 5063 studiOSe
1277 5007 1653 5065 dissimulatis.
1706 5010 1858 5066 Alter
1907 5026 2036 5066 vero

438 5101 830 5170 imperatorem
874 5099 1007 5155 nihil
1057 5102 1228 5157 latere
1270 5104 1443 5157 voluit
1475 5102 1695 5157 :Adhuc
1722 5104 1914 5158 scilicet
1942 5106 2038 5158 mi-

439 5196 589 5260 sceri,
620 5210 735 5268 qute
777 5194 1043 5265 aliquanto
1082 5196 1288 5266 placata
1345 5199 1572 5267 fuerant,
1596 5199 2035 5251 extramuraneis-

437 5303 537 5357 que
560 5291 784 5346 caedibus
808 5289 1097 5361 frequenter
1124 5290 1368 5359 strepitus
1407 5289 1642 5343 excitari.
1672 5288 1827 5342 Hisce
1855 5302 2032 5343 autem

440 5381 735 5440 verisimile
777 5393 864 5440 est
906 5384 1085 5457 aliqua
1114 5381 1278 5440 etiam
1334 5380 1608 5439 addidisse
1641 5381 1710 5437 de
1759 5380 2031 5435 Maximini

514 5592 596 5668 (ᾳ)
612 5592 793 5668 Epist.
821 5608 975 5659 thx,
1000 5610 1124 5668 pag.
1150 5596 1257 5654 655
1284 5605 1339 5653 et
1366 5595 1494 5654 636.

514 5593 572 5662 (α
619 5592 793 5660 Epist.
821 5608 975 5659 thx,
1000 5610 1124 5668 pag.
1150 5596 1257 5654 655
1284 5610 1308 5653 ε

536 5664 565 5719 ὁ
612 5662 734 5720 Lib.
775 5678 963 5721 xsvttt.
992 5728 1015 5734 η

510 5592 596 5807 leg
619 5734 762 5791 Ann.
788 5735 919 5800 569,
948 5747 1095 5790 num.
1121 5737 1157 5792 3
1174 5746 1229 5791 et
1254 5732 1308 5793 4.

2158 1840 2271 1894 buit
2322 1840 2501 1897 Ursini
2560 1846 2817 1899 scltisuta.

2226 1936 2312 1992 lll.
2345 1939 2575 2008 Aginatii
2608 1941 2804 1995 litteris
2835 1956 2933 2011 pro
2981 1941 3213 1996 Damaso
3240 1942 3474 2012 scriptis.
3500 1957 3751 2013 magnam

2151 2032 2480 2101 cmteroquiu
2510 2033 2614 2087 vim
2647 2033 2926 2089 addidisse
2970 2034 3145 2105 potuit
3173 2034 3432 2105 Evagrius
3462 2034 3755 2090 Antioche-

2152 2141 2252 2179 nus
2302 2128 2584 2199 presbyter
2632 2169 2647 2193 ,
2694 2129 2785 2199 qui
2842 2130 3226 2199 imperatorem
3281 2139 3587 2185 accesserat
3654 2146 3752 2201 pro

2157 2219 2487 2275 Vercellensi
2539 2220 2745 2276 femina
2801 2223 3005 2292 septies
3037 2224 3139 2278 icta
3168 2241 3183 2290 ;
3210 2239 3369 2293 quam
3420 2240 3532 2280 rem
3562 2224 3749 2281 Hiero.

2152 2328 2345 2384 nymus
2389 2323 2573 2368 narrat
2594 2314 2758 2369 veluti
2788 2326 3019 2385 gestam,
3054 2318 3365 2387 priusquam
3396 2318 3448 2373 in
3476 2318 3749 2374 Orientem

2153 2405 2270 2474 ipse
2309 2404 2597 2461 secederet
2637 2408 2742 2477 (ά).
2774 2407 2887 2463 Hoc
2903 2424 3033 2462 vero
3059 2408 3298 2464 officium
3334 2410 3604 2481 Evagrius
3631 2427 3660 2466 a
3691 2426 3752 2467 se

2148 2496 2335 2553 deberi
2385 2500 2597 2554 censuit
2642 2499 2881 2556 Eusebio
2922 2500 3255 2557 Vcrcellensi
3289 2503 3571 2574 episcopo,
3616 2520 3751 2575 quo-

2147 2604 2269 2643 cum
2296 2598 2452 2644 antea
2481 2606 2547 2646 ex
2569 2591 2791 2647 Oriente
2820 2593 2873 2646 in
2908 2592 3111 2648 Italiam
3138 2609 3200 2647 ac
3228 2593 3454 2649 Romam
3481 2605 3706 2650 venerat
3732 2613 3746 2651 :

2149 2682 2248 2737 hac
2298 2684 2443 2737 enim
2468 2692 2681 2754 captata
2732 2687 3041 2752 occasione,
3067 2687 3278 2742 duabus
3326 2689 3448 2743 aliis
3473 2688 3543 2744 de
3566 2690 3748 2744 causis

2149 2776 2510 2847 Hieronymus
2562 2780 2846 2850 Evagrium
2894 2783 3066 2850 ipsum
3110 2781 3293 2835 laudat
3333 2799 3345 2834 :
3384 2782 3577 2847 altera,
3632 2783 3749 2850 ejus

2146 2883 2309 2939 opera
2340 2870 2589 2925 eﬂ‘ecmm
2638 2888 2760 2927 esse
2811 2882 2904 2926 ut:
2933 2873 3216 2927 Auantius
3270 2874 3555 2928 Mediolani
3602 2876 3749 2929 incu-

2146 2965 2271 3017 bans
2325 2966 2559 3036 sepultus
2613 2967 2756 3037 prius
2801 2974 3076 3035 antequam
3130 2976 3361 3021 mortuus
3422 2968 3684 3022 videretur
3727 2986 3747 3036 ;

2144 3057 2319 3115 altera
2345 3073 2477 3112 vero
2525 3070 2581 3112 ut
2611 3058 2875 3114 Romanus
2914 3060 3186 3132 episcopus
3218 3076 3345 3129 pene
3392 3062 3636 3131 [actionis
3667 3061 3749 3115 la-

2146 3154 2286 3221 queis
2333 3154 2584 3217 irretitus,
2612 3163 2659 3206 et
2686 3154 2866 3207 vicerit
2912 3154 3261 3216 adversarios,
3305 3165 3352 3207 et
3385 3170 3487 3206 non
3519 3154 3746 3208 nocuerit

2145 3247 2417 3319 superatis.
2466 3246 2704 3317 Utraque
2762 3262 2894 3303 vero
2944 3247 3081 3302 mire
3126 3247 3383 3301 Convenit
3412 3247 3540 3303 huic
3581 3263 3743 3302 anno.

2146 3336 2212 3394 Ut
2262 3340 2406 3393 enim
2462 3341 2765 3395 Auxentius
2816 3340 3060 3395 damnari
3102 3340 3270 3395 libere
3322 3350 3524 3411 posset,
3552 3356 3616 3396 ac
3650 3357 3745 3409 pro

2145 3431 2404 3487 damnato
2443 3432 2704 3488 Ecclesiae
2748 3432 3094 3497 denuntiari,
3146 3432 3291 3500 quod
3331 3432 3527 3487 factum
3581 3433 3745 3489 fuisse

2144 3525 2319 3580 dicam
2368 3527 2612 3593 sequenti
2658 3540 2802 3579 anno
2830 3567 2845 3591 ,
2903 3525 3316 3579 allaborandum
3347 3535 3485 3591 erat,
3532 3542 3599 3580 ne
3643 3527 3743 3580 im—

2146 3626 2386 3687 peratur,
2420 3616 2513 3685 qui
2544 3617 2661 3685 ejus
2716 3617 2865 3671 velut
2913 3616 3169 3672 catholit-i
3206 3617 3571 3673 communioni
3626 3634 3746 3674 sese

2144 3709 2487 3778 adjunxerat,
2532 3708 2657 3764 huic
2688 3710 2904 3779 negotio
2932 3709 3293 3763 intercederet
3324 3727 3336 3761 :
3367 3710 3741 3778 quamobrem,

2146 3802 2274 3856 nihil
2314 3802 2508 3855 mirum
2556 3808 2660 3864 est,
2691 3801 2735 3854 si
2778 3816 2841 3855 ea
2888 3799 3149 3872 synodus,
3178 3816 3281 3870 qua
3311 3802 3595 3855 damnatus
3625 3801 3741 3855 edi-

2144 3894 2286 3949 citur
2328 3893 2384 3948 itt
2414 3893 2767 3948 llolsteniana
2822 3894 3166 3954 collectione,
3214 3894 3471 3966 imperiali
3495 3894 3743 3960 rescripto

2144 3999 2466 4058 congregata
2495 3986 2715 4041 dicitur.
2763 3987 3026 4041 Damasus
3058 3996 3235 4043 autem
3284 4002 3457 4057 neque
3487 4003 3740 4057 umquam

2144 4082 2316 4151 magis
2344 4081 2588 4135 irretitus
2633 4080 2882 4135 factionis
2905 4081 3132 4150 laqueis,
3162 4096 3336 4149 neque
3368 4080 3598 4137 Ursinus
3622 4096 3743 4136 cum

2145 4175 2310 4231 sociis
2337 4175 2507 4245 magis
2536 4175 2777 4245 perfecte
2810 4175 3003 4243 victus,
3032 4184 3088 4229 et
3117 4183 3420 4245 superatus.
3453 4190 3614 4245 quam
3642 4174 3746 4230 hoc

2145 4282 2290 4323 anno
2328 4286 2341 4321 :
2375 4284 2519 4321 anno
2540 4267 2683 4322 enim
2729 4267 3021 4337 superiori,
3068 4281 3175 4337 quo
3200 4267 3269 4321 ab
3294 4266 3487 4321 exsilio
3518 4269 3743 4321 lictuam

2145 4376 2397 4417 reversus
2423 4370 2527 4427 est,
2570 4361 2742 4415 victor
2789 4358 2967 4431 potius
3017 4374 3178 4430 quam
3211 4359 3385 4416 victus
3430 4359 3601 4415 videri
3648 4375 3743 4430 po-

2147 4461 2308 4509 terat.

2218 4544 2307 4598 IV.
2352 4544 2633 4599 Ferrarius
2662 4544 2733 4616 (e)
2758 4544 3045 4599 Damasum
3069 4543 3257 4599 Nolam
3283 4542 3580 4598 accessisse
3608 4544 3743 4599 scri-

2150 4637 2247 4703 bit,
2289 4647 2346 4691 ttt
2383 4637 2448 4692 ad
2480 4638 2788 4705 sepulcrum
2824 4637 2883 4693 S.
2916 4636 3114 4693 Felicis
3146 4644 3331 4691 Vttlltm
3363 4637 3628 4702 solveret,
3684 4653 3741 4691 eo

2144 4732 2283 4801 quod
2319 4746 2379 4783 eo
2410 4731 2539 4783 duce
2573 4739 2805 4784 servatus
2831 4734 3032 4802 fuerat,
3063 4747 3124 4783 ac
3154 4731 3328 4783 ntortis
3357 4730 3563 4783 vincula
3590 4746 3742 4799 rupe-

2145 4834 2262 4886 rat,
2316 4834 2706 4893 angusmmque
2753 4822 2868 4892 ejus
2923 4822 3171 4892 sepulcro
3217 4822 3492 4877 basilicam
3549 4837 3741 4891 super-

2143 4915 2443 4976 struxisse,
2477 4930 2638 4985 quam
2680 4915 2740 4972 S.
2771 4914 3027 4969 Paulinus
3070 4915 3265 4970 deinde
3305 4916 3483 4970 latiori
3532 4915 3635 4968 alia
3676 4929 3741 4970 ac

2142 5007 2407 5062 ornatiori
2456 5022 2486 5061 a
2531 5021 2590 5061 se
2639 5006 2901 5061 aedificata
2950 5006 3187 5060 inclusit.
3236 5007 3369 5061 lluic
3413 5017 3593 5061 autem
3625 5007 3739 5073 rei,

2138 5116 2301 5171 quam
2333 5100 2484 5153 multi
2536 5109 2788 5161 narrant,
2822 5112 2885 5151 ac
2917 5113 3028 5167 pra:
3065 5098 3312 5166 ca‘teris,
3358 5100 3450 5169 qui
3479 5098 3739 5154 Nolanam

2142 5191 2422 5247 historiam
2455 5204 2628 5257 nuper
2649 5189 2972 5257 conscripsit
2995 5188 3079 5243 Jo.
3113 5190 3419 5261 Stephanus
3451 5191 3741 5246 llemondi-

2141 5302 2241 5341 nus
2272 5288 2341 5357 (ο
2378 5290 2668 5339 contentus
2698 5282 2749 5338 id
2778 5284 3111 5339 constituere
3147 5286 3467 5339 auctoritate
3500 5285 3641 5340 Petri
3670 5284 3738 5339 de

2139 5379 2439 5445 Natalibus,
2470 5377 2612 5432 aliud
2646 5377 2851 5432 nullum
2882 5388 3257 5449 argumentum
3299 5385 3568 5448 superest,
3601 5392 3741 5447 pm-

2330 5652 2407 5710 De
2433 5655 2554 5711 Nol.
2582 5656 2783 5726 Οωωε,
2809 5667 2929 5726 cap.
2962 5652 3051 5709 10.

2239 5585 2297 5659 d)
2326 5585 2489 5659 Ep._t_,
2516 5582 2649 5659 ‘Ver.
2670 5582 2802 5639 edit.

2239 5586 2297 5659 ά)
2326 5586 2424 5655 Ep.
2452 5598 2489 5649 t,
2524 5586 2649 5640 Ver.
2670 5586 2789 5639 edit

2240 5676 2265 5711 e
2330 5656 2407 5710 De
2433 5655 2554 5711 Nol.
2582 5656 2783 5720 ϐωω..

2214 5586 2289 5800 ll;
2326 5726 2445 5781 Lib.
2476 5726 2557 5793 ut,
2585 5742 2707 5795 cap.
2733 5722 2789 5779 4.
