4150 6176
350 302 456 358 129

1731 296 2263 358 PROLEGOMENA.

3562 308 3666 367 I30

350 426 433 472 ter
470 431 635 470 unum
672 414 921 486 ejusdem
962 416 1175 471 Damasi
1225 416 1453 473 Carmen
1480 432 1620 472 xv...
1646 460 1662 486 ,
1689 420 1834 489 quod
1864 435 1949 474 re-
1980 439 2035 501 Α
2061 418 2339 474 dioecesim
2367 417 2553 475 vicarii
2599 418 2767 474 Italiae
2793 419 3125 477 detrimento
3155 421 3340 480 fuisse.
3371 421 3444 481 Ut
3480 430 3663 480 autem

346 525 478 564 vera
510 511 753 564 votivum
781 518 887 576 est,
922 520 980 564 ut
1010 510 1274 565 Btrnnius
1301 512 1464 565 etiam
1517 520 1571 567 et
1602 512 1734 566 clar.
1769 512 1951 567 Mura-

347 604 529 659 torius
560 602 638 676 (a)
668 604 977 658 observant.
1020 604 1092 658 At
1125 604 1227 659 nisi
1258 614 1473 670 votum,
1516 622 1545 660 a
1586 606 1815 661 Damaso
1860 606 1956 660 ab-

352 707 513 754 sente
548 713 611 752 ac
654 698 811 769 longe
868 699 1044 767 posito
1075 700 1412 769 persolutum
1457 701 1627 765 velis,
1679 700 1781 755 hoc
1823 700 1955 756 satis

355 800 473 857 est,
507 792 558 846 ni
605 791 787 857 fallor,
834 799 895 846 ut
918 791 1071 846 illum
1098 791 1286 847 Nolam
1324 794 1616 849 accessisse
1645 793 1950 849 credamus.

353 884 541 955 Neque
569 884 713 939 enim
767 884 819 938 in
873 884 1007 940 urbe
1037 884 1207 941 Roma
1255 903 1320 940 eo
1365 896 1606 954 tempore
1645 896 1955 942 constructa

352 977 526 1033 fuerat
552 976 784 1032 ecclesia
833 978 952 1043 illa,
984 994 1104 1049 qu:e
1145 978 1343 1035 deinde
1374 979 1432 1035 S.
1466 978 1661 1034 Felicis
1689 979 1742 1035 in
1775 980 1955 1035 Pincis

350 1088 380 1125 a
412 1072 793 1126 Pincianorum
819 1071 1026 1126 aedibus
1054 1071 1201 1127 dicta
1227 1080 1310 1128 est
1333 1072 1433 1145 (b),
1467 1082 1523 1127 ut
1547 1073 1809 1129 Damasus
1830 1087 1957 1143 sup—

349 1167 548 1237 plicem
578 1167 630 1221 in
663 1182 727 1221 ea
759 1175 999 1221 statuere
1029 1182 1182 1235 sese,
1225 1184 1287 1222 ac
1315 1184 1498 1223 coram
1531 1168 1741 1225 solvere
1772 1177 1954 1225 votum

350 1268 563 1330 posset,
586 1258 641 1314 Id
671 1268 930 1329 praeterea
959 1276 1133 1329 neque
1151 1260 1219 1314 ab
1239 1276 1427 1316 eorum
1454 1270 1752 1331 temporum
1780 1279 1952 1329 more,

353 1368 533 1422 neque
576 1351 643 1407 ab
669 1352 787 1419 ejus
829 1351 933 1406 loci
978 1352 1239 1423 religione
1286 1354 1517 1409 alienum
1547 1354 1716 1409 videri
1746 1363 1951 1425 potest,

355 1446 685 1515 cujustanta
714 1456 831 1502 erat
862 1445 1037 1512 fama,
1070 1455 1129 1501 ut
1150 1462 1215 1501 ex
1242 1446 1430 1518 quavis
1461 1456 1723 1502 terrarum
1764 1452 1952 1519 parte,

358 1548 523 1609 atque
544 1539 615 1593 ab
644 1540 753 1610 ipsa
782 1538 951 1595 Roma
981 1538 1229 1608 frequens
1251 1554 1545 1595 concorsus
1565 1538 1751 1595 Nolam
1779 1540 1951 1595 fieret.

350 1630 491 1687 Hinc
515 1631 769 1687 Paulinus
805 1628 879 1703 (c)
908 1632 1072 1686 natali
1100 1631 1219 1701 ejus
1247 1633 1417 1687 sancti
1450 1632 1539 1688 die
1564 1632 1689 1703 jure
1719 1632 1951 1690 cecinit:

446 1790 939 1854 ipsaqueicrelestum
959 1792 1110 1841 sacris
1133 1804 1392 1853 procerum
1417 1794 1747 1844 monumentis

451 1852 617 1916 Roma,
649 1853 802 1903 Petro
828 1852 1077 1915 Pauloque
1102 1852 1296 1916 petens,
1316 1868 1573 1916 rarescere
1601 1856 1785 1915 gaudet

448 1914 605 1979 Huius
624 1917 825 1979 honore,
840 1916 941 1977 die,
970 1914 1222 1978 portaeque
1249 1914 1312 1966 ex
1337 1914 1662 1979 orerCapente

448 1977 597 2041 {milia
624 1978 925 2041 profundens
949 1977 1007 2041 ad
1031 1977 1200 2027 amissa
1226 1981 1401 2029 muenia
1430 1977 1564 2028 Nola:

453 2039 665 2089 Dimittit
684 2039 910 2089 duodena
944 2040 1119 2089 decem
1148 2054 1235 2101 per
1262 2040 1408 2089 millia
1432 2041 1587 2089 denso

458 2103 687 2166 Agmine,
711 2103 955 2152 consertis
980 2104 1128 2165 longe
1154 2102 1276 2152 latet
1295 2103 1452 2166 Appia
1473 2105 1648 2154 turbis.

434 2232 566 2287 Cum
600 2244 775 2287 autem
813 2232 902 2288 hic
932 2232 1174 2302 pontifex
1225 2248 1285 2288 se
1340 2234 1517 2303 capite
1563 2234 1961 2302 periclitantem

360 2324 618 2395 prmsidio
647 2325 804 2394 hujus
827 2323 1000 2379 sancti
1029 2327 1281 2397 martyris
1308 2338 1580 2381 servatum
1610 2327 1774 2393 dicat,
1802 2339 1966 2397 atque

358 2418 415 2473 in
468 2420 569 2473 hoc
618 2419 708 2473 ille
761 2418 1055 2474 discrimen
1104 2418 1367 2473 adductus
1415 2419 1577 2474 fuerit
1624 2419 1965 2476 inimicorum

358 2511 572 2577 fraude,
605 2513 706 2566 sub
751 2511 1043 2567 Maximino
1074 2513 1329 2582 praafecto
1376 2528 1639 2579 annonae,
1693 2515 1738 2568 si
1780 2515 1965 2569 Nolam

364 2606 617 2673 accessit,
652 2606 742 2661 vix
769 2606 878 2661 alio
923 2606 1217 2662 accessisse
1260 2607 1451 2675 potuit,
1508 2623 1668 2677 quam
1715 2607 1836 2673 hoc,
1875 2618 1968 2664 aut

362 2700 613 2769 sequenti
665 2715 851 2769 anno,
898 2716 1003 2772 quo
1058 2699 1175 2756 hmc
1228 2701 1307 2755 illi
1355 2701 1540 2772 quies,
1598 2710 1654 2759 et
1702 2703 1968 2759 securitas

364 2803 517 2864 parta
541 2802 642 2849 est.

985 2886 1212 2945 CAPUT
1249 2887 1340 2944 IV.

369 2999 496 3064 369,
518 3001 723 3057 Diuum
744 3002 801 3068 4,
828 3001 1310 3060 VsssurmuuoN.
1339 3004 1398 3057 P.
1425 3020 1492 3059 nr
1513 3003 1756 3061 Vtcrons
1784 3020 1967 3061 conss.

370 3093 412 3148 ι.
456 3093 636 3149 Prima
672 3095 763 3150 sub
819 3094 1045 3151 Damaso
1093 3096 1319 3167 synodus
1368 3097 1611 3151 adversus
1662 3097 1971 3153 Auxentium

446 3187 933 3259 pseudoepiscopum
967 3187 1423 3244 Mediolanensem.
1456 3188 1517 3245 Il.
1573 3188 1676 3244 Cur
1706 3191 1802 3244 hoc
1830 3207 1967 3244 anno

450 3283 812 3350 consignetur?
856 3283 943 3337 Ill.
981 3282 1118 3350 Quid
1146 3284 1199 3336 in
1226 3300 1285 3337 ea
1310 3293 1501 3349 actum,
1538 3285 1971 3354 constitutumque

446 3375 648 3443 fuerit?
692 3373 825 3447 Ejus
882 3375 1127 3445 synodica
1178 3376 1492 3430 illustratur.
1539 3375 1627 3431 ιν.
1684 3376 1869 3448 Agitur
1914 3377 1978 3431 de

460 3468 727 3523 Vincentio
756 3468 1027 3539 Capuano.

452 3585 490 3640 l.
514 3585 805 3655 Postquam
839 3584 1001 3655 igitur
1026 3585 1292 3639 Damasus
1313 3585 1647 3655 aliquantum
1676 3600 1707 3641 e
1728 3584 1980 3641 fluctibus

378 3682 695 3737 domesticae
733 3679 1024 3736 seditionis
1073 3692 1404 3744 emerserat,
1438 3681 1504 3735 ad
1553 3680 1833 3736 catholicae
1879 3680 1982 3736 Ec-

379 3776 561 3831 clesiae
590 3790 775 3830 curam
819 3775 1056 3828 animum
1088 3774 1306 3844 adjecit.
1340 3773 1450 3828 Hoc
1488 3775 1629 3828 enim
1658 3790 1800 3827 anno
1841 3776 1983 3829 cele-

378 3868 535 3924 brem
583 3867 732 3922 illam
778 3877 968 3923 contra
1008 3867 1333 3923 Auxentium
1363 3869 1681 3923 convocavit
1717 3868 1982 3939 synodum

383 3961 677 4030 nonaginta
730 3959 891 4015 trium
936 3963 1311 4031 episcoporum
1335 4002 1350 4028 ,
1383 3960 1536 4031 cujus
1566 3960 1705 4032 apud
1737 3960 1985 4017 Theodo-

386 4064 565 4108 retum
595 4052 700 4122 (ά),
731 4054 823 4121 qui
867 4068 1095 4108 numero
1127 4051 1357 4109 rotundo
1396 4054 1586 4119 utitur,
1630 4067 1693 4108 ac
1731 4052 1985 4108 Sozome-

391 4164 522 4202 num
554 4147 621 4219 (ε)
664 4149 866 4205 mentio
892 4165 1013 4205 cum
1054 4149 1213 4204 laude
1239 4159 1341 4203 est.
1376 4150 1673 4204 Auxentius
1699 4165 1820 4205 cum
1851 4164 1985 4218 pau-

390 4256 489 4296 cos
510 4250 631 4295 ante
658 4257 831 4297 annos
860 4242 924 4297 iis
951 4242 1153 4296 lusisset
1176 4241 1336 4296 verbis
1355 4282 1369 4305 ,
1407 4239 1614 4295 Hilario
1640 4221 1779 4295 teste
1808 4239 1989 4310 quibus

392 4346 562 4407 posset
602 4335 785 4405 fallere
821 4344 870 4389 et
895 4337 1113 4403 electos,
1141 4350 1170 4389 a
1198 4333 1600 4397 Valentiniano,
1630 4348 1790 4403 quem
1822 4334 1875 4387 in
1906 4331 1991 4387 Siti

393 4432 819 4487 communionem
843 4430 1181 4486 fraudulenta
1197 4428 1539 4485 confessione
1562 4436 1820 4493 traxerat,
1847 4426 1990 4482 obti-

400 4538 590 4581 nuerat
615 4526 790 4592 edici,
840 4542 909 4583 ne
937 4542 969 4581 a
1012 4525 1264 4596 quopiam
1312 4521 1724 4580 Mediolanensis
1755 4520 1989 4578 Ecclesia

2059 511 2307 566 indoctos
2335 511 2484 577 illos,
2515 512 2901 583 simplicesque
2945 515 3231 584 episcoltos
3259 515 3326 570 ad
3366 531 3519 572 suam
3549 516 3664 571 hae-

2058 606 2221 661 resim
2268 605 2625 676 perduceret,
2672 608 2923 662 utebatur
2972 606 3253 673 subdolis,
3300 609 3666 680 captioslsque

2061 701 2183 756 fidei
2213 702 2458 757 formulis
2481 744 2496 766 ,
2528 717 2663 773 quas
2692 702 2956 758 Damasus
2984 718 3173 758 saevas
3212 703 3665 773 interpretationes

2058 805 2203 849 vocat
2225 835 2238 857 ,
2271 802 2433 866 atque
2469 794 2830 851 Ariminensis
2873 794 3218 851 conciliabuli
3248 804 3626 851 sexcentorum
3646 837 3661 861 ,

2060 893 2119 941 ιιι
2150 887 2242 942 ille
2271 886 2410 942 falso
2432 887 2631 955 aiebat,
2658 888 3039 958 episcoporum
3065 888 3443 944 auctoritatem
3471 886 3666 943 obten-

2058 980 2241 1046 debat,
2278 996 2614 1051 perversaque
2641 980 2758 1035 lnec
2780 980 3005 1035 consilia
3035 979 3348 1045 adhibebat,
3372 996 3441 1037 ne
3457 979 3578 1051 quis
3599 979 3667 1036 ab

2060 1090 2127 1131 eo
2152 1075 2452 1133 recederet.
2480 1074 2607 1131 Haec
2627 1074 2889 1131 discimus
2916 1090 2980 1131 ex
3010 1081 3239 1129 tractatu
3262 1072 3450 1128 Hilarii
3476 1082 3666 1129 contra

2060 1170 2389 1226 Auxentium
2419 1172 2625 1237 ipsum,
2656 1181 2820 1241 atque
2856 1185 2919 1225 ex
2950 1168 3069 1239 ejus
3102 1167 3344 1224 haeretici
3372 1166 3439 1223 ad
3468 1165 3668 1222 Valen-

2062 1262 2323 1318 tinianum
2378 1263 2596 1329 libello,
2646 1262 2789 1319 unde
2839 1262 3095 1317 Romana:
3123 1261 3250 1317 huic
3294 1259 3503 1331 synodo
3533 1258 3672 1315 scri-

2062 1364 2275 1427 ptzeqtte
2304 1357 2374 1411 ab
2418 1373 2479 1413 ea
2519 1356 2765 1426 epistolm
2796 1355 2979 1411 lumen
3020 1355 3251 1411 accedit.
3296 1353 3456 1409 Hisce
3485 1353 3669 1423 itaque

2060 1448 2128 1504 de
2181 1450 2341 1506 rebus
2396 1450 2629 1504 Damaso
2679 1450 2981 1505 retulerant
3031 1448 3168 1506 Galli
3224 1462 3289 1503 ac
3329 1443 3668 1504 Vcnetenses

2059 1544 2338 1614 episcopi,
2376 1558 2511 1614 quos
2541 1542 2685 1599 inter
2713 1542 2978 1598 Hilarium
3021 1542 3450 1608 Pictaviensem,
3494 1540 3670 1597 Euse-

2059 1635 2206 1691 bium
2242 1635 2671 1702 Vercellensem,
2702 1635 2794 1707 qui
2824 1636 2891 1691 ab
2922 1635 3115 1693 exsilio
3150 1635 3321 1691 redux
3350 1649 3449 1706 per
3492 1632 3669 1706 Illyri-

2058 1744 2179 1783 cum
2226 1728 2496 1784 Nicwnam
2546 1729 2707 1785 fidem
2751 1729 3081 1785 confirmans
3110 1728 3213 1784 iter
3244 1728 3447 1784 fecerat
3483 1726 3565 1800 (It)
3608 1742 3672 1783 ac

1989 1824 2417 1904 BPhilaslrium
2471 1824 2811 1881 Brixiensem
2869 1828 3063 1881 merito
3118 1834 3405 1880 numerant
3471 1821 3673 1880 eruditi

2067 1922 2198 1988 viri,
2249 1936 2573 1992 quamquam
2602 1920 2789 1976 decem
2839 1919 3005 1976 fuisse
3052 1918 3339 1989 episcopos
3381 1918 3534 1984 illos,
3579 1913 3672 1986 qui

2066 2022 2253 2068 contra
2283 2012 2610 2068 Auxentium
2642 2010 2926 2067 Mediolani
2958 2011 3240 2081 congressi
3278 2016 3440 2077 sunt,
3472 2023 3543 2065 ex
3577 2023 3671 2064 eo-

2065 2106 2188 2161 dem
2216 2105 2420 2161 Hilario
2449 2112 2679 2160 constat.
2719 2104 2799 2159 Ex
2832 2104 2941 2159 illis
2965 2104 3125 2174 igitur
3157 2101 3502 2159 intellexerat
3531 2114 3666 2171 pon-

2069 2198 2219 2264 tifex,
2254 2213 2376 2253 esse
2404 2198 2613 2267 aliquos
2636 2197 2775 2252 inter
2798 2196 2956 2267 primi
2984 2194 3192 2251 ordinis
3216 2194 3551 2260 sacerdotes,
3579 2193 3673 2263 qui

2066 2289 2180 2345 sive
2204 2305 2269 2344 ea:
2306 2290 2541 2357 inscitia,
2574 2289 2692 2345 sive
2721 2306 2784 2345 ea;
2819 2289 3151 2359 simplicitate
3176 2289 3353 2343 scwvis
3378 2288 3487 2342 illis
3513 2287 3674 2341 inter.

2069 2383 2440 2453 pretationibus
2492 2398 2551 2436 ac
2592 2382 2840 2453 peruersis
2883 2381 3113 2437 consiliis
3141 2391 3455 2448 wstuantes,
3502 2380 3677 2437 hatre-

2069 2487 2188 2531 rent
2219 2475 2361 2531 inter
2387 2475 2719 2531 Catholicam
2749 2475 2934 2544 fidem,
2968 2474 3330 2547 Arianamque
3371 2473 3675 2546 perfidiam.

2070 2570 2403 2626 Addiderant
2426 2572 2751 2627 Auxentium
2776 2586 2839 2627 ea
2861 2575 3131 2641 praecipue
3152 2569 3221 2626 de
3240 2584 3425 2637 causa,
3451 2568 3678 2624 damna-

2071 2671 2184 2717 tum
2230 2662 2434 2733 pridem
2475 2662 2684 2720 fuisse:
2722 2678 2910 2719 verum
2940 2678 2971 2717 a
3020 2662 3252 2718 Damaso
3300 2663 3678 2733 potissimum,

2069 2758 2306 2829 sedeque
2350 2758 2644 2829 apostolica
2690 2756 2924 2813 dandam
2966 2772 3090 2813 esse
3134 2770 3396 2827 operam,
3430 2771 3499 2812 ne
3529 2755 3682 2811 labes

2072 2850 2168 2907 illa
2197 2851 2356 2906 latius
2408 2860 2818 2922 propagaretur.
2867 2848 3017 2909 Hanc
3055 2848 3198 2905 enim
3245 2864 3346 2920 ego
3386 2862 3507 2903 esse
3551 2857 3683 2918 pulo

2072 2941 2265 2997 borum
2303 2941 2589 2996 verborum
2617 2940 2722 2995 vim
2753 2959 2765 2994 :
2797 2938 3033 3005 Denique
3071 2940 3385 2995 Auxentium
3414 2936 3677 2992 Mediola-

2072 3054 2281 3091 nensem
2324 3036 2422 3091 Itac
2463 3037 2723 3106 prwcipne
2770 3052 2926 3090 causa
2970 3034 3277 3089 damnatum
3303 3028 3415 3089 esse
3453 3032 3680 3103 perscri-

2074 3132 2228 3199 bunt,
2260 3148 2379 3202 quaz
2423 3132 2755 3187 obscuritate
2794 3132 2971 3202 aliqua
3014 3129 3264 3185 laborare
3308 3126 3591 3192 videntur;
3624 3134 3685 3182 ut

1997 3234 2043 3297 α
2072 3241 2269 3295 nempe
2317 3224 2715 3295 intelligamus,
2760 3224 3023 3296 praesules
3068 3222 3191 3278 illos
3234 3219 3682 3292 vigilantissimos

2082 3326 2391 3385 anteactas,
2436 3318 2630 3390 quibus
2659 3318 2767 3389 jam
2810 3318 3128 3389 perstrictus
3171 3315 3349 3372 fuerat
3388 3313 3688 3371 sententias

2082 3410 2313 3465 Damaso
2364 3424 2694 3465 memorasse
2714 3448 2730 3475 ,
2756 3425 2879 3464 eum
2910 3410 2965 3464 in
3012 3408 3170 3463 finem
3194 3448 3211 3474 ,
3239 3417 3294 3460 ut
3325 3406 3445 3461 illas
3474 3394 3690 3462 calculo

2082 3498 2244 3555 etiam
2283 3517 2381 3556 suo
2405 3500 2754 3555 confirmatas
2784 3500 3047 3555 Ecclesiis
3076 3498 3444 3567 denuntiaret,
3471 3514 3578 3570 quo
3608 3498 3692 3553 in-

2087 3591 2323 3646 fallibilis
2369 3601 2531 3663 atque
2575 3592 2977 3648 indeclinabilis
3002 3592 3337 3648 auctoritatis
3366 3590 3472 3646 vim
3503 3588 3693 3663 acqui-

2088 3693 2291 3747 rerent,
2320 3696 2484 3755 atque
2523 3685 2596 3739 ita
2645 3685 2829 3752 fieret,
2864 3696 2922 3739 ut
2950 3686 3039 3741 ille
3063 3684 3299 3755 amplius
3325 3699 3523 3740 nocere
3547 3682 3696 3738 desi-

2088 3787 2270 3842 neret;
2324 3778 2401 3834 sic
2453 3777 2591 3834 Galli
2644 3775 2807 3832 iidem
2870 3777 3112 3849 episcopi
3166 3777 3450 3847 superiore
3490 3775 3693 3831 θανουεο

2088 3871 2420 3943 Stephanum
2474 3878 2803 3943 rogaverant
2851 3880 2908 3925 ut
2974 3870 3184 3924 litteras
3231 3883 3329 3940 per
3385 3864 3693 3939 provincias

2090 3964 2382 4031 scriberet,
2416 3966 2611 4037 quibus
2652 3964 2984 4020 Marcianum
3013 3963 3387 4020 Arelatensem
3426 3962 3481 4017 in
3520 3959 3696 4017 Nova-

2093 4059 2275 4127 liano,
2323 4059 2480 4129 cujus
2532 4060 2858 4131 sequebatur
2908 4066 3126 4131 partes,
3170 4066 3226 4114 et
3257 4056 3538 4123 haeresim,
3577 4055 3692 4126 jam

2091 4150 2434 4221 damnatum,
2485 4162 2539 4209 et
2582 4164 2734 4208 extra
2789 4152 3229 4208 communionem
3280 4149 3517 4218 factum,
3559 4163 3591 4203 a
3633 4163 3696 4205 sc

2092 4248 2253 4302 etiam
2278 4245 2492 4316 publice
2517 4246 2803 4302 abstentum
2832 4255 3087 4301 constare
3113 4244 3366 4300 omnibus
3392 4250 3594 4315 posset,
3628 4257 3699 4298 ne

2093 4337 2297 4394 diutius
2334 4336 2713 4409 episcoporum
2756 4337 2974 4393 illorum
3022 4338 3256 4409 collegio
3293 4335 3591 4401 insultare,
3635 4349 3701 4392 ac

2094 4444 2312 4501 gregem
2341 4429 2541 4487 Christi
2585 4430 2852 4502 dissipare
2894 4441 3145 4501 pergeret
3182 4429 3280 4503 (i);
3327 4444 3487 4501 quam
3534 4427 3700 4484 etiam

2098 4523 2168 4579 ob
2216 4538 2433 4578 causam
2482 4522 2771 4590 Basilium,
2824 4532 2882 4579 ut
2925 4522 3242 4579 Eustathius
3288 4531 3344 4578 et
3373 4519 3703 4593 Apollinaris

399 4620 804 4691 perturbaretur
848 4618 939 4691 (Ι).
984 4618 1099 4674 Hac
1138 4617 1300 4689 igitur
1334 4616 1543 4671 ratione
1582 4614 1896 4670 obfirmattts
1939 4614 1992 4669 in
2019 4630 2072 4692 ι)
2100 4616 2312 4687 publice
2357 4632 2386 4670 a
2434 4616 2564 4672 sede
2601 4615 2897 4685 apostolica
2945 4615 3184 4670 damnati
3225 4613 3704 4684 denuntiarentur,

400 4712 634 4779 scelere,
664 4727 868 4785 magnae
891 4724 1153 4782 praeterea
1183 4709 1443 4765 Ecclesiae
1465 4707 1787 4763 auctoritate
1835 4719 1996 4777 atque

398 4807 743 4877 imperatoris
790 4805 1041 4877 praesidio
1085 4804 1277 4870 fultus,
1328 4800 1588 4859 Arianum
1638 4800 1787 4857 virus
1834 4800 1998 4856 latius

403 4915 720 4972 propagare,
755 4899 1152 4971 Transpadana:
1172 4914 1236 4954 ac
1271 4897 1507 4953 Venetia:
1535 4896 1821 4967 episcOpos
1851 4910 1880 4948 a
1911 4908 2002 4949 ca-

401 4994 601 5050 tholica
642 4994 905 5065 religione
945 4993 1180 5050 avellere
1207 5000 1470 5060 coeperat.
1504 4988 1639 5044 Cum
1667 5000 1846 5044 autem
1875 4987 2004 5043 Hie~

404 5101 667 5159 ronymus
691 5086 891 5142 scribat
914 5087 994 5161 (g)
1023 5095 1135 5157 post
1156 5085 1398 5140 Auxentii
1421 5098 1585 5138 seram
1612 5090 1849 5148 mortem,
1880 5081 2004 5135 Am-

407 5179 575 5234 brosio
617 5180 859 5253 episeopo
904 5180 1205 5247 constituto,
1240 5192 1442 5233 omnem
1488 5176 1556 5229 ad
1608 5175 1764 5245 ﬁdem
1813 5184 2003 5229 rectam

409 5273 623 5330 Italiam
651 5290 949 5330 conversam
976 5289 1116 5340 esse,
1148 5271 1305 5327 facile
1334 5268 1512 5341 colligi
1543 5277 1748 5339 potest,
1784 5267 2004 5338 impium

412 5365 516 5422 hoc
542 5368 785 5423 heretici
822 5366 1057 5423 studium
1104 5383 1209 5422 non
1242 5366 1435 5436 exiguo
1465 5362 1544 5419 rei
1586 5361 1869 5418 catholicae
1910 5376 2008 5433 per

489 5528 566 5598 (ιι)
604 5526 728 5582 Not.
756 5525 824 5581 ad
854 5524 1034 5581 Carm.
1068 5541 1143 5593 xl,
1177 5540 1317 5581 vers.
1351 5524 1438 5590 11,
1466 5531 1521 5579 et
1544 5521 1767 5578 dissert.
1799 5522 1888 5579 18.

490 5600 542 5672 (b
611 5600 798 5653 Donat.
831 5599 925 5655 lib.
960 5614 1048 5661 tu,
1079 5613 1199 5667 cap.
1231 5599 1286 5652 8.

491 5602 566 5741 (ei
602 5668 780 5724 Carm.
812 5687 869 5726 ut
892 5686 957 5726 ex
985 5670 1115 5725 edit.
1146 5670 1217 5726 cl.
1242 5670 1286 5725 M

491 5668 564 5739 (c)
602 5668 780 5724 Carm.
812 5687 869 5726 ut
892 5686 957 5726 ex
985 5670 1115 5725 edit.
1146 5670 1217 5726 cl.
1242 5670 1435 5725 Murat.

495 5744 576 5885 (αξ
618 5741 732 5799 Lib.
757 5758 816 5807 ιι,
845 5759 966 5813 cap.
998 5742 1092 5797 εξ.

500 5812 550 5885 (e
615 5813 731 5871 Lib.
764 5830 838 5885 Vl,
860 5829 980 5885 cap.
1012 5814 1092 5871 25.

500 5812 574 5887 (c)
615 5813 731 5871 Lib.
764 5830 838 5886 Vl,
860 5812 980 5887 cap.
1012 5814 1102 5871 25.

2102 4715 2403 4786 postulasse
2430 4712 2660 4783 legimus
2689 4712 2760 4785 (j)
2787 4720 2947 4783 atque
2977 4711 3101 4767 hinc
3124 4719 3237 4767 tum
3264 4711 3383 4781 ejus
3404 4709 3710 4782 disciplinae

2102 4805 2507 4861 diuturnitatem
2555 4804 2972 4876 cognoscimus,
3021 4812 3133 4859 tum
3177 4819 3297 4860 eam
3343 4818 3509 4868 esse,
3546 4816 3710 4875 quam

2104 4898 2237 4964 dixi,
2261 4898 2577 4954 eorumdem
2606 4899 2895 4954 verborum
2921 4897 3052 4954 vim.
3081 4896 3350 4953 Damasus
3379 4896 3560 4968 itaque
3584 4910 3713 4965 syn-

2104 4991 2267 5048 odum
2297 4999 2590 5063 congregat
2624 4992 2727 5047 hoc
2755 5007 2901 5047 anno
2925 5007 2993 5048 ex
3038 4991 3109 5047 93
3134 4989 3406 5062 episcopis
3440 4984 3714 5059 composi—

2108 5094 2239 5147 tam,
2269 5089 2381 5137 tum
2411 5092 2469 5138 ut
2492 5082 2613 5138 latae
2642 5086 2790 5155 prius
2812 5083 2863 5139 in
2891 5083 3218 5140 Auxentium
3244 5080 3550 5146 sententize,
3580 5086 3714 5134 rata:

2108 5191 2139 5233 a
2178 5174 2309 5232 sede
2335 5175 2633 5248 apostolica
2676 5175 3027 5241 haberentur,
3062 5184 3172 5231 tum
3213 5182 3272 5229 ut
3314 5172 3529 5229 Nicaena
3581 5166 3716 5225 fides

2109 5269 2552 5338 confirmaretur,
2593 5270 2854 5342 abrogato
2879 5267 3209 5325 Ariminensi
3257 5262 3512 5328 concilio,
3553 5273 3719 5333 atque

2112 5362 2186 5418 ita
2215 5362 2304 5433 qui
2330 5371 2520 5419 nutare
2560 5360 2613 5417 in
2645 5361 2784 5429 fide,
2814 5378 2877 5417 ac
2901 5378 3047 5417 secus
3073 5376 3135 5414 ac
3166 5356 3260 5411 Dei
3290 5355 3523 5411 convenit
3548 5371 3720 5412 sacer-

2190 5522 2264 5597 (f)
2304 5524 2494 5597 fl_i_lar.,
2520 5522 2617 5597 lib.
2639 5532 2816 5578 contr.
2839 5519 3075 5597 Auxent.
3102 5536 3252 5578 num.
3281 5520 3335 5576 7.

2194 5592 2252 5667 (ᾗ
2312 5595 2515 5651 Chron.
2547 5593 2614 5648 ad
2641 5610 2768 5648 ann.
2797 5609 2852 5649 ιι
2880 5592 3128 5649 Gratian.

2194 5603 2275 5739 (hi
2300 5667 2423 5739 iVit.
2446 5664 2587 5739 apud
2602 5663 2855 5739 _Ughell.,
2882 5674 3028 5739 ιοιιι.⁸
3044 5663 3128 5739 lV_,_

2203 5663 2275 5739 ii)
2313 5667 2423 5724 Vit.
2446 5664 2587 5738 apud
2615 5663 2854 5736 Ughell.,
2882 5674 3014 5720 tom.
3044 5663 3132 5729 IV,
3162 5681 3283 5739 pag.
3311 5665 3437 5724 759.

2194 5670 2260 5881 ἒ)
2297 5737 2421 5818 Vid.
2452 5737 2708 5824 Cypria".
2727 5775 2741 5796 .
2770 5735 2949 5824 epist;
2968 5735 3038 5793 68
3059 5778 3073 5804 ,
3098 5736 3227 5795 Ver.
3252 5738 3381 5796 edit.

2252 5814 2271 5881 )
2301 5809 2423 5866 th.
2450 5818 2611 5881 cptst.
2640 5807 2750 5865 ΞΜ
2772 5818 2828 5866 et
2844 5807 2971 5867 260.
3011 5841 3021 5881 ε

2222 5745 2260 5807 i)
2297 5745 2421 5793 για.
2452 5745 2705 5809 Cyprian.
2727 5775 2741 5796 ,
2770 5745 2934 5806 epist.
2968 5745 3038 5793 68
3059 5778 3073 5804 ,
3101 5745 3227 5795 Ver.

2222 5811 2271 5881 j)
2301 5809 2423 5866 Viti.
2450 5810 2611 5882 epist.
2640 5807 2750 5865 261
2772 5818 2828 5866 et
2844 5807 2971 5867 263.
3011 5841 3021 5884 ε
