4150 6176
440 260 538 339 tiu

1622 270 1935 337 SANCTUS
1973 277 2300 338 υδωυε
2336 277 2420 337 ΡΑ
2428 277 2536 336 ΡΑ.

3641 267 3744 333 153

433 383 609 450 dotes,
656 384 861 443 sentire
903 386 1235 455 viderentur,
1258 400 1474 447 errores
1502 403 1630 445 suos
1670 390 2031 463 deponerent.
2060 391 2463 464 AArianorum
2508 388 2894 460 antesignanos
2931 387 3156 442 damnat
3199 382 3347 441 nulla
3372 382 3442 440 de
3469 383 3745 445 Auxentio

435 476 549 533 Hoc
585 493 717 535 vero
744 479 958 537 abunde
1005 482 1305 552 pra:stitum
1336 482 1506 540 fuisse
1550 494 1765 541 constat
1806 500 1873 541 ex
1920 485 2037 557 ejus

433 569 502 624 ad
532 569 775 641 Illyricos
795 573 1052 642 epistola,
1092 590 1255 643 quant
1288 575 1663 632 Theotloretus
1688 590 1754 633 ac
1783 577 2040 633 Sozorne—

436 676 537 715 nus
565 664 814 726 recitant,
850 662 1163 723 Holstenius
1184 677 1380 724 autem
1412 666 1656 724 Latinam
1686 683 1751 725 ac
1781 670 2037 741 primige-

436 753 576 808 niam
599 753 764 810 edidit
787 753 885 830 (a).

506 843 573 913 ll,
595 844 679 902 ll].
708 845 860 903 Nunc
882 863 1113 907 cuream
1135 866 1258 907 cum
1286 868 1481 923 magno
1508 855 1759 924 Baronio,
1789 856 2034 927 Sigonio,

435 935 660 993 Petavio
698 947 759 995 et
799 939 1083 998 Holstenio
1122 943 1227 999 hoc
1277 961 1422 1001 anno
1468 959 1852 1020 congregatam
1901 963 2037 1006 cen—

428 1042 578 1084 seam
603 1069 618 1093 ,
650 1031 890 1087 rationes
921 1034 1110 1105 accipe
1136 1053 1149 1088 :
1182 1036 1243 1091 1°
1276 1047 1492 1093 constat
1517 1056 1581 1095 ex
1615 1042 1881 1111 protemio
1905 1041 2037 1098 Pre—

435 1133 556 1173 cum
601 1118 888 1190 Faustini,
940 1139 1005 1180 ac
1049 1124 1384 1198 Marcellini,
1427 1131 1607 1187 nullos
1647 1132 1714 1188 ad
1763 1133 2035 1204 synodum

433 1215 756 1270 convenisse
782 1216 1068 1289 episcopos
1085 1261 1100 1285 ,
1129 1229 1417 1293 antequam
1448 1223 1677 1281 Ursinus
1702 1226 1896 1282 exsilio
1920 1227 2038 1298 pul-

433 1321 527 1359 sus
556 1316 722 1362 esset.
756 1307 852 1364 Ille
888 1320 1067 1366 autem
1098 1316 1335 1369 extorris
1377 1314 1549 1371 factus
1585 1326 1668 1372 est
1697 1317 1786 1374 die
1818 1319 1887 1374 16
1929 1317 2038 1374 Νο-

434 1397 672 1452 vembris
718 1414 863 1454 anno
893 1401 1020 1456 367.
1055 1402 1190 1457 Cum
1222 1414 1403 1460 autem
1446 1406 1707 1463 Damasus
1752 1409 1915 1463 rebus
1963 1410 2036 1463 ita

433 1487 634 1544 sedatis
662 1491 840 1560 potius
869 1508 1029 1562 quam
1060 1497 1376 1568 compositis
1401 1536 1417 1562 ,
1460 1500 1747 1569 episcopos
1773 1514 1840 1555 ex
1883 1499 2037 1557 Italia

433 1591 790 1638 convocasset
818 1600 914 1653 pro
946 1587 1112 1641 natali
1145 1588 1505 1644 ordinationis
1535 1606 1647 1645 sua:
1680 1590 1800 1659 die,
1835 1594 1923 1663 qui
1955 1593 2038 1648 in-

435 1674 653 1731 cidebat
711 1678 762 1732 in
820 1676 1067 1736 kalendis
1121 1680 1372 1740 Octobris
1423 1685 1813 1757 subsequentis
1863 1688 2033 1755 anni,

2144 480 2495 553 inquisitione
2537 481 2715 549 facta,
2769 479 3068 550 scribitque
3112 477 3183 533 de
3225 475 3311 531 bis
3352 476 3492 532 actis
3546 490 3613 532 ac
3650 474 3749 532 de—

2140 578 2305 633 cretis
2342 577 2633 649 synodicae
2654 576 2884 631 litteras.
2907 572 3107 629 Censet
3144 581 3329 629 autem
3360 570 3558 641 Pagius
3600 569 3749 626 litte-

2143 683 2231 724 ras
2258 678 2383 723 tunc
2407 669 2643 739 scriptas
2671 667 2741 723 ab
2768 682 2832 723 ea
2876 666 3085 738 synodo
3124 679 3216 721 eas
3255 665 3401 735 ipsas
3427 678 3585 729 esse,
3610 676 3748 733 quas

2141 761 2498 831 episcoporum
2542 760 2744 828 Italiae,
2774 760 3023 826 nomine,
3062 759 3311 832 fratribus
3348 773 3439 830 per
3465 756 3747 828 Illyricum

2140 863 2404 925 paternam
2430 853 2585 924 fidem
2610 852 2950 909 retinentibus
2976 852 3262 920 inscriptas
3285 850 3523 906 Hilarius
3550 849 3749 906 recitat

2140 945 2196 1003 in
2226 945 2561 1019 Fragmentis
2591 947 2694 1018 (ά).
2729 947 2865 1002 Tum
2909 962 3042 1001 vero
3071 944 3429 1001 Athanasium
3471 943 3539 999 iis
3587 942 3749 999 lectis

2140 1040 2406 1112 synodum
2432 1040 2777 1097 Alexandria:
2802 1053 3161 1111 congregasse
3180 1077 3197 1105 ,
3225 1053 3292 1095 ex
3324 1053 3428 1109 qua
3449 1035 3739 1107 epistolam

2141 1140 2253 1186 tum
2281 1132 2347 1188 ad
2379 1132 2540 1188 Afros
2576 1132 2824 1205 scripsit,
2856 1140 2918 1189 ut
2946 1146 3042 1188 eos
3070 1140 3264 1193 contra
3285 1130 3607 1187 Arianorum
3638 1127 3742 1183 lal-

2140 1223 2308 1280 lacias
2358 1225 2684 1293 instrueret,
2734 1235 2848 1280 tum
2903 1224 3068 1280 etiam
3122 1224 3389 1289 Damaso,
3436 1230 3494 1277 ut
3537 1220 3743 1293 gratias

2139 1315 2243 1387 ipsi
2274 1325 2497 1388 ageret,
2527 1316 2669 1388 quod
2692 1316 2976 1374 Ursacium
3002 1324 3059 1372 et
3086 1315 3369 1372 Valentem
3397 1314 3467 1370 ab
3496 1314 3742 1369 Ecclesia

2140 1407 2390 1475 cjccisset
2409 1451 2422 1469 .
2452 1418 2806 1479 moneretque
2834 1417 3121 1479 praeterea,
3155 1418 3210 1462 ut
3240 1406 3434 1464 eodem
3461 1405 3587 1476 jure
3615 1419 3744 1459 ron-

2142 1508 2222 1552 tra
2251 1501 2578 1555 Auxentium
2629 1510 2918 1557 uteretur:
2963 1501 3252 1555 Damasum
3299 1514 3432 1555 vero
3462 1497 3746 1553 Athanasii

2139 1600 2303 1661 atque
2329 1592 2713 1647 Alexandrinae.
2750 1593 2943 1664 synodi
2970 1591 3190 1646 monitis
3228 1592 3521 1645 excitatum
3544 1632 3561 1657 ,
3598 1602 3744 1643 anno

2142 1685 2247 1741 370
2273 1696 2365 1740 aut
2411 1686 2575 1741 etiam
2618 1686 2791 1741 serius
2815 1727 2830 1750 ,
2864 1684 3156 1740 concilium
3189 1682 3319 1738 illud
3345 1683 3417 1738 95
3462 1682 3748 1751 episcOpo-

434 1781 666 1840 cumque
694 1770 764 1839 ii,
798 1772 888 1842 qni
927 1785 1329 1844 convenerant,
1364 1779 1417 1832 in
1455 1780 1720 1851 synodum
1751 1782 1900 1837 coire
1937 1796 2037 1837 no-
2066 1794 2117 1855 Β
2144 1794 2262 1833 rum
2300 1779 2549 1851 coegisse
2570 1819 2585 1842 ,
2616 1779 2671 1834 in
2710 1793 2821 1849 quo
2847 1778 3151 1833 Auxentius
3196 1776 3592 1832 condemnatus
3619 1784 3706 1830 est
3728 1816 3744 1843 ,

434 1860 699 1929 luissent,
736 1863 849 1934 jam
896 1866 1066 1936 liquet
1096 1880 1220 1923 ante
1261 1869 1403 1925 hunc
1431 1887 1630 1926 annum
1653 1914 1668 1940 ,
1702 1873 1907 1929 nullum
1942 1875 2038 1929 lia—

434 1952 603 2008 bitum
634 1955 736 2011 sub
770 1956 999 2013 Damaso
1029 1961 1344 2017 concilium.
1382 1963 1463 2018 En
1506 1966 1669 2019 verba
1702 1966 2037 2024 schismatici

434 2044 755 2113 scriptoris:
788 2049 927 2119 quod
970 2054 1164 2121 factum
1208 2055 1623 2111 crudelissimum
1665 2058 1798 2128 (agit
1841 2058 1929 2115 hic
1968 2058 2038 2115 (le

433 2136 665 2191 tumultu
697 2138 763 2194 ad
815 2139 874 2194 S.
902 2141 1192 2214 Agnetem)
1245 2146 1399 2200 nimis
1439 2149 1693 2219 episcopis
1725 2148 1901 2206 Italia:
1927 2153 2037 2205 dis—

434 2230 653 2301 plicebat
677 2271 695 2299 ,
723 2248 852 2302 quos
890 2235 1043 2288 etiam
1078 2252 1194 2289 cum
1230 2238 1298 2291 ad
1334 2241 1507 2294 natale
1552 2257 1702 2296 suum
1742 2244 2039 2299 solemniter

433 2322 729 2390 invitasset,
781 2333 827 2378 et
870 2327 1110 2381 nonnulli
1155 2331 1504 2386 convenissent
1544 2348 1610 2387 ea:
1650 2335 1762 2403 eis,
1804 2337 2038 2404 precibus

430 2414 572 2485 apud
600 2431 686 2470 eos
717 2417 958 2484 molitur,
991 2430 1037 2473 et
1069 2423 1234 2487 pretio
1254 2464 1267 2487 ,
1299 2432 1354 2475 ut
1380 2426 1683 2480 sententiam
1710 2428 1763 2481 in
1789 2427 2037 2484 Ursinum

436 2512 737 2579 proferant,
766 2511 853 2581 qui
882 2512 1258 2581 responderunt
1286 2529 1308 2569 :
1342 2513 1454 2570 Nos
1491 2516 1561 2571 ad
1591 2519 1761 2573 natale
1800 2523 2042 2575 conveni-

435 2618 579 2670 mus,
616 2620 717 2657 non
744 2615 796 2657 ut
824 2605 1116 2661 inauditum
1146 2614 1464 2665 damnemus.
1498 2611 1658 2668 Nulla
1690 2629 1817 2670 vero
1838 2625 1920 2670 est
1951 2631 2041 2670 so-

435 2692 542 2748 lida
580 2698 757 2762 ratio,
801 2711 898 2753 cur
940 2699 1164 2754 allatum
1208 2701 1578 2757 testimonium
1626 2705 1728 2759 hac
1786 2706 1840 2759 in
1887 2715 2040 2777 parte

436 2785 787 2856 repudiemus
809 2830 822 2853 ,
857 2790 943 2845 cui
978 2800 1239 2861 praeterea
1286 2794 1444 2849 lidem
1477 2794 1803 2863 adstruunt,
1840 2798 2038 2852 tumul-

439 2884 521 2931 tus
545 2919 559 2944 ,
592 2878 891 2935 seditiones
913 2922 927 2947 ,
958 2898 1022 2937 ac
1060 2884 1242 2940 czedes
1268 2928 1283 2952 ,
1312 2888 1508 2956 quibus
1551 2897 1662 2941 tum
1708 2888 1995 2957 Damasum
2021 2931 2038 2958 ,

439 2978 550 3024 tum
602 2969 801 3027 Urbem
841 2972 1012 3043 ipsam
1057 2990 1203 3030 anno
1244 2977 1429 3047 elapso
1476 2980 1727 3049 agitatam
1765 2979 1934 3035 fuisse
1978 2980 2042 3033 li-

434 3068 585 3131 quet.
615 3062 679 3115 2ο
710 3064 934 3119 Accedit
981 3068 1276 3121 auctoritas
1330 3068 1660 3136 Sozomeni,
1711 3070 1804 3140 qui
1847 3069 2038 3127 Patres

2142 1880 2198 1927 et
2226 1888 2451 1928 munere
2493 1887 2556 1928 ac
2594 1872 2854 1943 dignitate
2899 1870 3166 1943 dejectus.
3201 1868 3315 1925 Hoc
3356 1880 3606 1925 constare
3647 1884 3748 1940 pu-

2146 1975 2254 2019 tant
2288 1979 2357 2019 ex
2406 1963 2509 2019 alia
2560 1964 2805 2033 ejusdem
2838 1963 3120 2019 Athanasii
3156 1961 3385 2033 epistola
3413 1962 3481 2017 ad
3529 1959 3748 2031 Epicte-

2145 2069 2295 2126 tum,
2345 2076 2506 2130 quam
2556 2059 2727 2114 altera
2775 2057 3133 2129 posteriorem
3177 2062 3445 2113 censent:
3483 2054 3558 2109 ait
3600 2052 3746 2109 enim

2144 2154 2209 2208 ad
2245 2153 2402 2208 Afros
2433 2153 2680 2209 scribens
2707 2170 2719 2207 :
2757 2151 2900 2208 Satis
2928 2152 3131 2219 quidem
3158 2160 3308 2218 sunt,
3337 2165 3450 2221 qua:
3498 2165 3530 2201 a
3564 2147 3749 2202 dilecto

2144 2255 2191 2300 et
2218 2246 2571 2300 comministro
2596 2254 2770 2300 nostro
2796 2244 3022 2299 Damaso
3048 2258 3250 2314 magna:
3271 2242 3453 2301 Roma?
3474 2242 3714 2312 episcopo
3730 2281 3746 2309 ,

2146 2355 2213 2395 ET
2246 2355 2277 2394 A
2320 2355 2427 2395 τοτ
2456 2354 2721 2395 EPISCOPIS
2765 2356 2869 2393 una
2896 2355 3011 2393 cum
3040 2337 3133 2391 illo
3164 2336 3356 2391 coactis
3382 2378 3397 2403 ,
3438 2352 3530 2390 nec
3578 2335 3750 2388 minus

2145 2448 2236 2491 ea,
2270 2448 2383 2501 qua:
2411 2432 2473 2485 ab
2504 2433 2621 2486 aliis
2650 2431 2861 2502 synodis
2885 2432 2938 2485 in
2970 2429 3144 2485 Gallia
3170 2471 3184 2495 ,
3214 2438 3267 2484 et
3299 2427 3459 2483 Italia
3485 2426 3751 2483 celebratis

2146 2526 2340 2598 scripta
2381 2536 2499 2580 sunt
2539 2525 2605 2581 de
2648 2542 2779 2580 sana
2824 2529 2886 2581 'et
2931 2524 3222 2580 orthodoxa
3261 2524 3409 2592 fide;
3460 2534 3572 2578 tum
3617 2537 3750 2577 vero

2145 2634 2265 2690 cap.
2298 2617 2363 2684 9,
2397 2619 2513 2673 huic
2542 2617 2691 2673 addit
2718 2636 2731 2674 :
2768 2617 2858 2673 Sic
2884 2634 2977 2672 nos
3018 2618 3176 2688 igitur
3205 2614 3377 2683 affecti
3423 2631 3541 2669 cum
3581 2613 3747 2667 conti—

2144 2714 2299 2780 gisset
2327 2726 2420 2763 nos
2464 2710 2520 2762 in
2550 2725 2706 2763 unum
2749 2709 3018 2763 convenire
3042 2750 3056 2772 ,
3097 2708 3295 2762 litteras
3321 2722 3520 2775 quoque
3559 2703 3749 2758 dilecto

2145 2813 2322 2856 nostro
2374 2802 2598 2857 Damaso
2648 2818 2848 2872 magna:
2898 2800 3079 2854 Romae
3122 2802 3359 2872 episcOpo
3405 2800 3640 2853 misimus
3688 2796 3754 2850 de

2145 2894 2438 2960 Auxentio,
2477 2895 2566 2963 qui
2609 2893 3042 2947 Mediolanensem
3083 2892 3267 2945 invasit
3308 2890 3613 2955 ecclesiam,
3663 2905 3755 2942 cu-

2136 2990 2231 3059 jus
2260 2989 2340 3042 illi
2370 2999 2512 3059 gesta
2541 2989 2866 3043 narravimus
2889 3028 2905 3053 ,
2945 3002 3065 3041 eum
3090 3001 3268 3057 nempe
3321 2999 3424 3038 non
3455 2982 3613 3037 modo
3644 2996 3756 3037 esse

2145 3082 2358 3135 Ariona:
2384 3085 2633 3136 luereseos
2660 3091 2958 3136 sectatorem
2977 3121 2990 3143 ,
3021 3078 3110 3134 sed
3148 3080 3302 3133 etiam
3342 3077 3519 3130 multis
3548 3075 3759 3129 sceleri-

434 3153 500 3208 ad
527 3154 792 3227 synodum
823 3158 1149 3215 convenisse
1179 3160 1396 3225 scribit,
1426 3177 1689 3231 Oppresso
1714 3162 1824 3233 jam
1865 3177 2032 3232 opera
2062 3174 2108 3237 ε
2142 3173 2235 3226 ιω.
2263 3173 2539 3227 obnoxium
2559 3214 2571 3235 ,
2600 3188 2715 3243 quae
2738 3188 2853 3225 cum
2886 3171 3139 3241 Gregorio
3164 3168 3447 3238 impietatis
3474 3182 3586 3222 sua
3614 3168 3753 3221 socio

433 3247 675 3318 praefecti
719 3248 879 3306 Urbis
920 3250 1102 3307 Ursini
1145 3256 1476 3322 schismate,
1509 3257 1650 3325 quod
1684 3258 1770 3309 vix
1800 3257 2032 3313 obtineri

434 3342 607 3412 potuit
659 3359 802 3397 anno
847 3344 951 3400 567
995 3345 1108 3417 jam
1157 3347 1417 3417 labente,
1472 3361 1526 3403 ut
1583 3349 1834 3404 vidimus.
1881 3350 2037 3407 Tunc

432 3433 577 3488 enim
605 3433 887 3490 dumtaxat
910 3452 973 3493 ac
1004 3446 1287 3510 postquam
1317 3444 1470 3512 quies
1503 3440 1632 3499 Urbi
1655 3447 1901 3498 restituta
1929 3454 2035 3511 est,

430 3525 672 3597 episcopi
700 3543 767 3581 ex
799 3528 983 3584 multis
1009 3532 1305 3600 provinciis
1348 3532 1576 3588 Romam
1622 3547 2034 3605 convenerunt,

433 3625 488 3672 et
536 3616 868 3675 Auxentium
904 3636 1107 3692 eOSque
1129 3665 1143 3688 ,
1172 3625 1264 3695 qui
1292 3625 1434 3680 idem
1458 3642 1578 3682 cum
1610 3628 1706 3684 illo
1731 3630 2035 3698 sentirent,

436 3707 647 3765 alienos
692 3726 815 3767 esse
857 3728 889 3767 a
937 3718 1321 3772 communione
1372 3734 1469 3775 sua
1518 3720 1881 3777 decreverunt
1932 3722 2033 3794 (ὁ).

432 3799 659 3860 Constat
690 3804 874 3878 itaque
902 3808 955 3863 in
983 3823 1078 3877 ea,
1112 3827 1231 3880 qua:
1260 3820 1385 3883 post
1413 3812 1647 3867 schisma
1679 3828 1995 3883 oppressum
2016 3856 2033 3883 ,

439 3897 651 3969 synodo
680 3900 911 3970 primum
942 3912 1130 3957 coacta
1157 3914 1237 3958 est
1260 3945 1275 3970 ,
1304 3905 1617 3960 damnatum
1660 3906 1991 3963 Auxentium
2017 3926 2033 3977 ;

432 3988 527 4043 sed
555 4005 818 4058 oppresso
863 3993 1180 4060 schismate,
1212 4009 1317 4050 non
1351 3996 1497 4051 illico
1514 4006 1702 4053 coacta
1723 3998 1895 4054 videri
1922 4016 2035 4071 'po-

431 4091 555 4138 test.
597 4081 729 4138 Nam
778 4097 896 4155 post
941 4100 1195 4157 acceptas
1239 4089 1518 4147 Gallorum
1547 4107 1610 4148 ac
1640 4092 2032 4150 Venetensium

424 4162 757 4245 relationes,
810 4179 1071 4236 Damasus
1124 4184 1312 4240 habuit
1362 4202 1499 4256 Opus
1548 4188 1728 4259 aliquo
1771 4188 2034 4259 temporis

422 4270 640 4339 Spatio,
673 4278 731 4325 ut
768 4269 1101 4329 deliberaret
1163 4292 1225 4331 ac
1268 4288 1567 4346 statueret,
1621 4297 1746 4335 num
1790 4282 2035 4353 synodus

424 4364 807 4434 congreganda
858 4376 1037 4443 esset,
1067 4377 1126 4422 ut
1179 4368 1328 4427 illam
1373 4371 1570 4427 deinde
1620 4375 1920 4442 indiceret,
1972 4391 2035 4432 ac

423 4456 640 4514 demum
676 4470 731 4514 ut
766 4467 844 4515 tot
872 4462 1159 4533 episeopos
1189 4480 1256 4520 cx
1296 4466 1524 4522 diversis
1557 4467 1723 4524 Italia:
1753 4479 1809 4525 et
1838 4469 2030 4526 Gallia:

2143 3266 2487 3335 perpetravit,
2521 3280 2725 3330 uosque
2770 3279 2957 3319 urnam
3005 3278 3109 3317 cun
3153 3275 3373 3316 nonnum
3421 3273 3749 3324 ocrosrrus,

2142 3376 2210 3415 ετ
2248 3377 2315 3416 AB
2363 3375 2619 3416 secessu
2666 3372 2899 3415 macros
2949 3372 3032 3412 str
3059 3396 3074 3421 ,
3132 3357 3429 3429 gratiasque
3479 3353 3750 3406 retulimus

2143 3458 2257 3526 ejus
2308 3457 2516 3527 pietati,
2549 3471 2747 3509 necnon
2776 3454 2863 3518 iis,
2896 3452 2984 3521 qui
3023 3452 3076 3503 in
3120 3464 3361 3522 magnam
3394 3444 3584 3501 Urbem
3627 3460 3752 3499 con-

2140 3557 2414 3614 venerunt,
2442 3548 2578 3617 quod
2606 3545 2826 3601 Ursacio
2844 3585 2859 3610 ,
2883 3554 2928 3598 et
2964 3541 3177 3597 Valente
3196 3582 3212 3609 ,
3244 3542 3497 3610 aliisque,
3524 3539 3610 3607 qui
3634 3553 3750 3591 cum

2142 3639 2248 3694 illis
2280 3641 2520 3693 sentirent
2547 3680 2561 3704 ,
2591 3638 2767 3708 ejectis
2786 3677 2801 3702 ,
2833 3635 3101 3690 catholicis
3131 3632 3381 3689 Ecclesia:
3421 3630 3753 3688 concortiam

2141 3739 2446 3786 servassent.
2475 3733 2546 3786 At
2580 3728 2839 3784 damnato
2881 3728 3091 3783 interea
3124 3726 3394 3782 Auxentio
3426 3739 3523 3795 per
3555 3723 3753 3778 Dama-

2143 3840 2264 3880 sum
2283 3865 2298 3889 ,
2329 3823 2738 3894 Romanamque
2766 3821 3030 3895 synodum
3055 3863 3071 3888 ,
3103 3820 3243 3875 idem
3278 3816 3608 3874 Athanasius
3637 3816 3754 3871 haec

2147 3919 2213 3971 ad
2247 3917 2556 3987 Epictetum
2585 3915 2805 3987 scripsit
2834 3932 2848 3969 :
2881 3913 3185 3970 Arbitrabar
3213 3912 3449 3982 equidem
3478 3911 3709 3964 omnium
3731 3951 3749 3977 ,

2140 4008 2230 4078 qui
2267 4024 2511 4078 umquam
2558 4009 2725 4078 fuere,
2756 4005 3112 4063 haereticorum
3156 4021 3341 4060 vanam
3385 4002 3750 4073 loquacitatem

2144 4120 2176 4156 a
2214 4100 2431 4158 Nictena
2473 4102 2672 4174 synodo
2712 4118 3059 4170 compressam
3091 4102 3297 4172 fuisse:
3330 4116 3449 4153 nam
3481 4114 3594 4167 qua:
3639 4097 3751 4150 illic

2139 4211 2172 4249 a
2202 4196 2449 4251 Patribus
2476 4196 2802 4269 promulgata
2844 4196 2972 4264 ﬁdes
3012 4206 3121 4259 est,
3169 4195 3237 4247 ad
3291 4194 3604 4262 impietatem
3636 4207 3750 4243 om-

2142 4304 2259 4343 nem
2302 4289 2668 4346 advertendam
2694 4289 2888 4362 sufficit
2911 4306 2930 4354 ;
2957 4287 3286 4359 quamobrem
3327 4302 3445 4340 cum
3474 4286 3571 4340 hoc
3621 4295 3748 4338 tem-

2138 4398 2265 4451 pore
2292 4384 2449 4439 varia:
2474 4384 2659 4457 synodi
2688 4401 2778 4450 per
2808 4382 3068 4449 Galliam,
3103 4381 3394 4455 Hispanias
3414 4424 3429 4446 ,
3460 4390 3507 4437 et
3543 4394 3748 4453 magna:

2138 4472 2322 4529 Roma:
2360 4476 2629 4531 celebrata:
2655 4486 2808 4541 sunt,
2840 4486 3085 4547 quotquot
3115 4492 3174 4530 eo
3201 4488 3479 4529 convenere
3499 4513 3515 4538 ,
3546 4488 3633 4526 eos
3659 4470 3747 4537 qui

426 4550 669 4619 partibus
709 4562 971 4609 evocaret
1000 4572 1015 4611 :
1047 4555 1157 4612 illis
1194 4572 1321 4613 vero
1366 4556 1694 4631 indulgenda
1727 4571 1845 4616 erat
1876 4576 2029 4617 mora
2054 4573 2109 4634 ι)
2135 4566 2288 4619 etiam
2314 4583 2438 4620 num
2465 4568 2681 4622 latenter
2710 4568 2947 4623 haeresim
2986 4568 3192 4637 sapiunt
3224 4566 3469 4620 Arianam
3490 4605 3506 4631 ,
3539 4577 3746 4619 sussu-

422 4641 634 4711 aliqua,
669 4662 769 4713 qua
812 4662 872 4702 se
918 4647 1095 4704 itineri
1149 4665 1339 4719 parare
1386 4660 1648 4721 possent,
1693 4662 1856 4722 atque
1901 4664 1958 4708 ut
1999 4670 2031 4709 e

419 4732 728 4805 longinquis
759 4740 1003 4808 partibus
1043 4740 1228 4797 Romae
1260 4746 1565 4813 prmstituto
1593 4744 1683 4799 die
1728 4744 2026 4814 adessent,

419 4828 619 4899 quibus
646 4832 898 4886 omnibus
927 4835 1282 4891 conficiendis
1321 4838 1591 4910 integrum
1634 4839 1762 4895 anni
1796 4842 2028 4912 spatium

422 4921 513 4979 vix
538 4922 757 4995 longum
783 4924 953 4980 videri
984 4928 1203 4997 poterit.

493 5014 621 5072 Scio
647 5016 776 5071 viris
805 5015 1131 5073 doctissimis
1158 5021 1330 5093 magis
1361 5022 1608 5093 placere,
1639 5034 1700 5081 ut
1737 5026 1980 5100 synodus
2005 5068 2022 5095 ,

420 5125 525 5182 qua
558 5111 859 5167 Auxentius
902 5111 1192 5169 damnatus
1235 5127 1319 5171 est
1345 5159 1360 5183 ,
1398 5134 1543 5173 anno
1572 5121 1713 5188 570,
1740 5133 1834 5177 aut
1861 5124 2024 5178 etiam

421 5201 625 5271 serius,
658 5220 723 5262 ac
745 5247 761 5273 ,
790 5214 848 5259 ut
878 5204 1077 5277 Pagius
1104 5207 1181 5261 ait
1210 5206 1285 5279 (c)
1304 5250 1319 5277 ,
1351 5225 1497 5264 anno
1517 5210 1625 5265 572
1654 5214 2027 5285 consignetur.

2140 4675 2272 4715 'rtuu
2292 4677 2473 4731 nempe
2493 4702 2508 4727 ,
2544 4660 2848 4729 Ursacium,
2879 4661 3144 4718 Valentem
3166 4703 3181 4729 ,
3210 4670 3257 4717 et
3287 4657 3466 4717 Caium
3497 4674 3562 4714 ea:
3605 4657 3748 4712 Pan-

2138 4756 2295 4810 nonia
2319 4796 2333 4822 ,
2365 4756 2623 4810 communi
2649 4756 2851 4811 calculo
2881 4756 3211 4811 damnarunt.

2210 4848 2281 4901 At
2323 4863 2548 4916 vereor,
2595 4863 2664 4905 ne
2713 4849 2829 4903 lucc
2879 4848 3023 4920 Pngii
3050 4889 3068 4916 ,
3112 4848 3457 4918 aliorumque
3501 4846 3741 4900 virorum

2136 4938 2580 4996 doctissimorum
2628 4940 2896 4997 sententia
2952 4941 3021 4997 de
3070 4940 3271 5012 duplici
3321 4940 3428 4997 hac
3484 4938 3739 5012 synodo,

2134 5051 2363 5107 quarum
2412 5037 2561 5108 prior
2602 5036 2885 5095 Ursacium
2926 5046 2980 5092 et
3027 5036 3306 5093 Valentem
3356 5033 3741 5101 damnaverit,

2136 5128 2473 5185 Auxentium-
2482 5145 2588 5185 non
2602 5130 2863 5201 attigerit,
2878 5130 3047 5184 altera
3061 5145 3192 5186 vero
3209 5128 3353 5185 hunc
3368 5129 3528 5186 etiam
3546 5126 3738 5183 eadem

2133 5241 2291 5297 poena
2334 5225 2755 5295 perstrinxerit,
2801 5226 3106 5299 excogitata
3148 5227 3319 5297 magis
3364 5241 3433 5281 ex
3483 5223 3738 5297 ingenio,

422 5293 516 5352 Sic
546 5314 673 5356 vero
695 5316 811 5356 rem
856 5309 1101 5357 statuunt
1140 5319 1152 5356 :
1184 5302 1445 5358 Damasus
1470 5318 1615 5358 anno
1652 5304 1756 5360 367
1794 5313 1887 5361 aut
1923 5306 2029 5364 568
2130 5293 2291 5390 quam
2336 5293 2465 5373 vera
2504 5316 2594 5373 sit.
2632 5316 2822 5390 Neque
2870 5293 3012 5375 enim
3047 5319 3153 5373 ulla
3204 5293 3331 5373 ante
3360 5317 3505 5373 hunc
3534 5293 3738 5371 annum

421 5392 692 5463 synodum
721 5406 1045 5469 congregat,
1078 5413 1182 5469 qua
1205 5398 1492 5453 conﬁrmat
1517 5396 1795 5454 Nicamam
1829 5399 1990 5456 fidem
2009 5444 2023 5467 ,

2134 5421 2231 5466 aut
2265 5410 2448 5465 habita
2476 5426 2506 5465 a
2556 5411 2789 5465 Damaso
2821 5411 3062 5483 synodus
3091 5420 3203 5477 est,
3246 5419 3308 5466 ut
3350 5410 3485 5473 dixi,
3516 5418 3608 5463 aut
3638 5407 3739 5462 ha-

423 5483 606 5552 lapsos
641 5491 1040 5556 persecutionis
1066 5500 1309 5562 tempore
1335 5489 1649 5548 sacerdotes
1687 5491 1755 5548 ad
1781 5491 2023 5549 Ofﬁcium
2126 5501 2245 5557 beri
2271 5501 2431 5558 facile
2467 5504 2676 5573 potuit,
2710 5511 2862 5559 tanto
2887 5502 3188 5574 praesertim
3231 5516 3462 5558 numero
3504 5499 3733 5570 Episco—

424 5589 692 5647 revocat,
748 5581 1034 5640 Ursacium
1062 5626 1078 5653 ,
1136 5595 1193 5643 et
1245 5584 1533 5646 Valentem
1587 5586 2018 5645 Occidentalium

426 5732 429 5733 ί
499 5720 575 5794 (a)
603 5720 830 5794 collect.
852 5722 1106 5794 Roman"
1131 5740 1187 5794 p.
1214 5725 1263 5780 ι.

521 5739 551 5775 a
603 5720 830 5778 Collect.
852 5722 1106 5791 Romam,
1131 5740 1187 5794 p.
1214 5725 1263 5780 i.

499 5720 575 5866 ibi
605 5792 820 5852 Sozam.
840 5828 857 5862 ,
880 5791 976 5850 lib.
1011 5807 1097 5864 vt,
1127 5809 1249 5865 cap.
1275 5795 1369 5852 23.

2126 5607 2351 5662 porum,
2384 5605 2515 5664 quot
2555 5595 2609 5650 in
2638 5595 2728 5649 illa
2769 5594 3076 5651 adfuerunt.
3111 5593 3356 5666 Epistola
3384 5605 3574 5651 autem
3601 5592 3693 5647 illa
3718 5632 3734 5659 ,

2203 5726 2278 5872 ἒς)
2304 5728 2386 5785 Ad
2417 5745 2545 5786 ann.
2571 5731 2678 5814 569
2697 5772 2712 5798 ,
2745 5748 2799 5787 n.
2825 5733 2858 5789 5
2879 5741 2936 5788 et
2958 5731 3014 5789 6.
3060 5804 3071 5816 .

2225 5799 2284 5871 ά)
2313 5798 2529 5872 Fragm.
2559 5817 2634 5861 xu
2655 5811 2807 5872 juxta
2835 5802 2959 5860 Ver.
2986 5805 3071 5862 edi

2225 5798 2284 5871 ἀ)
2313 5798 2529 5872 Fragm.
2559 5817 2634 5861 xu
2655 5802 2807 5873 juxta
2835 5802 2959 5860 Ver.
2986 5804 3118 5862 edit.
