4150 6176
330 308 440 377 135

1673 304 2215 380 manumissis.

3536 320 3638 385 154

327 449 452 507 qua:
479 433 764 490 Fratribus
789 449 882 505 per
907 431 1183 506 Illyricum
1202 445 1470 505 paternam
1490 392 1650 506 ﬁdem
1671 436 1935 491 retinenti-
1961 453 2013 512 Α
2041 432 2300 487 incubare
2330 433 2732 502 permitteretur
2782 434 2865 489 vir
2893 434 3051 504 plane
3079 434 3275 506 dignus
3300 477 3315 502 ,
3347 435 3441 507 qui
3485 436 3636 493 thro-

332 527 431 584 bus
454 526 704 600 inscripta
728 535 818 592 est,
848 537 902 582 et
922 541 1083 597 quam
1103 526 1302 598 Pagius
1327 528 1395 584 ad
1420 542 1540 583 eam
1564 527 1776 582 Damasi
1806 542 1935 599 syn-

334 618 509 675 odum
555 626 805 689 revocat,
855 632 1017 691 quam
1067 618 1297 689 primam
1343 620 1569 685 statuit,
1624 618 1689 674 ad
1730 618 1936 676 Liberii

338 711 717 769 Pontiﬁcatum
765 709 1038 781 pertinere
1083 712 1316 783 probant
1370 712 1470 766 BB.
1521 712 1693 767 sancti
1743 710 1935 768 Hilarii

340 819 569 874 cperunt
597 803 867 869 editores;
899 804 994 858 sed
1026 804 1169 875 quod
1206 806 1423 874 gravius
1450 811 1570 869 est,
1601 804 1692 859 illa
1723 804 1839 873 ipsa
1868 803 1936 862 ad

340 896 498 967 Afros
535 896 801 966 epistolaj,
858 900 1014 965 cujus
1062 896 1357 953 anetoritas
1409 896 1749 962 oetenditur,
1800 896 1937 952 duas

338 988 462 1044 illas
488 986 724 1060 synodos
754 992 955 1043 evertit
983 986 1166 1058 potius
1186 1003 1347 1060 quam
1378 988 1665 1045 adstruat:
1699 988 1938 1047 Athana-

337 1080 424 1136 sio
473 1080 617 1136 enim
649 1095 719 1137 eo
753 1079 908 1148 loco,
962 1096 1066 1136 una
1119 1081 1420 1152 eademque
1468 1083 1696 1139 collecta
1749 1082 1938 1140 Ruina:

337 1172 584 1242 synodus
626 1182 753 1238 est,
799 1188 900 1244 qua
949 1172 1212 1230 Damasus
1255 1173 1532 1231 Nictenam
1599 1176 1940 1233 conﬁrmavit

337 1265 526 1333 ﬁdem,
556 1281 677 1336 qum
708 1266 961 1322 Ecclesia:
988 1266 1270 1325 catholica:
1288 1269 1633 1326 concordiam
1664 1271 1937 1336 servavit,

340 1375 466 1433 quin
507 1358 797 1416 Ursacium
831 1369 885 1414 et
914 1358 1191 1416 Valentem
1212 1402 1229 1429 ,
1259 1363 1521 1433 aliosque,
1554 1363 1640 1433 qui
1680 1380 1796 1419 cum
1832 1363 1939 1420 illis

345 1452 669 1518 sentiebant,
708 1469 737 1508 a
776 1455 1159 1510 communione
1202 1456 1417 1526 ejecerat
1444 1497 1458 1523 ,
1507 1466 1667 1527 atque
1713 1458 1784 1513 ob
1825 1457 1940 1514 hmo

345 1548 528 1603 omnia
572 1546 744 1603 eidem
795 1547 1047 1604 Pontiﬁci
1090 1548 1417 1605 Athanasius
1464 1552 1665 1621 gratias
1707 1559 1937 1621 egerat:

336 1638 387 1693 si
413 1652 544 1694 vero
579 1638 648 1693 ab
669 1652 863 1695 eorum
894 1640 984 1710 qui
1022 1655 1144 1695 cum
1173 1639 1430 1707 Ursacio,
1462 1650 1519 1698 et
1550 1641 1779 1699 Valente
1816 1656 1941 1698 sen-

338 1730 545 1787 tiebant
573 1747 834 1798 numero,
879 1747 1038 1789 nemo
1065 1732 1379 1789 Auxentium
1413 1736 1777 1805 separandum
1817 1751 1941 1792 esse

2042 541 2113 580 no
2154 532 2211 579 et
2252 526 2558 582 Christiano
2604 528 2823 583 nomine
2890 538 3180 585 exneretur
3220 548 3234 584 :
3283 532 3446 587 verba
3492 532 3638 589 enim

2041 620 2268 696 καθαὶρω
2311 630 2365 674 et
2413 620 2640 679 ἐκϐάλλω
2665 662 2679 687 ,
2710 621 2907 691 quibus
2938 621 3265 677 Athanasius
3293 625 3496 690 utitur,
3529 636 3639 680 tum

2037 715 2439 784 pronuntiatam
2473 714 2735 769 adversus
2763 730 2886 770 reos
2917 715 3242 771 sententiam
3269 758 3283 784 ,
3323 728 3435 772 tum
3464 717 3637 789 ipsam

2039 804 2202 859 etiam
2220 804 2359 874 ejus,
2385 814 2445 859 ut
2464 806 2637 869 aiunt,
2662 809 3065 862 exsecutionem
3091 810 3421 879 exprimunt,
3443 812 3486 865 si
3515 813 3639 882 quis

2040 896 2115 951 illi
2156 898 2445 968 aliquando
2468 914 2660 966 casus,
2690 911 2783 954 aut
2822 902 2867 955 si
2898 916 3000 972 qua
3031 902 3111 956 vis
3132 944 3147 967 ,
3179 912 3236 957 ut
3267 903 3319 957 in
3349 904 3451 959 hac
3476 918 3637 959 causa

2041 994 2363 1061 rescriptum
2396 992 2789 1059 Valentiniani,
2818 1009 3025 1050 moram
3055 995 3287 1051 fecisset.
3316 996 3406 1052 Sic
3441 998 3638 1054 Paulus

2043 1084 2433 1142 Samosatenus
2459 1102 2784 1158 quamquam
2808 1088 2875 1143 ab
2900 1087 3235 1144 Antiochena
3260 1091 3470 1162 synodo
3490 1092 3641 1147 dant-

2042 1185 2201 1231 natus
2242 1188 2410 1243 esset,
2439 1178 2507 1231 ab
2552 1178 2796 1234 Ecclesia
2836 1190 3014 1235 tamen
3070 1196 3158 1252 per
3195 1183 3495 1239 sacularem
3548 1200 3642 1255 po-

2042 1280 2269 1325 testatem
2308 1270 2606 1328 exturbatus
2640 1273 2837 1328 dicitur
2865 1273 2934 1329 ab
2980 1276 3213 1332 Eusebio
3237 1278 3329 1350 (c);
3361 1292 3424 1332 ac
3457 1278 3648 1334 Photi-

2044 1376 2146 1416 nus
2170 1363 2289 1417 etsi
2312 1379 2460 1433 saepe
2486 1374 2642 1420 antea
2666 1365 2948 1435 depositus
2970 1410 2983 1432 ,
3012 1379 3059 1424 et
3085 1384 3117 1421 a
3142 1371 3499 1424 communione
3522 1371 3641 1426 uni-

2043 1454 2163 1507 tatis
2200 1458 2315 1526 jam
2361 1458 2563 1527 pridem
2592 1458 2846 1513 abscissus
2894 1460 3105 1526 fuerat,
3153 1463 3277 1531 quia
3328 1469 3505 1519 tamen
3552 1480 3643 1533 per

2044 1546 2321 1615 factionem
2350 1551 2529 1618 populi
2559 1566 2850 1620 numquam
2878 1567 2935 1607 re
2965 1552 3078 1622 ipsa
3108 1555 3332 1609 amoveri
3360 1564 3643 1625 potuerat,

2043 1654 2074 1693 a
2108 1639 2332 1695 Socrate
2385 1650 2441 1696 et
2480 1642 2786 1699 Sozomeno
2824 1653 2949 1699 tunc
2988 1645 3253 1715 depositus
3293 1646 3523 1715 dicitur,
3575 1648 3642 1704 ab

2045 1729 2251 1785 Hilario
2288 1732 2515 1803 dejectus
2537 1775 2550 1799 ,
2584 1749 2707 1790 cum
2749 1734 3056 1793 Orientales
3078 1780 3091 1803 ,
3120 1741 3208 1808 qui
3249 1739 3504 1794 Sirmium
3552 1755 3642 1796 ac-

335 1823 571 1891 dixerit,
604 1840 768 1879 nemo
803 1824 968 1881 etiam
991 1825 1114 1897 jure
1149 1829 1462 1897 negaverit,
1493 1828 1623 1899 quin
1663 1829 1779 1899 ejus
1807 1844 1941 1900 quo-
1974 1846 2022 1908 Β
2046 1834 2358 1891 cesserant,
2386 1840 2508 1880 eum
2536 1828 2697 1895 sede,
2729 1837 2787 1883 et
2815 1829 2934 1884 loco
2964 1846 3059 1898 per
3102 1833 3480 1900 imperatorem
3501 1831 3647 1888 Con-

335 1934 444 1991 que
469 1933 669 1975 nomen
696 1917 888 1975 eadem
920 1936 1042 1975 cum
1070 1920 1292 1993 reliquis
1316 1921 1665 1977 damnatione
1692 1936 1941 1992 compre-

337 2009 578 2067 hensum
618 2012 687 2067 ab
716 2014 1017 2069 Athanasio
1058 2012 1239 2071 fuerit.
1273 2013 1410 2070 Hinc
1436 2031 1573 2084 quos
1602 2015 1693 2071 ille
1723 2016 1824 2072 sub
1850 2032 1943 2086 ge.

339 2105 518 2161 nerali
544 2102 786 2162 Valentis
815 2115 871 2162 et
906 2105 1115 2163 Ursacii
1146 2107 1418 2163 sociorum
1462 2108 1681 2163 nomine
1708 2122 1817 2164 non
1848 2108 1945 2164 ob-

341 2214 508 2255 scure
534 2198 804 2269 designat,
833 2211 883 2257 et
916 2216 947 2256 a
975 2202 1357 2258 communione
1382 2204 1585 2274 ejectos
1627 2203 1702 2258 ait
1746 2204 1800 2260 in
1830 2204 1945 2275 epi-

340 2294 486 2349 5tola
521 2294 586 2349 ad
607 2294 769 2351 Afros
788 2336 803 2360 ,
830 2294 1147 2350 Auxentium
1174 2297 1399 2364 scilicet,
1429 2305 1486 2353 et
1508 2297 1689 2353 Caium
1717 2314 1783 2352 ex
1804 2298 1943 2353 Pan-

340 2386 511 2443 nonia
541 2386 856 2444 nominatim
885 2388 1143 2459 exprimit
1169 2389 1223 2442 in
1248 2388 1475 2459 epismla
1498 2388 1566 2443 ad
1598 2389 1907 2459 Epictetum
1926 2432 1940 2455 ,

338 2480 511 2536 veluti
531 2494 652 2537 sese
673 2480 978 2552 explicans,
1014 2493 1174 2554 atque
1196 2498 1290 2538 eos
1313 2482 1554 2553 ejusdem
1577 2499 1696 2538 cum
1718 2483 1945 2541 Ursacio

338 2583 397 2627 et
438 2572 667 2629 Valente
698 2589 873 2645 paenae
904 2575 1082 2631 socios
1123 2574 1295 2631 factos
1319 2575 1489 2645 inquit
1528 2576 1595 2632 ab
1639 2576 1746 2631 illis
1776 2578 1941 2648 ipsis,

342 2682 465 2735 qum
507 2676 773 2722 memorat
799 2668 1043 2723 conciliis
1070 2684 1270 2740 magna:
1296 2666 1477 2723 Romw
1503 2710 1517 2734 ,
1548 2686 1637 2737 per
1676 2668 1903 2724 Galliam
1926 2710 1942 2735 ,

342 2767 390 2813 et
410 2756 695 2831 Hispanias
712 2759 1013 2827 celebratis;
1043 2760 1349 2830 frustraque
1379 2761 1605 2831 proinde
1632 2762 1736 2817 alia
1766 2772 1946 2832 poste-

342 2852 456 2907 rior
480 2852 787 2921 exc0gitata
812 2862 894 2908 est
913 2852 1155 2926 synodus
1176 2869 1204 2908 a
1229 2854 1463 2910 Damaso
1490 2863 1810 2922 convocata,
1830 2869 1947 2909 mo-

346 2955 512 3002 nente
554 2946 891 3014 Athanasio,
944 2955 1003 3002 ut
1062 2949 1365 3004 Auxentius
1413 2948 1807 3013 damnaretur,
1855 2948 1945 3017 qui

346 3037 635 3093 damnatus
666 3041 770 3093 hoc
794 3054 938 3093 anno
965 3047 1129 3110 atque
1159 3039 1227 3094 ab
1252 3038 1355 3095 hac
1382 3039 1591 3110 synodo
1617 3038 1812 3095 fuerat.
1843 3042 1950 3095 Ac-

348 3129 508 3187 cedat
542 3138 855 3201 postremo,
888 3130 1032 3201 quod
1064 3130 1253 3187 eadem
1294 3132 1359 3186 ad
1393 3132 1548 3203 Afros
1577 3132 1807 3201 cpistola
1842 3131 1948 3185 Ro-

2049 1919 2305 1972 8tantium
2335 1919 2531 1989 expelli
2558 1933 2849 1987 curarunt,
2878 1934 2931 1977 et
2957 1925 3306 1978 obtinuerunt
3335 1924 3433 1997 (ιι).

2118 2009 2231 2065 lloc
2272 2011 2472 2081 itaque,
2524 2022 2581 2067 ut
2632 2014 3015 2084 mihiquidem
3059 2015 3290 2083 videtur,
3339 2016 3513 2086 primo
3540 2017 3644 2073 sub

2048 2103 2279 2159 Damaso
2308 2106 2565 2173 concilio,
2598 2116 2763 2177 atque
2811 2107 2916 2162 hoc
2943 2109 3058 2177 ipso
3094 2123 3259 2175 anno,
3300 2109 3647 2178 conﬁrmata,

2047 2206 2101 2252 et
2129 2200 2424 2270 encyclicis
2465 2200 2664 2255 litteris
2706 2203 3045 2273 promulgata
3088 2204 3345 2259 Auxentii
3374 2205 3650 2262 damnatio

2047 2300 2153 2357 est,
2181 2292 2451 2361 siquidem
2484 2293 2782 2364 imperator
2809 2304 3057 2351 vetuerat
3109 2313 3179 2351 ne
3206 2297 3405 2353 throno
3440 2310 3494 2353 et
3519 2298 3649 2355 sede

2047 2399 2209 2454 quam
2252 2385 2547 2455 invaserat,
2592 2399 2916 2455 caneretur;
2968 2390 3332 2446 Ariminensis
3387 2397 3649 2461 prmterea

2047 2476 2245 2533 iterum
2277 2481 2575 2550 proscripta
2604 2480 2856 2547 formula,
2881 2497 2944 2536 ac
2966 2481 3183 2537 Nicmna
3208 2482 3341 2537 lides
3364 2483 3651 2551 roborata;

2049 2582 2105 2625 ut
2138 2586 2204 2626 ex
2248 2572 2477 2642 epistola
2504 2582 2737 2642 constat,
2770 2591 2930 2646 quam
2966 2577 3229 2631 Damasus
3270 2577 3385 2647 ipse
3409 2576 3651 2647 ejusdem

2051 2665 2271 2719 concilii
2303 2668 2523 2721 nomine
2556 2667 2622 2723 ad
2646 2668 2889 2739 Illyricos
2915 2669 3153 2739 scripsit,
3188 2685 3417 2740 qumque
3441 2678 3651 2725 tantum

2048 2777 2113 2817 ex
2159 2763 2278 2832 ejus
2308 2764 2444 2818 actis
2473 2774 2745 2833 superest.
2794 2765 3061 2820 Baronius
3100 2765 3413 2820 damnatum
3458 2767 3649 2823 eodem

2051 2866 2297 2929 tempore
2323 2859 2627 2915 Ursicinum
2659 2870 2883 2926 censet;
2915 2861 3009 2917 sed
3034 2863 3230 2917 litterae
3265 2860 3646 2930 Valentiniani,

2052 2950 2117 3003 ad
2155 2966 2292 3020 quas
2340 2962 2595 3021 provocat
2638 2952 2744 3023 (ρ),
2777 2952 2877 3008 hac
2924 2954 2991 3008 de
3041 2970 3098 3009 re
3144 2954 3276 3009 nihil
3322 2954 3494 3010 aiunt.
3541 2954 3655 3011 ΙΙοο

2054 3050 2232 3097 tamen
2260 3043 2315 3097 in
2362 3058 2423 3098 ea
2455 3044 2665 3115 synodo
2708 3046 2908 3100 factum
2937 3045 3104 3101 fuisse
3136 3044 3267 3099 mihi
3311 3045 3471 3100 etiam
3501 3060 3658 3101 vero-

2052 3133 2232 3189 simile
2264 3137 2339 3201 tit,
2371 3138 2495 3206 quia
2534 3152 2605 3191 ex
2645 3137 2956 3193 testimonio
2992 3137 3232 3192 Faustini
3259 3147 3315 3194 et
3355 3136 3655 3193 Marcellini

347 3240 561 3280 manam
590 3239 707 3279 eam
748 3224 1012 3296 synodum
1040 3264 1056 3291 ,
1086 3239 1189 3293 qua
1231 3223 1486 3281 Ursacius
1525 3233 1580 3279 et
1621 3223 1818 3278 Valens
1857 3238 1949 3278 eo-
1975 3237 2021 3301 C
2056 3229 2601 3291 scimus,.Damasum
2631 3229 2682 3283 id
2706 3229 2817 3300 jam
2851 3231 3233 3300 prmcogitasse
3260 3245 3404 3284 anno
3448 3230 3655 3299 elapso,

348 3333 574 3390 rumque
606 3317 739 3372 socii
767 3317 1003 3373 damnati
1042 3326 1201 3383 sunt,
1229 3332 1294 3372 ex
1337 3330 1533 3387 magno
1562 3316 1946 3387 episc0porum

346 3424 580 3465 numero
604 3409 962 3479 compositam
1005 3407 1173 3464 fuisse
1214 3409 1443 3475 asserit,
1486 3415 1544 3461 ut
1582 3407 1833 3463 vidimus.
1862 3406 1948 3463 An

346 3504 513 3576 igitur
561 3503 720 3558 aliam
765 3502 1007 3573 apertius
1054 3502 1341 3573 designare
1382 3508 1597 3571 potest,
1634 3515 1793 3569 quam
1826 3515 1950 3569 quas

350 3598 525 3652 tribus
558 3604 615 3651 et
655 3596 946 3664 nonaginta
972 3610 1039 3649 ex
1075 3593 1279 3659 Gallia,
1337 3592 1489 3649 Italia
1519 3635 1533 3660 ,
1566 3592 1796 3662 aliisque
1829 3608 1953 3663 par-

354 3688 500 3743 tibus
530 3688 875 3761 congregatis
896 3688 1159 3754 constitit,
1190 3703 1296 3758 qua
1324 3686 1391 3743 de
1417 3702 1560 3743 nunc
1586 3688 1829 3759 agimus?
1856 3688 1949 3756 At,

350 3780 645 3850 inquiunt,
692 3780 737 3834 si
788 3780 1088 3835 Auxentius
1138 3780 1206 3835 ab
1260 3780 1360 3837 liac
1406 3779 1616 3853 synodo
1665 3780 1954 3837 damnatus

349 3872 570 3941 fuerat,
618 3886 716 3927 cur
767 3873 996 3927 Damaso
1037 3871 1228 3927 scribit
1274 3872 1669 3928 Alexandrinus
1712 3873 1952 3943 praesul,

350 3966 541 4022 mirari
584 3981 644 4020 se
688 3980 785 4019 cur
833 3964 1068 4022 nondum
1116 3964 1438 4035 depositus,
1483 3974 1539 4023 et
1591 3965 1661 4021 ab
1710 3965 1953 4021 Ecclesia

350 4058 562 4129 ejectus
590 4058 699 4114 sit?
727 4061 796 4113 At
822 4073 925 4130 ego
954 4059 1259 4131 respondeo
1279 4100 1294 4125 ,
1338 4075 1444 4114 non
1482 4074 1601 4114 eam
1626 4073 1750 4115 esse
1791 4073 1954 4130 quam

351 4149 439 4206 illi
472 4159 657 4221 putant
699 4152 982 4206 Athanasii
1015 4160 1252 4206 mentem
1275 4192 1290 4217 ,
1321 4160 1485 4222 atque
1512 4150 1631 4222 ejus
1677 4151 1783 4208 loci
1828 4165 1957 4207 sen-

350 4243 580 4299 tentiam
604 4286 619 4312 ,
656 4243 753 4300 sed
793 4243 954 4299 aliam
986 4260 1210 4315 prorsus
1237 4286 1253 4311 ,
1286 4259 1476 4300 eorum
1510 4254 1816 4315 temporum
1860 4261 1952 4300 ra-

352 4337 488 4393 tioni
514 4339 686 4409 magis
715 4349 1135 4394 consentaneam
1160 4357 1173 4395 :
1203 4354 1301 4394 cur
1321 4339 1465 4395 enim
1508 4339 1691 4394 mirari
1724 4339 1815 4395 ille
1857 4354 1959 4409 po-

353 4431 500 4495 tuit,
548 4432 872 4486 Auxentium
921 4432 1183 4490 hactenus
1232 4447 1339 4489 non
1389 4434 1555 4489 fuisse
1604 4434 1953 4501 depositum,

356 4537 520 4592 quem
544 4522 596 4576 in
630 4523 745 4593 ipsa
770 4523 959 4578 eadem
991 4524 1218 4595 epistola
1248 4525 1315 4579 ad
1356 4524 1551 4592 Afros,
1574 4541 1695 4581 cum
1734 4525 1959 4582 Ursaeio

2056 3333 2220 3392 atque
2237 3332 2350 3377 erat
2380 3333 2491 3377 tum
2521 3324 2845 3394 disciplima,
2876 3334 2988 3378 tum
3024 3325 3237 3389 unitati,
3263 3338 3326 3378 ac
3356 3322 3661 3394 tranquilli-

2055 3416 2150 3468 tati
2177 3416 2439 3470 Ecclesia?
2459 3419 2949 3487 pernecessarium,
2980 3427 3039 3471 ut
3061 3416 3147 3472 hic
3172 3418 3524 3474 damnaretur
3548 3427 3659 3473 sta-

2056 3508 2152 3561 tim
2204 3522 2267 3562 ac
2296 3524 2475 3563 rerum
2511 3525 2572 3563 ac
2622 3518 2925 3580 temporum
2980 3510 3224 3565 conditio
3254 3511 3394 3566 ferre
3423 3519 3659 3580 poterat,

2056 3610 2218 3669 prout
2246 3610 2432 3655 actum
2476 3602 2529 3655 iu
2557 3601 2851 3658 schismate
2894 3601 3182 3657 Novatiani
3211 3618 3240 3657 a
3270 3602 3524 3659 Cornelio
3549 3601 3665 3658 lue-

2056 3702 2143 3748 m
2171 3694 2263 3765 (ι).

2129 3787 2424 3856 Quaeritur,
2460 3801 2526 3841 an
2557 3785 2784 3856 epistola
2816 3787 2932 3851 illa,
2987 3802 3148 3856 quam
3182 3786 3443 3842 Damasus
3469 3786 3663 3858 synodi

2060 3884 2279 3936 nomine
2306 3879 2374 3934 ad
2407 3878 2651 3950 Illyricos
2695 3879 2939 3950 scripsit,
2983 3877 3178 3935 Graeco
3206 3878 3440 3948 primum
3468 3892 3535 3932 an
3563 3878 3667 3932 La-

2060 3976 2175 4032 tino
2203 3990 2458 4031 sermone
2484 3978 2795 4044 conscripta
2845 3974 2937 4041 sit,
2985 3984 3039 4028 et
3086 3988 3154 4027 an
3183 3988 3499 4043 germanum
3550 3971 3668 4042 ejus

2058 4067 2346 4137 exemplar
2369 4067 2495 4123 illud
2518 4068 2611 4133 sit,
2635 4065 2778 4138 quod
2802 4065 3180 4120 Theodoretus
3204 4066 3418 4131 recitat,
3442 4080 3508 4118 an
3532 4064 3665 4119 illud

2062 4160 2207 4231 quod
2238 4160 2547 4215 llolstenius
2573 4159 2765 4216 edidit.
2797 4157 3074 4224 Labbcus,
3103 4156 3375 4224 Valesius,
3410 4170 3473 4212 ac
3502 4156 3669 4212 Tillev

2060 4253 2301 4309 montius
2343 4252 2484 4309 hanc
2524 4250 2736 4307 laudem
2788 4251 3142 4306 Holsteniano
3166 4250 3465 4320 exemplari
3516 4250 3668 4304 attri-

2062 4346 2233 4402 buunt
2264 4364 2277 4399 :
2307 4345 2660 4401 Constantius
2689 4360 2808 4401 eam
2856 4344 2939 4399 illi
2967 4344 3263 4415 abjudicat,
3318 4354 3377 4399 ut
3432 4346 3483 4398 in
3516 4343 3671 4400 Grac-

2058 4453 2182 4495 cum
2207 4439 2489 4509 exemplar
2517 4437 2826 4504 transferat,
2847 4436 2963 4504 sed,
2994 4446 3050 4490 ut
3066 4452 3165 4507 ego
3194 4445 3347 4506 puto,
3378 4436 3668 4491 levissimis

2064 4532 2317 4587 inductus
2358 4531 2694 4601 eonjecturis
2722 4549 2736 4585 :
2767 4530 2913 4585 nulla
2963 4531 3106 4584 enim
3138 4538 3222 4585 est
3252 4530 3408 4595 ratio,
3443 4544 3538 4584 cur
3561 4530 3667 4584 Da-

358 4620 421 4669 et
443 4612 664 4670 Valente
688 4616 920 4685 aliisque
962 4617 1186 4676 haeresis
1210 4618 1377 4675 sociis
1420 4620 1489 4675 ab
1516 4620 1778 4676 Ecclesire
1808 4636 1959 4677 eom-
1982 4609 2039 4672 Ῑ)
2068 4638 2255 4680 masus
2277 4623 2523 4679 Graecam
2553 4622 2839 4693 epistolam
2890 4620 2958 4676 ad
2996 4621 3246 4693 Illyricos
3274 4622 3561 4692 scripsisse
3589 4622 3672 4677 di-

355 4707 621 4762 munione
666 4708 966 4779 rejectum,
1018 4725 1125 4766 non
1182 4712 1411 4768 obscure
1460 4725 1849 4784 expresserat,
1896 4731 1961 4773 ac

356 4809 623 4874 praeterea
654 4802 873 4858 minime
916 4804 1166 4875 ignorare
1204 4806 1507 4877 nequiverit
1550 4808 1727 4875 ipsum
1768 4810 1960 4867 eodem

358 4896 705 4952 anathemate
744 4898 909 4954 variis
947 4897 1001 4953 in
1049 4898 1218 4966 locis,
1259 4911 1314 4954 et
1357 4915 1386 4954 a
1431 4900 1675 4971 pluribus
1714 4903 1963 4959 conciliis

360 5003 508 5058 saepe
555 4990 901 5059 perstricmm
942 4990 1040 5064 (a).
1088 4991 1223 5048 Cum
1266 4992 1449 5063 itaque
1492 4991 1594 5052 hoc
1634 4995 1795 5051 etiam
1841 4997 1963 5053 loco

359 5081 549 5137 scribit
594 5084 779 5137 mirari
806 5098 864 5138 se
898 5098 998 5139 cur
1025 5098 1132 5141 non
1160 5084 1254 5141 ille
1279 5084 1573 5157 depositus,
1603 5089 1750 5145 etab
1778 5088 1961 5145 Eccle-

360 5174 441 5228 sia
474 5175 652 5243 pulsus
677 5174 854 5233 luerat
872 5175 975 5250 (b),
1001 5177 1203 5248 aliquid
1234 5178 1466 5249 amplius
1494 5179 1855 5249 postulavisse
1881 5182 1964 5237 vi-

361 5266 523 5324 detur
544 5282 576 5323 a
602 5267 877 5339 Damaso,
910 5285 1071 5342 quam
1106 5280 1169 5328 ut
1205 5270 1297 5329 ille
1338 5272 1536 5331 iterum
1570 5274 1958 5347 damnaretur;

360 5367 525 5432 atque
567 5359 706 5419 illud
743 5369 862 5429 est,
910 5377 983 5422 ne
1020 5361 1416 5422 Mediolanensi
1460 5365 1722 5424 Ecclesia:
1761 5367 1968 5427 diutius

461 5542 519 5683 ag
557 5542 766 5635 Theod.
790 5545 857 5603 Η.
890 5547 980 5618 E.,
1004 5548 1099 5607 lib.
1128 5564 1211 5619 IV,
1235 5564 1356 5639 cap.
1375 5549 1436 5637 _6.
1868 5622 1880 5635 ‘

432 5542 1254 5742 ἑῖςλῖῗῖἐῗαέἕέῖέᾙῗὲιαῖἷκθί
1277 5623 1449 5694 ”””·⁰’³
1473 5623 1742 5703 MM“
1776 5628 1879 5696 καί

466 5616 923 5709 ςλθαυμάζρνῖὶς,
950 5616 1070 5709 frcis"
1086 5616 1254 5701 tux—pi
1277 5616 1449 5694 νῧνξοῦ
1473 5623 1742 5703 καθῃρέθη,
1776 5622 1972 5696 mihine

370 5687 678 5747 ἕκϐόϐληταὶ
716 5699 808 5753 τῆς
835 5687 1210 5757 Ἐκκλησίάς.”’

442 5756 523 5836 (ιε)
564 5758 915 5836 ξυιειιηηιίι).
946 5777 1043 5829 vn,
1078 5778 1198 5836 cap.
1224 5764 1314 5821 50.

447 5827 530 5903 (τι)
573 5827 731 5889 Socr.
765 5827 861 5890 lib.
904 5847 963 5902 tt,
999 5827 1118 5908 cap.
1146 5827 1255 5907 ΞΜ
1285 5836 1506 5896 Sozom.
1538 5837 1630 5896 lib.
1664 5853 1737 5907 tv,
1766 5854 1886 5913 cap.
1916 5839 1971 5908 6,

2066 4729 2244 4784 catur,
2283 4718 2376 4788 qni
2428 4714 2869 4772 Occidentalibus
2896 4715 3348 4783 accensebantur,
3380 4725 3435 4771 et
3477 4715 3669 4771 Latina

2063 4810 2249 4880 lingua
2276 4809 2587 4876 utebantur;
2638 4808 2899 4879 nullaque
2941 4807 3171 4878 proinde
3220 4808 3516 4878 probabilis
3542 4823 3673 4865 eon-

2061 4902 2275 4973 jectura
2303 4913 2387 4958 est
2440 4918 2569 4971 cur,
2610 4902 2753 4975 quod
2800 4902 3112 4958 Holstenius
3137 4903 3364 4973 reperit,
3393 4914 3668 4974 sumptum

2065 4996 2247 5067 potius
2271 5010 2339 5052 ex
2368 4995 2561 5051 Graeco
2586 4996 2679 5063 sit,
2703 5010 2864 5067 quam
2890 4997 3065 5067 ipsum
3096 4996 3345 5051 Latinum
3374 5011 3437 5051 ac
3489 4997 3674 5065 primis-

2067 5089 2287 5161 genium
2340 5090 2634 5159 exemplar.
2694 5089 2899 5146 Deinde
2947 5105 3124 5163 neque
3167 5092 3458 5155 Damasus,
3492 5104 3667 5159 neque

2069 5182 2163 5239 alii
2234 5181 2613 5240 Occidentales
2681 5183 2974 5256 hypostasis
3038 5198 3172 5240 voce
3251 5183 3561 5245 utebantur,
3606 5188 3668 5237 ut

2070 5277 2429 5335 substantiam
2508 5279 2925 5351 exprimerent,
2993 5278 3195 5333 Basilio
3266 5290 3378 5346 pra:
3453 5276 3671 5332 caeteris

2075 5378 2217 5427 teste
2268 5370 2353 5444 (g)
2402 5387 2417 5425 :
2461 5371 2590 5430 hinc
2640 5372 2692 5428 in
2744 5375 2861 5443 ipsa
2912 5368 3183 5440 epistola,
3241 5381 3403 5439 quam
3463 5366 3680 5425 Halete-

2079 5556 2343 5624 ιωθεῖλονς
2372 5553 2542 5611 Bilar.
2575 5555 2643 5612 de
2682 5553 2902 5626 synod.,
2932 5567 3056 5625 cap.
3105 5550 3197 5620 31,
3235 5561 3293 5611 et
3324 5555 3540 5629 Fragm.
3574 5573 3671 5627 att,

2081 5629 2408 5765 n.(gegoAnn.
2438 5696 2567 5762 369,
2599 5712 2752 5754 num.
2780 5695 2873 5753 τι.

2151 5768 2222 5908 ﬁt)
2260 5769 2616 5852 ViduEuseb.
2643 5768 2710 5827 Η.
2745 5768 2839 5827 Ε.-

2178 5840 2231 5908 g)
2274 5839 2448 5908 Epist.
2475 5839 2602 5893 212.

2178 5839 2231 5910 ῃ)
2274 5839 2448 5911 Epist.
2475 5839 2602 5893 2l2.
