4150 6176
459 265 564 333 155

1651 220 1964 330 SANC'l'US
2000 266 2331 332 DAM‘ASUS
2372 272 2571 331 PAPA.

3657 269 3762 328 156

456 394 578 451 nius
602 392 798 460 edidit,
830 391 1031 463 legitur
1062 390 1275 446 Patrem
1303 398 1359 445 et
1396 386 1594 444 Filium
1625 388 1777 444 unius
1803 405 1914 444 esse
1940 389 2058 444 sub-
2084 393 2138 455 Α
2164 391 2280 447 ιιωο
2315 392 2509 448 merito
2535 390 2682 447 dicta
2722 389 2893 447 videri
2949 387 3246 459 poterunt?
3277 385 3404 443 Mihi
3434 387 3618 458 itaque
3645 388 3765 457 opi-

453 485 659 540 stantiae
687 493 917 539 tantum.
966 480 1084 535 Non
1115 495 1268 550 ergo,
1320 487 1379 533 ut
1400 480 1583 534 verbis
1610 490 1733 534 utar
1757 479 2059 535 doctissimi

454 578 599 634 tertii
629 575 815 632 Basilii
834 590 1061 645 cperum
1092 575 1221 629 torni
1250 573 1501 637 editoris,
1531 573 1773 628 dixerunt
1807 573 2061 629 Occiden-

452 674 599 737 tales,
633 671 847 725 Patrem
872 678 921 722 et
947 666 1149 722 Filium
1175 668 1406 737 eiusdem
1436 684 1548 723 esse
1584 669 1957 734 ὑποστάσεως,
1980 671 2063 725 καὶ

453 765 655 828 οὐσίας,
671 770 725 815 ut
737 760 921 815 habent
935 757 1116 816 Graeca
1129 759 1465 831 exemplaria,
1480 759 1577 815 sed
1595 768 1803 815 tantum
1817 758 2060 830 ejusdem

457 858 658 921 οὐσίας,
695 854 895 910 omissa
933 855 1277 917 ὑποστάσεως
1308 870 1440 910 voce
1470 871 1483 908 :
1518 866 1679 926 alque
1706 855 1831 910 inde
1857 855 2065 925 colligi-

460 959 549 1005 tur
588 964 683 1005 eos
732 962 838 1003 non
870 946 1049 1004 Greece
1074 948 1364 1015 scripsisse,
1401 963 1493 1002 nec
1520 949 1815 1019 epistolam,
1847 964 1965 1019 qua:
1988 957 2065 1004 est

458 1043 600 1116 apud
631 1042 1000 1108 Sozomenum,
1046 1058 1109 1096 ac
1162 1040 1542 1096 Tlteodoretum
1574 1042 1889 1111 primarium
1917 1055 2064 1109 esse,

460 1152 521 1192 ac
552 1136 1006 1207 qermanissimum
1041 1135 1331 1203 exemplar,
1370 1146 1428 1188 ut
1472 1136 1705 1189 eruditus
1742 1135 1908 1190 editor
1932 1135 2068 1189 litte-

460 1245 635 1283 rarum
664 1244 988 1284 summorunt
1017 1228 1327 1299 pontificum
1373 1236 1557 1281 contra
1600 1225 1993 1281 Tillemontium
2023 1232 2071 1279 et

463 1319 593 1375 alios
640 1318 923 1385 contendit,
954 1318 1046 1373 sed
1075 1320 1264 1390 potiori
1283 1322 1408 1392 jure
1436 1319 1568 1373 hanc
1600 1317 1809 1373 laudem
1832 1318 1985 1372 editae
2005 1317 2069 1371 ab

467 1411 742 1467 Holstenio
764 1412 993 1484 epistola:
1018 1411 1343 1467 tribuendam
1376 1409 1475 1482 (a).
1511 1409 1833 1465 Gravissimi
1854 1410 1954 1464 viri
1982 1410 2072 1479 ju-

465 1503 666 1560 dicium
693 1504 1049 1560 conﬁrmatur
1073 1518 1142 1559 ex
1172 1501 1319 1558 varia
1381 1500 1616 1557 lectione
1692 1510 1859 1572 atque
1905 1501 2073 1556 inter-

470 1597 794 1667 pretatione,
844 1611 965 1668 qua:
1020 1593 1165 1666 apud
1213 1595 1597 1658 Sozomenum,
1642 1592 2069 1660 'l‘heodoretum,

2163 487 2253 539 nio
2279 484 2447 550 subit,
2477 482 2824 539 Vincentium
2850 481 2986 537 nihil
3018 495 3272 552 umquam
3300 479 3610 545 admisisxse,
3653 495 3764 550 quo

2162 588 2254 631 aut
2283 593 2311 631 a
2343 576 2470 642 ﬁde,
2499 584 2592 629 aut
2620 576 2687 631 ab
2717 574 2986 641 Ecclesia,
3016 583 3176 645 atque
3202 572 3485 629 Athanasii
3514 589 3762 629 commu-

2164 669 2518 736 nioneipsum
2544 667 2863 723 discessisse
2885 669 3060 737 palam
3084 675 3338 723 constare
3362 676 3564 738 posset.
3592 666 3766 723 Unam

2163 762 2411 818 Liberius
2440 763 2559 831 ejus
2581 761 2964 816 simulationem
2990 760 3135 815 dolet
3156 760 3210 814 in
3237 744 3433 815 litteris
3456 758 3523 814 ad
3548 758 3762 827 Osium,

2166 864 2221 909 et
2253 854 2547 909 Eusebium
2577 853 2978 911 Vercellensem
3008 853 3079 926 (c)
3105 869 3118 919 ;
3150 852 3277 923 quid
3303 866 3435 908 vero
3461 836 3766 910 simulatio-

2170 945 2255 1002 nis
2300 947 2520 1002 nomine
2570 946 2853 1017 intelligat,
2899 947 3137 1018 explicat
3175 946 3311 1015 ipse,
3353 960 3475 1001 cum
3519 945 3614 1011 ait,
3660 960 3769 1003 non

2173 1047 2377 1094 tantum
2409 1039 2543 1095 nihil
2572 1040 2889 1110 impetrasse
2912 1038 3255 1095 Vincentium
3278 1054 3307 1091 a
3331 1038 3667 1104 Constantio,
3694 1053 3767 1095 ex

2173 1131 2260 1199 iis,
2289 1133 2360 1188 ob
2385 1149 2507 1204 quae
2537 1134 2742 1203 legatus
2762 1132 2959 1201 fuerat,
2984 1132 3078 1188 sed
3107 1132 3272 1187 videri
3299 1134 3558 1188 sententiis
3576 1133 3768 1190 Orien-

2176 1227 2361 1282 talium
2384 1227 2799 1283 accommodasse
2816 1244 3142 1294 consensum,
3174 1228 3429 1283 ineorum
3457 1227 3662 1284 scilicet
3689 1229 3771 1284 ire

2173 1321 2459 1376 consilium
2484 1363 2499 1389 ,
2545 1323 2632 1393 qui
2676 1322 2947 1393 dogmatis
2989 1322 3174 1378 Ariani
3235 1322 3607 1394 scponendam
3647 1334 3773 1379 tunc

2175 1414 2572 1484 cognitionem,
2620 1424 2782 1485 atque
2826 1431 2988 1470 uuam
3041 1416 3324 1471 Athanasii
3363 1416 3773 1471 damnationem

2176 1506 2515 1578 urgendum,
2564 1508 3079 1578 proponendamque
3127 1508 3459 1574 censebant,
3513 1516 3574 1563 ut
3627 1507 3772 1563 idem

2181 1603 2421 1672 pontifex
2457 1603 2649 1658 exsilio
2683 1604 2796 1673 jam
2836 1604 3034 1659 fractus
3072 1603 3314 1673 explicat
3348 1604 3402 1659 in
3447 1604 3675 1674 epistola
3707 1601 3775 1659 ad

471 1694 634 1759 atque
647 1686 1011 1758 Epiphanium
1027 1686 1302 1743 observari
1321 1695 1495 1756 potest
1513 1696 1677 1756 atque
1686 1686 1850 1741 etiam
1872 1700 1904 1739 a
1918 1684 2076 1741 Vale-

2187 1695 2483 1751 Drientales
2506 1696 2610 1769 (d).
2644 1696 2713 1752 At
2738 1700 2782 1751 si
2815 1697 3126 1753 Vincentius
3153 1714 3454 1753 consensum
3484 1712 3776 1752 accommo-

470 1781 557 1838 sio
582 1780 959 1837 animadversa
987 1789 1071 1836 est
1102 1796 1115 1833 :
1143 1778 1261 1835 hzec
1284 1778 1453 1843 enim,
1481 1778 1535 1833 ni
1580 1777 1760 1845 fallor,
1791 1776 2077 1833 manifeste
2106 1788 2155 1849 Β
2183 1789 2307 1844 dare
2330 1791 2610 1856 videbatur,
2634 1790 2872 1846 nondum
2903 1790 3146 1861 ρι-οῖρριο
3176 1807 3234 1847 τε
3260 1792 3373 1862 ipsa
3401 1790 3780 1847 accmumoda-

475 1874 728 1944 probant,
758 1873 1044 1943 epistolam
1068 1871 1245 1943 primo
1266 1870 1462 1927 Latine
1482 1871 1767 1941 scriptam,
1795 1885 1860 1926 ac
1878 1869 2080 1927 deinde

2187 1891 2353 1947 verat.
2386 1884 2480 1940 sed
2506 1883 2642 1938 falsa
2670 1899 2731 1938 ca
2756 1899 2853 1953 spe
2882 1884 3116 1940 Iactabat
3136 1884 3445 1949 haereticos,
3479 1896 3537 1939 ut
3558 1893 3776 1953 tempus

479 1982 578 2038 pro
608 1966 891 2037 utriusque
929 1964 1106 2023 Grtcci
1133 1965 1418 2036 scriptoris
1444 1965 1685 2036 ingenio,
1738 1980 1803 2021 ac
1830 1966 2016 2034 etiam,
2047 1980 2081 2021 e

475 2060 711 2118 diversis
736 2060 1142 2131 exemplaribus
1182 2060 1331 2115 varie
1377 2060 1446 2115 ab
1466 2070 1699 2131 utroque
1724 2060 2077 2129 intellectam,

478 2169 543 2211 ac
570 2153 761 2211 Graece
781 2153 1148 2210 diversimode
1173 2152 1339 2209 fuisse
1362 2168 1701 2224 expressam.

554 2247 634 2303 Ex
666 2246 816 2304 hisce
861 2255 1042 2303 autem
1075 2246 1293 2302 Damasi
1346 2245 1542 2303 litteris
1570 2246 1637 2302 ad
1669 2247 1914 2319 Illyricos
1939 2248 2084 2318 epis-

482 2357 674 2414 copos,
703 2341 785 2398 rir
803 2339 1153 2399 doctissimus
1171 2340 1444 2412 Iosephus
1464 2340 1799 2414 Augustinus
1818 2342 1962 2408 Orsi,
1995 2358 2087 2399 su-

480 2450 723 2507 premam
744 2433 891 2490 sedis
919 2434 1232 2505 apostolicae
1257 2433 1661 2498 auctoritatem,
1686 2450 1750 2491 ac
1772 2436 2088 2491 irreforma-

484 2526 591 2583 bile
606 2525 872 2596 judicium
900 2526 1116 2598 egregie
1138 2525 1354 2581 asserit.
1403 2524 1535 2581 Nam
1564 2542 1687 2581 cum
1714 2542 1783 2583 ex
1828 2527 2085 2583 Romana:

484 2617 647 2688 hujus
676 2617 870 2689 synodi
901 2627 1082 2674 mente
1108 2617 1186 2673 ait
1213 2617 1453 2688 pontifex
1478 2634 1492 2671 :
1530 2617 1711 2691 Neque
1736 2619 1870 2674 enim
1891 2623 2089 2693 prazju-

486 2712 681 2767 dicium
707 2711 924 2784 aliquod
953 2713 1099 2767 nasci
1124 2712 1292 2785 potuit
1318 2727 1345 2766 e
1366 2728 1579 2767 numero
1619 2728 1817 2779 eorum,
1850 2714 1939 2785 qui
1968 2714 2090 2768 Ari-

490 2805 689 2860 minum
709 2815 1073 2873 convenerunt,
1096 2822 1212 2861 cum
1242 2815 1438 2861 constet
1459 2822 1621 2877 neque
1643 2806 1937 2861 Romanum
1973 2807 2088 2878 epi-

480 2915 716 2970 scopum,
749 2900 900 2970 cujus
942 2909 1061 2954 ante
1110 2914 1284 2954 omnes
1333 2900 1433 2969 fuit
1471 2900 1759 2969 expetenda
1812 2901 2086 2967 sententia,

486 3007 647 3061 neque
703 2989 1060 3065 Vincentium,
1119 3007 1282 3061 neque
1326 2990 1480 3054 alios,
1531 2990 1832 3061 hujusmodi
1885 2992 2091 3047 statutis

487 3100 790 3139 consensum
824 3084 1051 3155 aliquem
1088 3082 1441 3138 commodasse
1472 3098 1491 3138 :
1520 3081 1647 3139 inde
1692 3084 1890 3140 merito
1918 3084 2092 3139 conli-

2183 1974 2387 2030 iuterea
2433 1975 2685 2041 duceret,
2737 1986 2901 2046 atque
2948 1976 3163 2042 exsilio,
3210 1975 3352 2046 quod
3395 1977 3692 2047 imperator
3724 1976 3778 2030 in

2182 2078 2550 2139 repugnantes
2579 2078 2883 2136 statuerat,
2918 2084 3041 2124 sese
3068 2069 3439 2125 subtraheret.
3476 2069 3626 2124 llanc
3654 2084 3784 2125 seu.

2193 2165 2415 2220 tentiam
2447 2165 2771 2220 conﬁrmare
2811 2164 3026 2220 videtur
3064 2172 3177 2219 tum
3218 2163 3550 2220 Athanasius
3589 2164 3703 2235 ipse
3728 2162 3785 2218 in

2189 2258 2453 2329 Apologia
2481 2258 2547 2312 ad
2577 2257 2958 2313 Constantium
2980 2300 2994 2323 ,
3027 2273 3151 2314 cum
3176 2259 3287 2311 ait:
3334 2254 3658 2311 Vincentium
3687 2255 3788 2309 vim

2187 2367 2289 2406 non
2316 2351 2578 2423 uulgarem
2604 2392 2617 2412 ,
2652 2366 2933 2422 gravesque
2955 2349 3291 2404 contumelias
3322 2364 3532 2419 passum
3558 2389 3573 2414 ,
3614 2347 3789 2404 donec

2187 2445 2521 2516 signiﬁcaret
2542 2445 2686 2499 nolle
2708 2459 2766 2500 se
2784 2460 2905 2499 cum
2934 2443 3232 2499 Athanasio
3253 2442 3660 2499 communicare
3685 2441 3782 2513 (e);

2189 2550 2299 2597 tum
2332 2552 2595 2611 praeterea
2625 2542 2877 2598 Liberius
2908 2542 2963 2597 in
2992 2542 3223 2615 epistola
3247 2542 3314 2599 ad
3342 2543 3593 2599 eumdem
3618 2542 3787 2613 impe-

2189 2642 2426 2689 ratorem
2473 2633 2635 2690 missa
2680 2650 2776 2705 per
2819 2637 3025 2706 legatos
3067 2636 3399 2706 posteriores
3442 2634 3790 2703 Luciferum,

2189 2725 2538 2782 Pancratiqu
2566 2769 2579 2795 ,
2614 2738 2775 2797 atque
2813 2726 3074 2782 Hilarium
3102 2769 3119 2794 ,
3152 2727 3425 2796 expreSsis
3455 2725 3538 2781 his
3570 2726 3791 2782 verbis:

2194 2819 2406 2875 Manent
2437 2821 2742 2894 legatorum,
2772 2819 3041 2876 Vincentii
3073 2820 3281 2875 scilicet
3308 2829 3363 2874 et
3392 2819 3668 2886 Marcelli,
3700 2820 3788 2873 lit-

2194 2925 2345 2981 terte,
2384 2916 2472 2984 qui
2497 2915 2566 2968 ad
2599 2913 2932 2969 Clementiam
2962 2924 3104 2968 tuam
3130 2914 3338 2984 fuerant
3374 2914 3646 2974 destinati.
3680 2929 3796 2984 qute

2194 3022 2370 3062 uorsa
2394 3018 2657 3072 venerunt,
2687 3009 2867 3073 quibus
2896 3007 3191 3079 significant
3219 3016 3428 3078 prapter
3450 3006 3795 3060 turbationem

2196 3099 2401 3169 quidem
2432 3101 2659 3154 omnium
2685 3097 3060 3159 Ecclesiarum.
3093 3117 3146 3154 se
3176 3099 3381 3167 quidem
3410 3108 3533 3154 ante
3560 3116 3796 3154 succum-

488 3177 603 3244 cit,
682 3192 785 3232 non
850 3187 1126 3246 utcumque
1185 3176 1241 3230 in
1307 3174 1663 3231 Ecclesiarum
1737 3186 1783 3232 et
1867 3175 2087 3230 Patrum

2197 3194 2313 3248 bere
2337 3194 2600 3249 sententiis
2634 3192 2978 3249 Orientalium
3005 3192 3250 3257 voluisse,
3276 3191 3605 3264 proposuisse
3626 3202 3794 3247 tamen

493 3271 829 3327 consensione
853 3310 869 3337 ,
929 3279 979 3325 et
1032 3270 1228 3324 unitate
1292 3268 1633 3323 conciliorum
1694 3269 1797 3323 vim
1851 3285 1959 3324 esse
2011 3284 2095 3322 re-

500 3366 723 3435 positam
752 3404 767 3430 ,
828 3363 921 3418 sed
990 3378 1103 3418 eant
1164 3361 1283 3417 inde
1333 3361 1659 3430 potissimum
1710 3377 1820 3415 esse
1865 3368 2098 3432 repeten-

493 3454 635 3523 dam,
670 3456 809 3524 quod
834 3471 950 3509 cum
976 3470 1192 3509 romano
1220 3454 1465 3524 pontifice
1489 3452 1647 3507 veluti
1687 3452 1855 3521 capite
1876 3453 2097 3523 conjun-

492 3561 704 3621 guntur,
746 3564 805 3604 eo
842 3548 999 3620 plane
1024 3546 1199 3609 modo,
1233 3562 1335 3617 quo
1360 3546 1525 3611 salus,
1556 3554 1605 3599 et
1651 3544 1757 3599 vita
1778 3586 1794 3611 ,
1828 3555 2097 3615 motusque

493 3647 726 3717 corporis
758 3645 814 3700 in
850 3643 1144 3714 integritate
1183 3641 1285 3695 sita
1320 3651 1478 3707 sunt,
1531 3649 1579 3693 et
1618 3650 1796 3693 ntutua
1843 3637 2098 3693 membro-

496 3758 615 3797 rum
658 3737 1059 3811 conjunctione,
1117 3744 1167 3790 et
1206 3742 1378 3790 tamen
1425 3748 1488 3788 ea:
1528 3748 1706 3787 eorum
1760 3746 1876 3783 cum
1929 3730 2097 3798 capite

496 3834 881 3907 conjunctione,
928 3840 1080 3897 atque
1108 3844 1171 3883 ea:
1221 3827 1337 3897 ipso
1389 3824 1558 3894 capite
1590 3822 1841 3890 deﬂuant,
1897 3828 1944 3873 et
1991 3821 2097 3875 ori-

494 3927 665 3998 ginem
703 3925 912 3978 ducant.
964 3921 1102 3975 Hinc
1150 3918 1278 3988 quia
1332 3915 1568 3970 Nicaeum
1620 3910 1831 3982 synodo
1882 3927 1975 3981 per
2016 3912 2096 3969 le-

492 4027 649 4089 gatos
677 4029 805 4071 suos
832 4013 1111 4068 Romanus
1147 4005 1388 4079 pontifex
1415 4003 1696 4067 adfuerat,
1728 4012 1784 4058 et
1813 4018 2093 4059 assensum

493 4110 853 4183 praestiterat,
899 4105 1162 4160 Damasus
1197 4099 1323 4156 ﬁdei
1373 4095 1660 4154 formulam
1693 4104 1819 4151 tunc
1849 4095 2096 4166 praeseri-

494 4212 641 4277 ptam
665 4244 681 4270 ,
710 4199 1079 4271 Apostolorum
1108 4203 1300 4263 vocat,
1340 4192 1458 4251 sive
1488 4190 1869 4265 Apostolicam,
1903 4188 2096 4247 Arimi-

492 4310 719 4353 nensem
758 4308 889 4349 vero
926 4289 1143 4363 νιιιῇίοἰι,
1187 4287 1334 4360 quod
1370 4302 1437 4345 eo
1464 4300 1734 4343 consensu
1772 4293 1975 4341 careat.
2024 4282 2097 4339 Ut

492 4388 638 4448 enim
665 4387 843 4461 pergit
873 4385 954 4441 vir
980 4382 1348 4448 clarissimus,
1388 4381 1768 4437 Ariminensem
1791 4379 2091 4448 formulam,

493 4495 541 4542 et
572 4483 866 4550 Nicwnam,
916 4480 1161 4537 Romana:
1203 4478 1359 4549 hujus
1396 4476 1582 4549 synodi
1612 4475 1843 4547 episcopi
1878 4472 2095 4529 inuicem

493 4585 785 4653 conferunt,
810 4588 861 4633 et
879 4577 1103 4647 priorem
1120 4574 1347 4647 quamvis
1368 4572 1446 4627 illi
1469 4571 1720 4626 maximus
1740 4570 2093 4639 episcoporum
2120 4568 2176 4630 D

496 4690 742 4728 numerus
770 4669 1089 4739 suffragatus
1121 4676 1252 4731 erat,
1290 4666 1408 4721 ideo
1438 4664 1758 4734 petissimum
1777 4660 2088 4732 explodunt,

498 4773 547 4819 et
575 4764 769 4835 nullius
790 4761 1034 4817 momenti
1057 4775 1166 4815 esse
1189 4757 1490 4815 decernunt,
1516 4754 1757 4825 quoniam
1784 4752 1969 4824 absque
1990 4751 2099 4808 Ro-

495 4857 634 4913 mani
660 4853 920 4927 pontificis
957 4868 1168 4908 assensu
1193 4849 1403 4905 condita
1433 4848 1637 4918 fuerat;
1679 4846 1949 4904 Nictenam
1979 4862 2096 4903 vero

493 4952 611 5009 ideo
641 4958 892 5023 perpetuo
942 4944 1267 5001 retinendam
1300 4958 1414 4998 esse
1450 4942 1803 5008 constituunt,
1848 4941 2097 5013 quoniam

497 5042 883 5121 Apostolorum,
918 5040 973 5094 id
1022 5046 1121 5103 est,
1171 5037 1307 5092 sedis
1352 5036 1671 5109 apostolicae,
1722 5036 1827 5089 sive
1873 5033 2099 5090 Romani

498 5138 768 5214 pontiﬁcis
809 5131 1076 5192 sententia
1130 5139 1188 5186 et
1214 5129 1537 5185 auctoritate
1563 5130 1773 5183 ﬁrmata
1799 5126 1961 5182 fuerit
1992 5126 2092 5198 (b).

568 5232 661 5289 1V.
704 5231 896 5288 Mirum
924 5236 1104 5283 tamen
1137 5221 1311 5277 videri
1339 5220 1530 5292 possit,
1574 5218 1898 5273 Vincentium
1918 5218 2093 5284 illum,

497 5324 814 5396 Capuanum
840 5320 1073 5385 scilicet,
1101 5328 1288 5389 aperte
1308 5312 1543 5379 laudari,
1574 5311 1718 5383 quod
1740 5312 2095 5365 sacerdotium

501 5426 571 5471 tot
594 5433 756 5471 annos
779 5416 975 5471 illibate
999 5420 1270 5468 servasset.
1299 5406 1382 5464 An
1406 5421 1534 5463 vero
1561 5405 1629 5462 de
1656 5420 1745 5472 eo,
1769 5405 1943 5477 quiut
1969 5420 2091 5460 cum

499 5508 718 5566 Arianis
738 5507 967 5573 faceret,
987 5503 1272 5562 Athanasii
1290 5500 1729 5560 communionem
1751 5500 2090 5569 deseruerat,

576 5621 654 5698 (ᾳ)
684 5622 815 5698 _Not.
839 5621 914 5698 ad_
933 5621 1243 5698 epistLBas.
1264 5620 1377 5698 _9‘2_..
1744 5644 1751 5645 ί

576 5687 651 5767 (ὁ)
683 5695 755 5751 De
776 5687 1047 5767 Irreforin.
1076 5692 1145 5746 Β.
1167 5694 1229 5747 Ρ.
1256 5692 1435 5748 Judic.
1469 5689 1565 5752 lib.
1596 5706 1636 5760 ι,
1660 5704 1783 5762 cap.
1814 5687 1871 5757 7,
1894 5696 1999 5747 art.
2031 5688 2089 5744 2.

578 5759 654 5846 (ο)
682 5764 837 5839 Apud
862 5759 1049 5818 Const.
1074 5776 1160 5832 ep.
1187 5777 1204 5817 ι
1233 5770 1289 5817 ct
1314 5777 1375 5816 ιι.

2197 3285 2565 3349 conditionem,
2596 3296 2651 3339 ut
2682 3286 2727 3340 si
2754 3287 2909 3340 iidem
2940 3284 3051 3339 Arii
3080 3284 3314 3341 haeresim
3351 3290 3790 3355 condemnassent,

2198 3377 2295 3432 hoc
2332 3394 2516 3448 genere
2553 3378 2788 3431 inclinati
2823 3394 2998 3432 eorum
3034 3378 3296 3433 sententiis
3340 3378 3617 3431 obedirent.
3653 3376 3793 3434 Hinc

2199 3471 2362 3540 igitur
2384 3471 2573 3540 liquet,
2606 3470 2813 3540 legatos
2840 3469 2964 3525 illos
2986 3485 3110 3525 cum
3134 3468 3250 3525 hinc
3271 3470 3594 3536 scriberent,
3619 3469 3793 3537 lapsui

2201 3566 2511 3635 proximos,
2553 3576 2609 3619 at
2643 3580 2749 3619 non
2782 3563 2947 3619 fuisse
2981 3580 3200 3634 prorsus
3226 3564 3432 3629 vietos,
3467 3574 3628 3632 atque
3657 3562 3797 3621 hanc

2199 3658 2473 3712 exstitisse
2499 3671 2741 3723 causam,
2773 3671 2870 3711 cur
2901 3655 3359 3711 Liberiuslitteris
3390 3655 3496 3710 illis
3524 3655 3793 3724 acceptis,

2198 3749 2333 3804 alios
2379 3750 2584 3820 legatos
2621 3751 2887 3815 mitteret,
2942 3750 3213 3820 prioribus
3251 3749 3459 3805 scilicet
3496 3748 3604 3821 jam
3654 3764 3793 3819 pene

2197 3839 2407 3907 fractis,
2440 3856 2505 3896 ac
2534 3842 2611 3898 rei
2639 3842 2864 3913 agenda:
2893 3841 2963 3896 ob
2986 3843 3132 3897 illam
3162 3840 3544 3896 simulationem
3573 3839 3793 3909 ineptis.

2197 3930 2469 3987 Caeterum
2497 3949 2604 3988 non
2637 3935 2755 3990 haec
2780 3950 2846 3989 eo
2873 3933 3139 3999 disserui,
3172 3941 3231 3989 ut
3256 3931 3598 3989 Vincentium
3629 3932 3794 4003 culpa

2198 4024 2418 4080 omnino
2431 4040 2617 4082 carere
2630 4026 2917 4094 afﬁrmem,
2933 4026 3028 4081 sed
3047 4025 3495 4097 utintelligamus,
3514 4042 3619 4095 quo
3631 4040 3797 4081 sensu

2199 4119 2528 4177 isillibatum
2552 4129 2629 4176 tot
2647 4135 2820 4176 anulos
2850 4120 3209 4177 sacerdotium
3241 4134 3509 4184 servasse,
3534 4134 3564 4172 a
3595 4119 3794 4174 Dama-

2196 4228 2258 4268 so
2286 4214 2392 4271 dici
2426 4215 2681 4285 potuerit,
2713 4225 2976 4286 quatenus
3018 4215 3227 4270 scilicet
3255 4212 3388 4269 nihil
3419 4213 3508 4268 ille
3537 4223 3631 4268 aut
3661 4228 3795 4268 con-

2200 4315 2279 4363 tra
2303 4306 2467 4364 ﬁdem
2485 4348 2499 4376 ,
2532 4316 2624 4364 aut
2649 4318 2835 4364 contra
2867 4306 3217 4363 Athanasium
3242 4309 3415 4378 palam
3443 4309 3693 4378 gesserit.
3716 4311 3728 4375 ξ

2836 4398 3068 4457 CAPUT
3110 4400 3172 4456 V.

2198 4492 2334 4559 570,
2382 4492 2587 4549 Danum
2626 4492 2660 4548 5
2687 4534 2701 4559 ,
2750 4493 3153 4551 VALENTINIANO
3193 4510 3261 4549 er
3304 4492 3557 4551 VsLsN'rt-z
3600 4509 3656 4549 ιιι
3707 4511 3795 4550 ΑΛ.

2890 4587 3068 4629 CONSS.

2199 4667 2241 4723 l.
2282 4668 2361 4723 De
2389 4666 2677 4739 Illyricana
2712 4670 2913 4739 synodo
2940 4670 3135 4739 agitur.
3183 4684 3299 4737 qua:
3332 4666 3620 4720 Romanam
3665 4663 3800 4719 hanc
3881 4696 3884 4699 -

2270 4762 2541 4816 subsecuta
2569 4769 2663 4825 est,
2692 4761 2994 4832 scriptisque
3019 4760 3082 4815 ab
3104 4760 3197 4814 illa
3223 4770 3271 4814 et
3303 4757 3667 4814 Valentiniano
3702 4759 3801 4812 im-

2270 4865 2506 4927 peratore
2533 4855 2736 4910 litteris.
2788 4855 2853 4909 ll.
2902 4857 3030 4922 Qua:
3069 4854 3363 4921 a/feruntur
3404 4865 3451 4909 et
3497 4853 3801 4919 expendun-

2274 4958 2376 5003 tur.
2422 4947 2511 5004 ΙΙΙ.
2566 4947 2644 5003 De
2672 4947 2901 5003 Zanobio
2942 4946 3244 5003 Florentino
3291 4949 3552 5020 episcopo.
3595 4945 3685 5000 IV.
3721 4945 3801 5001 De

2284 5040 2631 5096 Valentiniani
2657 5042 2765 5113 lege
2796 5042 3021 5095 Damaso
3054 5041 3326 5110 inscripta,
3356 5052 3401 5098 et
3435 5040 3799 5107 Tlteodosiano

2275 5133 2450 5190 Codici
2478 5136 2669 5189 inserta
2693 5150 2715 5201 ,'
2757 5151 2820 5187 ac
2848 5133 3140 5206 defenditur
3169 5132 3450 5191 Baronius.

2203 5222 2242 5278 l.
2280 5225 2488 5279 Damasi
2502 5240 2654 5293 spem
2679 5225 2898 5280 minime
2930 5225 3252 5281 frustrarunt
3281 5225 3479 5299 Illyrici
3513 5225 3753 5297 episcopi
3781 5238 3796 5278 :

2202 5319 2321 5389 ejus
2350 5319 2496 5374 enim
2532 5318 2808 5390 synodtcis
2842 5318 3038 5375 litteris
3074 5319 3317 5385 excitati,
3359 5333 3482 5374 cum
3512 5317 3803 5373 com'enis-

2201 5420 2365 5478 sent,
2398 5410 2875 5468 consubstantialis
2918 5411 3196 5467 Trinitatis
3241 5411 3400 5467 ﬁdem
3442 5410 3800 5467 conﬁrmave-

2201 5510 2330 5559 runt
2354 5543 2369 5570 ,
2400 5511 2458 5559 ut
2486 5502 2672 5560 Romae
2692 5504 2794 5561 sub
2814 5518 2881 5561 eo
2902 5503 3160 5575 pontiﬁce
3189 5503 3390 5562 factum
3412 5504 3611 5561 fuerat.
3639 5501 3801 5574 Poly-

2270 5620 2352 5692 (d)
2374 5618 2528 5693 Apud
2553 5621 2743 5693 Const.
2772 5636 2861 5693 ep.
2894 5636 2970 5678 xt.

2272 5693 2347 5763 (ε)
2376 5692 2508 5766 Cap.
2536 5692 2631 5749 24.
