4150 6176
327 247 431 304 137

326 453 571 524 piadem,
616 455 921 509 Amantium
950 499 964 524 ,
1011 466 1066 511 et
1104 457 1448 528 Cleopatram
1495 465 1923 536 damnaverunt,

325 561 467 616 quos
497 545 688 617 siquis
717 547 1053 616 suspicetur,
1090 552 1307 606 eosdem
1337 569 1487 619 esse,
1522 557 1612 627 qui
1647 570 1803 615 antea
1837 578 1928 615 ve-

324 639 431 693 luti
457 646 738 694 novatores
758 645 1072 710 apostolica:
1095 645 1210 698 sedi
1237 645 1400 700 delati
1430 649 1639 705 fuerant
1663 668 1690 705 a
1736 652 1926 708 Galliae

325 741 388 788 et
418 733 655 789 Venetiae
681 734 989 806 episcopis.
1038 737 1254 793 habebit
1294 743 1618 809 suspicionis
1662 762 1772 799 sua:
1819 763 1923 802 non

328 824 509 881 levem
537 826 905 896 conjecturam
943 845 969 882 a
1003 829 1228 886 Socrate
1263 842 1332 886 et
1386 833 1691 892 Sozomeno
1719 837 1796 910 (α)
1834 839 1924 908 qui

324 917 557 974 Mursam
588 919 907 986 Pannoniae,
941 923 992 977 id
1022 931 1105 978 est
1127 924 1322 996 Illyrici
1345 930 1629 984 castellum
1656 933 1706 987 in
1735 933 1926 989 Galliis

320 1015 626 1070 collocant:
661 1033 793 1071 nam
832 1017 994 1072 latius
1025 1020 1278 1075 nimirum
1310 1021 1484 1079 Gallia
1521 1039 1743 1096 accepta
1776 1027 1926 1083 inve-

242 1137 250 1150 -
317 1107 461 1162 nitur
505 1109 825 1181 aliquando,
867 1129 1025 1183 quam
1075 1116 1234 1185 vulgo
1278 1115 1392 1172 fieri
1437 1123 1737 1176 consoevit.
1783 1123 1919 1179 Tum

314 1200 514 1258 deinde
544 1205 718 1272 ipsius
745 1246 760 1269 ,
797 1214 852 1259 ut
882 1221 982 1275 ego
1006 1207 1223 1276 quidem
1256 1218 1416 1279 puto,
1452 1212 1664 1268 Damasi
1689 1255 1702 1276 ,
1734 1226 1785 1269 et
1816 1215 1924 1271 Ro-

314 1310 494 1348 manae
548 1295 737 1366 synodi
787 1298 1072 1365 mandato,
1123 1300 1190 1354 de
1243 1301 1324 1355 his
1379 1305 1628 1360 omnibus
1677 1305 1924 1363 fecerunt

312 1387 584 1442 certiores
612 1389 839 1443 Asianos
880 1392 1168 1463 episcopos
1219 1410 1314 1463 per
1346 1395 1616 1463 Elpidiutn
1648 1399 1882 1468 legatum
1903 1443 1918 1467 ,

313 1487 487 1548 atque
513 1494 607 1535 eos
635 1481 826 1536 hortati
860 1495 1016 1546 sunt,
1046 1495 1104 1539 ut
1133 1495 1184 1540 et
1212 1486 1315 1555 ipsi
1342 1487 1659 1544 Trinitatem
1689 1493 1923 1546 consub-

312 1574 632 1628 stantialem
663 1589 783 1630 esse
815 1588 1076 1646 perpetuo
1111 1579 1466 1646 prmdicarent
1489 1624 1505 1649 ,
1551 1594 1713 1655 atque
1736 1603 1922 1643 errore

308 1662 564 1733 deposito
588 1707 604 1732 ,
642 1667 693 1720 in
725 1683 833 1736 quo
861 1668 1063 1723 dudum
1097 1674 1294 1727 versati
1321 1673 1564 1742 fuerant,
1599 1677 1831 1733 Niemnze
1863 1682 1922 1734 li-

307 1757 400 1814 dei
433 1759 720 1816 formulam
751 1763 1156 1831 profiterentur.
1195 1767 1498 1839 Illyricam:
1527 1770 1686 1841 hujus
1725 1773 1919 1846 synodi
1953 1773 1994 1832 Β
2027 1774 2294 1848 Elpidium
2323 1783 2494 1851 illum,
2527 1805 2588 1842 cu

304 1853 509 1910 litteris
542 1873 637 1926 per
668 1857 937 1927 Elpidiutn
966 1860 1199 1930 legatum
1235 1862 1546 1930 afferendis,
1575 1880 1700 1920 suas
1722 1868 1920 1937 adjun-

305 1950 391 2005 xit
429 1952 481 2006 in
508 1952 757 2006 eamdem
781 1956 1108 2008 sententiain
1140 1955 1550 2014 Valentinianus
1585 1963 1878 2030 imperator
1900 2006 1914 2030 ,

301 2052 475 2115 atque
497 2058 750 2116 utrasque
775 2045 1182 2115 Theodoretus,
1213 2066 1276 2104 ac
1309 2050 1647 2121 Nicephorus
1677 2058 1907 2112 recitant

302 2152 383 2193 ex
416 2139 584 2194 latino
604 2181 618 2204 ,
661 2147 721 2193 ut
747 2155 848 2211 ego
869 2156 1077 2202 censeo
1107 2142 1160 2197 in
1189 2159 1425 2214 graecum
1460 2162 1767 2204 sermonem
1796 2167 1916 2205 ver-

303 2243 404 2284 sas
438 2228 538 2301 (ὁ).

380 2320 514 2376 Cum
560 2332 739 2379 autem
792 2323 1204 2382 Valentinianus
1246 2327 1296 2382 in
1341 2329 1407 2383 iis
1456 2341 1644 2401 aperte
1690 2334 1914 2402 scribat,

303 2415 608 2470 Romanam
641 2418 933 2488 synodum,
971 2435 1128 2489 quam
1153 2421 1351 2492 Illyrici
1385 2438 1497 2492 prie
1519 2427 1692 2480 oculis
1717 2429 1919 2483 habue-

295 2516 448 2572 rant,
479 2510 642 2581 paulo
667 2521 819 2565 antea
847 2511 1017 2568 fuisse
1047 2513 1280 2568 habitam
1303 2556 1318 2580 ,
1349 2516 1475 2571 hinc
1502 2518 1747 2576 Valesius
1770 2531 1916 2578 recte

296 2605 543 2668 conﬁcit,
577 2616 690 2660 tum
715 2622 854 2672 eam,
881 2625 1002 2679 quae
1030 2611 1079 2662 in
1104 2609 1519 2679 Illyrictieoacta
1547 2614 1666 2679 fuit,
1693 2619 1917 2672 alterius

297 2709 730 2768 consequentem
761 2716 883 2756 esse
908 2741 922 2766 ,
965 2712 1076 2757 tum
1103 2703 1349 2758 eamdem
1383 2721 1488 2759 non
1521 2722 1682 2776 posse
1712 2708 1916 2765 differri

297 2793 441 2848 ultra
476 2795 623 2852 hunc
662 2812 862 2852 annum
887 2840 901 2864 ,
947 2815 1104 2855 secus
1145 2817 1207 2856 ac
1247 2803 1521 2858 nonnullis
1555 2805 1700 2859 nulla
1741 2807 1913 2860 solida

299 2887 515 2942 ratione
567 2889 742 2943 visum
787 2899 892 2945 est.
947 2892 1062 2947 lloc
1107 2906 1370 2963 praeterea
1421 2897 1749 2952 continuant
1800 2912 1913 2954 tum

304 2980 437 3046 ipsa:
464 2978 712 3048 ejusdem
745 2983 934 3054 synodi
967 2986 1183 3052 litterae,
1208 2989 1485 3058 inscriptas
1514 2992 1770 3060 episcopis
1789 2993 1917 3046 dioe-

301 3087 474 3126 ceseos
520 3074 748 3141 Asianaa,
807 3074 1075 3148 Phrygiae.
1129 3079 1511 3151 Catapliryqice,
1563 3079 1912 3150 Pocotiatue;

1702 260 2230 326 PROLEGOMENA.

324 361 614 417 chronium
644 369 909 431 praeterea
937 405 949 428 ,
977 363 1396 432 Telemachum,
1423 369 1679 427 Faustum
1707 416 1720 438 ,
1749 377 1934 432 ASt-le-
1961 388 2008 445 Α
2040 385 2326 443 lemontius
2342 404 2407 446 ex
2428 394 2713 451 Ambrosio
2733 409 2788 454 et
2820 401 2855 454 Β

3531 311 3632 368 138

2861 403 3011 459 asilio
3041 409 3281 479 conjicit,
3304 430 3628 490 quamquam

2032 478 2115 530 vir
2135 479 2266 539 clar.
2301 484 2594 554 Gorgtrrus
2630 491 3034 551 Suessioneusis
3067 507 3358 563 canonicos
3389 478 3507 576 ejus
3541 533 3630 570 or-

2031 567 2357 628 dinationem
2375 577 2568 632 referat
2584 582 2647 635 ad
2663 582 3019 644 Aritninensis
3038 599 3247 651 concilii
3266 610 3502 671 tempora
3519 608 3625 679 (εἰ).

2106 660 2145 679 η
2214 664 2256 679 ..
2462 672 2470 679 .
2674 676 2698 679 -

2101 660 2165 715 II.
2211 664 2427 735 Magnus
2461 672 2638 742 itaque
2672 676 2935 735 Baronius
2965 685 3145 754 lapsus
3201 702 3306 757 est,
3354 711 3476 751 cum
3521 660 3623 758 ‘de-

2029 766 2214 824 ceptus
2239 763 2574 825 potissimum
2610 769 2757 825 hisce
2818 774 3176 836 Valentiniani
3204 787 3398 844 litteris
3431 834 3446 857 ,
3504 811 3623 863 qua:

2029 848 2080 901 in
2113 852 2319 917 codice,
2353 873 2459 924 qtto
2490 859 2578 914 ille
2611 879 2736 917 usus
2765 869 3128 930 est,Gratiani
3158 848 3628 951 inscriptionelca-

2027 956 2268 1010 ruerant,
2304 949 2768 1025 prtel'crebantque
2792 957 3054 1016 Ettslatltii
3085 983 3300 1036 nomen,
3331 949 3492 1042 quem
3523 995 3620 1046 pu-

2026 1038 2158 1088 tavit
2186 1053 2308 1095 esse
2337 1041 2608 1099 celebrem
2641 1047 2996 1109 Sebastenum
3025 1038 3441 1131 episcopum'ac
3489 1038 3617 1126 olim

2027 1127 2409 1199 Latnpsacenm
2438 1140 2630 1208 synodi
2656 1142 2720 1196 ad
2753 1151 3103 1214 apostolicam
3151 1157 3332 1211 sedem
3368 1161 3619 1232 legatum,

2027 1220 2141 1277 ha-c
2171 1227 2350 1282 omnia
2381 1234 2566 1286 retulit
2592 1235 2657 1287 ad
2689 1251 2887 1292 annum
2923 1242 3026 1296 365
3053 1255 3106 1300 et
3135 1249 3200 1301 ad
3227 1220 3447 1307 Liberii
3491 1220 3619 1325 [ιιιιιζ

2027 1314 2310 1384 tiiicatutn,
2343 1333 2401 1374 ut
2429 1339 2494 1377 eo
2523 1325 2642 1380 loco
2669 1328 2863 1399 Pagitts
2885 1346 3032 1390 recte
3085 1340 3357 1397 observat.
3413 1347 3620 1417 Neque,

2025 1406 2167 1460 enim
2196 1409 2493 1469 Eustathius
2525 1417 2638 1480 ille,
2676 1423 2832 1492 cujus
2860 1425 2909 1478 in
2941 1427 3138 1484 litteris
3170 1433 3286 1502 ejus
3318 1406 3521 1507 synodi
3555 1444 3621 1498 ad

2025 1499 2256 1554 Asianos
2288 1505 2501 1574 scriptis
2527 1514 2727 1566 mentio
2755 1528 2858 1582 eSt,
2890 1518 3221 1580 Sebastenus
3254 1528 3372 1595 fuit,
3409 1534 3504 1588 sed
3546 1536 3622 1590 al-

2027 1598 2108 1644 ter
2138 1593 2273 1648 forte
2299 1598 2348 1649 in
2384 1597 2596 1670 Illyrico
2627 1607 2934 1678 episc0pus,
2965 1624 3128 1682 atque
3155 1619 3244 1675 ille
3275 1625 3428 1692 cujus
3477 1631 3619 1697 apud

2023 1680 2471 1755 Cbrysostoxntun
2506 1699 2710 1752 mentio
2744 1711 2827 1756 est
2875 1704 2978 1776 (e);
3039 1711 3312 1769 existimat
3357 1680 3620 1787 praeterea

2590 1790 2680 1858 jus
2705 1794 2755 1846 iti
2787 1795 2981 1853 litteris
3024 1801 3362 1873 lllyrictirum
3408 1812 3626 1880 episco-

2022 1885 2211 1940 porum
2239 1891 2432 1932 nomen
2461 1883 2802 1952 exprimitur,
2831 1889 3086 1948 Romana:
3115 1899 3372 1956 Ecclesiae
3401 1908 3625 1977 presby-

2025 1973 2198 2019 terum
2233 1965 2419 2036 fuisse,
2465 1983 2626 2044 atque
2676 1978 2824 2033 illum
2859 1983 3030 2053 ipsum
3057 2029 3072 2053 ,
3125 2005 3285 2058 quem
3327 1993 3503 2051 Julius
3549 1965 3617 2053 ald

2020 2053 2324 2116 Orientales
2348 2079 2468 2118 cum
2494 2066 2796 2127 Philoxeno
2839 2078 3046 2144 pridem
3099 2053 3388 2153 legaverat.
3424 2090 3619 2148 Nititur

2021 2148 2140 2206 haec
2162 2157 2341 2224 magni
2386 2159 2486 2213 viri
2561 2162 2745 2229 opinio
2825 2167 2973 2223 hisce
3024 2171 3226 2230 Cra-cis
3281 2179 3620 2250 Illyricorum

2020 2244 2265 2312 epismlte
2308 2250 2531 2306 verbis:
2581 2251 2820 2331 ’Λνάγκην
2875 2261 2955 2315 οὖν
3004 2263 3196 2338 ἔχομεν
3249 2273 3452 2344 πέμψαι
3491 2281 3621 2352 πρὸς

3106 2335 3114 2338 .
3315 2335 3324 2343 .
3368 2335 3378 2344 .
3533 2335 3543 2352 .
3598 2335 3611 2339 -

2019 2335 2157 2407 ὑμᾶς·
2186 2341 2272 2394 τὸν
2303 2344 2470 2417 κύριον
2493 2346 2635 2418 ὑμῶν
2665 2355 2750 2404 καὶ
2788 2353 3182 2433 συλλειτουργὸν
3219 2361 3468 2420 Ἐλπίδιον
3518 2371 3620 2423 ἀπὸ

2018 2438 2112 2490 τῆς
2140 2432 2519 2502 βασιλευούσης
2563 2437 2820 2513 Ῥωμαίων
2871 2449 3067 2522 ἀρχῆς,
3123 2459 3278 2508 τοῦτο
3324 2457 3381 2510 τὸ
3409 2461 3623 2535 γράμμα

2021 2520 2249 2594 ἔχοντας
2283 2544 2404 2597 quin
2426 2520 3000 2604 ChristOpliorsmiius,
3029 2542 3376 2603 Catnerarius
3399 2520 3453 2604 ei
3478 2551 3622 2607 Lan-

2020 2627 2118 2682 gus
2149 2617 2226 2670 sic
2255 2619 2505 2686 reddunt,
2539 2634 2594 2676 ut
2626 2625 2896 2694 Elpidiutn
2931 2631 2992 2683 ab
3023 2634 3144 2686 urbe
3170 2637 3357 2704 Roma,
3403 2659 3519 2711 qua:
3548 2655 3621 2698 est

2021 2707 2224 2776 imperii
2255 2724 2410 2781 caput
2437 2756 2450 2778 ,
2484 2716 2706 2771 missum
2746 2719 2930 2775 dicant
2967 2742 2980 2776 :
3011 2725 3080 2780 ab
3109 2727 3407 2796 Epiphanio
3437 2746 3618 2790 autem

2021 2800 2372 2871 scholastico,
2406 2824 2564 2878 quem
2598 2812 2843 2881 sequitur
2873 2815 3214 2888 SirmOndus,
3264 2839 3324 2878 ea
3367 2826 3447 2881 sic
3477 2830 3620 2884 acci-

2022 2893 2266 2960 piuntur,
2295 2905 2353 2950 ιιι
2386 2899 2684 2957 ltontanum
2720 2904 3002 2976 imper-um
3035 2912 3215 2980 potius
3247 2933 3404 2984 quant
3432 2922 3616 2976 urbem

2022 2983 2272 3054 Romam,
2298 2997 2457 3059 atque
2491 2991 2869 3062 imperatorem
2899 3003 3098 3068 potius,
3160 2983 3314 3075 cujus
3374 3009 3617 3079 Elpidius

2022 3075 2229 3133 litteras
2256 3081 2319 3134 ad
2347 3081 2578 3138 Asianos
2620 3089 2824 3154 attulit,
2880 3108 3037 3162 quam
3093 3095 3253 3152 Urbis
3302 3075 3618 3173 episcopum

301 3174 418 3219 tum
455 3165 792 3233 potissimum
824 3168 1240 3226 Valentinianus
1270 3173 1406 3241 ipse,
1441 3189 1562 3239 cum
1591 3190 1685 3228 eos
1719 3191 1909 3231 omnes
1935 3159 1982 3222 C
2014 3169 2318 3244 designent.
2381 3177 2630 3235 Valesius
2657 3183 2729 3254 (ι’)
2758 3186 3253 3256 (lltristophorsonii
3293 3211 3392 3260 pro
3442 3209 3616 3267 parte,

300 3257 500 3314 sedulo
544 3270 726 3316 monet
755 3304 770 3328 ,
826 3279 887 3316 ne
925 3264 1063 3317 ultra
1117 3264 1352 3319 Valentis
1392 3270 1692 3321 auctoritate
1732 3280 1912 3323 contra

300 3364 495 3404 rectam
528 3353 684 3420 ﬁdem
710 3352 873 3417 abuti,
897 3372 1018 3410 neve
1036 3357 1244 3411 sedulos
1268 3357 1364 3411 Dei
1390 3359 1651 3412 ministros
1679 3361 1911 3430 persequi

299 3455 591 3518 pergerent.
627 3445 682 3501 Id
717 3449 860 3502 enim
902 3449 1183 3518 potissime
1223 3450 1422 3504 factum
1460 3453 1698 3506 currenti
1726 3469 1869 3506 anno
1893 3493 1907 3518 ,

301 3554 410 3609 quo
441 3537 637 3594 Valens
665 3541 877 3611 longam
913 3542 964 3594 in
1006 3542 1236 3614 Phrygia
1272 3559 1478 3599 moram
1512 3547 1670 3599 traxit
1702 3543 1774 3615 (c)
1797 3586 1812 3610 ,
1846 3560 1909 3599 ac

300 3633 581 3703 prosperis
611 3635 875 3689 adversus
900 3635 1167 3692 Barbaros
1190 3640 1534 3694 surcessibns
1558 3640 1755 3704 elatus,
1781 3654 1904 3692 cum

301 3735 474 3780 totum
522 3742 583 3781 se
627 3727 867 3783 dedisset
911 3728 1234 3785 Arianorum
1285 3733 1539 3795 faetioni,
1600 3733 1909 3802 previccias

299 3818 1032 3893 omnesConstantinopolim
1065 3824 1207 3877 inter
1232 3834 1280 3878 et
1311 3823 1708 3893 Cappadociam
1743 3825 1909 3879 inter—

294 3912 491 3982 jectas,
517 3913 736 3983 quidam
761 3917 922 3969 veluti
952 3917 1211 3985 pestilens
1236 3917 1392 3970 turbo
1414 3917 1641 3983 afﬂavit,
1667 3918 1908 3987 disjecit-

300 4022 433 4077 que,
465 4021 628 4077 atque
658 4009 940 4076 Ecclesiis,
970 4027 1104 4081 quas
1137 4011 1392 4082 legitimis
1418 4013 1722 4080 pastoribus
1744 4013 1905 4067 orba-

297 4110 501 4164 verat,
545 4101 824 4159 haereticos
866 4106 1260 4175 superiuduxit.
1304 4105 1437 4162 Nam
1469 4124 1566 4161 cur
1611 4108 1905 4178 lllyricante

297 4197 495 4268 synodi
527 4196 712 4253 Patres
733 4241 749 4264 ,
791 4215 887 4254 cur
919 4200 1326 4255 Valentinianus
1364 4201 1430 4256 ad
1471 4202 1756 4271 episcopos
1789 4211 1907 4255 tan-

301 4299 412 4343 tum
447 4292 652 4346 Asiana
671 4292 964 4358 diazcescos,
997 4292 1264 4364 Phrygiae,
1293 4311 1352 4347 ac
1381 4292 1766 4366 Cataplirygiaz,
1799 4292 1906 4347 Pa—

297 4385 517 4438 cotianaz
544 4385 879 4453 scriberent,
908 4402 1005 4442 cur
1031 4403 1126 4442 eos
1159 4399 1445 4443 monerent
1469 4427 1481 4449 ,
1512 4404 1579 4442 ne
1609 4385 1904 4441 Catholicos

298 4477 562 4545 pra-sules
589 4490 1036 4547 persequerentur,
1070 4480 1113 4533 si
1139 4479 1206 4534 de
1234 4480 1340 4533 alia
1362 4522 1377 4546 ,
1411 4496 1573 4550 quam
1601 4495 1721 4549 qua}
1755 4481 1818 4533 iis
1849 4479 1900 4533 in

2019 3279 2116 3332 pro
2149 3277 2299 3335 parte
2332 3285 2456 3323 vero
2490 3270 2767 3329 Sirtuondi
2819 3277 3326 3349 interpretationem
3382 3290 3570 3356 probat
3599 3334 3613 3357 ,

2015 3367 2176 3426 atque
2204 3360 2279 3414 ita
2314 3363 2598 3433 intelligit,
2655 3377 2712 3422 ut
2764 3368 3009 3438 Elpidius
3063 3375 3154 3429 ille
3205 3393 3310 3431 non
3361 3379 3617 3436 Ecclesia:

2015 3448 2272 3505 Retnantc
2307 3457 2606 3526 presbyter,
2645 3472 2698 3511 ut
2729 3464 2933 3526 putavit
2965 3463 3248 3535 Barouius,
3283 3472 3376 3524 sed
3405 3476 3455 3524 in
3492 3473 3617 3545 llly-

2014 3545 2130 3599 rico
2161 3548 2447 3618 episcopus
2500 3550 2682 3614 fuerit,
2723 3569 2785 3608 ac
2815 3555 3000 3611 Grmca
3048 3562 3208 3616 vetba
3267 3565 3344 3618 sic
3393 3567 3613 3621 reddit:

2015 3637 2240 3693 Necesse
2281 3643 2456 3708 itaque
2503 3644 2773 3700 habuimus
2829 3649 3094 3704 dominum
3125 3664 3170 3707 et
3202 3659 3610 3712 Committiazrunt

2014 3743 2242 3784 nostrum
2277 3732 2546 3802 Elpittt'um
2578 3737 2639 3788 ab
2668 3739 2788 3792 urbe
2812 3744 2966 3794 totius
2997 3745 3196 3814 imperii
3215 3750 3392 3815 regina
3422 3751 3490 3802 ad
3524 3767 3611 3804 vos

2012 3825 2212 3877 mittere
2243 3842 2356 3877 cum
2387 3827 2465 3880 Itis
2497 3826 2702 3890 litteris,
2735 3834 3061 3904 cogniturum
3083 3878 3095 3899 ,
3143 3847 3314 3891 utrum
3337 3842 3406 3894 ita
3436 3859 3490 3894 se
3517 3844 3613 3895 Ita-

2011 3913 2126 3968 beat
2161 3917 2459 3980 prcediratio
2492 3930 2658 3975 vestra
2683 3937 2700 3975 :
2731 3926 2993 3979 rationem
3038 3942 3168 3981 vero
3219 3945 3316 3983 cur
3360 3930 3611 4001 Elpidius

2011 4007 2106 4062 ille
2137 4009 2202 4062 ab
2235 4010 2368 4064 urbe
2399 4010 2564 4065 Roma
2589 4013 2693 4067 dici
2729 4019 2916 4084 possit,
2953 4019 3092 4073 hanc
3113 4036 3232 4076 esse
3263 4033 3435 4093 putat,
3468 4028 3611 4096 quod

2013 4100 2105 4156 ille
2132 4103 2200 4156 ab
2230 4105 2503 4174 episcolis
2527 4108 2577 4161 in
2605 4115 2816 4179 synodo
2841 4115 3184 4183 congregatis
3217 4119 3282 4168 ad
3319 4117 3608 4176 Damasum

2011 4193 2210 4250 missus
2240 4196 2434 4265 fuerat,
2465 4209 2624 4269 atque
2656 4201 2782 4256 inde
2813 4203 3100 4272 legatione,
3135 4219 3190 4260 ut
3212 4223 3438 4266 necesse
3469 4223 3606 4278 erat,

2012 4303 2079 4342 ex
2105 4289 2274 4358 ipsius
2301 4291 2494 4363 synodi
2527 4294 2779 4348 mandato
2803 4309 3019 4367 accepta
3049 4299 3102 4354 iu
3129 4300 3312 4356 Asiani
3337 4307 3609 4374 profectus

2011 4383 2102 4436 sit.
2137 4383 2205 4438 Ut
2237 4397 2414 4439 tamen
2441 4387 2617 4441 dicam
2673 4391 2814 4457 quod
2845 4394 3042 4454 sentio,
3078 4397 3322 4465 nuspiam
3357 4400 3481 4468 legi,
3515 4416 3609 4455 su-

2011 4493 2252 4548 premam
2308 4481 2595 4536 sacerdmii
2641 4482 2956 4551 dignitatem
3019 4490 3193 4563 ἀρχήν
3255 4491 3450 4546 dictam
3514 4493 3611 4547 ali-

295 4569 440 4624 locis
470 4580 590 4625 tunc
620 4573 877 4641 temporis
901 4571 1170 4640 ferveret,
1196 4573 1577 4643 persecutione
1599 4573 1858 4641 agebatur
1881 4573 1904 4627 ?
1931 4555 1983 4616 D
2009 4574 2248 4643 quando,
2283 4575 2414 4628 citra
2447 4577 2755 4645 adjunctatn
2797 4594 2981 4634 vocem
3029 4582 3284 4652 aliquam,
3346 4603 3466 4654 qua:
3522 4605 3609 4644 sa-

297 4661 649 4731 Subsequens
673 4668 818 4721 enim
850 4669 1155 4734 persecutio
1179 4707 1194 4733 ,
1225 4683 1328 4738 qua
1365 4668 1518 4738 Syria
1542 4709 1558 4735 ,
1590 4665 1858 4737 [Egyptns
1880 4710 1894 4735 ,

298 4755 706 4824 Mesopotamia,
744 4759 969 4828 aliaeque
1001 4760 1322 4814 retnotiores
1380 4761 1674 4829 provinciae
1703 4759 1900 4815 deinde

296 4858 509 4903 vexata:
539 4861 694 4918 sunt,
726 4867 850 4908 cum
893 4852 1030 4908 nihil
1073 4853 1138 4907 ad
1177 4869 1272 4908 eos
1304 4853 1590 4922 episcOpos
1622 4856 1899 4920 attineret,

299 4957 407 4996 non
435 4957 552 4998 erat
577 4960 674 4998 cur
695 4961 883 5000 eorum
911 4963 1018 5015 pra:
1042 4949 1256 5002 etrteris
1278 4949 1516 5002 studium
1543 4949 1906 5017 posmlaretur

298 5048 422 5105 erga
438 5035 1046 5094 Catholicos.Caiterum
1066 5039 1252 5094 harum
1267 5041 1707 5111 gravissimarum
1722 5058 1902 5096 rerum

298 5145 618 5199 occaswne,
661 5147 824 5204 atque
856 5135 955 5190 hoc
985 5145 1229 5206 tempore
1256 5148 1491 5206 emptum
1525 5137 1690 5192 fuisse
1724 5138 1904 5192 credi-

296 5223 466 5278 deritn
505 5225 802 5281 litterarum
831 5229 1213 5284 commercium
1254 5231 1538 5285 Damasum
1571 5233 1709 5284 inter
1744 5239 1904 5301 atque

295 5315 610 5372 Ascholium
638 5360 653 5385 ,
688 5330 848 5389 atque
881 5319 1008 5376 huic
1034 5326 1380 5378 commissum
1413 5325 1751 5394 lllyricannm
1777 5339 1906 5394 apo-

292 5409 546 5464 stolicum
572 5411 888 5468 vicariatum
934 5433 949 5469 :
981 5414 1289 5470 Ascholiutn
1324 5416 1467 5472 enitn
1495 5416 1635 5472 circa
1680 5433 1741 5472 ea
1771 5426 1906 5470 tetu-

292 5517 432 5573 pora
452 5502 993 5563 Thessalonicensem
1026 5509 1319 5566 Ecclesiam
1348 5510 1776 5575 administrasse,
1803 5509 1909 5566 Til-

477 5641 695 5724 _So_crat.
728 5641 840 5724 lib.“
852 5658 912 5708 ιι,
937 5645 1162 5724 eam}?
1186 5661 1201 5712 ;
1229 5646 1449 5724 Sozom.
1491 5645 1584 5699 lib.
1615 5661 1694 5724 vlt,
1724 5660 1773 5700 c.
1805 5645 1896 5702 '56.

390 5711 445 5788 ὁ)
473 5712 598 5788 l_.ib.
632 5729 706 5788 ιν,
729 5730 779 5769 c.
810 5717 843 5770 8
874 5729 926 5770 et
953 5715 1021 5788 9;
1057 5715 1308 5788 Nicepln,
1334 5718 1425 5773 lib.
1460 5733 1516 5783 ιι,
1548 5733 1598 5770 c.
1625 5716 1718 5772 35.

390 5711 420 5765 b
478 5712 598 5765 Lib.
632 5729 703 5776 tv,
729 5730 779 5769 c.
810 5717 843 5770 8
874 5729 926 5770 et
953 5715 1021 5781 9;
1057 5715 1308 5788 Nicepln,
1334 5718 1425 5773 lib.
1460 5733 1516 5783 ιι,
1548 5733 1598 5770 c.
1625 5716 1718 5772 35.

366 5711 445 5856 ie;
473 5782 605 5856 Pag.
641 5785 707 5842 ad
736 5801 864 5844 ann.
889 5787 1015 5850 370,
1047 5805 1194 5841 num.
1226 5788 1316 5856 20,
1345 5799 1399 5846 et
1423 5789 1553 5858 572,
1584 5804 1736 5848 num.
1770 5788 1827 5848 6.

863 5881 1144 5943 Panos.
1182 5880 1337 5944 XIII

2005 4680 2155 4720 crum
2214 4684 2242 4722 a
2291 4668 2513 4737 profano
2542 4672 2852 4741 magistratu
2907 4671 3263 4744 distingueret
3297 4695 3308 4731 :
3348 4679 3473 4736 hinc
3501 4692 3606 4752 est,

2009 4759 2152 4828 quod
2217 4760 2583 4816 Nazianzenus
2640 4763 3009 4831 episeopalum
3067 4771 3376 4841 ἀναμὶακτον
3435 4777 3608 4853 ἀρχὴν

2011 4851 2429 4923 Chrysnstomtts
2460 4865 2806 4931 πνευματικὴν
2837 4863 3013 4938 ἀρχὴν
3060 4876 3232 4919 vocat.
3259 4868 3396 4936 Quid
3430 4870 3610 4942 itaque

2011 4961 2257 5012 censeas,
2289 4949 2355 5013 si,
2389 4958 2445 5003 ut
2487 4950 2586 5004 hoc
2631 4952 2750 5006 loco
2801 4969 2887 5008 res
2939 4971 2999 5009 se
3043 4957 3224 5024 habet,
3251 4977 3309 5013 ea
3345 4963 3456 5031 ipsa
3507 4981 3608 5018 vox

2012 5039 2174 5093 aliam
2225 5040 2532 5108 adjunctatn
2590 5043 2829 5107 habeat,
2888 5063 3009 5116 quae
3061 5051 3343 5118 profanum
3402 5056 3604 5124 potius,

2010 5149 2170 5203 quam
2222 5146 2433 5191 sa‘cruut
2483 5137 2854 5206 magistratum
2907 5140 3200 5211 designet?
3254 5147 3455 5201 Deinde
3501 5163 3607 5214 quo

2012 5231 2119 5283 alio
2170 5229 2417 5296 exemplo
2465 5230 2625 5284 statui
2681 5233 2922 5301 poterit,
2959 5233 3107 5290 hisce
3153 5239 3334 5289 verbis
3385 5241 3487 5292 ἀπὸ
3516 5248 3607 5302 τῆς

2013 5322 2390 5395 βασιλευούσης
2417 5321 2675 5396 Ῥωμαίων
2696 5327 2869 5402 ἀρχῆς
2899 5325 3098 5381 Urbem
3125 5328 3410 5395 signiﬁcari
3439 5331 3462 5384 ?
3511 5331 3607 5389 Vix

2016 5416 2196 5484 itaque
2225 5414 2443 5470 ferenda
2467 5425 2560 5468 aut
2585 5417 3086 5485 Chrisu-pltorsonii
3113 5459 3127 5483 ,
3161 5420 3250 5489 qui
3282 5423 3469 5478 urbem
3499 5426 3611 5483 Ro—

2020 5524 2160 5564 mam
2190 5509 2399 5579 imperii
2426 5517 2607 5576 caput,
2641 5515 2735 5561 aut
2760 5507 2956 5564 Valesii
2985 5511 3357 5582 interpretatio
3384 5528 3490 5588 est,
3520 5523 3610 5593 qui

2106 5645 2162 5742 Δ)
2202 5640 2522 5742 Βίἥςθιιὸςξθ
2541 5639 2744 5697 Concil.
2775 5642 2970 5713 Arim.,
2997 5655 3190 5716 quaest.
3225 5648 3276 5704 5.

2108 5716 2156 5788 e)
2201 5715 2374 5780 EpiSt.
2416 5713 2509 5768 ιιι.
3014 5713 3028 5716 τ

2111 5789 2156 5858 Ι)
2194 5787 2276 5842 Ad
2303 5785 2602 5854 Theodor.,
2631 5784 2696 5840 H.
2723 5785 2783 5842 E.
2817 5785 2911 5845 lib.
2946 5804 3027 5858 tv,
3058 5806 3177 5864 cap.
3211 5793 3264 5849 9.

3057 5883 3095 5945 ὕ
