4150 6176
515 283 622 362 itii

1674 291 1988 354 SANCTUS
2027 287 2354 357 DAMASUS
2394 293 2594 356 PAPA.

3716 303 3819 368 UO

512 413 616 471 sub
646 411 712 468 iis
736 407 1027 468 Damasum
1053 406 1217 465 Urbis
1248 407 1506 462 Romanae
1529 409 1843 478 episcOpum
1869 407 2112 480 designa-
2139 411 2194 472 Α
2216 411 2414 481 fuerat,
2436 429 2499 470 ac
2531 414 2820 484 plurimum
2846 413 3107 472 intererat
3147 413 3269 484 ejus
3313 415 3433 472 loco
3479 417 3819 477 catholicum

517 519 631 564 tum
657 506 927 576 intelligit.
957 503 1144 568 Neque
1171 515 1301 556 vero
1349 501 1622 558 Sirmoodi
1663 504 1848 570 opinio
1878 502 2111 560 difﬁcul-

515 611 623 656 tate
652 607 966 661 c:iret,cum
1013 609 1075 648 ea
1117 593 1197 648 sic
1245 591 1457 648 reddit:
1492 595 1598 650 Sed
1644 597 1920 651 necessitas
1964 596 2109 651 nobis

510 693 753 765 imposita
780 699 876 754 est,
902 689 956 743 ut
983 688 1051 743 ad
1077 705 1164 743 vos
1187 689 1500 744 mitteremus
1523 689 1789 744 dominum
1827 701 1872 743 et
1899 692 2113 745 commi-

513 786 727 840 nistrum
750 789 982 838 nostrum
1017 779 1304 850 Elpidium,
1338 800 1369 836 a
1415 784 1553 854 regio
1578 781 1933 837 Romanorum
1967 782 2111 852 prin-

515 878 909 948 cipatulitteras
941 876 1226 931 habentem.
1279 877 1615 947 Quamquam
1659 877 1802 932 enim
1861 893 1947 932 me
2001 892 2107 932 non

507 973 691 1038 lateat,
722 970 784 1023 iis
813 969 1038 1024 vocibus
1085 969 1387 1023 Romanum
1425 969 1712 1039 imperium
1767 984 1913 1037 saepe
1962 967 2109 1024 desi-

510 1062 688 1133 gnari,
711 1061 864 1130 Cujus
891 1061 965 1115 rei
996 1061 1100 1115 alia
1133 1059 1313 1116 atl'erri
1358 1061 1607 1128 exempla
1666 1069 1884 1128 possent
1912 1077 1927 1125 ;
1984 1076 2106 1116 cum

512 1163 691 1211 tamen
722 1152 922 1224 Illyrici
946 1153 1184 1223 episcopi
1217 1153 1461 1209 scribunt
1484 1153 1753 1222 Elpidium
1781 1159 1840 1208 'se
1868 1155 2104 1225 legatum

513 1248 749 1312 mittere,
779 1252 933 1302 τοῦτο
955 1246 1012 1302 τὸ
1038 1247 1254 1323 γράμμα
1281 1245 1495 1318 ἔχοντα,
1529 1245 1595 1300 de
1624 1247 1688 1300 iis
1719 1246 1912 1301 litteris
1939 1255 2106 1315 agunt

507 1355 644 1410 quas
672 1339 776 1406 ipsi
807 1340 1160 1409 scripserant,
1191 1354 1255 1393 ac
1275 1337 1492 1410 Elpidio
1521 1337 1777 1394 ferendas
1805 1337 2103 1394 dederant:

505 1431 648 1486 ttnde
677 1429 1033 1500 Epiphanius,
1061 1431 1216 1499 cujus
1245 1429 1744 1498 interpretationem
1777 1428 2106 1485 Sirmondus

503 1525 771 1594 sequitur,
805 1523 1124 1594 particulam
1153 1521 1248 1575 has
1278 1522 1549 1591 adiunxit,
1597 1536 1755 1591 quam
1779 1519 1870 1576 ille
1896 1521 2101 1575 omisit.

504 1611 617 1672 Hoc.
643 1615 804 1686 igitur
822 1615 960 1680 Ideo,
981 1619 1142 1683 atque
1164 1614 1228 1668 iis
1255 1613 1432 1669 verbis
1462 1611 1902 1668 Valentinianum
1927 1613 2102 1680 ipsum

501 1709 888 1778 imperatorem
909 1749 924 1772 ,
956 1705 1238 1777 designare
1266 1721 1372 1760 non
1400 1713 1644 1775 possunt.
1677 1704 1933 1771 Accedat,
1957 1703 2102 1775 quod

2217 520 2486 579 pastorem
2510 509 2654 578 eligi.
2687 509 2971 564 Probabile
2995 511 3177 579 itaque
3207 517 3311 577 est,
3345 510 3638 569 Damasum
3691 529 3822 584 cap-

2213 612 2320 656 tata
2349 603 2678 667 occasiOne',
2717 603 2952 672 aliquem
2977 618 3044 658 eo
3073 603 3313 665 misisse,
3347 604 3441 672 qui
3468 619 3568 660 suo
3598 607 3819 663 nomine

2213 693 2521 750 (Iatliolicos
2549 696 2927 758 conﬁrmaret,
2961 697 3150 764 eisque
3187 711 3249 748 ea
3295 695 3346 750 in
3387 711 3446 749 re
3479 698 3818 765 procuranda

2213 787 2422 840 auxilio
2443 797 2609 853 esset,
2640 803 2762 842 cum
2793 795 3006 842 constet
3038 788 3146 841 alio
3177 787 3297 841 loco
3343 785 3422 859 (ά)
3465 788 3583 858 ejus
3638 791 3819 860 potiti-

2214 877 2329 932 ficis
2358 878 2593 932 studium
2622 879 2828 948 optimo
2854 879 3104 949 eligendo
3127 879 3246 948 ejus
3275 879 3531 934 Ecclesiae
3554 875 3815 954 episcopo

2213 986 2319 1025 non
2343 970 2596 1025 defuisse.
2636 970 2903 1052 Evagrius
2952 986 3147 1026 revera
3190 987 3218 1024 a
3258 971 3558 1027 Catholicis
3602 975 3816 1032 electus

2213 1073 2340 1118 tunc
2374 1063 2492 1125 fuit.
2528 1063 2670 1134 quod
2698 1064 2952 1120 Socrates
2978 1080 3041 1118 ac
3067 1063 3405 1120 Sozomenus
3447 1064 3643 1122 factum
3676 1069 3815 1124 scri-

2210 1154 2344 1210 bunt
2369 1171 2539 1224 Opera
2568 1155 2834 1210 Eustliatii
2854 1198 2868 1222 ,
2897 1155 3222 1212 Antiorheni
3253 1159 3509 1228 episcopi,
3545 1161 3633 1231 qui
3666 1162 3810 1216 clam

2211 1252 2264 1303 in
2294 1247 2438 1305 Urbe
2469 1291 2482 1315 ,
2515 1258 2568 1304 et
2590 1248 2900 1306 Catholicos
2931 1249 2998 1305 ad
3030 1261 3232 1306 rectam
3263 1252 3420 1308 fidem
3468 1253 3805 1310 hortabatur.

2208 1341 2279 1395 At
2303 1357 2426 1396 cum
2460 1357 2687 1412 magnus
2717 1341 2803 1397 hic
2835 1344 3032 1411 prresut
3057 1342 3149 1398 diu
3180 1354 3361 1411 antea,
3384 1345 3432 1400 si
3460 1345 3808 1404 Theodoreto

2211 1433 2346 1489 tides
2375 1442 2482 1501 est,
2514 1441 2580 1490 ad
2609 1451 2836 1505 superos
2864 1436 3122 1493 abivisset
3150 1437 3246 1510 (ε),
3301 1439 3427 1508 quid
3467 1441 3515 1496 si
3543 1441 3809 1510 dicamus,

2211 1535 2499 1596 utrumque
2529 1538 2828 1593 auctorem,
2862 1544 3026 1583 unum
3072 1546 3170 1599 pro
3221 1531 3414 1597 altero,
3459 1533 3802 1590 Eusthatiunt

2206 1619 2413 1676 scilicet
2442 1637 2537 1690 pro
2567 1620 2811 1677 Zanobio
2840 1623 3192 1695 supposuisse
3221 1623 3244 1678 ’ἰ

2277 1711 2367 1766 IV.
2409 1712 2677 1782 Quidquid
2712 1714 2901 1769 horum
2955 1716 3045 1778 sit,
3092 1724 3298 1771 certum
3348 1725 3454 1783 est,
3507 1717 3612 1774 hoc
3657 1733 3803 1775 anno

502 1807 627 1857 etim
676 1799 933 1871 synodica
989 1801 1103 1853 limc
1148 1797 1387 1866 Epistoia
1421 1808 1636 1851 exarata
1698 1797 1818 1865 fuit,
1868 1796 2109 1854 Valenti-
2136 1795 2186 1856 B
2217 1803 2445 1858 Damaso
2487 1804 2754 1860 directura
2802 1806 3017 1862 celebre
3048 1805 3409 1863 Valentiniani
3454 1811 3843 1880 rescriptum,’

512 1895 706 1952 nianus
733 1895 971 1949 nondum
998 1894 1310 1964 scripserat,
1355 1910 1530 1966 neque
1563 1894 1804 1965 episr*0pi
1846 1895 1922 1950 illi
1973 1905 2101 1950 tunc

505 1999 660 2044 certo
685 1987 824 2044 scire
852 1995 1123 2058 poterant,
1157 2001 1224 2042 an
1253 1987 1342 2042 ille
1369 1999 1494 2041 Suus
1520 1984 1746 2043 Concilii
1783 1987 1978 2042 litteris
2005 1986 2100 2040 ad-

493 2083 777 2149 juncturus
805 2087 973 2146 esset,
994 2081 1137 2150 quod
1172 2087 1350 2134 tamen
1379 2079 1584 2134 eisdem
1630 2081 1933 2150 Cognitum,
1982 2094 2101 2134 cer-

498 2179 720 2243 tumque
767 2173 888 2227 esse
921 2171 1218 2237 debuisset,
1278 2182 1333 2225 ut
1363 2171 1429 2225 de
1486 2172 1552 2225 iis
1610 2173 1813 2226 mentio
1862 2187 1928 2226 eo
1975 2171 2097 2225 loco

497 2265 660 2332 faciti,
693 2264 990 2320 existimari
1021 2269 1222 2334 posset.
1257 2263 1457 2319 Horum
1484 2263 1645 2335 igitur
1676 2266 1961 2320 verborum
1991 2266 2098 2320 alia

495 2359 720 2414 omnino
751 2359 831 2414 vis
861 2369 982 2414 eSSe
1008 2356 1194 2424 debet,
1224 2373 1384 2430 quam
1426 2361 1547 2429 Quae
1594 2355 1699 2414 illis
1749 2375 1777 2413 a
1826 2359 1956 2414 viris
2011 2359 2095 2415 his

495 2451 827 2509 doctissimis
871 2451 1205 2508 attribuitur.
1236 2452 1291 2509 Si
1320 2451 1440 2524 quis
1471 2453 1650 2523 itaque
1679 2453 1758 2508 sic
1803 2469 1868 2509 ea
1920 2452 2089 2509 inter-

498 2550 766 2618 pretetur,
808 2551 1153 2602 necessarium
1202 2548 1445 2602 duximus
1486 2547 1553 2602 ad
1585 2563 1673 2602 vos
1727 2547 1994 2602 dominum
2047 2559 2095 2604 et

493 2636 900 2695 comministrum
919 2651 1147 2696 nostrum
1168 2639 1439 2714 Elpidium
1458 2643 1656 2696 mittere
1673 2637 1766 2696 lius
1788 2641 1982 2697 litteras
1999 2642 2096 2696 ha-

492 2733 986 2802 bentem,a'Latino
1018 2737 1284 2808 Imperio,
1340 2736 1533 2792 Latino
1583 2737 1788 2793 scilicet
1839 2753 2094 2792 sermone

489 2827 741 2896 scriptas,
778 2826 936 2893 forte,
969 2839 1062 2883 aut
1093 2845 1193 2898 ego
1223 2827 1406 2894 fallor,
1451 2839 1546 2884 aut
1594 2832 1816 2900 propius
1869 2825 2092 2886 accedet

490 2918 556 2973 ad
587 2933 794 2984 verum,
827 2927 892 2974 ac
923 2918 1098 2975 locum
1126 2920 1454 2990 planiorem,
1489 2932 1650 2992 atque
1681 2921 2090 2977 extricatiorem

490 3010 705 3066 reddet.
759 3013 983 3067 Constat
1031 3012 1174 3068 enim
1239 3029 1269 3067 a
1335 3016 1530 3085 grmcis
1586 3016 1945 3084 scriptoribus
1992 3015 2092 3069 sub

485 3101 747 3177 Ῥωμαίων
775 3105 1036 3160 vocabulo
1069 3106 1265 3159 latinos
1303 3107 1571 3178 designari
1625 3123 1691 3163 ac
1742 3109 1971 3179 exprimi
2003 3123 2093 3164 so-

2205 1906 2391 1952 contra
2418 1897 2665 1961 clericos,
2699 1897 2971 1969 falsosque
3004 1903 3299 1956 monachos
3326 1943 3340 1967 ,
3384 1903 3474 1972 qui
3530 1902 3802 1973 religione

2205 1989 2566 2045 abolebantur
2615 1990 2682 2045 ad
2729 1992 3027 2061 captandas
3081 1993 3406 2060 viduarum,
3458 1995 3800 2068 aliarumque

2205 2093 2578 2152 suspeetarnm
2630 2082 2951 2140 feminarum
2999 2086 3367 2142 haereditates.
3417 2087 3491 2143 De
3543 2084 3642 2144 hac
3683 2089 3799 2158 ipsa

2206 2175 2321 2244 lege
2354 2173 2715 2247 Hieronymus
2761 2178 2834 2249 (ί)
2865 2189 2922 2234 et
2948 2177 3268 2236 Ambrosius
3297 2191 3460 2254 agunt
3487 2180 3565 2253 (g)
3586 2223 3601 2247 ,
3633 2182 3806 2252 iisque

2201 2268 2513 2322 auctoribus
2564 2279 2776 2324 constat
2830 2272 3076 2326 eamdem
3147 2273 3543 2327 ecclesiastit-as
3599 2279 3803 2326 tantum

2204 2373 2462 2426 personas
2495 2360 2786 2430 respicere,
2823 2378 2926 2417 non
2956 2371 3134 2418 autem
3195 2364 3474 2433 prohiberi
3530 2363 3806 2421 Ecclesias

2201 2452 2492 2519 quominus
2513 2451 2684 2522 legata
2713 2464 2766 2508 et
2797 2453 3141 2510 haereditates
3165 2464 3446 2526 caperent.
3483 2456 3616 2512 llinc
3662 2455 3802 2511 idem

2203 2543 2561 2618 Hieronymus
2583 2565 2598 2602 :
2629 2546 2693 2599 sit
2725 2547 2907 2613 haeres,
2933 2548 3022 2603 sed
3052 2559 3211 2604 mater
3228 2543 3476 2618 ﬁliorum,
3500 2549 3554 2603 id
3575 2559 3666 2615 est,
3691 2565 3807 2620 gre-

2199 2637 2277 2707 gis
2308 2638 2388 2690 sui
2421 2636 2671 2706 Ecclesia,
2702 2643 2816 2710 Quae
2856 2641 2975 2696 illos
3011 2643 3204 2713 genuit,
3235 2643 3471 2707 nutrivit,
3535 2651 3579 2696 et
3637 2643 3799 2714 pavit.

2198 2729 2334 2784 Cum
2391 2738 2569 2784 autem
2602 2729 2685 2786 lex
2719 2731 2808 2786 illa
2850 2751 2878 2785 a
2906 2733 3136 2789 Damaso
3199 2736 3398 2805 p0pulo
3454 2736 3505 2788 in
3554 2733 3805 2808 Erclesiis

2200 2823 2328 2876 lecta
2359 2823 2535 2890 fuerit,
2569 2825 2692 2880 inde
2717 2825 2897 2895 colligi
2931 2835 3124 2895 potest,
3154 2845 3260 2899 quo
3302 2829 3393 2881 ille
3441 2827 3620 2882 studio
3663 2829 3801 2882 alla-

2199 2915 2438 2983 boraret,
2474 2929 2528 2972 ut
2555 2915 2685 2973 cieri
2742 2919 3104 2986 sanetitatem,
3169 2923 3475 2990 famamque
3531 2922 3800 2990 integram

2199 3019 2458 3077 servaret,
2492 3026 2720 3081 seseque
2742 3019 3002 3083 pra-terea
3039 3014 3107 3068 ab
3127 3014 3272 3068 omni
3329 3014 3567 3068 avaritiae
3620 3014 3802 3082 suspi-

2197 3105 2353 3159 cione
2373 3105 2608 3161 alienum
2641 3107 2910 3174 probaret.
2941 3107 3071 3162 Nam
3096 3107 3192 3162 cur
3219 3107 3461 3162 dicamus
3510 3122 3633 3161 cum
3689 3105 3800 3162 Go-

486 3197 636 3254 litos.
667 3198 808 3254 Hinc
836 3198 1171 3254 Sozomenns
1217 3198 1332 3267 ait,
1388 3177 1677 3254 Photinum
1709 3177 1965 3273 Ῥωμαίων
2006 3208 2089 3260 καὶ
2115 3177 2161 3241 C
2198 3197 2431 3264 tofredo,
2464 3198 2609 3252 illam
2636 3198 2859 3269 jubente
2894 3193 3266 3254 Valentiniano
3295 3200 3475 3269 potius
3505 3215 3664 3269 quam
3694 3193 3802 3254 Ro-

488 3291 730 3353 Ἐλλήνων
752 3297 886 3370 φὼνῃ
915 3298 1130 3348 doctum
1177 3293 1485 3360 scripsisse,
1523 3309 1586 3348 ac
1641 3294 1896 3350 Socrates
1939 3296 2088 3351 illum

492 3396 756 3460 Ῥωμαῖκῆς
785 3388 982 3457 linguae
1030 3385 1168 3441 haud
1195 3399 1473 3455 expertem
1515 3401 1690 3442 vocat.
1726 3389 1926 3445 Eodem
1956 3406 2092 3460 quo-

489 3494 596 3549 que
626 3493 808 3542 sensu,
841 3478 1232 3544 Tertullianus,
1265 3479 1494 3534 Ruﬁnus
1529 3481 1914 3552 Aquileiensis,
1960 3480 2093 3538 Cas-

489 3572 676 3627 sianus
707 3571 1102 3637 Massiliensis,
1144 3572 1344 3642 aliique
1403 3571 1579 3626 Latini
1629 3572 1819 3628 Patres
1867 3571 2093 3630 Romani

488 3665 616 3720 dicti
645 3666 891 3737 sunt_(a).
925 3665 1005 3721 Ac
1043 3665 1402 3736 Hieronymus
1436 3665 1552 3734 ipse
1583 3667 1634 3721 in
1666 3665 1884 3738 Illyrico
1915 3680 2089 3734 ortus,

491 3757 560 3814 de
604 3759 978 3814 Orientalibus
1005 3762 1275 3829 queritur,
1297 3759 1443 3832 quod
1469 3763 1724 3817 novellum
1752 3780 1784 3816 a
1811 3747 1874 3818 δέ
1887 3765 2093 3820 homine

489 3851 728 3908 Romano
755 3869 942 3908 nomen
973 3852 1296 3923 exigerent:
1331 3854 1493 3922 idque
1525 3854 1646 3909 aliis
1675 3856 1940 3925 exemplis
1962 3871 2094 3912 con-

492 3943 698 3997 ﬁrmari
731 3952 937 4013 posset.

560 4030 650 4089 Ill.
689 4031 894 4090 Scribit
921 4031 1193 4088 annalium
1221 4048 1416 4104 parens
1463 4033 1567 4091 hoc
1609 4051 1754 4091 anno
1798 4036 2088 4096 Damasum

491 4125 792 4180 Romanum
848 4126 1154 4196 pontilicem
1189 4168 1204 4194 ,
1277 4128 1805 4200 Constantinopolim
1873 4135 2090 4190 misisse

487 4227 733 4275 sanctum
771 4207 1091 4285 Zanobinm,
1125 4221 1501 4277 Florentinum
1525 4223 1722 4278 deinde
1748 4227 2084 4296 episcopum,

489 4313 579 4383 qui
614 4312 963 4369 insultantem
1011 4312 1335 4368 Arianorum
1377 4315 1725 4384 petulantiam
1783 4329 2087 4387 coerceret,

487 4408 629 4477 quod
657 4417 835 4464 tamen
876 4417 1002 4464 ante
1050 4408 1339 4464 Baronimn
1393 4411 1689 4480 scripserat
1744 4412 1936 4467 Petrus
1982 4410 2087 4468 Ca-

486 4503 617 4557 sella
667 4511 899 4568 veteres,
941 4503 994 4558 ni
1045 4503 1220 4569 fallor,
1257 4503 1581 4560 Florentium
1631 4506 1888 4561 Ecclesia:
1918 4506 2088 4560 tradi-

2198 3308 2358 3346 niano
2387 3292 2502 3361 ipso
2529 3293 2786 3363 episeopo
2829 3293 2880 3348 in
2931 3294 3174 3348 ecclesiis
3217 3289 3587 3361 publicatam,
3637 3291 3800 3346 veluti

2199 3383 2543 3438 moderanda:
2573 3399 2794 3439 suorum
2808 3384 3088 3452 cupiditati
3118 3385 3422 3455 perutilem,
3452 3394 3504 3438 et
3546 3397 3801 3438 necessa-

2199 3477 2373 3532 riam?
2402 3477 2486 3531 An
2512 3477 2729 3545 aliquod
2758 3477 3090 3546 imperatorii
3129 3477 3285 3547 hujus
3316 3475 3569 3546 pratce'pti
3596 3474 3650 3530 in
3683 3474 3800 3545 ipsa

2203 3569 2320 3639 lege
2346 3570 2628 3638 vestigium
2652 3567 2779 3621 est?
2807 3570 2885 3621 An
2918 3577 3177 3636 praeterea
3211 3568 3374 3621 moris
3400 3563 3554 3633 erat,
3586 3572 3647 3621 ut
3699 3567 3803 3622 im-

2201 3672 2511 3732 peratorum
2543 3661 2708 3731 leges,
2737 3661 2780 3715 si
2808 3676 2926 3730 quae
2961 3660 3028 3715 att
3059 3663 3294 3716 rationes
3327 3659 3584 3715 Ecclesia:
3635 3647 3804 3729 perti-

2202 3763 2416 3820 nerent,
2449 3751 3154 3824 inecclesiislegerentur?
3202 3753 3314 3809 Hoc
3363 3765 3523 3808 neruo
3578 3749 3798 3820 dixerit,

2201 3852 2296 3900 aut
2321 3849 2510 3900 saltem
2543 3845 2872 3915 probaverit.
2907 3845 3040 3900 Nam
3078 3861 3197 3916 quae
3229 3843 3296 3902 dc
3325 3846 3642 3900 clericorurn
3693 3844 3802 3914 pri-

2201 3939 2410 4009 vilegiis
2442 3940 2525 3994 lex
2559 3953 2589 3993 a
2619 3939 2934 3994 Consuantio
2966 3939 3071 3994 lata
3104 3939 3298 4006 fuerat,
3323 3951 3650 4010 quamquam
3699 3935 3803 3992 Fe-

2200 4031 2288 4087 lici
2322 4049 2470 4102 papa:
2497 4033 2722 4102 directa,
2761 4044 2939 4089 tamen
2985 4033 3127 4102 apud
3167 4045 3301 4096 acta.
3331 4033 3512 4089 civilia
3562 4034 3799 4102 scilicet,

2199 4135 2255 4180 et
2279 4126 2507 4181 Urbana:
2537 4127 2892 4198 praefecturae,
2916 4140 3100 4196 aperte
3129 4127 3257 4181 lecta
3288 4127 3484 4181 dicitur
3517 4124 3621 4198 (Ii).
3664 4124 3800 4180 Cum

2199 4219 2380 4289 itaque
2414 4221 2548 4286 haec,
2581 4220 2648 4274 de
2679 4233 2779 4290 qua
2811 4221 3040 4290 agimus,
3077 4218 3233 4274 fuerit
3262 4218 3314 4272 in
3352 4218 3612 4274 Ecclesiis
3661 4232 3803 4288 pra:-

2200 4320 2282 4366 ter
2308 4326 2512 4366 morem
2542 4313 2834 4382 proposita,
2861 4313 2980 4382 jure
3005 4314 3304 4380 meritoque
3329 4309 3432 4366 hoc
3461 4310 3658 4366 factum
3689 4325 3801 4365 uno

2191 4403 2416 4474 jubente
2449 4403 2699 4471 Damaso,
2735 4405 2843 4460 imo
2872 4404 3065 4460 eodem
3088 4404 3384 4474 impulsiire
3434 4404 3607 4474 legem
3654 4403 3798 4458 illam

2195 4497 2264 4550 ab
2290 4500 2616 4565 imperatore
2649 4498 2831 4561 latam,
2862 4497 3122 4553 Barcinus
3147 4499 3379 4562 renSnit,
3413 4496 3559 4565 quod
3589 4495 3654 4549 ad
3697 4493 3802 4548 hu-

488 4597 664 4652 tiones
689 4611 906 4653 secutus
939 4595 1034 4669 (ὁ).
1066 4601 1323 4652 Actorum
1358 4597 1624 4668 profecto.
1651 4597 1844 4667 quibus
1869 4598 1950 4652 vir
1970 4575 2088 4651 ma-
2116 4571 2172 4634 Ῑ)
2193 4590 2282 4659 jus
2315 4591 2583 4660 pontificis
2608 4590 2791 4645 laudes
2819 4590 3064 4655 accedit;
3090 4605 3189 4645 nec
3221 4588 3377 4644 video
3431 4603 3529 4642 cur
3578 4585 3800 4642 Beronii

485 4704 622 4758 guns
654 4688 917 4744 adductus
946 4705 976 4745 e
1012 4699 1051 4754 t,
1083 4701 1132 4743 ut
1167 4690 1270 4744 hac
1299 4691 1580 4748 sciilieret.
1619 4691 1889 4744 levissima
1927 4707 2085 4760 pror-

487 4779 735 4835 sttStides
765 4788 849 4836 est
882 4823 896 4847 ,
931 4789 988 4835 ut
1009 4781 1387 4836 Tillemontius
1424 4781 1494 4852 (ε)
1528 4782 1719 4848 probat
1742 4824 1755 4847 ,
1781 4799 1841 4835 ac
1866 4781 2086 4837 Bollan-

486 4871 606 4941 dtts,
632 4873 723 4942 qui
753 4891 812 4926 ea
840 4875 1060 4927 minime
1087 4871 1437 4929 deseribenila
1475 4875 1685 4928 censuit
1715 4891 1730 4941 ;
1775 4875 2084 4947 frustraque

484 4966 756 5021 recentior
784 4965 978 5035 aliquis
1011 4965 1061 5018 in
1089 4966 1152 5019 iis
1180 4965 1514 5021 vindicandis
1544 4983 1765 5037 opt-ram
1795 4970 2086 5026 collocavit

483 5073 659 5115 suam.
691 5057 845 5124 Quod
880 5073 975 5125 pro
999 5057 1099 5111 hac
1126 5059 1382 5126 Opinione
1413 5061 1688 5114 observari
1720 5071 1917 5130 pmest,
1950 5061 2080 5116 illud

486 5163 572 5209 est
596 5195 611 5220 ,
635 5151 778 5222 quod
810 5149 1002 5205 Valens
1025 5165 1166 5206 anno
1198 5149 1290 5204 illo
1319 5167 1458 5222 pene
1510 5154 1720 5222 integro
1767 5152 2086 5209 Conslanti-

487 5246 668 5317 nopoli
689 5243 895 5303 abfuit:
921 5241 1196 5300 Eudoxius
1222 5253 1490 5314 praeterea
1522 5244 1752 5301 Arianus
1791 5246 2081 5304 defunctus

581 5447 636 5515 α)
663 5445 821 5504 Fabr.
855 5447 961 5504 BB.
993 5445 1060 5505 (ἓ.
1095 5446 1189 5503 lih.
1219 5461 1272 5511 v,
1300 5459 1420 5515 cap.
1454 5443 1546 5511 '58,
1579 5460 1728 5501 num.
1765 5444 1866 5502 197
1909 5489 1922 5503 .

583 5515 636 5586 b)
663 5517 742 5572 De
771 5517 1000 5574 Tuscor.
1031 5521 1194 5586 orig.,
1217 5533 1340 5586 cap.
1373 5515 1461 5572 12.

583 5535 609 5570 υ
665 5535 742 5572 ue
772 5535 1000 5574 't'uscor.
1031 5535 1108 5574 ori
1153 5561 1194 5585 .,
1217 5535 1340 5586 cap.
1373 5535 1461 5572 12.

581 5535 636 5654 ei
660 5589 780 5642 Not.
815 5591 866 5644 in
904 5590 1090 5647 Ambr.
1114 5535 1212 5654 git),
1239 5600 1367 5645 tom.
1391 5603 1468 5645 Ix.

624 5659 791 5727 )vm.
823 5659 888 5713 ad
919 5676 1047 5715 ann.
1074 5661 1198 5716 sso.

579 5729 927 5859 e)5fl‘heodor.
960 5730 1052 5786 lib.
1086 5747 1165 5800 Ill,
1194 5746 1312 5801 cap.
1342 5729 1378 5785 ι
1402 5747 1417 5798 ;
1445 5730 1665 5791 Tillem.
1719 5732 1774 5792 in
1823 5731 2075 5792 Eustha’t.

484 5815 602 5862 nul.
634 5815 686 5859 5.

2197 4683 2532 4752 opinionem,
2561 4699 2683 4752 qum
2708 4684 2885 4739 erudit
2907 4699 2932 4736 s
2954 4683 3175 4754 placuit,
3197 4683 3544 4737 Constantius
3567 4679 3795 4749 rejiciat.

2198 4775 2466 4832 Caeterum
2497 4795 2615 4847 qum
2646 4777 2896 4833 indoctus
2916 4777 3216 4833 Jannonius
3243 4778 3366 4831 hinc
3390 4777 3624 4837 conficit,
3663 4790 3802 4844 prte-

2203 4872 2548 4925 termitienda
2604 4886 2823 4938 censeo,
2858 4879 2969 4925 tum
2999 4871 3141 4941 quod
3169 4886 3228 4926 ea
3262 4871 3365 4925 huc
3384 4885 3488 4923 non
3506 4869 3795 4936 attineattt,

2197 4972 2311 5018 tum
2341 4964 2479 5033 quod
2511 4965 2660 5018 illum
2692 4967 2790 5019 hac
2818 4965 3178 5021 Valentiniani
3203 4963 3322 5034 lege
3346 4960 3413 5017 ad
3448 4975 3575 5017 suas
3595 4959 3801 5015 contire

2201 5058 2426 5114 mandas
2456 5059 2734 5129 opiniones
2759 5059 2928 5126 abuti,
2953 5071 3140 5129 aperte
3169 5059 3508 5114 demonstret
3534 5053 3595 5111 P.
3627 5061 3801 5113 Anto-

2202 5154 2323 5207 nius
2354 5153 2605 5220 Blancus,
2631 5169 2787 5224 quem
2815 5154 3067 5210 consulas
3095 5156 3140 5210 si
3170 5155 3319 5211 lubet
3349 5152 3434 5227 (ὅ).

2296 5452 2340 5526 n
2368 5454 2467 5524 Ep.
2493 5453 2583 5521 52,
2620 5472 2765 5511 num.
2799 5457 2854 5521 6,
2880 5443 3004 5516 Ver.
3047 5458 3178 5515 edit.

2293 5527 2895 5614 92Ε¹’·.¹ἕν.ηυε¹¹·..ἓ⁵·
3138 5601 3170 5614 η
3234 5542 3242 5546 ’
3363 5600 3418 5614 ..

2255 5597 2505 5725 f(rigdtlod.
2534 5601 2740 5657 Theod.
2767 5601 2861 5658 lib.
2895 5617 3008 5670 xvi,
3032 5601 3114 5658 tit.
3137 5601 3192 5670 2,
3214 5616 3335 5673 cap.
3357 5600 3450 5669 tt,
3478 5601 3661 5674 ibique
3683 5599 3797 5659 Go-

2194 5678 2392 5725 totred.
3368 5727 3383 5741 .

2267 5739 2330 5812 (ὁ)
2373 5741 2530 5798 Toin.
2563 5749 2636 5811 iv,
2662 5741 2754 5800 lib.
2782 5757 2840 5815 tt,
2867 5760 2987 5818 cap.
3013 5741 3070 5817 5,
3100 5743 3130 5817 5
3159 5745 3215 5801 ³ο
