4150 6176
317 293 414 357 Hi

945 406 1171 464 CAPUT
1216 405 1300 466 V'I.

314 531 422 589 ’571
447 573 460 598 ,
489 531 697 586 Duas:
723 529 786 596 6,
817 529 1103 585 GBA'I'IANO
1147 544 1270 586 me.
1317 544 1353 584 ιι
1383 545 1450 584 ετ
1483 527 1669 586 διικτο
1709 527 1922 585 Pii-rno-

902 644 989 684 Nlo
1009 629 1187 685 Paono
1203 643 1346 685 coss.
1483 608 1491 613 ’

323 769 367 825 I.
417 763 652 822 Revocati
700 762 762 816 ab
807 765 992 819 exs-ilio
1048 761 1350 831 Ursiniani,
1397 784 1498 837 quo
1535 766 1765 820 conclusi
1812 767 1924 837 fue-

399 871 515 915 rant
538 876 554 923 ,'
579 855 943 912 suburbicarite
971 859 1360 928 provinciteque;
1390 858 1570 925 Ruﬁni
1601 860 1664 914 de
1693 860 1926 914 suburbi-

399 955 547 1009 cariis
579 949 834 1008 Ecclesiis
861 951 1129 1008 Sententia.
1157 952 1201 1006 II
1244 951 1306 1007 S.
1341 951 1525 1006 Basilii
1555 951 1735 1023 Magni
1763 951 1830 1004 ad
1861 950 1921 1006 S.

393 1043 762 1109 Athanasium,
790 1057 834 1099 et
868 1043 1148 1098 Damasum
1194 1045 1378 1099 litterae
1410 1045 1506 1099 hoc
1531 1063 1664 1098 anno
1694 1045 1924 1114 scriptte,

390 1154 505 1212 qua!
531 1141 868 1193 illustrantur
890 1155 908 1192 :
932 1149 978 1192 et
1006 1136 1306 1208 Anonymus
1334 1137 1817 1192 Amstelodamensis
1844 1153 1927 1190 re-

396 1231 617 1301 fellitur.
644 1229 734 1284 III.
771 1227 1116 1284 Recensentur
1146 1245 1317 1282 causw
1337 1227 1477 1293 alite,
1508 1229 1590 1283 cui
1616 1229 1750 1283 idem
1772 1223 1927 1282 Basi-

395 1324 498 1378 lius
524 1325 593 1377 ad
621 1323 903 1377 Damasum
932 1322 1195 1392 scripserit
1218 1365 1234 1390 ,
1262 1333 1418 1389 eaque
1447 1324 1711 1378 occasione
1737 1323 1801 1376 de
1823 1325 1923 1378 An-

408 1416 638 1470 tiocheno
669 1414 932 1470 Meletium
960 1416 1090 1469 inter
1115 1425 1161 1468 et
1189 1414 1467 1469 Paulinum
1493 1415 1711 1469 dissidio
1735 1418 1930 1490 agitur,

407 1518 456 1563 et
495 1508 560 1563 de
609 1501 856 1563 Marcello
896 1509 1194 1578 Ancyrano.
1234 1506 1322 1562 IV.
1360 1505 1461 1560 llic
1486 1508 1549 1560 ab
1597 1505 1781 1562 Itazresi
1818 1509 1932 1560 vin-

403 1600 627 1666 dicatur,
686 1615 747 1653 ac
802 1597 1058 1653 Basiliam
1106 1605 1358 1670 postremo
1404 1597 1617 1653 meliora
1661 1598 1933 1666 edoctum,

400 1707 430 1745 α
478 1692 822 1764 prmjudicata
874 1690 1118 1745 adversus
1175 1690 1407 1745 eumdem
1462 1689 1770 1746 Marcellum
1826 1692 1939 1762 opi-

403 1783 555 1838 nione
581 1784 882 1838 discessisse
915 1784 1179 1853 probatur.

404 1899 731 1955 I.Barouius
779 1901 880 1954 hoc
920 1915 1063 1955 anno
1087 1899 1196 1954 duo
1228 1899 1416 1954 recitat
1441 1897 1804 1954 Valentiniani
1848 1915 1935 1954 re-

331 1996 536 2064 scripta
561 2036 575 2058 ,
606 1996 836 2049 alterum
866 1993 932 2047 ad
981 1992 1288 2060 Ampelium
1314 2035 1327 2054 ,
1357 1991 1449 2063 qui
1479 1991 1700 2065 Olybrio
1733 1996 1937 2047 interea

342 2090 403 2142 in
438 2089 749 2156 praefectura
793 2095 1166 2149 sui-cesserat,
1213 2086 1440 2140 alterum
1485 2086 1548 2139 ad
1589 2081 1939 2140 Maximinum

340 2179 514 2237 Urbis
561 2181 807 2234 vicarium
833 2221 848 2244 ,
899 2179 1094 2249 quibus
1138 2175 1390 2235 Ursicino
1411 2221 1424 2242 ,
1458 2179 1729 2249 sociisque
1759 2178 1899 2236 Urso
1925 2221 1939 2246 ,

353 2272 531 2337 Rufo,
561 2272 866 2329 Gaudentio
889 2315 903 2340 ,
953 2273 1234 2327 Auxanoni
1262 2315 1277 2338 ,
1319 2272 1602 2339 Auxauio,
1635 2272 1845 2328 Adiedo
1890 2282 1945 2328 et

351 2367 550 2422 Rufino
576 2367 728 2436 capia
760 2365 1151 2421 litdiscedendi
1186 2382 1211 2418 a
1246 2367 1541 2420 Constituto
1571 2366 1745 2420 exsilii
1788 2367 1903 2420 loco
1926 2409 1941 2433 ,

340 2482 406 2519 ac
437 2466 764 2534 ubicumque
795 2464 1023 2528 vellent,
1058 2463 1427 2530 consistendi,
1457 2479 1517 2517 ea
1549 2473 1727 2518 tamen
1761 2462 1946 2517 (‘Olldi-

339 2560 494 2614 tione
555 2559 801 2626 apposita
857 2573 924 2611 ne
953 2556 1177 2610 Romam
1237 2567 1327 2610 aut
1370 2557 1507 2609 intra
1568 2556 1950 2610 suburbicarias

343 2654 579 2723 regiones
603 2650 795 2720 pedem
822 2649 1103 2704 inferrent.
1135 2648 1269 2702 lliue
1299 2649 1478 2718 itaque
1499 2648 1780 2716 discimus,
1815 2664 1949 2716 pra:-

345 2746 538 2812 cipuos
565 2741 802 2798 Ursicini
830 2742 1068 2796 asseclas
1093 2783 1105 2803 ,
1143 2739 1309 2793 Roma
1344 2741 1611 2807 primum,
1643 2756 1766 2792 mox
1796 2749 1946 2794 extra

344 2834 670 2906 vigesimum
701 2833 934 2902 lapidem
981 2833 1193 2900 pulsos,
1223 2848 1284 2884 ac
1325 2831 1556 2894 denique
1584 2841 1732 2885 certo
1759 2831 1949 2885 exsilio

350 2929 638 2983 damnatos
659 2927 762 2982 sub
782 2924 990 2996 Olybrii
1016 2925 1330 2995 pradectura
1359 2925 1520 2979 fuisse
1545 2967 1558 2989 ,
1589 2927 1671 2977 cui
1704 2925 1946 2994 proinde,

351 3021 496 3090 quod
516 3030 865 3075 contumaces
882 3019 1292 3087 compresserit,
1319 3015 1727 3071 Valentinianus
1745 3058 1760 3082 ,
1785 3028 1842 3070 ut
1870 3018 1953 3070 vi-

348 3114 528 3170 dimus
546 3155 561 3179 ,
592 3112 890 3183 gratulatus
914 3111 1108 3165 fuerat.

1744 286 2247 352 PROLEGOMENA
2259 333 2272 350 .

1945 415 2002 474 Α
2026 409 2313 464 clementia
2335 424 2431 464 sua
2450 451 2463 477 ,
2487 426 2645 481 quam
2670 426 2829 484 pmna
2849 424 3008 470 antea
3035 416 3309 487 imposita.
3336 419 3448 476 Iloc
3490 437 3622 479 vero

3527 308 3629 368 ΗΞ

2025 503 2335 572 argumenti
2379 521 2578 573 genere
2609 523 2740 562 Usus
2770 510 2932 562 etiam
2965 508 3139 564 fuerat
3191 512 3451 583 Dupinius
3494 528 3621 572 ante

2025 594 2431 650 Tillemonlium
2469 615 2481 650 :
2515 598 2675 663 Nam,
2715 609 2774 653 ut
2803 604 2876 653 ait
2911 601 3030 665 ille,
3082 601 3143 658 Si
3173 606 3405 676 regiones
3435 608 3623 662 subur-

2026 690 2232 745 bicaria:
2256 733 2270 754 ,
2303 693 2380 746 vel
2411 695 2644 748 universo
2674 697 2890 766 imperio
2921 698 3184 766 Romano,
3209 703 3286 755 vel
3313 705 3491 757 saltem
3523 703 3624 759 0c-

2027 784 2269 838 cidentali
2316 787 2720 857 responderent,
2775 790 2897 852 quid
2941 791 3163 860 ineptius
3207 809 3358 862 quam
3429 797 3628 852 homini

2027 876 2230 930 cuidam
2253 919 2266 939 ,
2319 879 2450 931 velut
2496 879 2745 951 insignem
2774 883 2996 951 gratiam
3023 885 3296 940 concedere
3319 929 3334 953 ,
3366 900 3421 942 ut
3453 888 3626 944 Gallia

2029 971 2258 1034 excedat,
2284 987 2344 1023 ea
2369 979 2537 1024 tamen
2591 972 2722 1042 lege,
2759 990 2820 1026 ne
2850 975 3028 1043 pedem
3072 979 3125 1029 in
3181 979 3473 1033 universum
3529 983 3628 1035 int-

2030 1063 2226 1132 perium
2257 1062 2570 1128 Romanum,
2596 1076 2686 1119 aut
2720 1067 2899 1120 saltem
2936 1069 2988 1120 in
3035 1068 3364 1125 Occidentem
3394 1073 3628 1142 inferat?

2034 1153 2307 1227 Ejusmodi
2341 1161 2568 1228 profecto
2597 1159 2764 1232 gratia
2787 1162 2974 1215 summi
2995 1163 3239 1233 supplicii
3261 1165 3372 1220 loco
3397 1166 3631 1222 habenda

2033 1256 2159 1299 esset
2193 1246 2286 1319 (ὁ).

2107 1342 2279 1396 Porro
2302 1345 2444 1412 quod
2471 1346 2537 1400 ad
2567 1349 2802 1416 priorem
2828 1353 3154 1407 sententiam
3177 1354 3402 1422 attinet,
3430 1355 3519 1410 vix
3549 1365 3634 1412 est

2036 1435 2266 1503 amplius
2288 1479 2302 1500 ,
2333 1440 2421 1507 qui
2452 1438 2844 1496 Gothofredum
2882 1453 2936 1497 et
2976 1444 3296 1500 Salmasium
3334 1449 3635 1503 suburbica-

2037 1527 2143 1580 rias
2188 1528 2422 1597 regiones
2471 1531 2608 1586 intra
2659 1536 3011 1590 centesimum
3069 1537 3350 1593 dumtaxat
3400 1541 3632 1610 lapidem

2041 1621 2372 1676 collocantes
2404 1638 2616 1678 errasse
2664 1642 2768 1680 non
2813 1627 3074 1693 fateatur,
3123 1646 3244 1685 cum
3292 1633 3636 1702 apertissime

2042 1725 2252 1768 constet
2281 1715 2468 1770 eadem
2502 1733 2632 1773 voce
2658 1734 2803 1789 stupe
2830 1721 3140 1790 designatas
3173 1725 3407 1794 reliquas
3445 1741 3637 1783 omnes

1947 1813 2015 1873 ’Β
2047 1809 2351 1878 provincias
2370 1851 2384 1874 ,
2413 1825 2548 1879 quas
2578 1810 2739 1866 Urbis
2765 1814 2999 1868 vicarius
3028 1816 3411 1872 moderabatur
3439 1819 3534 1889 (ο).
3569 1820 3640 1872 At

2043 1900 2184 1968 quod
2208 1901 2274 1954 ad
2297 1915 2484 1955 eorum
2507 1902 2820 1969 Opinionem
2850 1915 3058 1975 spectat
3080 1948 3095 1970 ,
3124 1905 3216 1976 qui
3241 1912 3638 1977 metropolitica

2044 1992 2271 2046 Romani
2299 1993 2537 2062 episcopi
2561 1995 2683 2063 jura
2711 1996 2846 2050 intra
2879 1997 3067 2052 decem
3099 1999 3335 2064 reliquas
3369 2001 3486 2054 illas
3516 2016 3642 2072 pro-

2044 2085 2247 2139 vincias
2267 2094 2540 2141 coarctata
2566 2089 2794 2152 vellent,
2825 2089 2976 2143 vides
2999 2090 3142 2144 illam
3172 2091 3270 2145 hac
3298 2107 3404 2146 una
3432 2093 3641 2148 ratione

2046 2179 2164 2245 ltiti,
2193 2180 2333 2249 quod
2362 2181 2730 2235 suburbicaria:
2751 2183 2979 2237 ecclesia:
3007 2183 3139 2236 nihil
3169 2183 3422 2239 diﬂ'eraut
3445 2200 3472 2237 a
3519 2185 3643 2240 sult-

2045 2273 2314 2327 urbicariis
2337 2275 2611 2344 provinciis
2635 2317 2649 2341 ,
2680 2284 2843 2346 atque
2879 2287 2982 2330 uua
3016 2275 3315 2342 eademque
3355 2277 3425 2331 sit
3471 2277 3523 2330 in
3552 2277 3647 2332 de-

2047 2365 2280 2422 finienda
2327 2382 2485 2422 causa
2533 2383 2719 2422 eorum
2754 2369 3040 2422 verborum
3089 2370 3189 2422 vis.
3223 2369 3355 2424 Hinc
3384 2370 3650 2438 Dupiuius

2047 2473 2162 2513 rem
2190 2459 2267 2513 sic
2299 2469 2451 2530 urget
2476 2480 2488 2514 ε
2524 2460 2700 2515 Restat
2728 2461 3089 2529 inquirendum
3115 2503 3130 2528 ,
3163 2478 3278 2530 qua:
3303 2465 3492 2533 fuerint
3519 2479 3641 2532 pro-

2047 2551 2226 2604 vincia:
2249 2593 2261 2615 ,
2297 2562 2342 2606 et
2391 2553 2616 2607 ecclesiae
2646 2553 3046 2620 suburbicarice,
3096 2563 3144 2608 et
3177 2557 3387 2623 quinam
3435 2555 3648 2609 illarum

2048 2642 2177 2710 ﬁnes
2206 2658 2224 2696 :
2254 2643 2349 2696 hoc
2372 2654 2541 2696 autem
2573 2645 2625 2696 in
2657 2645 2836 2715 primis
2861 2647 2998 2698 circa
3020 2647 3167 2698 istam
3193 2648 3524 2714 quwstionem
3547 2657 3653 2701 sta—

2050 2735 2294 2790 tuendum
2327 2737 2522 2790 videtur
2550 2779 2564 2804 ,
2598 2747 2644 2789 et
2677 2754 2768 2805 pro
2798 2746 2935 2791 certo
2965 2737 3389 2809 supponendum,
3415 2740 3656 2793 ecclesias

2051 2828 2432 2882 suburbicarias
2496 2830 2802 2902 respondere
2859 2832 3137 2898 provinciis
3219 2831 3586 2886 suburbicariis
3635 2848 3654 2886 :

2049 2923 2484 2990 quemadmodum
2506 2928 2640 2978 enim
2669 2925 2896 2978 ecclesia:
2923 2923 3194 2995 [Egyptite
3216 2966 3229 2991 ,
3261 2926 3486 2987 Asiaute,
3521 2924 3656 2995 Illy-

2050 3017 2241 3069 ricanw
2269 3032 2340 3070 ea:
2363 3027 2481 3071 sunt
2511 3016 2737 3072 ecclesia:
2760 3059 2775 3084 ,
2819 3035 2931 3085 qua:
2957 3020 3010 3071 in
3049 3020 3160 3072 istis
3188 3020 3487 3074 dioecesibus
3510 3029 3657 3074 erant

2051 3112 2185 3174 sitae,
2218 3115 2290 3163 ita
2316 3112 2469 3166 etiam
2498 3113 2722 3166 ecclesia:
2750 3113 3118 3167 suburbicarite
3135 3113 3252 3168 alite
3278 3131 3383 3168 esse
3395 3131 3514 3174 won
3539 3130 3658 3184 pos-

423 3206 551 3260 IIarc
591 3221 711 3274 quze
752 3212 1048 3259 memorata
1085 3218 1113 3255 a
1159 3218 1242 3256 me
1273 3211 1429 3268 sunt,
1457 3212 1510 3255 et
1537 3202 1729 3271 quibus
1759 3202 1943 3257 subur-
1977 3189 2175 3270 sunt
2212 3205 2275 3260 ab
2306 3207 2443 3269 illis,
2486 3223 2600 3274 qua:
2628 3207 2905 3277 prouinciis
2931 3206 3294 3259 suburbirariis
3321 3209 3654 3260 contineban-

349 3298 666 3352 bicariurunt
715 3297 996 3365 regionum
1051 3297 1251 3348 mentio
1301 3297 1392 3355 tit,
1450 3293 1808 3348 Valentiniani
1858 3309 1947 3349 re-

355 3394 559 3460 scripta
591 3391 954 3460 abripiunt,et
984 3389 1034 3444 in
1070 3405 1180 3444 rem
1206 3405 1356 3444 suam
1384 3387 1716 3441 transferunt
1742 3387 1952 3443 Gotho-

348 3485 536 3540 fredus
576 3494 630 3538 et
669 3479 1067 3538 'Iillemoutius.
1099 3480 1336 3550 Uterque
1385 3480 1546 3548 igitur
1574 3476 1952 3532 suburbicarias

348 3578 640 3650 provincias
669 3585 714 3630 et
741 3577 972 3647 regiones
1002 3590 1167 3629 unum
1210 3575 1459 3642 idemque
1497 3588 1616 3626 esse
1651 3579 1801 3644 putat
1828 3587 1951 3627 cum

348 3671 741 3728 suburbicariis
768 3669 1013 3724 ecclesiis
1032 3710 1046 3733 ,
1075 3683 1208 3737 quas
1232 3666 1456 3720 Rutilius
1479 3681 1506 3718 a
1527 3664 1745 3719 Nicamo
1772 3679 1893 3719 can.
1920 3664 1952 3720 6

352 3768 580 3822 Romani
606 3766 844 3836 episcopi
879 3764 1224 3819 sollicitudini
1255 3762 1542 3816 attributas
1573 3760 1647 3813 ait
1693 3759 1810 3829 (a);
1857 3758 1952 3814 sed

352 3860 546 3915 horum
589 3857 736 3927 prior
788 3855 1169 3910 suburbicarias
1214 3853 1446 3922 regiones
1490 3851 1764 3906 concludit
1815 3853 1955 3904 intra

352 3949 710 4006 centesimum
759 3949 827 4002 ab
862 3945 1002 4003 Urbe
1044 3945 1316 4017 lapidem,
1351 3944 1649 4013 iisdemque
1692 3943 1954 3998 cancellis

351 4047 481 4118 jura
509 4043 748 4114 ejusdem
774 4041 1002 4120 Romani
1037 4041 1276 4111 episcopi
1320 4039 1502 4092 omnia
1535 4037 1841 4101 concludit;
1873 4038 1952 4089 al-

360 4150 446 4195 ter
488 4153 618 4192 wro
655 4135 1029 4191 urbicariarum
1057 4133 1437 4203 provinciarum
1467 4147 1598 4186 voce
1628 4146 1719 4184 eas
1765 4144 1956 4184 omth

355 4231 640 4303 intelligit,
670 4247 791 4301 qua:
818 4231 1077 4300 parebant
1110 4227 1268 4284 Urbis
1300 4227 1532 4290 vicario,
1577 4238 1625 4280 et
1656 4227 1816 4279 latius
1861 4242 1952 4294 pa—

359 4327 574 4390 tebant,
606 4324 958 4394 Campaniam
989 4324 1195 4378 scilict't
1218 4365 1232 4386 ,
1263 4321 1547 4376 Thusciam
1573 4329 1626 4374 et
1655 4319 1951 4384 Umbriam,

359 4418 620 4474 Picenum
653 4417 1107 4481 suburbieanum,
1137 4411 1402 4469 Valeriam
1427 4457 1441 4478 ,
1470 4414 1745 4468 Samnium
1773 4454 1787 4477 ,
1818 4417 1959 4478 Apu-

360 4511 520 4575 liam,
541 4521 592 4566 et
613 4511 915 4566 Calabriam
941 4553 954 4572 ,
980 4509 1272 4565 Lucaniam
1298 4551 1310 4570 ,
1338 4520 1389 4564 et
1412 4509 1627 4563 Brutios
1645 4551 1657 4573 ,
1692 4507 1951 4572 Siciliam,

2055 3306 2154 3349 tur.
2185 3338 2198 3352 .
2231 3337 2245 3350 .
2276 3295 2428 3350 Ferri
2465 3298 2626 3368 igitur
2658 3299 2864 3352 minime
2893 3306 3056 3367 potest
3093 3297 3299 3351 illorum
3335 3299 3537 3370 opinio,
3569 3300 3658 3369 qui

2053 3392 2434 3461 provinciarum
2465 3393 2700 3455 nomine,
2731 3393 2807 3445 vel
2834 3394 3127 3447 universum
3158 3392 3428 3462 imperium
3449 3394 3525 3447 vel
3551 3395 3658 3447 sal-

2054 3493 2150 3537 tent
2185 3483 2508 3538 Occidentem
2538 3488 2827 3540 universum
2851 3486 3111 3558 designari
3137 3488 3330 3541 volunt.
3355 3487 3445 3544 Sic
3479 3488 3568 3542 ille
3590 3501 3658 3542 ex

2055 3575 2288 3646 Tripode
2314 3574 2419 3647 (d).
2595 3565 2602 3571 ’

2126 3667 2279 3722 Nunc
2322 3684 2451 3723 vero
2497 3684 2597 3738 ego
2635 3679 2953 3737 argumenta
3006 3685 3111 3725 non
3160 3670 3413 3736 afferam,
3463 3670 3656 3739 quibus

2055 3773 2241 3818 coatra
2272 3763 2622 3829 Sirmondus,
2649 3765 2848 3833 aliique
2871 3766 2966 3819 viri
2991 3765 3288 3819 doctissimi
3316 3765 3657 3819 demonstra-

2057 3867 2183 3913 runt
2206 3900 2220 3925 ,
2250 3874 2410 3928 quam
2444 3857 2609 3912 fulilis
2633 3874 2692 3913 ea
2724 3859 2861 3912 ratio
2886 3859 2982 3926 sil,
3017 3872 3086 3913 ne
3110 3868 3286 3912 actum
3312 3873 3486 3929 agam.
3517 3857 3656 3912 Illud
3732 3904 3734 3906 .

2057 3951 2307 4020 adjiciam
2355 3952 2630 4007 dumtaxat
2662 3963 3034 4023 argumentum
3081 3952 3184 4006 hoc
3214 3967 3321 4022 quo
3362 3953 3659 4007 Tillemon-

2061 4044 2162 4099 tius
2210 4047 2375 4098 utitur
2397 4087 2409 4108 ,
2462 4055 2515 4099 et
2555 4045 2814 4113 itupinius
2843 4087 2855 4110 ,
2889 4046 2991 4098 vim
3022 4045 3253 4114 aliquam
3285 4044 3485 4100 habere
3513 4044 3660 4098 affir-

2062 4137 2314 4190 mativam
2347 4151 2506 4206 posse
2530 4176 2544 4198 ,
2580 4145 2634 4189 at
2662 4137 2883 4191 minime
2913 4138 3233 4206 m-gativam.
3268 4128 3397 4191 Nam
3448 4138 3488 4191 si
3521 4138 3659 4192 urbi-

2061 4229 2230 4282 carias
2271 4230 2514 4283 ecclesias
2549 4245 2669 4283 esse
2701 4229 2814 4282 illas
2839 4228 2948 4288 ais,
2981 4244 3098 4298 quae
3147 4239 3378 4298 quatuor
3417 4244 3658 4284 annona-

2061 4322 2156 4375 riis
2197 4337 2259 4375 ac
2293 4323 2512 4390 reliquis
2557 4323 2718 4377 etiam
2768 4322 3074 4390 provinciis-
3101 4326 3549 4385 Continelmntur,
3605 4323 3658 4377 id

2060 4428 2160 4482 ego
2189 4412 2342 4468 facile
2373 4415 2665 4468 concedam
2691 4457 2705 4476 ,
2740 4431 2843 4468 non
2876 4416 2946 4468 ob
2975 4430 3091 4468 eam
3141 4417 3316 4469 solum
3345 4419 3608 4469 rationem
3639 4457 3653 4478 ,

2060 4508 2201 4575 quod
2231 4509 2596 4563 suburbt'cariis
2623 4512 2896 4578 provinciis
2924 4512 3360 4574 remitterentur,
3410 4512 3502 4566 sed
3533 4513 3656 4580 quia

363 4603 698 4669 Sardiniam,
731 4613 786 4658 et
807 4603 1118 4668 Corsicam;
1149 4609 1309 4671 atque
1334 4603 1456 4655 hinc
1479 4599 1856 4654 suburbicarias
1879 4616 1958 4654 ec-
1991 4601 2036 4658 D
2065 4601 2242 4655 nullus
2285 4613 2402 4655 erat
2429 4604 2512 4656 coi
2558 4613 2806 4672 parerent
2836 4604 3282 4672 metropolitauus
3329 4614 3521 4671 praeter
3552 4602 3659 4657 Ro-

361 4695 554 4751 clesias
598 4697 742 4751 recte
788 4698 1011 4750 conﬁcit
1054 4712 1149 4750 eas
1199 4710 1318 4750 esse
1351 4697 1548 4760 etiam,
1598 4711 1718 4764 quae
1765 4695 1956 4749 iisdem

365 4787 658 4858 provinciis
685 4788 940 4841 omnibus
971 4787 1422 4851 continebantur;
1447 4785 1540 4839 sed
1568 4786 1702 4839 ultra
1731 4785 1956 4854 Italiam,

364 4882 589 4952 ejusque
621 4881 756 4936 fines
798 4893 954 4951 negat
988 4878 1247 4950 praetendi
1285 4877 1525 4948 potuisse
1557 4862 1872 4947 argumento
1895 4879 1962 4933 ab

363 4975 644 5043 rescriptis
672 4975 804 5043 ipsis
854 4975 1055 5042 petito,
1100 4989 1218 5044 qua:
1260 4972 1507 5027 Ursicino
1538 4972 1710 5026 exsuli
1752 4973 1960 5040 copiam

365 5069 562 5122 faciunt
586 5067 899 5122 discedendi
933 5083 963 5122 e
990 5063 1210 5131 Galliis,
1259 5077 1419 5134 atque
1457 5065 1563 5118 alio
1596 5080 1691 5133 pro
1735 5066 1960 5120 arbitrio

367 5162 707 5226 divertettdi,
736 5160 830 5214 sed
859 5158 1141 5228 prohibent
1173 5170 1463 5228 velantque
1501 5173 1566 5212 ne
1609 5156 1834 5210 Romam
1873 5173 1961 5211 ac-

367 5255 552 5318 cedat,
581 5269 630 5310 et
665 5255 830 5324 pedes
862 5253 1056 5308 inferat
1089 5254 1144 5306 in
1171 5254 1402 5324 regiones
1433 5252 1810 5306 suburbicarias
1833 5295 1844 5314 ,
1893 5254 1966 5306 si-

369 5348 588 5419 quidem
618 5348 662 5400 si
693 5346 1042 5403 Oecidentem
1078 5355 1246 5398 totum
1277 5345 1646 5399 suburbicariis
1675 5347 1965 5417 regionibus

370 5449 687 5511 expressum
727 5439 1022 5508 intelligis,
1071 5437 1348 5493 Ursicinus
1389 5437 1646 5492 secedere
1687 5437 1966 5491 debuisset

369 5534 424 5588 in
475 5533 784 5598 Orientem,
834 5533 994 5601 eique
1030 5531 1246 5602 gravior
1294 5529 1485 5584 fuisset
1529 5528 1828 5598 Imperator
1876 5529 1968 5582 ille

568 5742 646 5812 De
672 5741 818 5797 Eccl.
858 5741 1058 5811 Discip.
1081 5739 1305 5797 dissert.
1337 5757 1383 5806 I,
1422 5739 1449 5812 §
1483 5740 1659 5795 ultim.

473 5671 528 5741 a)
569 5671 772 5726 Histor.
802 5671 897 5726 lib.
930 5686 974 5736 ι,
1006 5685 1127 5740 cap.
1163 5669 1217 5724 6.

473 5671 528 5741 a)
569 5671 772 5726 Histor.
802 5671 915 5753 liba
930 5686 945 5724 ι
960 5685 1135 5753 ,.cap..
1163 5671 1217 5724 6.
1568 5740 1578 5751 .

446 5671 524 5885 la
552 5741 1357 5872 Eafaaestuasse
1371 5739 1458 5879 ii,
1483 5740 1681 5883 ari
1715 5819 1770 5867 ε.
1798 5809 1874 5880 ε,
1916 5820 1974 5867 ει

472 5832 498 5868 ε

2065 4710 2281 4748 manum
2337 4695 2662 4762 pontificem.
2713 4703 2776 4750 Al
2823 4696 2867 4750 si
2913 4709 3100 4750 contra
3151 4695 3447 4750 contendas
3475 4699 3662 4751 subur-

2063 4787 2284 4842 bicaiias
2309 4790 2546 4844 ecclesias
2593 4791 2712 4845 illas
2742 4790 2846 4845 dici
2897 4808 2999 4845 non
3037 4791 3305 4857 potuisse,
3346 4808 3466 4862 qum
3498 4803 3659 4847 extra

2064 4879 2272 4933 Italiam
2323 4881 2430 4936 late
2485 4893 2757 4952 acceptam
2810 4885 2998 4949 podue
3067 4885 3278 4939 fuerant
3351 4901 3655 4955 quanquam
3695 4915 3706 4922 ~

2068 4972 2201 5026 nulli
2234 4984 2486 5042 parerent
2513 4974 2926 5043 Melrttpolilatm
2948 5017 2962 5042 ,
2999 4984 3116 5029 utar
3143 4976 3265 5045 juie
3295 4993 3414 5030 meo
3449 4978 3491 5029 si
3538 4992 3658 5044 per-

2070 5081 2373 5135 negavero,
2407 5082 2505 5120 nec
2535 5075 2590 5119 tu
2620 5067 2776 5122 facile
2803 5070 3053 5133 CVlIICL'S,
3094 5070 3235 5139 quod
3269 5071 3348 5123 vis
3371 5118 3384 5137 ,
3424 5070 3523 5121 nisi
3565 5065 3664 5118 ali-

2067 5173 2224 5228 quem
2274 5170 2531 5227 pra-terea
2567 5163 2863 5230 superioris
2905 5161 3105 5232 gradus
3149 5163 3459 5228 episcopum
3496 5159 3658 5213 fuisse

2074 5250 2383 5321 probavuris
2403 5294 2416 5317 ,
2444 5253 2527 5306 eui
2555 5269 2744 5307 omnes
2778 5271 2870 5322 per
2900 5254 3104 5306 Italiam
3130 5264 3288 5320 atque
3309 5251 3658 5304 Occidentem

2073 5343 2316 5398 ecclesiae
2345 5347 2652 5399 subesset".
2681 5346 2892 5400 Nullum
2923 5348 3196 5400 enitttvero
3227 5353 3338 5395 ιιιιο
3367 5357 3552 5397 eorum
3579 5346 3662 5400 lo-

2073 5451 2258 5490 corum
2303 5444 2471 5491 tractu
2504 5436 2661 5506 hujus
2685 5441 2931 5504 generis,
2964 5447 3015 5490 et
3047 5435 3319 5504 dignitatis
3345 5439 3662 5507 episcopum

2074 5530 2236 5585 fuisse
2285 5539 2408 5586 ante
2455 5529 2726 5584 Nicaanum
2773 5530 3096 5599 concilium,
3145 5544 3210 5584 ac
3257 5543 3449 5601 quarto
3501 5536 3665 5589 etiam

2079 5671 2222 5748 inter
2246 5670 2608 5748 hetcrodoxos
2633 5669 2915 5748 gingiuam.
2945 5669 3036 5727 lib.
3069 5688 3154 5748 ix,
3187 5688 3306 5746 cap.
3341 5655 3412 5748 1-,
3505 5676 3557 5732 9.

2151 5741 2231 5814 (ά)
2269 5744 2345 5799 De
2378 5742 2595 5813 Discipl.
2633 5741 2780 5798 Eccl.
2808 5742 3027 5801 dissert.
3064 5745 3116 5816 I,
3145 5741 3296 5803 num.
3329 5741 3419 5802 IL
