4150 6176
470 251 574 309 H5

1682 244 1998 308 SANCTUS
2035 246 2364 311 DAMASUS
2402 249 2608 310 PAPA.

3675 255 3780 314 ιιι

469 357 731 430 provecto
779 361 979 417 saeculo
1023 362 1286 417 concedat
1328 373 1552 416 necesse
1598 370 1716 425 est,
1763 366 1850 432 qui
1901 365 2076 419 eccle-
2109 371 2147 429 Α
2179 366 2431 422 donianis
2479 377 2718 434 captum,
2770 369 3024 438 prmsenti
3074 369 3318 426 subsidio
3362 369 3577 438 fuerat,
3623 385 3688 425 ac
3718 379 3779 426 ut:

470 454 684 508 siastica
707 469 893 508 eorum
922 466 1222 519 temporum
1247 463 1593 506 monumenta
1625 465 1938 521 percurrat,
1969 471 2068 510 nec

471 549 552 603 sic
579 549 806 617 ineptire
835 563 954 601 cum
978 547 1271 614 Quesnello
1301 547 1458 611 velit,
1501 555 1559 601 ut
1583 546 1858 601 Romanos
1888 550 2061 616 ponti-

475 641 605 697 ﬁces
631 684 644 702 .
676 655 865 695 omnes
905 641 1318 712 metropoliticze
1370 639 1645 710 dignitatis
1683 643 2067 712 przrrogativas

471 746 526 790 et
553 736 727 789 ofﬁcia
750 735 815 788 ad
844 751 900 788 se
925 736 1252 800 traxisse,ac
1276 736 1742 804 metropolitanos,
1768 738 1810 790 si
1836 737 1924 793 uni
1954 735 2068 792 fue-

466 825 616 890 rint,
665 825 876 879 titulum
911 826 1168 880 habuisse
1206 828 1323 882 sine
1355 843 1434 890 re,
1480 836 1684 882 temere
1729 839 1935 882 asserat
1964 827 2062 899 (a).

466 918 632 973 Vides
664 919 822 988 igitur
843 919 1222 972 suburbicarias
1244 920 1483 973 ecclesias
1508 936 1614 974 non
1645 935 1736 974 eas
1764 936 1883 974 esse
1905 918 2065 973 dum-

468 1020 648 1074 taxat,
679 1027 798 1083 quae
837 1014 1257 1068 continebantur
1307 1015 1412 1068 illis
1450 1013 1615 1069 Italim
1651 1015 1844 1068 ﬁnibus
1872 1057 1886 1075 .
1929 1029 2067 1084 quos

469 1104 628 1159 Urbis
655 1107 888 1159 vicarius
917 1091 1183 1174 potestate
1207 1122 1300 1159 sua
1325 1107 1708 1161 moderabatur
1729 1150 1744 1173 ,
1779 1107 1872 1160 sed
1906 1107 2066 1161 latius

464 1198 628 1252 etiam
661 1198 904 1264 protendi
941 1200 1214 1268 potuis~e,
1248 1210 1407 1266 atque
1434 1198 1556 1251 hinc
1587 1199 1870 1268 intelligis,
1903 1215 2066 1268 quam

465 1289 706 1357 ineptum
758 1289 1026 1360 fallaxque
1073 1290 1142 1343 sit
1192 1299 1566 1359 argumentum
1617 1289 1782 1350 illud,
1829 1290 1971 1359 qttod
2035 1305 2064 1342 a

467 1382 739 1450 provinciis
768 1380 1131 1435 suburbicariis
1159 1382 1227 1434 ad
1253 1381 1625 1435 suburbicarias
1653 1381 1894 1434 ecclesias
1921 1380 2067 1434 desi-

462 1474 736 1541 guattdas,
767 1481 822 1526 et
847 1472 1181 1527 deﬁniendus
1222 1475 1452 1539 Capitur.
1480 1471 1557 1525 An
1606 1488 1722 1525 vero
1742 1514 1755 1536 ,
1797 1481 1852 1526 ut
1881 1471 2064 1524 verbis

465 1574 584 1618 utar
613 1565 711 1617 viri
763 1565 1065 1633 gravissimi
1107 1563 1382 1618 Benedicti
1415 1564 1720 1624 B'lCCllillii.
1755 1564 2064 1632 ignoraverit

463 1659 725 1720 Ruﬁnus.
757 1658 895 1726 quod
924 1676 1017 1711 nos
1050 1674 1150 1711 non
1189 1659 1342 1721 latet,
1373 1657 1604 1713 Romano
1650 1658 1840 1711 scilicet
1875 1669 2060 1713 metro-

2174 461 2338 514 verbo
2369 460 2568 527 dicam,
2601 478 2627 516 a
2663 461 2891 517 Damaso
2922 463 3180 517 auxilium
3210 465 3499 530 petendum
3537 465 3774 524 censuit.

2171 551 2308 608 Hinc
2329 553 2624 608 Athanasio
2653 555 2822 624 inquit
2855 573 2867 607 :
2905 554 3110 608 Dudum
3137 557 3253 610 novi
3275 599 3287 620 ,
3319 568 3366 610 et
3395 558 3506 627 ipse
3535 574 3627 621 pro
3667 574 3775 612 me-

2172 632 2332 701 diocii
2360 666 2528 702 rerum
2554 651 2735 703 notitia
2762 692 2776 716 ,
2810 667 2963 704 unam
2994 668 3104 705 esse
3132 651 3374 706 Ecclesiis
3407 653 3595 706 nostris
3619 653 3778 707 auxi-

2173 739 2230 792 lii
2258 741 2387 793 viam
2411 783 2426 805 ,
2455 742 2498 794 si
2525 742 2784 795 nobiscum
2808 743 3098 810 conspirent
3129 742 3490 798 Occidentales
3519 745 3772 812 episcopi.

2174 831 2312 886 Nunt
2341 835 2386 886 si
2413 835 2663 890 voluerint
2689 877 2703 902 ,
2731 837 2870 906 quod
2895 835 3236 891 adhibuerunt
3265 838 3524 904 studium,
3555 838 3608 890 in
3641 855 3740 891 uno
3759 879 3774 903 ,

2171 936 2260 979 aut
2292 927 2454 980 altero
2485 927 2556 999 (ε)
2591 931 2807 998 pessime
2832 931 3018 986 sentire
3059 931 3391 999 deprehensis
3417 973 3432 998 ,
3464 933 3597 986 illud
3620 935 3777 987 etiam

2169 1033 2266 1087 pro
2297 1031 2587 1073 nostrarum
2619 1024 2839 1091 partium
2871 1024 3094 1095 purcecia
3121 1025 3416 1088 ostendere.
3449 1029 3668 1097 fortasse
3696 1043 3778 1082 re-

2172 1114 2264 1170 bus
2289 1117 2644 1171 communibus
2676 1119 2873 1188 aliquid
2905 1121 3138 1174 utilitatis
3165 1122 3431 1174 accesserit
3459 1120 3536 1190 (ά)
3571 1148 3582 1176 ι
3616 1122 3774 1179 Hisce

2171 1221 2350 1262 autem
2385 1211 2564 1264 verbis
2603 1211 2654 1263 ni
2688 1211 2877 1277 fallor,
2928 1213 3182 1266 Auxentii
3213 1213 3490 1267 damnatio
3519 1215 3772 1285 designa-
3841 1267 3851 1272 ._

2171 1311 2288 1368 tur;
2317 1305 2456 1371 quod
2490 1306 2652 1360 etiam
2685 1308 2922 1361 advertit
2962 1317 3115 1363 vetus
3163 1308 3264 1363 hoc
3293 1307 3603 1375 Scltolium,
3629 1309 3771 1379 quod

2173 1395 2239 1449 ad
2270 1412 2418 1448 oram
2447 1399 2591 1466 .regii
2624 1399 2828 1452 codicis
2859 1400 2919 1452 Ι).
2951 1400 3222 1454 Maranius
3260 1403 3554 1469 ascriptum
3602 1403 3729 1471 legit
3755 1423 3767 1457 :

2169 1493 2288 1564 Περὶ
2317 1499 2416 1546 τῶν
2439 1495 2568 1546 κατά
2596 1491 2786 1566 Ῥώμην
2811 1496 3106 1551 ἐπισκόπων
3135 1498 3398 1561 Λύξεντίου
3429 1502 3633 1554 καὶτῶν
3659 1502 3772 1577 περὶ

2169 1584 2340 1638 αὐτὸν.
2375 1585 2673 1639 Audiverat
2704 1588 2883 1656 itaque
2905 1587 3014 1658 jam
3050 1589 3308 1656 Basilius,
3344 1605 3466 1661 quae
3496 1592 3713 1647 decreta
3743 1607 3772 1646 a

2169 1677 2378 1747 synodo
2406 1678 2505 1732 sob
2527 1680 2757 1735 Damaso
2779 1691 2964 1735 contra
2993 1681 3323 1737 Auxentium
3358 1683 3573 1739 fuerant
3598 1726 3612 1750 ,
3647 1700 3769 1755 qua:

460 1750 695 1819 politano
743 1767 832 1818 per
876 1767 936 1804 ea
985 1760 1214 1818 tempora
1259 1744 1548 1822 provincias
1596 1767 1768 1804 omnes
1810 1753 2061 1820 subjectus

2170 1744 2399 1839 proinde
2433 1771 2498 1825 ad
2547 1771 2692 1826 hunc
2738 1790 2975 1838 anomn,
3025 1777 3310 1830 autetiam
3343 1777 3407 1830 ad
3456 1744 3771 1848 sequeniem

461 1844 652 1913 fuisse,
686 1858 801 1907 quae
844 1841 995 1896 Urbis
1023 1843 1214 1896 vicario
1254 1842 1526 1913 parebant,
1576 1843 1826 1900 concessis
1857 1841 2060 1896 Italicis

458 1933 825 2000 metrOpolibus
869 1936 1110 2006 reliquis,
1161 1952 1287 2004 quas
1336 1935 1510 1988 Italica
1551 1935 1773 1989 vicarius
1812 1937 2062 2008 regebat?

457 2027 730 2095 Reliquum
759 2029 931 2096 itaque
956 2037 1061 2090 est,
1093 2038 1146 2080 ut
1173 2028 1412 2096 ambigua
1440 2027 1532 2081 illa
1557 2027 1951 2081 suburbicarum
1978 2045 2060 2082 ec-

457 2120 733 2172 clesiarum
758 2136 878 2172 voce
893 2160 908 2183 ,
934 2119 1160 2187 plurium
1178 2120 1554 2191 provinciarum
1581 2121 1818 2173 ecclesias
1841 2119 1957 2174 illas
1980 2122 2061 2174 in-

458 2213 737 2275 tellexerit,
771 2229 885 2280 qum
923 2211 1145 2274 alicubi,
1192 2215 1294 2264 sive
1341 2213 1507 2275 intra,
1557 2214 1634 2266 vel
1673 2223 1816 2266 extra
1847 2215 2061 2267 centesi-

456 2321 596 2358 mum
628 2304 882 2372 lapidem,
914 2305 1018 2357 sive
1062 2305 1114 2356 in
1153 2302 1312 2357 Italia
1337 2345 1348 2361 .
1382 2306 1485 2358 sive
1514 2304 1633 2358 alibi
1676 2307 1788 2359 sita:
1825 2305 2059 2360 Romano

457 2397 692 2467 pontiﬁci
743 2405 983 2465 tanquam
1033 2396 1369 2468 metropolitm
1411 2396 1712 2452 obediebant
1755 2399 1853 2469 (b).
1916 2399 2058 2455 Usus

453 2489 620 2561 igitur
644 2532 658 2556 ,
689 2501 742 2544 ut
786 2491 875 2544 ille
910 2491 1252 2558 prosequitur
1277 2532 1292 2555 ,
1335 2507 1394 2544 ea
1438 2507 1569 2545 voce
1595 2491 1822 2545 Ruﬁnus
1849 2503 1931 2547 est
1955 2536 1968 2558 ,
2001 2504 2059 2548 ut

455 2583 656 2638 Nica'ni
687 2582 912 2635 canonis
951 2583 1451 2651 interpretationem
1491 2599 1710 2637 suorum
1752 2594 2057 2653 temporum

456 2677 656 2730 rationi
685 2675 1117 2730 accommodaret
1151 2677 1394 2730 :exortis
1421 2680 1563 2730 enim
1615 2689 1732 2745 post
1777 2678 2056 2733 Niea-num

454 2768 774 2833 concilium,
803 2783 898 2822 seu
929 2769 1263 2822 concedente
1284 2811 1298 2835 ,
1327 2785 1420 2822 seu
1451 2784 1554 2823 neu
1588 2781 1921 2841 repugnante.
1945 2772 2059 2826 Ro.

455 2861 1123 2930 manoepiscopo,perltali
1143 2877 1211 2913 im
1229 2861 1615 2932 lateaCCeptam
1634 2865 2062 2932 tnetropolitauis

454 2955 705 3024 aliquot,
734 2955 1044 3023 apostolicis
1090 2963 1351 3022 przeterea
1382 2955 1641 3010 institutis
1685 2955 1881 3011 alicubi
1917 2961 2060 3012 vica-

460 3046 590 3102 riis.
623 3048 712 3114 qui
748 3046 1073 3113 prazsent'am
1096 3087 1110 3110 ,
1141 3057 1200 3098 ut
1227 3047 1300 3098 ait
1330 3047 1437 3099 Leo
1471 3047 1691 3116 Magnus
1711 3089 1724 3111 ,
1761 3051 2062 3113 apostolica:

461 3137 729 3208 legationis
777 3138 1070 3206 longinquis
1100 3137 1162 3191 ab
1194 3137 1329 3192 Urbe
1355 3141 1631 3206 provinciis
1659 3141 2012 3209 impenderent
2043 3186 2057 3209 ,
2090 3155 2136 3218 ρ
2166 3170 2357 3225 Αιιηιηἓ

457 3230 687 3298 aliisque
713 3230 868 3283 factis
892 3235 942 3284 in
968 3229 1330 3284 ecclesiastica
1354 3231 1533 3299 politia
1562 3233 2050 3304 inmmtationibus,

455 3323 652 3392 quibus
680 3323 825 3385 prior
867 3321 1093 3374 Romani
1127 3323 1295 3389 ipsius
1322 3322 1561 3392 episcopi
1593 3333 1828 3392 ptlleSlJS
1861 3327 2058 3382 decur-

454 3423 566 3469 tata
624 3415 793 3469 videri
837 3430 932 3484 per
976 3414 1322 3469 Occidentem
1376 3429 1620 3485 poterat,
1669 3434 1827 3474 secus
1892 3436 1956 3475 ac
2006 3423 2058 3478 in

457 3505 825 3562 Alexandrino
846 3548 860 3570 ,
891 3508 975 3561 cui
1002 3508 1134 3560 nihil
1161 3508 1229 3562 de
1256 3507 1476 3577 antiquo
1501 3510 1625 3574 jure
1655 3527 1746 3580 per
1795 3513 2058 3584 integram

455 3601 734 3656 diuit-esito
765 3601 1107 3667 decesserat,
1145 3605 1343 3668 putavit
1375 3604 1599 3659 Ruﬁnus
1639 3620 1880 3664 veterem
1914 3611 2059 3666 illam

457 3707 488 3747 a
541 3693 762 3747 Νίοιριιιι
815 3693 1048 3747 cont-ilio
1101 3694 1396 3749 adhibitam
1453 3699 1756 3754 Romanum
1813 3705 1952 3758 inter
2004 3713 2063 3760 et

459 3784 885 3840 Alexandrinum
921 3789 1092 3855 ipsum
1132 3801 1442 3856 episcopum
1479 3790 1638 3842 nullis
1676 3793 2061 3865 circumscrip-

458 3888 568 3932 tam
625 3878 925 3941 limitibus,
992 3880 1490 3945 cmuparatiouem,
1549 3881 1768 3937 minime
1829 3889 2062 3956 amplius

461 3973 752 4024 convenire
787 3983 945 4036 ροςςε
968 4009 981 4031 ,
1021 3967 1113 4019 sed
1147 3983 1256 4019 rem
1298 3970 1600 4038 expressit,
1637 3985 1692 4026 ut
1723 3990 1843 4031 sese
1877 3979 2064 4034 habuit

462 4079 561 4134 per
588 4061 638 4115 id
669 4071 883 4130 tempus
905 4102 919 4125 ,
951 4077 1091 4113 nunc
1116 4077 1244 4115 vero
1267 4062 1562 4118 obscuriori
1589 4067 1801 4122 dicendi
1835 4087 2058 4140 genere,

463 4155 833 4222 ecclesi'usque
857 4153 976 4205 illis
997 4169 1184 4207 omnes
1207 4195 1220 4215 .
1248 4170 1380 4224 quas
1408 4157 1642 4213 retinere
1664 4160 1838 4216 adhuc
1860 4205 1874 4229 ,
1900 4177 2062 4236 atque

463 4248 848 4302 adminiStrare
874 4244 920 4298 R
943 4261 1176 4299 unanum
1210 4247 1520 4316 epist-eptim
1549 4252 1674 4307 vidit
1702 4271 1916 4326 quoquo
1941 4260 2062 4315 luco

465 4341 669 4411 positas
691 4381 704 4400 ,
737 4339 1118 4394 suburbicarias
1142 4341 1308 4404 dixit,
1337 4357 1578 4413 novaque
1625 4363 1844 4414 prorsus
1872 4353 2061 4421 appel-

463 4437 667 4490 latione
690 4475 706 4499 ,
743 4433 1046 4498 hominem,
1092 4442 1150 4487 ut
1187 4434 1255 4487 ita
1289 4435 1499 4502 dicam,
1534 4440 1753 4509 antiqua
1802 4455 1961 4499 aetate
2007 4456 2062 4502 et

467 4531 738 4593 moribus,
768 4527 1064 4596 iuvenilem
1094 4528 1144 4580 in
1178 4529 1394 4582 modum
1427 4531 1580 4586 nobis
1607 4538 1836 4600 posteris
1867 4555 2068 4610 repraa-

470 4623 723 4676 sentavit.
757 4618 863 4674 Sed
893 4634 1012 4672 eum
1041 4619 1151 4685 jam
1180 4635 1390 4684 verear,
1422 4638 1490 4676 ne
1520 4621 1572 4676 in
1605 4641 1664 4679 re
1689 4628 1788 4681 hac
1825 4629 1892 4684 ab
1916 4632 2067 4687 iusti-

466 4724 581 4768 tuto
602 4715 774 4768 aliena
805 4713 999 4766 nimiu~
1023 4711 1213 4765 fuerim
1238 4754 1252 4776 ,
1286 4715 1335 4767 in
1363 4717 1503 4768 viam
1536 4719 1723 4776 redeo.

536 4804 602 4858 ll.
631 4804 755 4857 llrc
781 4805 940 4872 igitur
967 4804 1094 4857 dum
1124 4805 1174 4855 iu
1199 4802 1491 4860 Occidente
1518 4823 1810 4878 agerentur
1832 4857 1845 4880 ,
1873 4817 2066 4875 Orien-

464 4899 591 4955 talis
614 4897 854 4951 Ecclesia
874 4912 935 4949 ea
957 4899 1274 4965 gravissima
1301 4909 1619 4966 tempestate
1641 4907 1944 4974 jactahatur
1961 4918 2064 4971 sub

461 4993 689 5047 Valente
709 5033 722 5048 .
747 4999 909 5057 atque
934 4994 968 5040 Α
981 4989 1144 5042 rianis
1163 5031 1176 5053 ,
1201 5007 1360 5060 quam
1386 5007 1441 5048 ut
1464 5010 1693 5055 οιιιιετοδ
1716 5014 2058 5077 pr;rteream,

462 5084 692 5143 Basilius
719 5081 978 5136 dthcrlbll
1009 5082 1248 5149 pluribus
1276 5086 1326 5137 in
1359 5088 1490 5143 locis
1511 5135 1524 5155 ,
1557 5094 1650 5148 sed
1684 5101 1962 5164 potissime
2005 5106 2057 5157 in

460 5179 721 5250 Epistolis
742 5177 806 5231 ad
832 5177 1118 5231 Damasmn
1140 5219 1156 5244 ,
1183 5180 1423 5250 ειΙίοςιιιιθ
1443 5185 1823 5250 Occidentales
1846 5200 2062 5263 episco-

459 5288 591 5341 pos,
626 5285 679 5329 et
708 5273 775 5327 ad
807 5272 1158 5326 Athanasium
1184 5275 1420 5342 scriptis.
1454 5275 1612 5349 Cepit
1644 5283 1821 5353 itaque
1846 5289 1896 5342 id
1922 5306 2062 5347 con-

455 5366 560 5420 silii
584 5407 598 5433 ,
626 5367 766 5438 quod
793 5381 937 5436 saepe
965 5367 1097 5420 alias
1117 5407 1133 5432 ,
1162 5380 1225 5420 ac
1252 5382 1421 5439 nuper
1448 5375 1547 5424 sub
1575 5371 1792 5432 Liberio
1819 5399 1846 5434 ιι
1879 5383 2059 5441 Mace-

527 5503 605 5571 (a)
655 5503 723 5554 ιιι
760 5504 928 5568 Epist.
969 5506 1027 5558 D.
1066 5507 1231 5562 Leon.
1270 5508 1337 5563 i6
1367 5520 1420 5564 et
1460 5512 1550 5567 80.

553 5575 600 5652 ο)
643 5571 899 5654 Beli-get.
935 5577 1080 5654 Illico.
1116 5581 1297 5650 Orig,
1335 5595 1474 5652 part.
1502 5601 1576 5654 ιι,
1611 5603 1754 5646 vers.
1791 5593 1879 5650 16.

551 5646 598 5718 οξ)
645 5644 777 5718 {reip
805 5644 914 5718 ἑνὸς
936 5645 964 5702 ἦ
995 5645 1103 5700 δυὸ.

524 5716 604 5786 (ά)
647 5714 820 5782 Epist.
852 5715 952 5779 U6,
983 5720 1113 5771 edit.
1150 5719 1256 5774 BB.

2167 1868 2308 1919 male
2329 1883 2356 1919 a
2383 1868 2657 1920 nonnullis
2678 1868 3097 1939 consignantur,
3123 1870 3190 1923 ab
3212 1870 3333 1924 aliis
3357 1886 3485 1925 vero
3503 1913 3518 1936 ,
3543 1886 3771 1938 quorum

2167 1973 2268 2028 ego
2306 1959 2633 2014 sententiam
2663 1961 2947 2029 amplexus
2995 1978 3112 2016 sum
3140 2005 3153 2029 ,
3199 1979 3398 2018 annum
3429 1964 3534 2020 569
3565 1965 3772 2033 Optime

2166 2051 2332 2105 relata
2366 2049 2546 2117 fuere;
2582 2068 2768 2108 verum
2818 2071 2991 2122 neque
3039 2055 3192 2125 ipse,
3240 2072 3416 2127 neque
3446 2054 3775 2110 Athanasius

2166 2143 2282 2213 ejus
2311 2155 2428 2198 acta
2462 2145 2713 2200 viderant
2743 2163 2756 2198 :
2791 2163 2912 2200 nam
2945 2162 3048 2202 cur
3091 2149 3328 2218 alioquin
3357 2149 3774 2205 communicatis

2165 2255 2287 2294 cum
2319 2238 2508 2294 eodem
2537 2239 2841 2294 Athanasio
2870 2241 3134 2309 consiliis,
3169 2243 3397 2298 Damaso
3428 2243 3771 2299 scribentium

2165 2333 2467 2387 Censuisset
2491 2375 2505 2399 ,
2537 2343 2593 2387 ut
2619 2349 2755 2403 quos
2785 2335 2874 2389 ille
2907 2350 3004 2405 pro
3034 2338 3357 2392 auctoritate
3384 2352 3480 2391 sua
3513 2337 3772 2392 missurus

2166 2434 2286 2479 erat
2315 2426 2517 2495 legatos
2541 2426 2605 2480 ad
2636 2425 2940 2482 Orientales
2965 2428 3257 2482 visitandos
3274 2471 3288 2494 ,
3313 2446 3484 2484 secum
3511 2430 3768 2497 haberent,

2165 2532 2496 2587 qttwcttiiique
2531 2527 2641 2587 past
2671 2517 2991 2572 Ariminense
3036 2523 3309 2574 concilium
3355 2535 3498 2592 gesta
3533 2528 3771 2593 fuerant,

2167 2611 2236 2663 ad
2263 2627 2437 2664 eorum
2461 2654 2474 2676 ,
2508 2627 2622 2681 qua:
2649 2630 2737 2680 per
2767 2614 2866 2666 vim
2903 2615 3013 2667 illic
3057 2625 3171 2668 acta
3199 2616 3434 2685 fuerant,
3478 2617 3776 2672 dissolutio-

2159 2719 2280 2756 lnem
2305 2705 2329 2756 ?
2355 2706 2462 2756 (Zur
2495 2716 2752 2773 prmterea
2786 2705 3119 2761 Athanasius
3142 2751 3155 2770 ,
3189 2710 3231 2761 si
3267 2709 3382 2776 ejus
3407 2709 3473 2763 ad
3502 2726 3560 2765 se
3583 2710 3794 2780 synodi'

2168 2804 2290 2848 acta
2336 2807 2732 2864 pervenerant,
2781 2799 2978 2853 nedum
3013 2814 3076 2854 ea
3107 2800 3286 2854 statim
3319 2799 3465 2854 misit
3509 2801 3575 2854 ad
3627 2801 3779 2855 Basi-

2168 2891 2327 2957 lium,
2361 2894 2454 2946 sed
2487 2910 2659 2963 neque
2691 2895 2857 2949 ullam
2893 2913 3078 2952 eorum
3095 2898 3422 2952 mentionem
3451 2897 3579 2953 fecit
3607 2897 3660 2952 in
3689 2898 3776 2953 Iit-

2169 2985 2301 3036 teris
2332 2986 2396 3038 aii
2427 3001 2549 3040 eum
2581 2986 2842 3056 scriptis?

2242 3077 2474 3132 Basilius
2508 3081 2707 3149 igitur,
2759 3091 3041 3152 postquam
3076 3099 3189 3139 rem
3237 3101 3453 3158 omnem
3497 3102 3621 3140 cum
3655 3080 3775 3144 ‘SS.

2352 3173 2466 3226 :isio
2488 3184 2540 3226 et
2568 3174 2786 3230 Mcletio
2812 3178 3121 3232 contulerat
3142 3220 3154 3241 ,
3185 3179 3412 3234 Damaso
3436 3180 3689 3248 scripsit,
3714 3194 3777 3236 ac

2175 3265 2446 3320 Dorotbeo
2486 3266 2715 3322 diacono
2763 3268 3143 3338 perferendam
3191 3270 3342 3325 dedit
3392 3273 3674 3342 epistolam
3721 3274 3778 3329 in

2168 3369 2386 3413 recente
2413 3358 2512 3412 BB.
2541 3359 2782 3416 editione
2811 3363 3262 3430 septuagesimum
3287 3363 3360 3437 (e)
3384 3407 3397 3426 ,
3429 3381 3586 3435 quam
3620 3366 3688 3430 ii,
3718 3375 3777 3420 ut

2168 3453 2331 3504 etiam
2362 3450 2710 3506 Constantius
2743 3457 2975 3522 priorem
3006 3456 3145 3511 inter
3174 3472 3266 3512 eas
3294 3468 3515 3512 censent
3538 3499 3554 3523 ,
3587 3473 3721 3527 quas
3743 3472 3774 3512 a

2169 3543 2486 3598 Ctesarieusi
2523 3547 2777 3616 episcopo
2823 3548 2887 3601 ad
2937 3566 3058 3603 eum
3093 3551 3400 3619 pontiﬁcem
3442 3553 3594 3606 datas
3641 3553 3776 3624 legi-

2169 3648 2308 3687 mus.
2343 3635 2469 3689 Eam
2516 3653 2647 3692 vero
2701 3639 2760 3692 D.
2813 3640 3086 3697 Maranius
3133 3643 3390 3715 scriptam
3437 3654 3588 3716 putat
3631 3647 3778 3702 circa

2170 3728 2406 3781 medium
2441 3730 2582 3784 ltuuc
2611 3747 2842 3798 annum,
2891 3735 3047 3803 cujus
3092 3737 3171 3790 rei
3224 3746 3418 3806 pneter
3464 3741 3700 3795 rationes
3746 3753 3777 3794 a

2169 3821 2330 3877 docto
2360 3833 2415 3876 et
2444 3824 2631 3879 solerti
2666 3826 2780 3880 viro
2815 3829 3106 3895 productas
3137 3832 3238 3902 (ί),
3282 3849 3386 3886 non
3431 3833 3566 3887 levia
3611 3849 3778 3903 appa-

2169 3925 2292 3969 rent
2319 3916 2512 3971 indicia
2532 3957 2546 3981 ,
2581 3927 2690 3973 tum
2717 3935 2783 3974 ex
2815 3922 2943 3988 ipsis
2970 3923 3034 3974 ad
3067 3923 3350 3978 Batnasum
3373 3967 3389 3989 ,
3425 3937 3534 3980 tum
3565 3942 3629 3981 ex
3657 3927 3779 3982 aliis

2169 4006 2237 4060 ad
2287 4007 2562 4063 Meletium
2614 4011 2691 4082 (g)
2739 4012 2952 4067 litteris.
3003 4014 3258 4085 Ejusdem
3305 4018 3480 4073 Basilii
3511 4021 3780 4075 sententia

2173 4096 2344 4152 fuerat
2366 4141 2378 4163 ,
2413 4113 2466 4154 ut
2499 4103 2564 4154 ad
2600 4103 2884 4159 Damasum
2917 4107 3246 4164 scriberetur
3275 4113 3549 4166 communi
3580 4113 3780 4168 Orien-

2173 4192 2359 4246 talium
2409 4195 2659 4262 nomine;
2708 4211 3098 4269 rogaVeratque
3149 4218 3431 4273 propterea
3463 4205 3777 4274 Meletiutn,

2173 4294 2296 4339 utet
2321 4287 2529 4341 litteras
2554 4291 2668 4357 ipse
2689 4303 2958 4359 exararet,
2981 4303 3036 4347 et
3056 4297 3501 4351 commentarium
3525 4298 3777 4367 dictaret,

2171 4376 2239 4431 de
2269 4379 2470 4448 quibus
2490 4423 2503 4442 .
2535 4390 2590 4435 et
2617 4383 2681 4434 ad
2707 4400 2842 4453 quos
2874 4386 3200 4442 Dorotbeum
3226 4391 3387 4444 verba
3415 4390 3590 4447 facere
3617 4407 3780 4458 Opor-

2173 4479 2345 4535 teret;
2379 4485 2750 4546 pne-teretique
2779 4489 2837 4531 ut
2864 4482 3078 4545 gravior
3103 4493 3244 4538 eSset
3295 4484 3506 4540 illarum
3535 4487 3777 4542 auctori-

2097 4553 2155 4615 D
2183 4574 2262 4616 tas
2291 4565 2431 4634 apud
2467 4566 2750 4623 Damasum
2771 4611 2784 4634 ,
2815 4587 3000 4627 eorum
3034 4578 3308 4642 omnium,
3356 4579 3446 4644 qui
3495 4579 3596 4633 sibi
3624 4595 3778 4634 eom-

2179 4659 2560 4724 municabant,
2608 4665 2821 4720 nomina
2865 4669 3214 4740 adjungeret,
3243 4674 3454 4728 etiamsi
3499 4675 3776 4731 abessent.

2175 4748 2250 4804 Ita
2283 4751 2426 4806 enim
2458 4757 2708 4822 sperabat
2741 4762 2887 4825 fore,
2919 4770 2976 4816 ut
3006 4764 3070 4816 ad
3102 4767 3539 4822 communionem
3568 4768 3780 4823 Meletio

2177 4843 2356 4910 potius
2378 4862 2535 4914 quam
2564 4846 2791 4904 Paulino
2813 4855 3211 4911 eooeedendam
3237 4859 3512 4914 Romanus
3541 4861 3780 4930 pontifex

2178 4935 2385 4992 facilius
2419 4955 2846 5008 permoveretur.
2876 4947 2958 5002 An
2989 4961 3166 5006 autem
3197 4953 3443 5010 Meletius
3484 4970 3577 5025 per
3603 4956 3780 5012 Doro-

2179 5027 2360 5084 tbeum
2409 5037 2716 5105 scripserit,
2761 5056 3086 5112 quamquam
3134 5047 3184 5100 id
3224 5059 3434 5105 asserat
3462 5053 3782 5118 Anonymus

2179 5124 2450 5192 transfuga
2474 5169 2487 5190 ,
2519 5129 2674 5198 eujus
2695 5146 2724 5184 a
2753 5134 2907 5189 nobis
2935 5140 3139 5196 mentio
3165 5140 3336 5209 facta,
3365 5157 3430 5198 ac
3469 5142 3666 5200 iterum
3698 5146 3781 5200 fa-

2175 5213 2370 5268 cienda
2398 5217 2530 5283 erit,
2564 5220 2832 5279 incertum
2866 5238 2971 5286 est.

2247 5308 2466 5366 Interim
2497 5331 2562 5369 ex
2597 5319 2694 5372 bac
2742 5321 2923 5377 Ba~ilii
2972 5324 3205 5394 epistola
3241 5329 3527 5385 observari
3560 5339 3778 5401 potest,

2176 5415 2298 5471 qua)
2344 5404 2460 5473 ejus
2509 5408 2650 5465 foret
2675 5412 2743 5467 de
2779 5417 2927 5470 sedis
2957 5417 3284 5488 Apostolicae
3328 5425 3654 5479 auctoritate
3678 5464 3694 5493 ,
3723 5432 3782 5480 et

2249 5540 2321 5602 (e)
2364 5544 2418 5597 lu
2455 5546 2634 5606 Vo-ter.
2661 5553 2791 5607 edit.
2818 5555 2944 5611 29.0.

2354 5616 2463 5703 .Yit.
2508 5621 2676 5703 Basil.
2710 5640 2829 5697 cap.
2866 5629 2930 5683 17
2961 5637 3016 5685 et
3045 5645 3162 5703 cap.
3196 5631 3291 5688 20.

2246 5687 2320 5755 (9)
2350 5688 2522 5758 Epist.
2551 5693 2640 5750 68.
