4150 6176
393 280 496 336 145

1785 291 2161 353 PROLEGOM
2170 297 2328 354 ENA.

3593 323 3700 380 “6

385 396 651 469 dignitatc
679 404 975 459 sententia.
1005 404 1136 461 Nam
1153 407 1196 461 si
1220 408 1506 464 Damasum
1541 412 1836 483 rogandum
1864 431 1993 472 cen-
2021 421 2070 481 Α
2098 422 2229 475 rium
2264 424 2524 494 judicium
2575 429 2642 481 ad
2695 431 2866 485 setiam
2913 436 3249 500 apostolicam
3294 441 3547 506 pertinere
3593 442 3692 514 (c).

386 505 475 547 set
499 535 514 559 ,
559 504 616 548 ut
656 496 861 566 legatus
908 499 958 551 in
1004 501 1280 556 Orientem
1315 505 1582 569 mitteret,
1617 509 1704 576 qui
1736 511 1812 562 vel
1841 511 1998 564 dissi-

390 587 571 641 dentes
598 589 893 656 concilient,
925 593 1003 644 vel
1026 591 1123 645 Dei
1152 593 1413 650 Erclesias
1441 599 1509 651 ad
1535 601 1811 654 amicitiam
1843 603 1998 656 redu-

395 693 512 734 cant
533 723 549 744 ,
586 683 660 734 vel
691 683 872 736 saltem
919 690 1315 749 perturbationis
1355 704 1586 746 auctores
1614 695 1777 749 eidem
1803 696 1996 752 clarius

395 771 638 839 indicent,
670 775 744 826 ita
772 785 825 828 ut
852 777 991 830 vobis
1022 781 1350 848 manifestum
1385 785 1471 847 sit,
1503 787 1806 856 quibuscum
1855 806 1994 842 com-

394 869 678 922 munionem
699 870 875 925 deceat
907 873 1110 939 habere,
1137 876 1365 932 Romani
1392 883 1658 948 pontiﬁcis
1680 901 1989 955 supremam

392 964 795 1030 auctoritatem,
831 965 883 1020 in
927 969 1187 1024 ecclesias
1210 986 1399 1026 omnes
1429 974 1625 1045 ubique
1661 979 1862 1044 positas
1894 995 1986 1034 ex.

389 1056 552 1119 tendi,
584 1066 748 1128 atque
777 1059 848 1114 ab
875 1061 993 1126 ejus
1017 1061 1224 1133 judicio
1246 1080 1415 1120 sacra:
1443 1070 1840 1125 connnunionis
1866 1073 1988 1137 jura

381 1149 654 1219 pendere,
682 1153 985 1209 clarissime
1030 1156 1309 1225 professus
1351 1172 1433 1214 est
1489 1162 1839 1218 Czt-sariensis‘
1874 1166 1990 1234 epi-

382 1256 603 1312 SCOpus.
629 1244 709 1300 Ne
723 1261 851 1300 vero
875 1248 1109 1318 suspicio
1125 1254 1334 1318 subeat,
1360 1255 1487 1323 quin
1511 1256 1598 1310 ille
1628 1257 1843 1313 sincere
1873 1259 1989 1314 hare

379 1336 619 1390 senserit
651 1347 707 1391 ut
735 1337 911 1392 eidem
940 1356 1215 1413 anonymo
1243 1343 1500 1401 hariolari
1535 1349 1726 1415 placuit
1755 1391 1768 1414 ,
1799 1351 1988 1407 obser-

387 1429 563 1480 vanda
608 1439 866 1499 prmterea
918 1443 1078 1496 sunt,
1130 1451 1248 1504 qua:
1296 1450 1450 1492 antea
1503 1439 1568 1493 ad
1626 1443 1983 1500 Athanasium

390 1520 680 1587 scripserat
708 1520 784 1592 (ο)
817 1541 829 1575 ;
863 1523 1031 1579 Nobis
1057 1537 1221 1580 autem
1245 1546 1413 1601 operte
1443 1533 1660 1602 pretium
1685 1537 1850 1588 uisum
1878 1548 1982 1603 est,

382 1613 456 1666 ad
496 1615 793 1683 episcomtm
825 1616 1008 1674 Romae
1056 1624 1304 1685 scribere.
1340 1635 1394 1678 ut
1423 1642 1503 1680 res
1535 1639 1738 1682 nostras
1766 1632 1980 1696 invisat,

377 1714 730 1768 et‘consilium
759 1717 902 1780 dare,
936 1726 995 1771 ut
1023 1735 1139 1772 cum
1162 1721 1309 1775 illinc
1335 1726 1612 1789 communi,
1646 1743 1708 1778 ac
1733 1728 1981 1798 synodico

2173 516 2262 572 ΙΙΙ.
2295 520 2559 574 (la-ternm
2586 535 2639 576 nt
2665 525 2891 580 Basilius
2914 531 3264 597 apo<tolic:un
3291 536 3472 590 sedem
3497 535 3693 603 adiret,

2098 618 2294 678 pra-ter
2332 609 2558 666 afﬂictas
2603 632 2685 668 re~
2717 618 3004 674 Orientalis
3050 621 3338 689 Ecclesuc,
3373 628 3497 682 fecit
3526 631 3690 684 etiam

2097 701 2286 770 ingens
2336 706 2452 771 ejus
2503 723 2627 776 erga
2683 710 2950 766 Meletinm
3001 729 3183 780 amor,
3216 729 3269 771 et
3297 720 3532 774 studium
3561 764 3572 782 .
3605 723 3692 777 cui

2095 791 2308 850 favebat
2357 813 2465 866 pra)
2516 799 2758 854 Paulino.
2796 804 2908 858 Hoc
2957 808 3069 874 ipse
3125 811 3318 864 fatetur
3344 812 3409 866 ad
3454 813 3696 868 Athana-

2094 885 2231 939 sium
2264 889 2506 943 scribens
2673 908 2832 963 atque.
2864 895 2966 949 hoc
2991 909 3248 968 pr:rterea
3281 904 3379 955 sibi
3414 906 3597 958 volunt
3629 921 3692 961 ea
3767 890 3771 892 η

2094 979 2289 1041 verba,
2324 996 2442 1046 quze
2495 985 2842 1040 recitarimus
2885 1003 2948 1042 ex
2996 992 3222 1058 epistola
3269 994 3334 1047 ad
3382 996 3690 1054 Damasum.

2094 1068 2415 1126 Antiochcni
2451 1072 2608 1143 hujus
2639 1077 2945 1133 schisuiatis
2980 1081 3256 1138 historiam
3291 1097 3473 1142 texere
3503 1105 3693 1157 super-

2093 1160 2255 1215 ﬂuum
2303 1165 2588 1232 existimo,
2618 1185 2739 1222 cum
2785 1186 2846 1225 ea
2882 1176 3150 1228 netuinem
3202 1179 3688 1238 ecclosiasdcarnm

2091 1269 2273 1308 rerum
2305 1258 2604 1314 Studiosum
2654 1262 2837 1317 lateat.
2872 1265 3133 1322 Eusebius
3166 1268 3556 1341 Vercelleusis,
3588 1273 3693 1329 Lu-

2089 1348 2273 1414 ciferi,
2325 1353 2415 1420 qui
2457 1352 2736 1409 Paulinum
2784 1360 3160 1428 ordinaverat,
3212 1365 3498 1419 consilium
3550 1367 3691 1422 haud

2089 1442 2310 1495 onmiuo
2356 1446 2588 1512 probans
2613 1489 2627 1509 ,
2674 1446 2961 1505 Antiochia
2994 1454 3354 1520 discesserat,
3391 1456 3445 1511 in
3481 1457 3690 1515 Italiam

2089 1549 2427 1602 reversuros,
2455 1541 2620 1592 neutri
2661 1545 2915 1609 partium,
2951 1555 3014 1598 nt'
3050 1545 3275 1603 Rulinus
3317 1551 3424 1614 ait,
3461 1567 3689 1607 commu-

2088 1627 2291 1680 nionem
2321 1646 2468 1683 suam
2497 1633 2743 1688 relaxans
2772 1634 2866 1706 (ε),
2899 1635 3143 1691 Lib-rius
3165 1657 3192 1692 a
3224 1641 3435 1697 Meletio
3468 1648 3690 1701 minime

2088 1722 2299 1776 alienus
2347 1725 2493 1778 visus
2521 1740 2636 1790 est;
2672 1726 2810 1782 hum:
2855 1746 3000 1784 enim
3029 1747 3316 1800 espreSse,
3349 1751 3411 1790 ac
3439 1740 3686 1792 nomina-

377 1801 580 1857 decreto
609 1808 742 1859 mitti
768 1809 975 1879 diﬂicile
1004 1814 1098 1875 sit,
1133 1812 1242 1882 ipse
1267 1816 1362 1867 hoc
1393 1820 1654 1886 negotium
1691 1838 1785 1872 suo
1816 1835 1974 1876 marte

2087 1817 2179 1869 tim
2213 1819 2622 1888 eompreliendit
2658 1824 2797 1876 inter
2824 1825 3108 1893 episc0pos
3129 1867 3145 1892 ,
3176 1829 3372 1896 quibus
3411 1829 3690 1899 inscripsit

377 1897 745 1967 aggrediatur,
776 1903 858 1954 vel
905 1911 960 1955 nt
1004 1911 1253 1972 proprius
1300 1908 1363 1960 ad
1412 1911 1699 1966 verborum
1750 1913 1853 1966 vim
1886 1917 1975 1969 alii

380 2000 638 2057 vertunt,
669 1993 780 2064 ipse
804 2011 1047 2061 suprema
1084 2015 1180 2052 sua
1220 2003 1530 2056 auctoritate
1563 2005 1657 2058 hoc
1695 2006 1748 2059 in
1777 2010 1978 2078 negotio

382 2091 579 2135 utatur.
607 2084 785 2155 Neque
812 2088 955 2142 enim
989 2106 1214 2147 necesse
1243 2106 1344 2156 est,
1381 2105 1439 2148 ut.
1465 2113 1582 2166 quae
1606 2098 1837 2153 Basilius
1860 2103 1979 2158 aliis

383 2175 522 2230 locis
544 2179 785 2246 scripsit,
816 2196 879 2236 ac
909 2198 1009 2236 suo
1041 2193 1283 2254 tempore
1321 2188 1610 2244 referenda
1637 2207 1665 2245 a
1699 2209 1784 2246 me
1815 2203 1973 2261 sunt,

375 2269 488 2324 huc
514 2273 850 2337 transferam,
877 2277 1070 2344 quibus
1097 2280 1214 2347 ejus
1246 2280 1312 2334 de
1342 2281 1488 2336 sedis
1513 2286 1824 2352 apostolum
1850 2303 1977 2343 auc-

376 2361 593 2416 toritate
631 2362 896 2432 judicium
941 2380 1192 2434 constat,
1227 2385 1289 2425 ac
1337 2372 1751 2442 Scripturientis
1801 2388 1977 2435 trans-

369 2451 512 2524 l'uga-
542 2460 821 2513 temeritas
845 2460 1289 2530 deprehenditur.
1320 2469 1406 2532 qui
1440 2465 1653 2522 Fleurio
1675 2470 1840 2524 divini
1869 2474 1976 2541 pri-

370 2555 549 2601 matus
584 2548 708 2616 jura
758 2565 822 2604 ex
855 2549 1002 2607 hisce
1030 2554 1226 2610 litteris
1265 2557 1547 2612 nobiscqu
1589 2560 1971 2620 demonstrare

368 2654 627 2712 aggresso
655 2642 733 2715 (b)
765 2645 1021 2702 insultare
1042 2664 1206 2704 ausus
1231 2661 1331 2706 est.
1365 2652 1499 2706 Illud
1527 2665 1704 2708 autem
1739 2655 1974 2712 Damaso

369 2733 657 2802 potis-sitne
715 2741 1152 2795 commendatum
1200 2745 1387 2813 cupit,
1422 2755 1477 2797 ut
1515 2747 1715 2816 legati,
1740 2764 1877 2818 quos
1920 2751 1972 2804 in

369 2824 649 2882 Orientem
704 2831 965 2886 missurus
997 2846 1140 2898 erat,
1168 2850 1350 2890 secum
1385 2837 1586 2893 ferrent
1617 2856 2002 2912 quaecumque-

370 2919 716 2975 Arimineuse
741 2924 1029 2979 concilium
1058 2942 1087 2979 a
1117 2942 1175 2981 se
1203 2928 1524 2984 dissolutum
1558 2931 1722 2987 fuisse
1746 2933 1970 2988 demoli-

371 3022 544 3066 strare
573 3025 831 3082 possent;
861 3018 1002 3087 quod
1034 3021 1113 3074 eis
1145 3023 1346 3091 oppido
1378 3024 1715 3090 adversatur,
1748 3029 1835 3098 qui
1864 3045 1970 3084 non

371 3118 680 3172 supremam
707 3107 952 3163 Romano
979 3112 1238 3179 potititici,
1265 3121 1358 3166 aut
1385 3131 1565 3184 parem
1591 3119 1821 3174 concilio
1843 3136 1969 3176 auc-

2085 1909 2358 1964 relebrem
2391 1912 2534 1966 illam
2568 1914 2875 1982 t‘pi~lul:ttll,
2911 1932 3066 1985 quam
3100 1917 3353 1973 Socrates
3385 1932 3567 1974 reeitat
3613 1922 3682 1994 (Γ)

2082 2017 2111 2056 a
2142 2004 2363 2058 Silvnno
2390 2008 2560 2059 altero
2605 2008 3107 2063 Muci-deuiamnum
3161 2017 3336 2078 legato
3384 2015 3448 2066 ad
3492 2014 3722 2069 Orieu-'

2083 2098 2220 2150 tales
2245 2098 2484 2162 allatam,
2514 2099 2654 2168 quod
2683 2115 2956 2155 eonci-ssa-
2978 2105 3374 2158 eommuniouis
3395 2119 3684 2175 argumen-

2084 2198 2193 2244 tum
2229 2191 2452 2245 Basilius
2482 2203 2669 2248 censet
2700 2194 2798 2266 (g).
2849 2195 2984 2249 llinc
3018 2196 3245 2250 Basilius
3277 2200 3411 2266 ipse,
3438 2205 3681 2258 scribens

2081 2281 2400 2349 Athanasio,
2427 2301 2667 2354 quoeutn
2687 2291 2751 2339 ad
2779 2287 3021 2356 ejusdem
3051 2289 3245 2343 Melelii
3268 2301 3448 2356 partes
3467 2306 3676 2360 pertra-

2082 2374 2168 2429 bav
2183 2418 2197 2441 ,
2213 2377 2620 2432 aitscutentiam
2643 2379 2777 2432 ba'ne
2796 2383 3125 2435 unanimibus
3147 2385 3247 2436 tuis
3263 2383 3680 2442 Occidentalibus

2079 2467 2334 2537 placuisse
2359 2509 2372 2532 ,
2401 2478 2454 2520 ut
2497 2471 2764 2524 ostendunt
2812 2471 2994 2526 littera:
3042 2492 3131 2542 per
3160 2476 3360 2530 beatum
3407 2478 3677 2534 Silvanum

2080 2560 2222 2612 nobis
2262 2563 2436 2617 allata:
2482 2562 2580 2635 (It).
2621 2566 2851 2621 [)amaso
2879 2584 3008 2622 vero
3050 2569 3264 2624 Eusebii
3312 2571 3677 2631 Vercellu-nsis

2078 2657 2385 2721 exemplum
2417 2658 2652 2724 placuit,
2684 2676 2747 2714 ac
2783 2663 2955 2716 visum
2985 2673 3060 2715 est
3096 2663 3146 2716 in
3178 2680 3235 2718 re
3267 2665 3396 2718 tanti
3422 2667 3678 2720 momenti

2077 2745 2278 2800 diutius
2295 2759 2548 2813 oportere
2567 2750 2897 2815 deliberare,
2927 2769 3254 2822 causamque
3282 2765 3567 2825 propterea
3594 2758 3675 2811 in-

2079 2845 2164 2890 ter
2206 2848 2489 2906 utramque
2537 2852 2766 2908 partem,
2799 2859 3116 2912 SllSthllsalll
3150 2849 3323 2900 tenuit
3346 2865 3442 2913 per
3471 2851 3675 2918 aliquot

2075 2944 2264 2994 annos,
2295 2933 2499 2998 optimo
2529 2948 2661 2988 sane
2691 2935 2949 3000 consilio,
2983 2947 3039 2990 ut
3068 2953 3166 2992 suo
3198 2939 3316 2993 loco
3341 2939 3540 2994 diCam.

2148 3020 2235 3074 IV.
2284 3023 2487 3078 [’rteter
2519 3025 2635 3082 haec
2664 3026 2802 3081 idem
2825 3029 3178 3085 Ca'saricnsis
3197 3036 3483 3100 episcopus
3507 3033 3674 3088 Atha-

2075 3115 2230 3169 nasio
2282 3116 2508 3182 scribit,
2547 3134 2771 3174 (ιι-ΠΜ·Γῆ
2823 3135 2881 3174 se
2924 3137 3044 3176 cum
3093 3123 3213 3177 aliis
3253 3126 3568 3190 nonnullis,
3614 3138 3672 3181 ut

369 3198 644 3253 toritatem
693 3203 1035 3270 concedunt,
1069 3213 1126 3258 ιη
1168 3207 1370 3276 optime
1396 3221 1520 3264 ante
1548 3228 1633 3265 me
1660 3214 1968 3269 observavi;
1995 3193 2041 3256 C
2072 3211 2328 3276 epiSCOIlO
2375 3209 2619 3264 Romano
2672 3211 3023 3267 denuntietur
3077 3215 3374 3284 perniciosa
3430 3217 3669 3272 Marcelli

371 3291 457 3343 vir
501 3291 847 3348 doctiSsimus
881 3296 938 3350 P.
971 3296 1242 3366 Josepbus
1273 3302 1603 3371 Augustinus
1631 3303 1840 3371 Orsius,
1870 3324 1964 3362 cu—

361 3382 457 3453 jus
485 3383 536 3438 in
564 3385 825 3440 lectorum
855 3390 1079 3457 gratiam
1112 3390 1213 3445 huc
1241 3395 1403 3446 verba
1424 3394 1739 3449 transferam
1773 3415 1784 3449 :
1816 3396 1964 3451 Inte-

365 3476 466 3529 rim
513 3488 684 3531 autem
730 3481 962 3548 partibus
1008 3483 1360 3552 litigantibus,
1396 3495 1466 3538 tot
1507 3487 1863 3555 episcoporum
1910 3490 1965 3544 in

368 3572 623 3640 synodum
655 3585 951 3627 coactorum
993 3565 1234 3631 numerus
1267 3596 1507 3649 magnum
1556 3582 1720 3635 videri
1767 3592 1966 3652 poterat

367 3679 464 3733 pro
509 3665 818 3719 Arianorum
849 3669 1099 3721 sententia
1122 3671 1508 3740 prtejudicium.
1547 3671 1726 3738 Itaque
1754 3685 1808 3728 ut
1839 3677 1965 3730 sim—

366 3757 607 3824 pliciores
645 3759 776 3811 inter
801 3758 1091 3815 Catltolicos
1116 3763 1178 3816 ab
1209 3763 1520 3818 Arianorum
1557 3768 1828 3834 fraudibus
1871 3770 1967 3823 tuti

367 3866 534 3907 essent
555 3897 569 3918 ,
603 3873 706 3909 non
736 3857 800 3910 iis
848 3860 1134 3914 rationibus
1163 3862 1425 3915 muniendi
1472 3873 1617 3917 erant
1640 3905 1654 3930 ,
1681 3881 1796 3929 autc
1827 3864 1965 3936 ipsos

364 3947 421 3999 in
445 3962 613 3999 rerum
635 3959 892 4020 gestarum
913 3967 1126 4006 examen
1148 3956 1481 4025 conjicerent,
1500 3957 1588 4008 sed
1610 3957 1820 4024 aliquod
1842 3960 1937 4011 sim
1953 3992 1965 3999 -

369 4038 516 4108 ptes),
549 4049 592 4090 et
617 4040 750 4108 quod
781 4053 915 4096 esset
947 4045 1078 4097 inter
1121 4043 1419 4099 Catholicos
1461 4048 1817 4117 pervulgatum
1857 4060 1966 4104 sta-

372 4131 614 4181 tueudum
641 4145 746 4186 crat
766 4176 777 4195 ,
811 4151 992 4207 nempe
1037 4137 1290 4206 lcgititttas
1317 4154 1416 4190 non
1464 4155 1570 4191 esse
1594 4180 1607 4202 ,
1636 4149 1686 4192 et
1736 4141 1963 4207 periculo

367 4227 577 4277 errandi
607 4227 875 4296 subjacere
899 4246 984 4283 eas
1009 4231 1233 4300 synodos
1259 4274 1272 4293 ,
1304 4247 1418 4298 qttte
1443 4233 1554 4285 sine
1579 4248 1829 4286 consensu
1858 4233 1965 4288 Ro-

368 4321 509 4372 mani
528 4322 786 4388 pontiﬁcis
813 4323 1154 4386 celebrantur,
1175 4337 1281 4378 tum
1308 4326 1461 4378 etiam
1484 4325 1678 4378 nullius
1708 4342 1818 4379 esse
1837 4343 1964 4380 auc-

368 4412 627 4478 toritatis,
661 4415 760 4467 nisi
808 4433 840 4468 a
880 4415 999 4468 sede
1043 4417 1329 4483 apostolica
1356 4417 1744 4480 conﬁrmentur.
1793 4417 1966 4482 Quare

368 4515 577 4556 sanctus
620 4504 850 4560 Basilius
879 4506 1100 4580 Magnus
1121 4551 1136 4575 ,
1166 4519 1212 4562 et
1238 4512 1281 4563 si
1329 4520 1648 4581 perspectum
1668 4553 1681 4573 ,
1713 4523 1759 4565 et
1787 4513 1960 4578 explo-

2071 3298 2319 3368 hzrresi~,
2357 3304 2771 3373 requiraturque
2796 3347 2808 3366 ,
2841 3315 2898 3357 ut
2937 3320 3054 3359 eam
3087 3309 3413 3360 exterminet
3445 3324 3455 3358 :
3490 3307 3668 3361 Arium

2069 3394 2305 3462 quidem,
2340 3396 2414 3448 ait
2457 3397 2584 3456 ille,
2631 3413 2717 3448 sus
2758 3397 2919 3459 deque
2959 3397 3282 3453 anathemate
3330 3399 3540 3465 feriunt.
3587 3438 3601 3452 .
3649 3442 3662 3454 .

2071 3486 2324 3540 Marcello
2354 3503 2490 3552 vero,
2526 3489 2612 3549 qui
2642 3490 2953 3560 impietatem
2999 3507 3062 3544 ea:
3089 3490 3344 3545 diametro
3373 3493 3666 3560 oppositam

2071 3577 2314 3647 protulit,
2349 3589 2395 3632 et
2439 3579 2489 3630 in
2518 3581 2685 3645 ipsum
2721 3578 3023 3636 Divinitatis
3055 3581 3317 3653 Untgeniti
3343 3585 3666 3638 eminentiam

2068 3669 2257 3728 impius
2284 3670 2402 3738 fuit,
2436 3673 2634 3723 nullum
2660 3673 2898 3725 videntur
2924 3675 3158 3727 intulisse
3186 3677 3490 3742 uituperium
3523 3714 3537 3729 .
3585 3715 3598 3727 .

2069 3771 2220 3830 atque
2250 3762 2406 3831 hujus
2436 3764 2510 3816 rei
2537 3775 2840 3834 argumenta
2867 3778 2984 3820 sunt
3014 3769 3200 3820 servati
3225 3770 3364 3834 apud
3396 3785 3488 3821 nos
3518 3768 3667 3835 nefa-

2068 3854 2160 3907 ria:
2179 3854 2318 3906 illius
2349 3856 2644 3926 scriptionis
2672 3857 2822 3922 libri;
2851 3859 2939 3910 sed
2967 3867 3132 3911 tamen
3166 3875 3418 3929 nusquam
3438 3876 3551 3912 eum
3584 3875 3667 3912 re—

2071 3951 2286 4017 probare
2335 3951 2429 4002 visi
2456 3961 2606 4015 sunt,
2635 3951 2789 4020 idque
2833 3969 2892 4005 eo
2938 3954 3142 4006 nomine
3179 3955 3455 4022 vituperati
3481 3996 3494 4013 .
3527 3954 3664 4024 quod

2068 4056 2187 4094 eam
2213 4043 2274 4094 ab
2303 4043 2450 4096 initio
2477 4060 2542 4098 ea:
2573 4046 2795 4098 veritatis
2825 4047 3147 4114 ignoratione
3176 4047 3228 4099 in
3269 4045 3664 4100 ecclesiasticam

2045 4133 2219 4186 etiam
2249 4135 2655 4188 communionem
2682 4139 2961 4206 receperint
2989 4135 3073 4208 (i).
3101 4137 3177 4190 De
3203 4137 3454 4192 Marcello
3485 4150 3661 4192 tamen

2069 4224 2212 4278 nulla
2256 4233 2339 4279 est
2376 4227 2426 4278 iu
2479 4227 2670 4282 litteris
2710 4229 2774 4282 ad
2828 4229 3108 4282 Damasum
3153 4231 3354 4283 mentio
3413 4248 3432 4282 :
3473 4246 3664 4300 quom-

2068 4319 2252 4371 obrem
2294 4334 2354 4372 ea
2394 4334 2514 4387 qum
2553 4320 2617 4371 ad
2650 4335 2772 4374 eum
2806 4322 3100 4390 pertinent,
3133 4322 3347 4375 arcanis
3376 4322 3664 4385 mandatis,

2067 4422 2119 4466 et
2148 4413 2537 4466 commentario
2571 4429 2749 4467 rerum
2780 4429 2873 4482 per
2899 4413 3228 4468 Dorotheum
3257 4414 3309 4468 in
3337 4414 3480 4470 Urbe
3501 4430 3664 4484 agen-

2069 4506 2258 4560 darum
2291 4505 2577 4559 commissa
2613 4507 2775 4558 luisse
2804 4515 3039 4575 oportet.

370 4607 544 4647 ratum
572 4596 801 4661 habebat,
837 4615 896 4652 ea
922 4616 1035 4666 qua:
1064 4601 1284 4653 Arimini
1312 4613 1452 4670 gesta
1480 4601 1708 4669 fuerant,
1741 4620 1833 4674 per
1863 4605 1962 4657 vim
1992 4584 2045 4642 D
2143 4597 2411 4654 Caeterum
2447 4599 2612 4652 nolim
2643 4615 2741 4668 ego
2767 4614 3194 4654 commemorare
3223 4615 3282 4654 ea
3315 4599 3516 4658 omnia.
3542 4593 3665 4669 quai

368 4698 494 4740 acta
519 4691 671 4758 fuisse
690 4733 704 4756 ,
733 4709 794 4746 ac
821 4695 1038 4763 proinde
1066 4696 1178 4767 ipsa
1212 4711 1300 4761 per
1324 4713 1377 4749 se
1404 4739 1418 4760 ,
1448 4707 1496 4749 et
1525 4698 1638 4767 ipso
1668 4701 1792 4770 jure
1819 4698 1963 4751 nulla

366 4794 419 4835 et
444 4784 593 4837 irrita
618 4802 744 4846 esse.
774 4805 838 4839 ne
869 4798 1036 4843 tamen
1065 4790 1417 4861 episc0porum
1449 4808 1710 4853 numerus,
1733 4791 1822 4861 qui
1849 4791 1964 4844 Ari-

367 4877 589 4930 minensi
619 4878 860 4946 formulae
893 4881 1323 4948 subscripserunt,
1359 4882 1590 4950 pluribus
1613 4924 1625 4942 ,
1656 4899 1716 4936 ac
1744 4898 1958 4953 praeser-

367 4971 459 5021 tim
483 4969 880 5040 simplicioribus
909 4973 1044 5027 inter
1071 4973 1363 5027 Catholicos
1392 4975 1708 5044 imponeret,
1741 4976 1968 5028 scriben-

366 5061 490 5114 dum
527 5061 755 5117 Damaso
780 5063 929 5118 duxit
955 5109 968 5126 ,
1002 5069 1369 5134 petendumque
1393 5069 1455 5119 ab
1493 5084 1551 5121 eo
1577 5110 1591 5132 ,
1621 5069 1745 5137 quid
1792 5067 1967 5122 Romae

366 5154 769 5220 Ariminensium
815 5167 1069 5226 gestorum
1118 5159 1457 5215 dissolutione
1485 5162 1707 5230 fecisset.
1742 5161 1971 5218 Noverat

367 5249 504 5302 enim
547 5261 758 5305 sanctus
788 5248 1005 5319 Doctor,
1038 5253 1192 5324 ltujus
1219 5255 1291 5306 rei
1322 5255 1560 5309 uitiatum
1588 5271 1650 5309 ac
1676 5267 1967 5327 perempto-

441 5442 520 5508 (a)
543 5443 718 5506 Epist.
744 5439 836 5496 66.

466 5515 518 5580 b')
549 5514 668 5568 Lib.
703 5528 814 5568 xvu
843 5555 856 5577 ,
890 5512 917 5584 ᾗ
946 5513 1035 5584 Si.
1065 5551 1105 5584 ί,

465 5584 515 5656 c)
544 5588 618 5640 De
649 5585 805 5638 Rom.
839 5582 1030 5655 ponnt‘.
1058 5582 1257 5652 lnfall.,
1290 5592 1425 5639 tom.
1459 5583 1644 5653 l,‘lib.
1675 5599 1714 5638 ιι
1740 5625 1754 5649 ,
1779 5593 1884 5638 art.
1910 5586 1964 5652 ’5,

361 5658 656 5871 “iiiis.
682 5726 768 5782 o7.

446 5801 499 5869 (s
552 5798 672 5856 Lib.
704 5813 758 5869 κ,

446 5798 522 5870 (s)
552 5798 672 5856 Lib.
704 5813 758 5869 κ,
786 5813 905 5870 cap.
939 5798 1032 5854 30.

2074 4700 2183 4746 tum
2220 4705 2315 4759 pro
2361 4691 2644 4754 Marcello,
2679 4700 2786 4743 tum
2819 4699 3008 4743 eontra
3053 4689 3361 4745 Marcellum
3396 4690 3665 4759 disputata

2072 4794 2196 4838 sunt
2212 4797 2335 4838 ante
2357 4800 2514 4854 quam
2547 4783 2972 4838 Montl'anconius
2988 4785 3038 4837 iu
3058 4786 3228 4839 lucem
3248 4782 3513 4852 proferret
3539 4798 3670 4836 ana-

2067 4876 2202 4930 lecta
2257 4886 2494 4930 veterum
2539 4876 2775 4930 Patrum.
2826 4873 2920 4929 Vir
2941 4876 3082 4930 enim
3106 4876 3455 4930 dectissinius
3478 4890 3668 4930 monu-

2070 4980 2309 5026 mentum
2339 4970 2508 5023 edidit
2537 4970 2897 5024 eruditissima
2927 4970 3157 5024 diatriba
3195 4979 3510 5024 exornatum
3555 4965 3623 5038 (j)
3647 5005 3663 5031 ,

2071 5080 2134 5119 ac
2168 5067 2216 5118 in
2256 5063 2454 5117 Veneta
2487 5061 2840 5116 conciliormu
2873 5061 3111 5117 editione
3143 5061 3338 5114 deinde
3381 5072 3663 5120 recusnm,

2072 5173 2178 5227 quo
2206 5156 2547 5226 Ancyranum
2580 5155 2728 5208 illum
2756 5157 3067 5224 episcopum
3095 5194 3108 5215 ,
3140 5168 3204 5206 ac
3229 5151 3478 5212 clericos,
3507 5148 3671 5202 alios-

2075 5267 2179 5323 que
2227 5249 2567 5315 catholicos,
2598 5249 2687 5319 qui
2739 5262 2860 5303 sese
2921 5245 3250 5316 colligebant
3305 5254 3548 5296 seorsum
3599 5237 3668 5294 ab

2143 5441 2369 5518 (illaill-
2402 5436 2745 5518 ινιο³Ρ·.¹²ο
2823 5506 2885 5518 .,
2942 5504 3047 5518 ,μη
3281 5517 3304 5518 η

2263 5513 2382 5565 Vid.
2407 5501 2582 5584 etihm'
2601 5508 2718 5577 ejus
2751 5506 2910 5575 epist.
2942 5504 3072 5571 240,
3094 5515 3317 5571 nupera:
3343 5501 3570 5558 edition.

2151 5582 2228 5652 (lt)
2265 5587 2429 5647 Epist.
2463 5582 2551 5636 67.
2657 5607 2671 5645 ,ι
2703 5591 3001 5646 ι;.“.τ,·-.ετ.;ίη;⁴χι.,

2152 5657 2212 5732 (ἦ)
2256 5654 2535 5732 Eli-69:-
2577 5720 2611 5732 ..
2654 5703 2698 5732 κ
2816 5675 2822 5682 ’
2889 5720 2900 5732 .

2149 5716 2222 5798 (ί)
2255 5716 2412 5782 Tom.
2442 5716 2726 5795 ILColle'ct.
2757 5720 3027 5794 nov.:ves.
3057 5716 3164 5774 PP.
