4150 6176
472 223 572 278 MT

1673 223 1982 280 sauc'rus
2021 223 2342 312 omissus
2383 228 2580 284 ram.

3673 237 3776 318 HS

472 340 738 411 episcopis
767 341 903 410 illis,
948 343 1040 412 qui
1068 343 1117 396 in
1149 341 1325 395 locum
1357 339 1594 395 Marcelli
1623 339 1830 395 suffecti
1867 339 2078 394 fuerant
2106 345 2149 402 Α
2182 343 2597 406 solum-vertere
2627 362 2654 401 a
2691 348 2908 403 Juliano
2943 351 3179 420 Augusto
3207 363 3426 407 coactus
3458 363 3562 419 est,
3588 370 3780 425 quain-

476 437 708 506 integra,
739 451 980 506 puraque
1009 435 1116 506 fide
1146 433 1313 486 fuisse
1339 442 1572 486 constat.
1605 432 1757 487 Alter
1797 441 1976 486 tamen
2008 448 2076 487 ex

475 528 663 584 eadem
707 527 1124 595 congregatione
1155 525 1454 579 monachus
1495 523 1873 590 doctissimus,
1905 540 1968 579 ac
2003 526 2072 580 de

475 637 534 675 re
579 621 942 675 ecclesiastica
981 619 1184 686 optime
1230 619 1491 683 meritus,
1534 617 1705 670 sodali
1758 634 1857 672 suo
1901 633 2072 687 nuper

473 714 724 781 Opposuit
746 754 758 772 ,
793 722 1198 765 monumentum
1235 711 1360 764 illud
1393 710 1458 764 ad
1488 719 1796 780 postremos
1832 710 2068 766 Marcelli

471 819 646 857 annos
691 818 796 856 non
849 803 1139 872 pertinere,
1179 805 1323 856 nulla
1372 806 1514 856 enim
1544 844 1558 866 ,
1611 811 1667 856 ut
1711 805 1786 858 ait
1835 803 1928 856 ille
1963 801 2065 876 (a),

472 900 611 951 inest
655 897 914 966 temporis
955 909 1077 951 nota
1110 899 1160 950 in
1194 897 1344 951 Fidei
1373 896 1744 961 confessione;
1772 913 1891 966 quae
1931 897 2070 952 Mar-

470 991 598 1046 celli
621 991 848 1060 ejusque
875 992 1004 1045 cleri
1037 999 1092 1045 et
1123 990 1296 1056 plebis
1319 991 1536 1044 nomine
1562 989 1737 1044 oblata
1770 989 2069 1043 Athanasio

470 1084 607 1150 fuit,
641 1094 697 1138 ut
743 1084 864 1138 inde
891 1092 1136 1147 Constet,
1170 1083 1285 1136 ﬁeri
1329 1098 1435 1136 n0u
1476 1085 1746 1152 potuisse;
1779 1084 1906 1150 quin
1932 1081 2067 1135 Maro

469 1178 641 1232 cellos
682 1178 732 1230 in
769 1177 1015 1230 lucrcsim
1069 1176 1310 1244 relapsus
1359 1185 1478 1242 post
1504 1190 1622 1228 eam
1662 1174 1838 1226 fuerit.
1879 1172 2068 1242 Atqui

467 1273 546 1326 sic
579 1271 830 1326 Basilium
863 1269 1175 1333 defendunt,
1209 1279 1264 1323 nt
1289 1269 1470 1322 dicant
1500 1283 1660 1337 agere
1687 1269 1835 1321 illum
1859 1267 1928 1323 de
1961 1269 2066 1322 hae-

469 1362 576 1417 resi
619 1377 646 1414 a
670 1360 924 1416 Marcello
952 1363 1148 1415 iterum
1178 1366 1544 1430 propugnata,
1576 1372 1858 1428 postquam
1885 1375 2002 1413 eam
2035 1375 2066 1414 a

466 1470 526 1510 se
551 1457 783 1510 alienam
811 1456 1037 1508 solemni
1068 1457 1168 1507 hoc
1195 1453 1508 1507 testimoaio
1545 1452 1685 1518 apud
1712 1451 2064 1506 Athanasium

469 1549 695 1618 ejusque
733 1548 999 1619 synodum
1041 1547 1445 1611 declaraverat,
1481 1545 1735 1614 effugium
1781 1555 2063 1613 qua-runt,

467 1641 610 1710 quod
643 1644 756 1695 suis
798 1642 911 1708 ipse
952 1640 1127 1694 verbis
1175 1637 1401 1693 Ba~ilius
1429 1639 1679 1693 obstruit.
1711 1638 1895 1707 Neque
1919 1641 2064 1694 enim

2180 452 2339 505 quam
2391 448 2574 494 autem
2619 457 2685 494 eo
2715 441 2971 498 defuncto
3001 444 3383 498 Alexandriam
3437 448 3578 504 circa
3611 444 3778 502 ﬁnem

2179 533 2305 586 anni
2336 532 2442 587 564
2472 550 2721 606 reversus
2749 546 2894 592 esset
2919 580 2934 604 ,
2959 539 3152 593 iterum
3195 548 3375 594 tamen
3414 539 3630 594 latitare
3657 582 3672 605 ,
3727 548 3785 595 et

2178 627 2403 680 exulare
2447 629 2762 697 compulsus
2805 641 2890 684 est
2919 640 3038 699 post
3087 643 3356 702 quatuor,
3404 641 3499 690 aut
3545 633 3784 704 quinque

2177 703 2416 780 menses,
2446 717 2690 774 Valentis
2718 719 2897 774 edicto
2923 720 3014 791 (τ),
3057 738 3154 777 nec
3188 721 3348 776 rediit
3377 722 3442 776 ad
3487 739 3640 776 suam
3677 723 3777 779 Ec-

2176 809 2398 863 clesiam
2424 823 2549 863 ante
2575 811 2914 864 consulatum
2939 813 3182 867 Gratiani
3210 829 3262 868 et
3291 814 3626 886 Dagalaiphi.
3659 815 3784 872 llmc

2175 910 2426 954 constant
2458 917 2523 955 ex
2554 901 2772 970 antiqua
2824 902 2912 956 illa
2958 903 3240 958 Athanasii
3288 906 3395 958 vita
3431 947 3444 970 ,
3492 921 3653 982 quam
3705 905 3778 961 cl.

2177 991 2415 1046 Maﬁ‘cius
2444 1009 2474 1047 e
2525 995 2762 1049 tenebris
2791 1006 3001 1050 erutam
3038 997 3247 1068 primus
3294 985 3344 1050 in
3386 997 3560 1052 lucem
3595 1009 3783 1067 protu-

2177 1085 2238 1137 lit
2269 1087 2369 1154 (d).
2405 1087 2537 1139 (lum
2570 1098 2748 1141 autem
2798 1088 2977 1142 induci
3011 1105 3114 1142 non
3165 1090 3367 1160 possint
3417 1075 3472 1144 ut
3520 1092 3738 1144 credam
3763 1133 3779 1159 ,

2177 1185 2289 1232 tum
2338 1179 2654 1249 Ancyranos
2687 1180 2892 1250 legatos
2935 1179 3317 1234 Alexandriam
3366 1182 3626 1236 accedere
3671 1197 3771 1236 vo-

2175 1268 2363 1336 lttisse,
2399 1282 2507 1324 tum
2535 1273 2772 1342 potuisse
2804 1273 3233 1328 Alexandrinum
3271 1275 3557 1344 prtesuletn
3591 1277 3780 1331 turbu-

2175 1361 2339 1416 lentis
2369 1365 2478 1418 illis
2511 1366 2847 1432 temporibus
2870 1381 3200 1438 congregare
3228 1379 3305 1421 tot
3326 1347 3617 1439 episcopos
3648 1379 3778 1439 quot

2173 1457 2314 1509 actui
2349 1452 2730 1524 interfuerunt,
2761 1459 3026 1529 reliquum
3059 1471 3162 1527 est,
3190 1473 3246 1515 ιιι
3274 1455 3375 1516 hoc
3399 1446 3603 1516 factum
3635 1463 3783 1518 dica-

2175 1562 2294 1601 mus
2321 1550 2610 1616 postremis
2649 1549 2755 1605 illis
2779 1591 2793 1612 ,
2824 1567 2887 1606 ac
2935 1555 3242 1620 tranquillis
3269 1541 3428 1608 annis
3453 1594 3468 1619 ,
3511 1570 3649 1625 quos
3688 1555 3780 1624 ille

2174 1638 2314 1706 apud
2348 1639 2644 1696 Ecclesiam
2678 1657 2828 1698 suam
2874 1645 3130 1700 traduxit.
3157 1645 3396 1714 Tempus
3432 1661 3563 1702 vero
3597 1637 3785 1702 exacte

471 1734 566 1786 ille
605 1741 860 1802 provocat
908 1732 973 1786 ad
1016 1746 1204 1786 recens
1239 1730 1454 1798 aliquod
1501 1730 1887 1786 documentum
1918 1773 1930 1796 ,
1959 1747 2065 1800 quo
2095 1738 2143 1798 Β
2173 1730 2421 1795 delinire,
2441 1732 2649 1787 nihilad
2664 1749 2775 1788 rem
2797 1722 3184 1791 interestznam
3200 1738 3339 1807 quod
3355 1737 3536 1792 adnos
3552 1739 3768 1802 attinet,

469 1825 782 1880 Marcellum
814 1826 866 1878 in
899 1825 1147 1879 barresim
1171 1825 1364 1877 iterum
1399 1824 1602 1892 lapsum
1637 1823 1846 1893 probet,
1878 1823 1973 1878 sed
2003 1824 2070 1879 ad
2109 1809 2114 1816 ’

471 1915 639 1972 libros
664 1917 754 1970 diu
784 1925 940 1969 antea
977 1914 1046 1970 ab
1071 1930 1136 1970 eo
1163 1915 1395 1981 scriptos
1421 1914 1722 1985 eodemque
1746 1916 1864 1984 ipso
1890 1916 2071 1986 gladio

472 2009 662 2069 utitur,
694 2023 802 2076 quo
833 2007 1099 2061 Ensiehius
1119 2048 1132 2070 ,
1166 2020 1230 2060 ac
1254 2007 1436 2060 caeteri
1466 2005 1652 2060 Ariani
1681 2007 1762 2060 usi
1794 2019 1980 2061 contra
2010 2007 2072 2061 il-

473 2099 582 2154 luni
612 2097 1059 2153 fuerunt.l.leinde
1083 2097 1518 2152 Occidentalibus
1543 2099 1803 2167 exprobat
1827 2114 2072 2154 commuo

474 2193 692 2246 nionem
745 2190 1193 2254 ecclesiasticam,
1245 2191 1525 2269 quamdiu
1555 2197 1710 2244 antea
1747 2190 1816 2244 illi
1847 2206 2072 2246 conces-

472 2295 678 2351 serant,
708 2301 770 2340 ac
801 2287 1025 2355 proinde
1052 2302 1159 2341 non
1188 2287 1346 2342 aliam
1370 2289 1628 2354 profecto,
1659 2304 1822 2358 quam
1842 2305 1962 2359 qua:
1993 2288 2071 2343 illi

475 2390 505 2428 a
537 2375 843 2431 Sardicensi
872 2378 1112 2448 synodo,
1142 2393 1203 2432 ac
1231 2378 1377 2434 Julio
1414 2380 1658 2434 Romano
1691 2382 1944 2451 pentilice
1968 2382 2075 2451 pri-

473 2467 596 2521 dem
620 2466 833 2521 decreta
865 2466 1037 2523 fuerat
1070 2485 1084 2521 :

549 2559 674 2623 Sed.
710 2560 852 2630 quod
879 2576 991 2616 rem
1021 2560 1273 2628 conﬁcit,
1304 2571 1362 2618 ut
1387 2565 1517 2619 mihi
1553 2563 1788 2633 videtttr,
1815 2568 1927 2637 ipsa
1958 2568 2075 2624 hinc

477 2655 604 2710 fidei
636 2657 906 2712 confessio
933 2699 947 2721 ,
981 2673 1099 2724 qua:
1135 2657 1434 2712 Athanasio
1461 2660 1640 2714 oblata
1672 2673 1793 2726 est,
1819 2677 1912 2716 eas
1962 2678 2074 2732 prie

473 2761 533 2800 se
565 2749 663 2802 fert
687 2757 865 2813 notas,
893 2749 1088 2818 quibus
1111 2758 1223 2804 tuto
1249 2752 1417 2806 asseri
1449 2754 1638 2821 possit,
1669 2754 1906 2808 oblatam
1926 2755 2073 2810 illam

477 2839 649 2898 fuisse
673 2851 767 2895 aut
811 2844 970 2912 paulo
1000 2853 1154 2898 antea
1181 2887 1196 2909 ,
1227 2856 1320 2898 aut
1358 2864 1463 2900 non
1501 2846 1594 2900 diu
1639 2861 1918 2917 postquam
1958 2851 2073 2904 hzec

479 2935 712 2988 Basilius
775 2936 842 2989 ad
935 2937 1286 2992 Athanasium
1341 2941 1628 2996 scriberet.
1669 2942 2077 2998 Observandum

483 3046 683 3098 quippe
713 3040 797 3084 est
838 3046 1035 3084 nomen
1094 3028 1346 3085 Tlteo'duli
1416 3032 1754 3104 OJyI'wa/li,
1807 3037 1946 3105 qttod
1997 3037 2078 3090 illi

2178 1824 2403 1892 perinde
2433 1835 2517 1879 est
2567 1825 2681 1882 sive
2721 1830 3147 1884 confcssionem-
3183 1846 3332 1884 suam
3359 1831 3642 1885 Marcellus
3683 1831 3782 1884 ob-

2179 1918 2364 1971 tulerit
2408 1921 2568 1988 paulo
2597 1931 2758 1974 antea
2786 1963 2800 1987 ,
2835 1923 2955 1977 sive
2985 1939 3091 1976 non
3134 1924 3222 1978 diu
3257 1935 3463 1992 postea,
3491 1939 3614 1979 cum
3657 1923 3785 1979 inde

2179 2011 2531 2066 manifestum
2589 2015 2706 2080 sit,
2754 2030 2860 2068 non
2916 2017 3158 2085 potuisse
3213 2017 3363 2071 illum
3417 2017 3467 2072 in
3531 2017 3784 2072 haeresim

2181 2100 2390 2170 lapsum
2426 2102 2562 2167 dici,
2604 2119 2724 2159 cum
2757 2105 2987 2161 Basilius
3033 2106 3098 2161 ad
3128 2107 3485 2163 Athanasium
3531 2109 3783 2178 scripsit;

2179 2194 2225 2247 si
2255 2196 2378 2263 quis
2412 2207 2593 2250 tamen
2640 2197 2968 2267 conjecturze
3001 2201 3151 2255 locus
3172 2242 3186 2265 ,
3215 2200 3353 2256 forte
3377 2217 3499 2256 cum
3538 2201 3788 2257 Theodo-

2183 2302 2274 2341 rus
2303 2329 2319 2353 ,
2363 2291 2478 2343 sive
2508 2289 2819 2346 Theodulus
2865 2294 3083 2350 adesset
3121 2296 3388 2364 frequenti
3421 2295 3497 2349 illi
3541 2296 3782 2366 synodo,

2180 2381 2336 2449 cujus
2358 2380 2688 2436 Athanasius
2715 2385 2964 2439 meminit
2999 2386 3050 2438 in
3084 2386 3313 2455 epistola
3355 2387 3419 2441 ad
3447 2388 3606 2442 Afros
3631 2429 3644 2450 ,
3679 2388 3790 2440 An-

2180 2488 2507 2544 cyranorum
2539 2477 2700 2546 legati
2726 2477 3109 2532 Alexandriam
3138 2490 3504 2544 accesserunt,
3535 2495 3598 2534 ac
3628 2478 3783 2533 lucu-

2181 2567 2543 2624 lentissimam
2565 2613 2578 2636 ,
2613 2573 2994 2642 egregiamque
3041 2572 3186 2626 illam
3236 2572 3361 2627 ﬁdei
3392 2572 3788 2628 confessionem

2182 2659 2508 2726 Athanasio,
2540 2663 2767 2734 aliisque
2813 2665 2864 2717 in
2896 2664 3106 2735 synodo
3146 2665 3484 2734 congregatis
3524 2657 3792 2739 episcopis

2183 2754 2516 2807 obtulerunt.
2562 2754 2726 2809 Forte
2753 2757 2916 2810 etiam
2949 2756 3400 2821 Montfauconius,
3435 2756 3524 2824 qui
3554 2771 3672 2810 eam
3704 2771 3789 2810 re-

2185 2845 2308 2900 tulit
2339 2845 2404 2899 ad
2436 2859 2742 2915 postremos
2771 2846 3050 2901 Athanasii
3086 2863 3319 2905 menses,
3353 2848 3574 2916 propius
3598 2863 3787 2901 verum

2185 2937 2397 3008 attigit;
2431 2941 2575 2992 enim
2601 2954 2754 3002 vero,
2781 2948 2838 2990 ut
2871 2938 2958 2991 ille
2990 2948 3135 2992 recte
3161 2937 3366 3007 judicat
3399 2977 3414 3000 ,
3445 2937 3550 2990 hoc
3578 2952 3606 2989 a
3639 2929 3790 2990 Mar-

2183 3031 2324 3084 cello
2347 3031 2711 3084 testimonium
2729 3041 2910 3099 petere
2930 3030 3117 3085 debuit
3143 3029 3546 3085 Alexandrinus
3567 3031 3788 3099 pratsul,

481 3123 842 3193 subscriptum
897 3124 1112 3193 legitur.
1151 3124 1618 3192 Mottlfauciittitts,
1650 3146 1806 3196 quem
1838 3131 2076 3198 alioquin
2105 3125 2152 3198 Ο
2185 3133 2243 3176 ιιι
2269 3123 2487 3186 Basilii.
2521 3122 2856 3192 alim-umque
2884 3137 3004 3176 eum
3037 3122 3237 3175 Basilio
3270 3106 3622 3176 sentientium
3654 3138 3790 3190 prm-

481 3217 614 3270 nibil
647 3214 801 3284 fugit,
835 3215 1030 3270 fatetur
1062 3219 1272 3271 nescire
1301 3234 1358 3272 se
1388 3220 1508 3288 quis
1543 3220 1632 3273 ille
1663 3220 1842 3275 fuerit.
1875 3226 1942 3276 At
1973 3239 2077 3293 ego

481 3311 630 3364 illum
662 3309 834 3376 ipsum
867 3309 1031 3364 fuisse
1065 3322 1212 3379 puto,
1237 3327 1396 3380 quem
1429 3313 1766 3368 Marcellinus
1813 3325 1866 3370 et
1905 3315 2073 3370 Faus-

485 3405 631 3456 tinus
678 3405 728 3456 in
780 3418 997 3470 preCum
1040 3402 1246 3459 LibclIo
1277 3404 1597 3460 Theodorum
1651 3407 1954 3480 Oxyrynchi
1986 3426 2079 3464 v0-

481 3503 628 3560 cant,
666 3505 908 3562 tempore
940 3496 1260 3550 Arianorum
1292 3499 1522 3566 lapsum,
1549 3515 1579 3554 a
1607 3501 1838 3572 Georgio
1876 3504 2078 3556 Ariano

480 3587 535 3642 in
566 3589 824 3642 laicorutn
872 3605 1153 3643 numerum
1196 3578 1494 3655 redactum,
1527 3602 1690 3663 atque
1718 3595 1907 3648 iterum
1931 3595 2077 3648 ordi-

479 3693 664 3735 natum
693 3682 1006 3750 epist-opum
1037 3722 1050 3744 ,
1085 3682 1174 3754 qui
1203 3684 1435 3754 denique
1465 3685 1530 3738 ad
1576 3684 1876 3740 Ecclesiam
1909 3689 2077 3742 redux

481 3781 625 3834 inter
640 3786 868 3833 czeteros
885 3779 1172 3848 ‘episcOpos
1202 3779 1460 3848 Egyptios
1477 3782 2078 3849 CoastantinOpolitano

481 3873 713 3926 concilio
743 3871 1084 3940 subscripsit.
1115 3870 1270 3938 Sa-pe
1297 3872 1439 3924 enim
1473 3869 1817 3924 Theodorum
1854 3882 1943 3924 ant
1973 3872 2077 3925 Do-

482 3964 735 4018 rothcum
803 3977 900 4030 pro
947 3961 1230 4014 Theodulo
1287 3960 1428 4028 apud
1493 3959 1714 4014 Latinos
1770 3965 2075 4029 praesertim

481 4062 798 4121 usurpatum
847 4051 1050 4105 videas.
1087 4050 1216 4104 Nam
1245 4049 1334 4118 qni
1367 4049 1675 4104 'I'heodulus
1723 4052 1865 4122 apud
1911 4053 2080 4106 Atha-

483 4146 695 4198 nasium
718 4187 733 4210 ,
766 4143 1208 4198 Theodorethum
1236 4185 1250 4208 ,
1285 4151 1338 4196 et
1382 4141 1660 4196 Socratem
1701 4142 2078 4214 Trajanopolis

483 4235 760 4302 scribitur,
795 4237 847 4289 in
871 4235 1211 4289 Sardicensis
1231 4234 1445 4289 concilii
1473 4235 1542 4288 ad
1574 4252 1764 4291 omnes
1800 4238 2078 4294 Ecclesias

483 4326 736 4397 epistola,
770 4337 823 4382 et
847 4327 915 4380 ab
962 4325 1168 4379 Hilario
1194 4324 1515 4380 Theodorus
1543 4325 1745 4382 dicitur
1767 4370 1782 4394 ,
1812 4329 1967 4398 cujus
1999 4330 2076 4384 rei

482 4419 586 4474 alia
611 4428 870 4488 praeterea
897 4419 1144 4485 exempla
1177 4418 1458 4474 Fabricius
1483 4421 1662 4475 attulit
1693 4420 1789 4492 (ὁ).
1825 4423 1950 4477 lltec
1978 4425 2078 4479 ita-

2179 3215 2435 3285 judicata:
2457 3214 2700 3282 opinioni
2727 3225 3068 3269 accurrerel.
3101 3213 3158 3267 Id
3190 3215 3330 3267 enim
3356 3213 3538 3268 elucet
3565 3230 3629 3268 cx
3661 3229 3784 3283 pi-s-

2183 3317 2356 3360 tremo
2377 3307 2618 3376 ejusdem
2654 3305 3012 3360 confessionis
3039 3293 3239 3384 capite,
3273 3318 3382 3373 quo
3415 3302 3572 3373 legati
3602 3303 3785 3373 Ancy-

2185 3399 2302 3452 rani
2344 3399 2474 3452 cleri
2507 3399 2860 3451 Athanasium
2897 3405 3089 3465 rogant
3121 3412 3132 3448 :
3171 3394 3252 3450 Ne
3277 3394 3428 3463 ﬁdem
3460 3392 3641 3447 Iuibeat
3671 3395 3734 3448 iis
3757 3435 3774 3460 ,

2182 3495 2270 3564 qui
2298 3509 2390 3546 nos
2435 3493 2778 3557 insimulant,
2826 3490 3070 3544 rescribat
3115 3500 3285 3543 autent
3320 3490 3403 3555 iis,
3451 3505 3577 3560 quos
3605 3487 3786 3540 ortho-

2182 3592 2343 3642 ἀθέτως
2368 3604 2476 3641 esse
2504 3588 2695 3639 noverit
2723 3628 2736 3650 ,
2760 3597 2813 3638 ut
2837 3585 2880 3637 si
2904 3585 2970 3638 ad
3000 3601 3083 3638 eos
3107 3583 3369 3636 calumnia
3396 3582 3648 3635 adversus
3689 3598 3784 3634 nos

2182 3681 2408 3743 con/lata
2444 3677 2751 3747 pervenerit,
2786 3685 3054 3748 conspecta
3081 3675 3177 3728 hac
3214 3685 3388 3728 nostra
3426 3673 3550 3743 ﬁdei
3578 3677 3779 3742 confes-

2182 3771 2346 3833 sione,
2380 3770 2629 3823 malitiam
2654 3783 2829 3819 eorum
2853 3766 3257 3835 deprehendant,
3293 3766 3380 3834 qui
3409 3775 3594 3818 temere
3644 3765 3781 3817 int-i-

2184 3864 2322 3916 diam
2362 3861 2506 3916 nobis
2535 3876 2732 3913 movere
2779 3858 3103 3912 studuerunt.
3133 3855 3268 3911 Cum
3299 3866 3479 3911 autem
3538 3855 3785 3910 Athana-

2183 3959 2321 4009 sium
2372 3969 2518 4008 mors
2551 3951 2954 4023 praepediisset,
3006 3967 3074 4006 ne
3124 3953 3535 4022 Ancyranorum
3564 3951 3630 4004 de
3677 3950 3783 4006 fide

2181 4048 2329 4102 illius
2395 4048 2764 4101 testiinonium
2838 4046 3038 4101 Basilio
3106 4043 3512 4100 communicare
3557 4054 3778 4112 posset,

2185 4141 2380 4197 factum
2410 4141 2638 4211 proinde
2664 4150 2747 4194 est
2771 4180 2787 4207 ,
2820 4150 2877 4194 ut
2902 4139 3027 4194 huic
3070 4139 3200 4194 illud
3235 4142 3470 4210 ignotum
3499 4139 3591 4193 diu
3627 4154 3782 4193 man-

2181 4235 2335 4289 serit.
2683 4289 2686 4292 ,
3381 4276 3386 4281 .

2257 4327 2484 4383 Basilius
2530 4336 2708 4381 tamen
2739 4367 2753 4390 ,
2792 4333 2917 4380 ante
2958 4324 3162 4379 obitum
3194 4333 3626 4394 prtccmiceptam
3659 4323 3779 4392 opi-

2185 4423 2404 4476 nionem
2432 4419 2693 4473 adversus
2724 4417 3059 4481 Marcellum,
3083 4418 3308 4487 ejusque
3355 4418 3649 4472 Ecclesiam
3678 4417 3776 4472 de-

477 4527 585 4582 que
628 4511 899 4566 confessio
932 4554 944 4574 ,
975 4511 1062 4565 cui
1091 4511 1412 4567 Theodorus
1459 4514 1546 4568 hic
1571 4556 1584 4579 ,
1638 4529 1732 4569 seu
1765 4515 2076 4573 Theodnlus
2105 4513 2158 4573 D
2183 4515 2430 4586 posuisse
2473 4513 2618 4565 visus
2661 4519 2781 4574 est,
2814 4525 2876 4565 ac
2916 4509 3292 4564 Marcellianos
3333 4508 3398 4564 ad
3439 4511 3779 4563 communio-

477 4621 718 4675 praasens
751 4605 944 4675 fuerat,
973 4607 1131 4674 longe
1161 4605 1251 4660 diu
1279 4615 1402 4676 post
1440 4607 1864 4662 Alexandrinum
1892 4611 2073 4664 conci-

479 4700 634 4763 lium,
667 4717 772 4769 quo
805 4701 1088 4770 episeopos
1121 4701 1172 4755 in
1202 4703 1581 4772 persecutione
1623 4704 1802 4769 lapsos
1829 4705 1894 4756 ad
1924 4720 2073 4758 com-

476 4793 792 4844 munionem
842 4794 1180 4860 recipiendos
1227 4809 1349 4848 esse
1395 4795 1674 4849 decretum
1723 4795 1853 4862 fuit,
1890 4797 2071 4854 oblata

473 4881 645 4934 videri
670 4879 850 4934 debet.
874 4881 1057 4951 Neque
1079 4885 1220 4936 enim
1245 4884 1562 4938 Tlteodnlus
1585 4875 1724 4940 inter
1741 4901 1836 4941 eos
1854 4887 2067 4959 legitur,

475 4974 565 5043 qui
597 4973 826 5027 concilio
858 4974 930 5025 illi
963 4973 1290 5029 adfuerunt:
1326 4992 1499 5046 neque
1537 4979 1800 5034 credibile
1838 4989 2068 5036 estenm

476 5067 670 5121 adesse
712 5067 950 5135 potuisse
1010 5077 1171 5121 tanta:
1216 5081 1339 5121 tunc
1391 5073 1851 5138 praevaricationis
1895 5088 2065 5128 reum.

478 5158 647 5214 Paulo
671 5167 792 5230 post
821 5158 922 5214 hoc
946 5160 1369 5216 Alexandrinum
1392 5163 1704 5231 concilium,
1737 5165 2070 5221 Athanasius

543 5356 621 5494 2:)
655 5357 762 5439 Vit.
798 5358 982 5424 Basil.,
1010 5373 1129 5425 cap.
1156 5359 1246 5414 57.

604 5431 620 5494 )
661 5426 782 5481 Vni.
824 5430 984 5485 Fabr.
1024 5430 1127 5487 ΒΒ.
1185 5430 1246 5488 Gl

567 5426 782 5505 b)__Vi.l.
824 5430 984 5505 Fabr.
1024 5430 1127 5487 ΒΒ.
1185 5430 1303 5490 GG.
1340 5439 1472 5487 tom.
1512 5431 1584 5494 IX
1610 5476 1625 5501 ,
1681 5447 1802 5505 pag.
1831 5432 1940 5489 250
1965 5476 1979 5500 ,
2009 5444 2064 5490 et

469 5503 601 5567 tom.
638 5495 705 5567 ξ.
733 5501 996 5567 ριιε.5ι6,
1093 5511 1121 5530 '-
1261 5521 1266 5526 -
1345 5523 1352 5530 ο
1461 5521 1468 5528 ι
1611 5495 1692 5546 Ii

539 5564 1112 5644 (cj_Coiiiiiieiititrittm
1136 5575 1204 5629 de
1228 5575 1388 5630 rebus
1413 5574 1480 5629 ad
1514 5575 1865 5630 Athanasium
1897 5575 2061 5643 perti-

467 5636 721 5713 nentibus
752 5654 779 5688 a
821 5641 890 5692 cl.
914 5639 1136 5713 Maliin
1164 5645 1387 5713 editum,
1420 5647 1594 5702 locum
1647 5646 1738 5700 ubi
1795 5636 2062 5701 ille-latuit

466 5705 693 5770 Titana,
725 5719 900 5761 vocat.
936 5712 1121 5768 Hinca
1151 5719 1269 5771 viro
1293 5705 1454 5770 docto
1479 5718 1530 5770 in
1557 5717 1671 5772 falsi
1690 5715 2060 5788 suspicionem

2183 4622 2302 4658 nent
2337 4604 2556 4664 admisit
2595 4614 2862 4672 tamquam
2900 4617 2994 4656 eas
3019 4644 3033 4668 ,
3085 4601 3179 4670 qui
3222 4601 3472 4657 catholici
3516 4612 3777 4671 perpetuo

2178 4698 2432 4754 fuissent.
2465 4694 2659 4762 Colligi
2709 4696 2759 4748 id
2811 4710 2910 4763 ego
2941 4695 3179 4748 arbitror
3199 4709 3262 4746 ex
3293 4693 3378 4759 iis,
3412 4708 3533 4758 nine
3564 4691 3630 4746 ad
3662 4691 3775 4746 Eu-

2179 4793 2378 4862 logium
2400 4834 2413 4857 ,
2442 4791 2811 4846 Alexandrum
2834 4831 2847 4854 ,
2879 4799 2934 4844 et
2982 4789 3493 4858 Harpocrationcm,
3529 4788 3776 4856 aliosque

2176 4883 2462 4939 duodecim
2499 4882 2758 4953 Egypiios
2794 4883 3084 4951 episeopos
3128 4895 3224 4949 pro
3254 4879 3357 4934 ﬁde
3401 4881 3503 4934 sub
3543 4879 3777 4934 Valente

2176 4978 2229 5031 in
2260 4976 2542 5030 l’alzestina
2568 4977 2788 5030 exsules
2812 5016 2828 5040 ,
2865 4982 2921 5029 et
2961 4973 3026 5027 ad
3076 4975 3296 5029 Petrum
3343 4973 3774 5028 Alexandrinum

2175 5081 2303 5126 tttnc
2333 5071 2588 5124 reducem
2621 5067 2817 5121 deinde
2860 5067 3101 5136 scripsit.
3157 5066 3368 5137 Egyptii
3408 5065 3484 5119 illi
3529 5065 3774 5132 episcoiii

2175 5165 2543 5221 inSacrorum
2591 5160 2913 5215 societatem
2946 5157 3331 5214 Marcellianos
3378 5158 3500 5212 illos
3545 5173 3777 5229 recepe-

2165 5363 2473 5428 adducitur,
2517 5359 2658 5428 quod
2708 5359 2825 5429 ejus
2862 5360 2961 5415 loci
2990 5375 3187 5416 nomen
3216 5361 3467 5429 nuspiam
3497 5370 3771 5418 Occurrat.

2169 5435 2280 5504 Ego
2311 5451 2438 5488 vero
2467 5434 2660 5486 Chersu
2693 5432 2976 5504 legendum
3011 5441 3172 5504 puto,
3199 5432 3354 5501 cujus
3400 5434 3634 5504 nominis
3665 5433 3772 5487 du.

2167 5502 2286 5575 plex
2317 5515 2437 5560 erat
2465 5505 2630 5566 vicus,
2653 5505 2790 5557 alter
2812 5503 2902 5568 12,
2951 5505 3088 5557 alter
3119 5502 3152 5558 8
3173 5504 3498 5575 _tnllliarihus
3517 5503 3769 5575 Alexan-

2166 5573 2281 5643 dria
2338 5577 2564 5631 distans.
2594 5575 2719 5636 Vill.
2742 5575 3079 5630 [litterarium
3107 5589 3137 5628 a
3165 5573 3532 5630 Scbelestralo
3559 5574 3766 5631 editum

2167 5655 2299 5702 tom.
2331 5645 2393 5711 ll,
2423 5663 2543 5717 pag.
2575 5644 2701 5701 545.
2974 5714 3041 5717 ___
3601 5665 3614 5674 ··

2238 5717 2317 5787 (d)
2355 5714 2574 5772 Osserv.
2607 5717 2782 5771 letter.
2807 5723 2939 5769 tom.
2973 5714 3061 5771 lli.
