4150 6176
369 185 480 246 H9

1769 181 2300 266 rttopsoourtts.

3575 188 3676 256 I50

364 259 510 380 rant,
540 310 828 378 postquam
860 299 894 355 ii
925 298 1205 374 productis
1227 343 1240 364 ,
1273 309 1333 354 ut
1376 299 1714 390 Epiphanius
1743 300 1820 355 ait
1849 259 1960 372 (ti),

2078 299 2292 370 segnius
2311 312 2454 354 anno
2485 299 2588 378 377
2613 299 2868 390 scriptam
2897 308 3069 382 putat.
3100 300 3216 388 tice
3241 301 3489 390 prglsctg
3515 271 3675 388 nemo

365 393 776 450 communionis
797 408 923 447 cum
951 392 1248 446 Athanasio
1277 389 1472 446 litteris
1490 434 1503 456 ,
1529 393 1747 464 egregie
1779 393 1972 448 catho-

363 491 508 546 licos
535 504 662 544 sese
687 488 1072 558 probaverant.
1105 487 1186 542 Eo
1215 486 1357 540 laeto
1391 486 1620 540 Basilius
1667 496 1973 542 commotus

367 593 488 648 est,
520 594 631 636 tum
664 579 800 650 quod
848 579 1140 635 Marcellus
1163 622 1179 645 ,
1211 579 1436 650 ejuSqne
1480 588 1781 634 sectatores
1811 581 1974 652 vulgo

374 691 479 746 pro
509 674 775 729 haereticis
806 672 1168 738 habebantur,
1201 684 1313 726 tum
1363 674 1505 743 quod
1531 674 1685 742 pauci
1708 675 1970 744 episcopi,

373 769 593 823 caeteris
624 765 879 820 omnibus
909 765 1234 818 inconsultis
1268 764 1371 819 hoc
1395 767 1670 836 negotium
1702 768 1972 822 confecis-

388 873 531 925 sent,
562 860 703 930 quod
735 877 802 914 ne
824 861 1044 930 aggredi
1076 860 1290 930 quidem
1317 861 1416 914 soli
1441 862 1778 922 debuissent,
1803 878 1974 932 eaque

367 953 439 1008 de
466 969 628 1008 causa
671 953 878 1023 scripta
917 954 981 1005 ad
1024 968 1120 1008 eos
1149 955 1378 1020 epistola
1417 954 1524 1008 265
1551 959 1790 1024 graviter
1813 971 1971 1026 ques-

365 1054 450 1099 tus
475 1056 577 1109 est,
607 1045 897 1113 petiitque,
924 1054 983 1097 ut
1007 1045 1206 1113 quibus
1227 1045 1306 1098 illi
1325 1045 1731 1101 eondittonibtts
1751 1048 1972 1102 admissi

359 1137 412 1190 in
443 1137 891 1191 communionem
945 1137 1208 1202 fuissent,
1241 1140 1534 1192 certiorem
1589 1154 1647 1192 se
1703 1140 1967 1194 lacerent.

358 1230 612 1285 Nondum
654 1233 839 1300 itaque
887 1238 1012 1283 tunc
1049 1239 1277 1284 noverat
1321 1233 1594 1302 egregiam
1653 1233 1799 1287 illam
1847 1233 1974 1290 lidci

355 1323 786 1385 Confessionem,
819 1338 980 1392 quam
1009 1323 1243 1376 Mareellt
1272 1325 1442 1391 ipsius
1470 1325 1690 1379 nomine
1717 1325 1963 1379 Athana-

359 1417 451 1470 sio
481 1416 820 1478 obtulerant,
868 1430 1096 1486 qnzeque
1139 1414 1398 1470 effecerat
1425 1459 1440 1482 ,
1474 1426 1534 1470 ut
1564 1419 1633 1471 ab
1662 1417 1970 1472 Athanasio

363 1513 487 1582 ipso
501 1528 622 1566 curn
647 1512 852 1565 caeteris
873 1520 1000 1565 tunc
1015 1513 1354 1581 congregatis
1368 1512 1636 1582 episcopis
1660 1529 1755 1582 pro
1773 1513 1966 1567 catho-

354 1603 479 1659 lit-is
496 1600 683 1666 habiti.
703 1620 766 1658 ac
778 1605 906 1659 dato
926 1605 1358 1670 testimonioillo,
1377 1608 1517 1674 quod
1535 1607 1964 1662 Montl’aut-onius

2077 391 2269 445 saltem
2315 391 2620 470 negaverit,
2666 381 2796 462 quin
2827 381 3110 472 Eustbatio
3137 381 3673 463 ad'ltuc'sup'érstite,

2077 498 2140 536 ac
2168 482 2330 537 Petro
2367 483 2552 538 Basilii
2595 485 2790 551 fratre,
2821 485 3077 556 episcopo
3115 487 3352 542 nondum
3394 487 3673 558 instituto,

2077 579 2280 648 scripta
2305 578 2486 633 fuerit.
2521 579 2850 634 Sebastenos
2876 580 3020 635 enim
3051 580 3247 650 quibus
3273 581 3532 653 inscripta
3557 571 3672 651 est,

2079 684 2185 723 non
2214 687 2403 724 omnes
2432 669 2547 740 ejus
2579 670 2682 725 loci
2722 671 2891 738 cives,
2921 671 3015 726 sed
3055 687 3151 726 eos
3179 673 3460 726 dumtaxat
3489 657 3676 750 catlto}

2076 763 2212 818 Ιίϐιιε
2243 767 2470 818 clericos
2518 766 2822 834 intelligere
2853 767 3138 831 debemus,
3168 768 3258 832 qui
3304 767 3373 836 ab
3406 767 3675 840 Ettsthatii

2077 873 2196 910 cum
2238 873 2296 912 se
2335 859 2379 911 is
2422 857 2680 911 Arianttm
2730 858 3088 926 prodidiSset,
3132 862 3516 914 communione
3566 842 3670 924 non

2075 947 2164 1001 ditt
2207 959 2364 1002 antea
2412 963 2470 1002 Se
2497 950 2898 1012 subdttxerant,
2941 966 3172 1019 quorum
3223 953 3367 1020 apud
3415 931 3672 1006 Basiliam

2076 1042 2238 1109 epist.
2261 1041 2364 1096 158
2379 1042 2553 1096 ει257
2585 1058 2806 1110 impr-rae
2839 1043 3094 1098 editionis
3124 1044 3326 1097 mentio
3355 1046 3674 1111 est.Quam-

2077 1133 2265 1186 obrem
2315 1135 2358 1186 si
2416 1134 2733 1189 Eustltatius
2778 1151 2808 1189 e
2846 1136 2981 1190 vivis
3014 1137 3255 1206 sedeque
3287 1137 3374 1191 illa
3418 1153 3670 1193 excesse-

2076 1237 2156 1279 rat
2187 1241 2329 1279 anno
2357 1227 2547 1279 saltem
2578 1228 2705 1291 580,
2749 1227 2873 1297 quia
2919 1229 3106 1281 Petrus
3140 1228 3322 1283 Basilii
3365 1227 3566 1291 ftater,
3610 1243 3674 1284 ac

2075 1322 2406 1377 Sebastenus
2451 1323 2740 1394 episcopus
2787 1322 3396 1394 Constantinopolitano
3440 1326 3673 1380 Concilio

2071 1417 2173 1468 sub
2200 1417 2328 1469 anni
2375 1425 2652 1486 sequentts
2682 1420 2888 1471 initium
2934 1431 3124 1472 coactu
3154 1405 3476 1484 adluit,‘aut
3525 1419 3670 1474 illam

2073 1510 2263 1563 eodem
2308 1510 2527 1574 Basilio,
2558 1511 2735 1564 adhuc
2763 1515 2814 1564 in
2841 1512 2978 1565 vivis
3009 1521 3231 1582 agente,
3265 1522 3358 1566 aut
3384 1521 3533 1569 certe
3563 1494 3668 1567 non

2073 1601 2163 1654 diu
2207 1611 2328 1672 post
2373 1603 2489 1672 ejus
2521 1604 2724 1656 obitum
2776 1606 3032 1672 scriptam
3080 1605 3250 1660 fuisse
3299 1616 3534 1676 0p0rtet.
3586 1606 3670 1659 ΛΙ)

356 1697 559 1756 edidit.
581 1699 917 1767 pronuntiati
938 1701 1066 1751 sint.
1089 1695 1254 1752 Certo
1280 1708 1458 1752 autem
1477 1699 1658 1770 aliquo
1674 1699 1970 1753 documen-
2000 1699 2048 1760 B
2074 1710 2260 1746 eorum
2295 1705 2472 1747 autent
2505 1696 2882 1764 episcoporum
2912 1711 3137 1750 numero
3157 1736 3173 1762 ,
3205 1712 3342 1767 quos
3377 1696 3670 1768 Gregorius

357 1797 416 1842 to
440 1791 659 1843 minimc
676 1797 911 1852 constat,
932 1805 998 1843 an
1027 1789 1240 1844 exsules
1257 1792 1494 1860 episcopi
1516 1791 1714 1845 Basilio
1733 1792 1969 1864 rescrip-

357 1883 549 1945 serint,
573 1880 775 1950 quidve
804 1882 1206 1951 rescripserint.
1232 1885 1300 1935 At
1320 1883 1639 1952 gravissima
1657 1884 1969 1955 conjectura

358 1973 628 2039 adducor,
655 1984 712 2027 ut
743 1973 997 2037 credam,
1027 1973 1149 2027 illos
1192 1974 1330 2028 datis
1371 1974 1437 2028 ad
1471 1990 1593 2029 eum
1628 1974 1824 2030 litteris
1854 1987 1966 2031 tum

365 2083 497 2123 sese
519 2083 774 2140 purgasse
799 2110 814 2133 ,
851 2079 962 2121 tum
993 2067 1372 2123 Marcelliauos
1402 2070 1548 2138 ipsos
1575 2085 1604 2124 a
1631 2081 1758 2123 nota
1788 2069 1966 2126 hrcre-

367 2176 502 2216 seos
526 2160 846 2214 vindicasse.
880 2158 1010 2212 Nam
1036 2159 1268 2214 Basilius
1290 2159 1450 2214 Petro
1476 2161 1843 2216 Alexandrino
1866 2163 1969 2219 hac

367 2255 488 2324 ipsa
517 2255 581 2307 de
612 2241 670 2308 re
701 2252 950 2307 scribens
977 2268 1062 2321 ep.
1097 2250 1225 2315 266,
1254 2251 1323 2306 ab
1355 2253 1418 2306 iis
1449 2255 1501 2306 in
1525 2256 1967 2309 communionem

363 2345 702 2414 recipiendis
731 2346 954 2398 minime
976 2345 1189 2399 alienus
1216 2355 1330 2410 est,
1361 2344 1454 2398 sed
1484 2347 1583 2399 hoc
1612 2355 1761 2416 optat
1791 2350 1967 2401 solum

363 2451 424 2491 nt
454 2440 530 2492 illi
561 2441 631 2492 ita
664 2439 1021 2508 recipiantur,
1055 2453 1120 2491 ne
1153 2438 1267 2507 ipse
1297 2453 1360 2490 ac
1386 2440 1566 2492 cteteri
1599 2439 1700 2492 sibi
1733 2455 1965 2494 consen-

369 2533 569 2585 tientes
603 2530 846 2600 episcopi
887 2530 953 2583 ad
983 2529 1355 2583 Marcelltauos
1394 2531 1713 2596 accessisse,
1740 2535 1834 2586 sed
1867 2533 1968 2602 ipsi

367 2626 552 2695 potius
578 2623 912 2679 Marcelliani
954 2627 1021 2676 ab
1063 2624 1302 2678 Ecclesia
1349 2641 1641 2694 numquam
1677 2628 1968 2684 recessisse

365 2719 710 2782 viderentur,
755 2717 826 2770 ita
849 2729 900 2770 ut
927 2715 1208 2788 (Ztccagtti
1232 2714 1308 2787 (b)
1343 2717 1791 2787 interpretatione
1822 2721 1968 2792 utor)

367 2815 631 2867 malitiosa
661 2815 725 2866 de
748 2816 998 2866 haereseos
1018 2814 1232 2866 crimine
1252 2813 1512 2866 calumnia
1534 2830 1742 2884 quaqua
1767 2832 1967 2869 versum

371 2907 568 2975 ili/fusa
601 2924 693 2976 per
716 2919 945 2961 nostrant
968 2909 1309 2978 receptionem
1333 2907 1586 2973 deleatur,
1620 2925 1710 2962 nec
1742 2910 1968 2977 amplius

373 3018 464 3055 nos
489 3001 683 3070 pudere
709 3000 908 3065 debeat,
936 3001 1072 3068 quod
1093 3017 1268 3054 eorum
1292 3011 1463 3070 partes
1489 3002 1646 3054 secuti
1677 3018 1874 3055 sumus.
1911 3001 1968 3057 Si

373 3094 553 3162 itaque
582 3092 913 3148 Marcelliani
941 3134 955 3158 ,
989 3107 1044 3146 ut
1072 3093 1304 3146 Basilius
1333 3094 1426 3156 ait,
1463 3107 1726 3163 perpetuo
1756 3095 1970 3150 fuerant
1994 3087 2040 3148 C

372 3190 426 3239 in
458 3185 718 3239 Ecclesiae
748 3199 977 3253 corpore
997 3227 1011 3250 ,
1054 3186 1141 3253 qui
1173 3185 1287 3238 ﬁeri
1318 3195 1518 3254 potest,
1550 3195 1608 3241 ut
1636 3187 1966 3256 Marcellum,

375 3293 534 3348 quem
559 3279 594 3334 ii
623 3278 1012 3348 sequebantur,
1043 3278 1306 3346 cujusque
1332 3281 1553 3333 nomine
1584 3294 1818 3351 synaxes
1846 3297 1971 3336 suas

371 3375 641 3443 agebant,
677 3389 799 3426 cum
827 3371 945 3426 haec
970 3373 1230 3426 scriberet
1256 3370 1488 3425 Basilius
1520 3374 1654 3442 ipse,
1687 3374 1752 3427 ab
1782 3373 1971 3429 Eccle-

371 3469 448 3523 sia
504 3461 804 3522 abscissum
844 3467 1139 3522 crederet?
1171 3466 1394 3522 Videtur
1428 3469 1607 3539 itaque
1638 3487 1750 3524 rem
1781 3473 1972 3528 melius

375 3571 501 3616 tunc
528 3561 777 3628 edoctus,
811 3576 838 3613 a
865 3561 1034 3615 veteri
1083 3562 1349 3615 sententia
1396 3577 1488 3614 sua
1524 3563 1816 3619 recessisse
1842 3608 1856 3631 ,
1909 3582 1973 3623 ac

373 3668 568 3707 cavere
599 3652 886 3706 dumtaxat
916 3651 1172 3717 voluisse,
1200 3667 1266 3706 ne
1292 3653 1420 3721 qttid
1463 3653 1562 3707 sibi
1591 3694 1606 3718 ,
1651 3658 1973 3725 caeteriSque

375 3741 658 3801 catholicis
691 3744 959 3824 episcopis
985 3786 998 3810 ,
1031 3745 1075 3798 si
1103 3744 1338 3799 Marcelli
1391 3747 1611 3801 asseclte
1639 3747 1975 3816 inexplorato

375 3833 440 3895 ad
482 3838 926 3895 communionem
973 3837 1387 3893 admitterentur
1407 3879 1421 3902 ,
1450 3841 1518 3892 ob
1544 3841 1813 3910 vulgatam
1845 3858 1975 3897 con-

378 3942 456 3986 tra
479 3948 574 3987 eos
591 3933 1079 4002 conﬁrmatamth
1108 3933 1435 3986 calumniam
1457 3974 1470 3994 .
1497 3933 1562 3986 de
1583 3913 1790 4002 optima
1817 3975 1832 4000 ,
1870 3951 1974 4004 qua

377 4025 580 4078 merito
605 4009 880 4078 fruebatur
902 4023 1040 4077 fama
1072 4024 1376 4093 decederet.
1403 4025 1572 4092 Quam
1599 4041 1733 4080 vero
1760 4029 1976 4095 sapiens

381 4114 566 4185 Basilii
601 4105 886 4170 consilium
919 4115 1098 4181 fuerit,
1133 4125 1344 4170 coastat
1374 4133 1437 4169 ex
1469 4115 1714 4186 Gregorii
1746 4117 1974 4190 Nysscni

380 4208 545 4275 facta,
573 4211 663 4279 qui
694 4210 762 4263 ob
780 4209 1021 4279 junctam
1049 4225 1169 4262 cum
1200 4208 1388 4262 iisdem
1417 4207 1772 4263 Marcelliattis
1795 4195 1977 4265 sacro-

380 4321 495 4359 rutn
522 4309 841 4358 societatem
869 4345 881 4366 ,
913 4313 1024 4357 turn
1050 4303 1118 4357 de
1140 4319 1326 4357 eorum
1361 4303 1553 4357 haeresi
1579 4344 1592 4368 ,
1624 4313 1734 4356 tum
1766 4303 1834 4358 de
1865 4304 1980 4358 vio-

380 4397 500 4450 latis
531 4396 831 4450 canonihtts
862 4395 1222 4456 insimulatus.
1251 4394 1449 4463 duplici
1479 4411 1538 4448 se
1568 4395 1812 4464 apologia
1847 4411 1968 4469 pur-

2074 1787 2381 1851 hortatores,
2407 1798 2462 1840 ut
2491 1788 2965 1842 Marcelliauorum
2993 1792 3265 1858 negotium
3296 1799 3576 1858 tractaret,
3607 1783 3670 1846 ac

2073 1895 2260 1933 eorum
2302 1878 2518 1940 deinde,
2549 1895 2669 1950 qua:
2717 1894 2749 1932 a
2777 1897 2835 1934 se
2872 1891 3055 1950 gesta,
3085 1891 3140 1934 et
3167 1881 3389 1936 deﬁnita
3424 1884 3694 1949 l‘uerant,.

2071 1971 2512 2040 comprobatores,
2560 1986 2621 2026 ac
2669 1972 2750 2026 srri
2804 1954 3103 2027 imitatores
3145 1971 3355 2039 habuit,
3410 1989 3518 2027 non
3569 1971 3671 2043 ego

2072 2064 2286 2132 quidem
2329 2063 2585 2116 Basiliutn
2630 2065 2802 2133 ipsum
2849 2062 3093 2134 Gregorii
3137 2063 3378 2130 fratrem,
3424 2079 3488 2119 ac
3531 2055 3670 2135 pene

2074 2159 2388 2228 magistrum
2443 2159 2837 2212 excludendum
2892 2171 3044 2229 puto.
3095 2160 3220 2215 lltec
3268 2176 3400 2216 vero
3427 2176 3550 2216 cum
3595 2161 3667 2216 ita

2072 2251 2200 2317 sint,
2237 2252 2390 2306 lacile
2419 2252 2597 2321 colligi
2629 2261 2826 2322 potest,
2869 2254 3015 2306 nullo
3050 2253 3171 2324 jure
3216 2253 3473 2310 Basilium
3521 2237 3671 2311 incué

2071 2357 2223 2398 sasse
2265 2344 2590 2409 Damasum,
2621 2343 3027 2414 Romanamque
3057 2347 3274 2413 sedem,
3314 2362 3413 2401 cur
3449 2347 3672 2403 Marcel-

2074 2435 2185 2489 lutu
2217 2451 2489 2506 nunquam
2512 2436 2578 2490 ab
2608 2437 2853 2491 Ecclesia
2876 2438 3107 2506 ejectum
3137 2439 3375 2506 duxerit,
3408 2439 3669 2494 edixerit-

2071 2543 2206 2599 que;
2240 2530 2461 2598 ﬁerich
2490 2540 2749 2598 praeterea
2769 2531 3031 2600 potuisse,
3065 2541 3120 2584 ut
3146 2515 3335 2599 ingens
3363 2531 3482 2602 ejus
3506 2547 3670 2588 Sauc-

2075 2621 2266 2675 tissimi
2327 2622 2577 2692 pt'azsulis
2637 2638 2734 2692 pro
2799 2624 3058 2694 religione
3113 2625 3349 2678 studium
3422 2625 3671 2682 nonnihil

2073 2716 2285 2768 auxerit
2315 2729 2470 2769 arnor
2497 2730 2620 2785 erga
2667 2715 2941 2768 Meletium
2991 2713 3344 2786 prorsusque'
3370 2733 3595 2772 aversus
3638 2709 3668 2774 ἁ

2072 2805 2302 2861 Paulino
2353 2810 2588 2875 animus,
2618 2807 2772 2878 cujus
2825 2808 2965 2863 idem
3011 2793 3295 2864 Marcellus
3341 2799 3672 2882 seqttebatur

2032 2920 2033 2923 ‘
2076 2913 2272 2969 partes.

2681 3014 2910 3074 CAPUT
2955 3017 3064 3074 ιιι.

2181 3129 2318 3196 572,
2365 3130 2562 3186 υΑιιΑςι
2591 3130 2656 3196 7,
2687 3129 2946 3186 Monesro
2989 3146 3059 3186 ετ
3106 3130 3388 3188 Διιιιιτιιεο
3414 3147 3559 3196 coss.

2075 3245 2115 3300 l.
2160 3245 2446 3300 Dorotheus
2487 3245 2734 3299 diaconus
2791 3245 3138 3300 Autioc/tettus
3193 3245 3414 3300 Romam
3469 3247 3672 3310 accedit

2146 3357 2259 3393 cum
2301 3339 2484 3394 litteris
2521 3341 2590 3393 ad
2638 3338 2926 3394 Damasum
2967 3341 3172 3412 scriptis
3209 3341 3272 3395 ab
3321 3339 3670 3399 Orientalibus

2146 3434 2421 3502 episcOpis,
2452 3449 2513 3485 ac
2540 3431 2689 3487 rebus
2727 3431 2970 3503 confectis
2998 3433 3052 3487 in
3086 3431 3347 3488 Orientem
3378 3433 3509 3488 redit
3554 3450 3672 3488 cum

2150 3525 2346 3580 Sabino
2369 3527 2589 3578 diacono
2617 3525 3019 3581 Mediolanensis
3048 3527 3297 3582 Ecclesia:
3318 3569 3331 3593 ,
3355 3531 3440 3599 qui
3457 3525 3675 3591 Damasi

2149 3619 2352 3671 nomine
2381 3620 2577 3672 litteras
2602 3618 2754 3685 a/fert
2804 3622 2873 3673 ad
2920 3620 3284 3687 Athanasium,
3311 3629 3462 3690 atque
3485 3619 3671 3674 Orien-

2150 3711 2296 3764 tales.
2323 3710 2385 3764 ll.
2415 3710 2732 3766 Sozoutettus
2755 3729 2871 3764 cum
2894 3712 2958 3765 iis
2981 3715 3262 3782 confertur,
3277 3721 3324 3766 et
3345 3712 3668 3782 expenditur.

2153 3803 2238 3857 ΙΙΙ.
2260 3802 2489 3857 Sabinus
2515 3804 2570 3855 in
2600 3800 2925 3856 Occidentem
2949 3806 3219 3856 revertitur
3239 3819 3354 3855 cum
3375 3802 3559 3856 Basilii
3588 3803 3675 3855 lit-

2151 3905 2272 3957 teris
2294 3903 2362 3955 ad
2380 3901 2689 3968 Damasum,
2712 3915 2758 3957 et
2779 3901 3155 3970 Occidentales,
3187 3917 3302 3972 quae
3323 3903 3671 3971 illustrantur,

2149 4012 2210 4048 ac
2235 4011 2326 4048 suo
2354 4004 2580 4067 tempore
2609 3997 2967 4050 restituuntur.
2986 3995 3099 4052 ιν.
3129 3992 3210 4049 De
3239 3995 3274 4048 Ι.
3303 3993 3358 4050 '5.
3383 3994 3442 4048 (Ι.
3475 3993 3672 4049 Tlteod.

2153 4087 2217 4141 de
2243 4086 2391 4141 Hier.
2425 4097 2577 4156 atque
2598 4106 2660 4143 ea
2690 4091 3035 4143 occasionede
3069 4087 3420 4143 Venustianis.
3447 4087 3679 4152 Quorum

2154 4179 2207 4232 in
2239 4176 2614 4235 Prwdestinato
2644 4182 2836 4235 mentio
2858 4190 2955 4235 est.

2159 4296 2197 4353 I.
2223 4297 2525 4353 Dorothetts
2552 4299 2815 4354 diaconus
2838 4313 2960 4353 cum
2983 4296 3288 4364 Athanasii,
3311 4306 3367 4378 et
3393 4297 3682 4378 Basiliilit-

2085 4391 2214 4445 teris
2249 4391 2544 4446 llomanum
2579 4393 2681 4445 iter
2721 4405 3009 4460 aggressus
3036 4377 3119 4446 est
3159 4394 3302 4446 circa
3336 4369 3497 4445 linem
3542 4407 3679 4460 prte-

380 4478 508 4559 gare
535 4489 742 4552 debuit,
766 4503 991 4554 quarum
1023 4490 1292 4556 posterior
1323 4475 1599 4542 dumtaxat
1640 4497 1891 4560 superest
1922 4490 1972 4542 in
2004 4474 2058 4546 D
2083 4486 2327 4539 cedentis
2373 4487 2499 4538 anui
2539 4485 2636 4557 (c),
2667 4487 3019 4554 quamobrem
3051 4485 3139 4538 vix
3171 4499 3236 4537 eo
3267 4484 3549 4562 pervenire
3583 4497 3682 4568 po-

383 4583 610 4650 epistola
635 4583 699 4636 ad
731 4581 1060 4637 Sebastenos
1083 4624 1096 4646 ,
1126 4597 1284 4649 quam
1307 4579 1636 4652 Zaccagnius
1667 4581 1855 4636 edidit.
1891 4582 1979 4635 Ait

381 4675 566 4760 itaque
598 4717 613 4739 ,
663 4675 802 4745 quod
851 4674 914 4727 ad
969 4689 1205 4730 canOttes
1255 4675 1490 4740 attinet,
1540 4691 1644 4727 non
1708 4675 1878 4742 ipsum
1918 4688 1978 4729 se

377 4777 576 4838 Sptmle
596 4769 688 4823 sua
721 4784 834 4822 rem
857 4776 1056 4821 tantam
1088 4783 1399 4836 aggressum
1432 4766 1597 4822 fuisse
1626 4776 1716 4820 aut
1740 4765 1979 4836 inexplo-

375 4863 489 4916 rato
515 4879 579 4915 ac
618 4853 727 4916 sine
768 4863 1057 4916 necessaria
1089 4861 1460 4915 deliberatione
1507 4862 1774 4932 quidpiam
1807 4861 1981 4930 confe-

379 4955 539 5019 cisse,
573 4955 662 5008 sed
711 4954 1011 5008 ortltodoxis
1041 4955 1093 5007 in
1125 4953 1332 5007 Oriente
1361 4957 1628 5025 fratribus,
1663 4964 1814 5023 atque
1842 4970 1983 5006 com-

380 5047 659 5110 ministtis,
698 5059 754 5100 ut
781 5049 996 5101 istorum
1023 5047 1289 5100 hominum
1337 5049 1596 5118 negotium
1651 5057 1979 5114 tractaretur,

360 5119 806 5205 ~hortontibus,’et
835 5139 972 5208 quod
1001 5158 1032 5193 a
1056 5157 1109 5194 se
1134 5142 1327 5212 factum
1360 5143 1528 5210 fuerat
1554 5181 1565 5199 ,
1601 5137 1985 5206 comprobanti-

384 5232 496 5297 bus,
535 5233 708 5285 omnia
733 5232 1008 5301 peregisse.
1034 5231 1234 5285 Deinde
1266 5240 1322 5284 ιιι
1346 5245 1559 5284 Omnem
1591 5230 1658 5284 de
1680 5246 1758 5293 se,
1783 5244 1988 5298 suaque

387 5323 651 5393 religione
695 5325 890 5376 malam
916 5322 1228 5392 Opinionem
1247 5322 1560 5393 depelleret,
1588 5320 1986 5393 apertissimum

388 5414 512 5468 litlei
547 5416 938 5483 proles~ionem
965 5417 1160 5485 jungit.

463 5504 611 5559 Hanc
636 5505 866 5577 Nysseni
908 5507 972 5562 ad
1001 5507 1333 5582 Sebaslenos
1361 5507 1643 5578 epistolam
1676 5509 1815 5565 idem
1855 5507 1990 5564 Zac-

472 5617 553 5691 (ᾳ)
592 5617 795 5691 ljaares.
827 5619 927 5691 72,
960 5636 1079 5690 pag.
1109 5617 1232 5674 845.

481 5688 559 5763 (b)
601 5688 755 5746 Prien
782 5690 848 5745 ad
883 5688 1002 5748 νεὶ.
1034 5691 1204 5755 Mon.,
1228 5705 1348 5762 cap.
1379 5689 1467 5745 ‘50.

569 5856 598 5873 Ι

2083 4581 2182 4632 ιιιίι
2213 4590 2335 4632 ante
2366 4579 2526 4643 hunc,
2559 4593 2718 4648 quem
2752 4577 3106 4647 ingredimur.
3140 4577 3388 4656 Diximus
3422 4559 3680 4672 Basiliam

2083 4671 2183 4726 tria
2219 4687 2246 4724 a
2278 4671 2509 4724 Datnaso
2538 4670 2900 4740 postulavisse
2930 4687 2941 4721 ε
2978 4668 3173 4742 primo,
3205 4679 3260 4722 ιιι
3291 4667 3598 4724 visitatores
3628 4667 3683 4742 in

2085 4765 2360 4820 Orientem
2392 4767 2662 4828 mittet-et,
2695 4764 2956 4830 secundo,
2977 4747 3038 4817 ut
3063 4745 3125 4828 ii,
3145 4778 3282 4834 quos
3308 4766 3570 4818 missurus
3597 4741 3686 4832 es-

2086 4869 2168 4912 set
2212 4874 2308 4927 pro
2338 4873 2431 4912 sna
2464 4857 2788 4912 auctoritate
2824 4853 3060 4927 legatos,
3099 4855 3206 4909 leni
3248 4857 3498 4928 ingenio,
3529 4851 3592 4911 ac

2087 4950 2250 5002 rebus
2295 4950 2520 5018 agendis
2568 4948 2868 5003 constantia
2906 4948 3118 5018 prtcditi
3149 4962 3355 5014 essent,
3404 4964 3466 5003 ac
3503 4965 3530 5001 a
3567 4943 3688 5015 par-

2090 5044 2217 5096 tium
2248 5043 2427 5095 studio
2461 5042 2624 5095 alieni
2647 5083 2662 5109 ,
2703 5059 2812 5112 quo
2846 5059 3042 5111 ttetnpe
3084 5044 3292 5098 lucilius
3320 5041 3690 5116 Antiochenqs

2093 5150 2281 5188 omnes
2322 5134 2387 5188 ad
2419 5150 2614 5200 unum,
2658 5136 2796 5188 sicut
2826 5127 3089 5204 optabat,
3117 5135 3389 5189 Mc-letium
3433 5119 3690 5210 transfer-

2093 5235 2213 5282 rcnt
2244 5244 2255 5279 :
2287 5228 2486 5293 tertio,
2517 5238 2575 5280 ιιι
2616 5242 2798 5281 secum
2832 5219 3122 5292 allerrent,
3167 5242 3287 5295 quae
3330 5225 3544 5277 decreta
3579 5220 3692 5302 lue-

2095 5331 2211 5375 raut
2245 5331 2364 5394 po~t
2392 5323 2735 5376 Arimineuse
2770 5303 3091 5384 concilium,
3122 5335 3227 5387 quo
3271 5319 3443 5386 ipsum
3476 5316 3690 5388 irritum

2094 5414 2258 5469 luisse
2287 5415 2618 5468 declaratum
2654 5415 2826 5483 palam
2858 5425 3106 5467 constare
3137 5420 3337 5479 liOrSCt.

2169 5511 2428 5580 Damasus
2457 5509 2634 5576 itaque
2666 5506 2882 5570 Basilii,
2930 5519 2992 5559 ac
3035 5505 3175 5558 forte
3219 5505 3378 5559 etiam
3411 5505 3694 5582 Athanasii

2176 5623 2251 5696 (ε)
2291 5619 2412 5710 Yid.
2445 5621 2505 5675 D.
2541 5619 2766 5700 Mat‘attt.
2789 5661 2802 5684 ,
2835 5618 2941 5702 Yit.
2996 5619 3192 5688 Basil.,
3226 5636 3345 5694 cap.
3381 5622 3470 5708 17.
