4150 6176
461 211 550 266 151

1555 189 1560 194 ’
1615 207 1930 266 sanares
1972 208 2291 265 nauasus
2330 211 2532 268 rara.

3655 220 3676 274 -l
3689 219 3758 276 52

452 327 682 384 consilio
707 328 998 382 obsecutus
1027 336 1129 390 est,
1160 340 1223 381 ac
1249 325 1506 380 Sabinum
1535 323 1820 379 diaconum
1846 322 2050 377 Medio-
2078 325 2126 384 A
2153 324 2349 381 deimle
2392 327 2445 382 in
2492 327 2771 385 Orientem
2817 330 2882 385 ad
2929 331 3305 401 Athanasium,
3357 343 3412 390 et
3457 335 3760 392 Basiliam?

455 419 698 474 lanensis
726 419 1007 480 Ecclesia,
1041 417 1238 472 deinde
1265 431 1420 482 vero,
1455 415 1760 482 utvidctur,
1791 414 2056 470 Placenti-

457 531 582 570 num
615 514 926 583 episcopum
951 510 1016 564 ad
1035 511 1338 565 Orientales
1358 511 1521 573 misit,
1547 510 1705 579 eique
1723 517 1837 562 acta
1860 508 2055 564 habita:

455 625 635 665 coram
666 623 725 662 se
755 615 880 660 ante
910 605 1182 659 biennium
1213 604 1427 675 synodi,
1457 618 1578 657 cmn
1613 602 1805 657 litteris
1838 611 1962 655 tunc
1987 601 2053 656 ad

453 708 701 777 Illyricos
732 703 947 771 scriptis
978 701 1294 770 perferenda
1334 700 1502 754 dedit.
1548 699 1683 753 lliuc
1711 714 1771 752 ea
1819 704 2057 768 synodus

455 800 601 853 hunc
629 814 690 850 ex
723 796 1004 850 llolstenio
1040 794 1250 848 titulttm
1283 793 1438 846 habet
1476 808 1488 846 :
1534 791 1841 863 Exemplum
1874 791 2058 860 synodi

454 889 644 943 habita:
677 889 853 942 Roma:
882 888 1241 958 rpiswporum
1269 885 1362 948 95,
1393 902 1455 938 ea:
1477 885 1726 952 rescripto
1758 885 2058 952 imperiali:

461 983 712 1036 Damasus
736 1023 749 1044 ,
805 980 1115 1034 Valerianus
1139 1022 1151 1041 ,
1195 978 1490 1032 Vitalianus
1509 1021 1521 1043 ,
1559 980 1795 1044 Auﬁdius
1819 1021 1830 1042 ,
1874 977 2057 1030 Pacia-

461 1094 577 1138 nus,
626 1075 829 1139 Victor,
860 1073 1099 1137 Primus,
1137 1071 1508 1136 Innocentius,
1543 1072 1846 1135 Almmlius,
1891 1069 2059 1123 Tlteo~

458 1172 629 1234 dolus,
663 1180 707 1223 et
741 1171 940 1233 ca'teri,
971 1171 1056 1238 qui
1085 1167 1152 1220 ad
1188 1168 1500 1221 audiendam
1537 1167 1780 1220 Auxentii
1811 1180 2056 1230 causam,

457 1263 908 1337 exponendamqu
951 1262 1104 1331 ﬁdem
1155 1263 1208 1314 in
1263 1259 1400 1314 Urbe
1453 1258 1619 1312 Roma
1664 1266 2010 1312 convenerunt
2039 1298 2054 1322 ,

458 1357 710 1428 episcopis
737 1355 1013 1408 Catholicis
1046 1371 1135 1423 per
1161 1353 1420 1406 Orientent
1460 1352 1755 1404 Constitutis
1794 1351 1846 1402 in
1880 1347 2060 1401 Domi-

461 1468 526 1505 no
557 1453 798 1505 salutent.
827 1452 901 1503 Ac
934 1451 984 1502 in
1011 1449 1114 1500 line
1147 1439 1262 1499 ha'c
1285 1445 1526 1499 clauSula
1560 1443 1802 1514 apposita
1828 1441 2058 1510 legitur:

469 1544 580 1615 Ego
626 1543 853 1597 Sabinus
901 1542 1149 1593 diaconus
1182 1537 1588 1592 Mediolanensis
1629 1538 1690 1590 de
1736 1536 2058 1602 authentico,

459 1653 522 1693 ex
567 1637 701 1690 actis
743 1636 948 1690 scilicet
992 1633 1058 1687 ad
1109 1632 1310 1702 lllyrici
1359 1631 1645 1699 epismpos
1691 1641 1848 1684 antea
1883 1628 2062 1684 missis

2159 418 2269 488 Ego
2308 435 2437 474 vero
2467 437 2571 476 non
2615 421 2770 478 facile
2817 424 3150 491 admiserim,
3184 443 3307 483 eum
3337 428 3624 485 diaconum
3659 432 3763 488 iter

2158 526 2312 566 suum
2347 530 2441 581 per
2471 515 2741 584 Illyricum
2775 518 3074 576 instituisse
3105 539 3119 576 :
3152 538 3274 578 nam
3306 525 3479 593 primo
3514 527 3761 583 terrestri

2159 603 2244 658 via
2273 607 2556 674 euntibus,
2606 610 2675 665 ab
2701 609 2939 677 Arianis,
2964 630 2992 667 a
3024 616 3221 683 quibus
3259 633 3356 687 pro
3387 619 3581 688 majori
3613 632 3764 690 parte

2160 697 2420 755 Ecclesia:
2458 703 2884 772 occupabantur,
2933 709 3227 763 timendum
3261 721 3421 766 erat:
3472 714 3671 770 deinde
3718 717 3764 771 si

2162 792 2386 862 pedibus
2414 810 2533 848 cum
2565 796 2836 852 Dorotheo
2867 799 2966 852 iter
3002 799 3224 864 fecerat,
3259 818 3357 856 cur
3386 822 3491 858 non
3525 817 3672 860 recta
3699 807 3766 861 ad

2162 885 2440 952 Basiliam,
2471 899 2524 942 et
2568 887 2898 957 Caesaream,
2948 910 3068 960 qtae
3120 911 3288 964 prima
3341 897 3511 968 longa:
3542 900 3682 966 vim,
3714 910 3764 956 et

2163 978 2363 1032 laboris
2403 981 2555 1048 quies
2589 983 2784 1044 fuerat,
2815 985 2908 1038 Sed
2941 984 3009 1039 ad
3038 986 3421 1055 Athanasium,
3465 989 3687 1046 divertit
3713 1001 3770 1048 et

2164 1073 2545 1127 Alexandriam
2577 1075 2731 1130 ?Ncc
2753 1077 2895 1130 aliud
2926 1080 3116 1132 suadet
3147 1079 3396 1145 Basilius,
3424 1097 3544 1136 cum
3572 1098 3770 1152 accep-

2165 1174 2244 1218 tas
2285 1167 2354 1219 ab
2384 1166 2616 1238 Illyricis
2645 1169 2898 1238 episcOpis
2928 1170 3137 1224 litteras
3186 1182 3448 1226 memorat
3477 1190 3488 1225 :
3520 1190 3640 1227 nam
3673 1175 3764 1243 qui

2165 1258 2241 1312 illi
2271 1259 2377 1312 sint
2405 1261 2550 1313 clare
2577 1261 2881 1330 eolligunus
2919 1278 2984 1314 ex
3031 1262 3378 1331 subsequenti
3417 1265 3641 1334 epistola
3673 1266 3766 1332 91,

2165 1350 2217 1404 iu
2243 1367 2345 1410 qua
2375 1353 2576 1406 mentio
2609 1353 2846 1422 injicitur
2881 1354 3037 1407 unius
3056 1353 3326 1408 Valeriani
3354 1357 3721 1426 Aquileiensis
3751 1396 3768 1420 ,

2166 1461 2325 1513 quem
2362 1445 2501 1497 idem
2554 1445 2784 1499 Basilius
2824 1445 3064 1500 locorum
3120 1448 3468 1514 proximitate
3512 1449 3770 1517 deceptus

2167 1535 2498 1607 Illyricorum
2513 1539 2808 1609 episcopum
2836 1549 2997 1592 vocat.
3020 1538 3166 1593 Fieri
3187 1540 3367 1609 itaque
3392 1539 3548 1596 facile
3573 1543 3765 1610 potuit,

2167 1635 2223 1681 ut
2271 1627 2501 1682 Sabinus
2535 1629 2707 1682 iturus
2748 1629 2801 1682 in
2844 1628 3119 1683 Orientem
3171 1645 3238 1684 ex
3277 1630 3488 1684 Damasi
3521 1631 3774 1686 mandato

461 1741 750 1798 exceptum
782 1730 921 1784 dedi.
953 1727 1213 1783 Sabinum
1248 1727 1390 1780 hunc
1423 1724 1841 1778 Mediolaneusis
1870 1721 2062 1777 Eccle-
2096 1715 2143 1774 B
2169 1720 2470 1790 Aquileiam
2499 1723 2796 1776 accesserit
2831 1721 2906 1775 "ad
2935 1721 3283 1775 Valerianum
3317 1722 3523 1790 ipsum,
3568 1723 3662 1794 qui
3689 1739 3776 1778 se-

587 1825 870 1878 diacouum
906 1821 1044 1874 forte
1079 1819 1339 1872 Damasus
1361 1817 1534 1890 probe
1562 1817 1834 1884 cognitum
1869 1814 2071 1868 habue-

463 1929 549 1975 rat
577 1916 864 1973 occasione
890 1913 1080 1986 synodi
1119 1921 1306 1966 contra
1335 1910 1660 1965 Auxentium
1689 1919 1846 1962 antea
1871 1922 2071 1963 convo-

463 2019 617 2064 catae.
665 2009 796 2062 lluic
826 2006 972 2061 enim
1002 2005 1093 2060 ille
1119 2003 1357 2058 adfuisse
1390 2001 1588 2070 potuit,
1627 2001 1706 2053 vel
1736 2015 1861 2054 cum
1899 2000 2069 2053 Euse-

466 2103 554 2154 hio
611 2099 939 2154 Vercellensi
972 2139 987 2160 ,
1038 2095 1130 2165 qui
1181 2093 1603 2149 Catholicorum'
1650 2091 2072 2146 Mediolaneusis

466 2195 726 2252 Ecclesia:
767 2207 952 2246 curam
1002 2189 1208 2243 interea
1241 2187 1469 2257 agebat,
1518 2195 1610 2238 aut
1660 2201 1781 2238 cum
1815 2184 2067 2250 Victore,

465 2305 623 2358 (ιιιι-ιιι
650 2287 978 2341 Placentina:
1012 2299 1108 2352 per
1141 2282 1258 2336 haec
1302 2290 1545 2350 tempora
1585 2277 1867 2350 pra-fuisse
1888 2319 1903 2345 ,
1930 2277 2072 2346 apud

470 2382 777 2453 Ughcllium
815 2380 1062 2450 legimus.

543 2475 598 2529 Si
635 2477 813 2544 itaque
856 2472 1058 2528 Mcletii
1089 2484 1307 2524 causam
1353 2467 1619 2535 excipias,
1673 2465 1741 2520 de
1789 2479 1891 2534 qua
1941 2462 2073 2516 nihil

469 2579 595 2622 tunc
625 2565 906 2620 deﬁnitum
945 2571 1193 2624 constat,
1229 2559 1426 2613 Basilio
1455 2559 1506 2611 itt
1539 2556 1750 2610 celeris
1782 2555 2072 2608 Damasum

469 2659 871 2716 obsecundasse
895 2656 1044 2711 vides
1077 2674 1088 2709 :
1122 2654 1254 2709 Nam
1283 2663 1336 2707 ct
1370 2653 1600 2720 legatum
1634 2650 1698 2704 ad
1735 2649 2069 2715 Orientales,

467 2764 524 2811 et
548 2766 664 2809 acta
697 2754 892 2806 habita:
920 2766 949 2803 a
976 2765 1037 2805 se
1065 2748 1257 2820 synodi
1290 2747 1466 2812 misit,
1508 2745 1700 2814 quibus
1731 2744 2076 2798 Ariminense

470 2847 758 2900 concilium
783 2859 1033 2899 eversum
1060 2857 1306 2911 prorsus,
1337 2840 1760 2909 abrogatumque
1782 2853 1810 2891 a
1835 2852 1892 2892 se
1911 2836 2076 2892 fuisse

469 2949 721 2995 constare
752 2948 955 3010 posset,
987 2946 1148 3005 atque
1177 2935 1298 2988 haec
1333 2945 1592 3003 praeterea
1623 2948 1745 2986 cum
1789 2932 2035 3001 prtestitit
2057 2972 2072 2996 ,

471 3048 535 3088 ea
564 3047 660 3086 sua
702 3033 1028 3084 auctoritate
1063 3027 1348 3097 praesritit,
1388 3036 1445 3079 ut
1499 3024 1641 3078 idem
1693 3022 1925 3078 Basilius
1959 3020 2074 3075 fieri

2171 1814 2381 1867 cundus
2435 1814 2502 1867 ab
2559 1814 2748 1868 eodem
2803 1814 3032 1867 Damaso
3083 1813 3134 1867 in
3182 1813 3486 1883 synodicw,
3539 1831 3659 1884 qua:
3706 1815 3774 1869 ad

2173 1907 2477 1963 Orientales
2519 1907 2827 1976 ferebatur,
2882 1908 3126 1978 epistola:
3176 1909 3424 1978 exemplo
3477 1909 3772 1977 inscriptus

2173 2011 2307 2063 erat,
2343 2015 2405 2054 ac
2437 2017 2644 2071 magna:
2676 2011 2936 2070 pra-terea
2983 2003 3032 2054 in
3076 2000 3367 2056 Occidente
3403 2001 3552 2056 urbis
3584 2001 3774 2056 Eccle-

2173 2093 2265 2146 sia:
2324 2103 2571 2162 prsecrat,
2636 2101 2728 2147 aut
2784 2093 3018 2161 aliquam
3072 2093 3233 2146 aliam
3278 2093 3348 2147 ob
3412 2107 3674 2158 causam;
3722 2102 3778 2148 at

2177 2185 2301 2240 inde
2357 2202 2425 2240 ex
2482 2187 2664 2257 aliquo
2718 2187 2992 2240 Dalmatia:
3045 2197 3136 2238 aut
3185 2185 3356 2239 lstria:
3403 2198 3560 2255 portu
3618 2185 3776 2241 facile

2177 2284 2338 2336 etiam
2377 2281 2590 2335 solvrre
2633 2279 3012 2335 Alexandriam
3061 2279 3252 2348 potuit,
3286 2295 3464 2348 neque
3499 2293 3634 2348 Opus
3671 2287 3782 2346 est,

2178 2382 2236 2430 ttt
2258 2375 2328 2430 ob
2355 2374 2494 2429 hanc
2533 2388 2748 2428 causam
2781 2375 2950 2442 prima
2979 2375 3080 2426 sub
3117 2372 3343 2425 Damaso
3376 2373 3651 2442 synodus,
3678 2386 3792 2425 cu-.

2173 2471 2262 2540 jus
2293 2471 2404 2524 hzec
2431 2471 2662 2541 epistola
2691 2480 2958 2541 superest,
2983 2469 3049 2523 ab
3079 2463 3244 2532 anno,
3277 2466 3364 2520 cui
3395 2482 3514 2522 eam
3545 2465 3779 2536 illigavi-

2181 2578 2320 2625 mus,
2355 2572 2718 2616 removeatur.

2249 2655 2480 2709 Sabinus
2521 2656 2699 2724 itaque
2756 2669 2877 2708 cum
2924 2653 3194 2707 Dorotheo
3263 2651 3492 2706 diacono
3542 2651 3780 2705 Alexan-

2179 2747 2354 2801 driam
2386 2748 2612 2816 appulit,
2646 2746 2832 2817 primis
2879 2747 3039 2814 hujus
3067 2746 3189 2799 anni
3245 2744 3524 2798 mensibus
3556 2743 3658 2812 (ὁ),
3692 2744 3785 2796 lit-

2181 2850 2436 2910 terasque
2467 2857 2494 2894 a
2547 2841 2776 2893 Damaso
2817 2839 3000 2892 attulit
3037 2836 3366 2899 Athanasio,
3405 2851 3434 2889 a
3476 2851 3582 2905 quo
3613 2835 3780 2890 etiam

2183 2935 2366 2987 missa:
2397 2934 2462 2986 ad
2507 2931 2765 2986 Basilium
2799 2939 2942 2996 sunt,
2986 2945 3108 3000 qua:
3137 2931 3202 2982 ad
3235 2943 3358 2983 eum
3413 2927 3780 2996 pertinebant,

2183 3027 2444 3096 Synodica
2467 3027 2666 3079 scilicet
2690 3023 2916 3078 Romani
2946 3025 3184 3088 concilii,
3214 3039 3333 3094 qua:
3353 3026 3501 3078 abeo
3529 3021 3784 3076 Occiden-

470 3134 730 3196 oportere
775 3132 1078 3177 monuerat.
1124 3121 1261 3175 lliuc
1290 3133 1384 3172 eos
1417 3118 1652 3188 probare
1681 3131 1784 3168 non
1832 3128 2073 3184 possum,

2186 3122 2367 3175 talium
2420 3119 2640 3184 dicitur,
2678 3134 2741 3172 ac
2785 3117 3145 3187 quorumdam
3199 3127 3461 3186 prmterea
3494 3132 3560 3171 ex
3611 3114 3780 3170 Gallia

475 3223 564 3290 qui
597 3227 781 3287 putant
826 3215 1158 3270 Dorotheum
1195 3215 1417 3267 llomatu
1456 3209 1742 3264 advenisse
1783 3209 1884 3262 sub
1917 3208 2075 3260 linem

477 3312 838 3386 praecedentis
866 3311 1014 3373 anni,
1049 3323 1280 3376 cumque
1306 3321 1368 3360 ea
1411 3305 1650 3376 synodus
1670 3344 1686 3368 ,
1716 3318 1816 3372 qua
1861 3301 2080 3356 Auxen-

480 3410 586 3462 tius
616 3407 905 3460 damnatus
946 3413 1060 3468 est,
1088 3403 1174 3456 vel
1217 3399 1392 3454 adhuc
1422 3404 1744 3466 Congregata
1778 3395 1947 3458 foret,
1996 3393 2078 3445 vel

474 3499 635 3570 paulo
662 3507 822 3563 ante,
856 3511 1109 3564 quameo
1141 3492 1455 3555 adveniret,
1489 3490 1752 3544 dissoluta
1799 3494 1964 3550 esset,
2011 3486 2085 3552 ip-

480 3607 597 3645 sum
644 3587 841 3643 deinde
874 3587 1034 3642 rebus
1076 3585 1331 3640 celeriter
1357 3582 1621 3637 confectis
1662 3581 1854 3634 iterum
1883 3578 2084 3632 di-ces-

475 3683 616 3739 sisse
642 3696 763 3735 cum
794 3679 1018 3739 Sabino,
1063 3678 1152 3747 qui
1183 3678 1326 3731 circa
1359 3675 1563 3729 Pascha
1611 3673 1771 3739 hujus
1826 3659 1952 3724 anui
1995 3671 2085 3722 lit«

481 3785 625 3830 teras
647 3772 945 3830 Athanasio
971 3769 1318 3825 Alexandria:
1347 3766 1599 3821 reddidit.
1637 3762 1903 3830 Quidquid
1939 3760 2082 3814 enim

481 3867 548 3920 sit
600 3867 666 3919 de
698 3874 965 3931 tempore,
1016 3877 1122 3927 quo
1179 3861 1438 3912 diaconus
1496 3856 1585 3908 ille
1630 3853 1856 3906 Reman:
1908 3852 2082 3917 venit,

476 3966 637 4024 atque
670 3955 795 4006 inde
821 3954 952 4005 abiit
982 3967 1101 4004 cum
1135 3948 1356 4025 $abino,
1390 3946 1533 4015 qttod
1563 3945 1700 3999 bene
1732 3942 2084 3997 Constitutunt

479 4054 607 4116 puto
629 4086 642 4108 ,
685 4044 728 4097 si
761 4041 1002 4114 synodus
1028 4041 1202 4110 aliqua
1238 4049 1362 4092 tunc
1390 4038 1574 4091 Ruina:
1607 4036 1903 4090 habebatur
1926 4077 1939 4098 ,
1967 4052 2086 4105 qua:

478 4156 637 4195 causa
668 4147 751 4193 est
789 4152 887 4192 cur
925 4137 1182 4189 l):uuasus
1225 4149 1330 4188 non
1361 4133 1566 4188 litteras
1592 4131 1656 4185 ad
1688 4131 1992 4186 Orientales
2020 4147 2086 4186 ex

481 4235 584 4286 hac
628 4233 739 4300 ipsa
788 4228 998 4301 synodo
1024 4268 1037 4291 ,
1071 4229 1163 4281 sed
1197 4227 1504 4294 exemplum
1541 4224 1914 4278 tantummodo
1944 4225 2085 4280 litte-

480 4340 660 4380 rarum
689 4323 755 4377 ad
785 4322 1025 4394 Illyricos
1046 4328 1202 4375 antea
1226 4325 1548 4392 scriptarum
1579 4320 1780 4375 Sabino
1812 4321 2089 4389 perferen-

479 4419 608 4474 dum
662 4417 911 4473 dederit?
960 4433 1025 4470 au
1079 4417 1382 4472 Sozmneno
1429 4415 1589 4480 forte,
1635 4431 1697 4469 ac
1743 4415 2086 4469 Theodoreta

479 4513 909 4570 Occidentalium
943 4512 1134 4584 magis,
1167 4528 1326 4583 quam
1355 4509 1707 4566 Orientalium
1740 4525 1826 4564 res
1857 4511 2085 4579 cognita:

481 4607 654 4673 fuere,
690 4605 1078 4675 utsynodicam
1110 4605 1326 4675 quidem
1359 4605 1631 4674 legerent,
1662 4619 1780 4671 qua:
1813 4602 1878 4655 ad
1915 4604 2084 4673 Illyri-

481 4711 575 4749 cos
607 4699 806 4766 sci-ipta
843 4707 954 4760 est,
996 4714 1114 4768 qua:
1143 4713 1274 4750 vero
1304 4697 1494 4750 eodem
1529 4706 1771 4763 tempore
1799 4695 1862 4747 ad
1897 4694 2082 4749 Orien-

481 4788 610 4842 tales
651 4789 808 4841 allata
850 4791 1130 4854 asseritur,
1161 4789 1295 4842 clam
1331 4789 1450 4840 illos
1481 4786 1679 4840 fuerit"
1708 4786 1776 4840 At
1806 4787 2088 4857 inquiunt,

483 4879 719 4937 Sabinus
747 4881 1006 4931 diaconus
1036 4896 1128 4944 per
1167 4878 1436 4949 Illyricum
1483 4879 1584 4931 iter
1633 4879 1825 4933 fecisse
1868 4878 2084 4945 debuit,

483 4976 749 5047 siquidem
790 4975 995 5028 litteras
1023 4976 1089 5030 ab
1129 4991 1314 5028 eorum
1349 4976 1588 5028 locorum
1621 4975 1890 5044 episcopis
1940 4975 2086 5029 Basi-

483 5070 559 5124 lio
595 5065 859 5131 reddidit,
895 5067 984 5138 qui
1017 5075 1298 5135 propterea
1333 5067 1438 5119 illis
1469 5067 1717 5136 privatim
1761 5082 1821 5121 se
1855 5067 2086 5134 rescrip-

485 5163 624 5217 sisse
673 5163 748 5215 ait
776 5158 895 5232 (a):
948 5176 1106 5230 quam
1141 5173 1269 5213 vero
1296 5159 1454 5211 aliam
1487 5159 1557 5211 ob
1607 5173 1824 5211 causam
1879 5159 1944 5212 ad
1991 5175 2083 5214 eas

483 5257 730 5323 regiones
759 5265 1070 5324 penetrasse
1104 5252 1296 5322 potuit,
1330 5266 1488 5318 quam
1515 5259 1571 5302 ut
1594 5251 1906 5318 synodicam
1940 5252 2080 5306 illaut

485 5343 712 5400 Romani
743 5348 955 5402 concilii
986 5345 1268 5416 epistolam
1297 5343 1469 5414 primo
1495 5341 1560 5396 ad
1593 5341 1712 5395 illos
1745 5341 1932 5409 ferret,
1969 5352 2078 5396 tum

563 5503 640 5572 (τι)
686 5503 797 5572 Nos
835 5509 971 5560 nacti
1001 5508 1275 5561 diaconum
1302 5504 1554 5561 Sabinum
1579 5503 1641 5556 ab
1667 5501 1772 5554 illis
1801 5499 2086 5572 (Occidens

489 5568 709 5647 talibus)
747 5577 956 5628 missum
988 5575 1379 5647 scripsimusad
1425 5574 1700 5647 Illyricos,
1720 5585 1764 5624 et
1793 5571 1860 5647 ad
1905 5568 2076 5647 Italia;

485 5653 531 5697 et
555 5643 738 5718 Gallia:
761 5647 1040 5718 episcopos,
1081 5642 1125 5702 et
1153 5645 1403 5718 quosdam
1429 5642 1702 5718 alt'oslqni
1744 5643 1978 5712 privatim
2009 5642 2077 5694 ad

490 5730 582 5769 nos
609 5715 804 5767 litteras
835 5716 1100 5770 dederant.
1130 5715 1298 5790 Epist.
1335 5718 1428 5781 89,
1462 5718 1528 5774 ad
1555 5716 1734 5771 Melet.

2113 4481 2166 4540 D

2184 3216 2594 3284 episcoporum,
2647 3227 2712 3265 ac
2758 3209 3026 3264 Valeriani
3085 3210 3449 3279 Aquileiensis
3501 3208 3778 3278 epistolas.

2184 3307 2264 3362 Au
2303 3309 2562 3359 Damasus
2595 3315 2790 3372 przeter
2809 3302 3126 3373 synodicam
3159 3302 3327 3367 illam,
3360 3302 3492 3357 alias
3515 3299 3778 3366 adjunxc-

2186 3397 2254 3452 rit
2284 3397 2348 3450 ad
2390 3395 2638 3450 cutudctn
2672 3395 2926 3448 Basilinnt
2957 3395 3168 3448 litteras
3219 3391 3464 3462 privatim
3518 3391 3771 3459 scriptas,

2187 3505 2431 3544 asserere
2481 3504 2587 3542 non
2626 3487 2798 3541 ausim
2826 3504 2839 3540 :
2865 3502 2962 3540 cur
3007 3487 3150 3542 enim
3194 3502 3298 3540 non
3339 3501 3432 3540 eas
3478 3484 3568 3539 ille
3595 3497 3786 3538 recen»

2187 3583 2385 3636 suisset
2412 3582 2552 3634 inter
2586 3587 2833 3646 caeteras,
2865 3595 2997 3649 quas
3036 3593 3094 3632 se
3134 3581 3408 3648 accepisse
3438 3577 3507 3630 ait
3545 3575 3664 3646 ejus
3691 3591 3784 3646 ge-

2190 3675 2336 3728 neris
2384 3673 2646 3742 epistolas
2693 3673 2764 3743 (c)
2797 3688 2918 3726 cum
2952 3671 3233 3725 Romanus
3286 3672 3574 3740 episcopus
3609 3669 3784 3737 primo

2189 3767 2310 3820 loco
2360 3767 2634 3832 collocari,
2671 3782 2731 3821 ac
2788 3770 3076 3820 IllCll‘lOl‘tll'l
3112 3765 3414 3820 debuisset?
3443 3764 3599 3819 Aliud
3648 3778 3783 3820 vero

2189 3859 2398 3912 videtur
2431 3859 2561 3912 mihi
2590 3861 2938 3914 statuendum
2993 3875 3113 3913 cum
3145 3857 3462 3921 Athanasio,
3493 3858 3608 3912 sive
3656 3856 3780 3927 quia

2187 3949 2416 4005 Sabinus
2443 3950 2642 4004 dimitti
2668 3951 2733 4005 ad
2767 3967 2888 4005 eum
2921 3967 3026 4005 non
3050 3951 3237 4004 debuit
3261 3951 3379 4005 sine
3419 3951 3634 4014 litteris,
3667 3950 3780 4003 sive

2189 4043 2311 4111 quia
2344 4042 2572 4096 Damaso
2599 4046 2847 4112 cognitus
2896 4060 2958 4097 ac
2999 4043 3284 4098 familiaris
3335 4043 3502 4097 fuisse
3547 4042 3776 4106 videtur,

2190 4136 2307 4188 sive
2351 4134 2493 4203 quod
2539 4136 2760 4205 scriptis
2809 4136 2874 4189 ad
2922 4137 3206 4191 Damasum
3239 4151 3268 4189 a
3321 4135 3518 4190 Basilio
3565 4135 3779 4199 litteris,

2188 4243 2322 4298 quas
2363 4229 2744 4296 expendimus,
2790 4245 2917 4283 suas
2968 4231 3106 4284 alter
3162 4241 3381 4299 rogatus
3435 4229 3778 4299 adjuuxcrat,

2189 4327 2302 4379 sive
2329 4325 2560 4394 denique
2588 4327 2708 4396 quia
2736 4327 2820 4380 vix
2853 4326 2964 4380 fieri
2990 4336 3188 4396 potest,
3212 4327 3342 4397 quin
3373 4327 3590 4397 aliquod
3617 4327 3778 4380 etiam

2194 4419 2417 4473 missum
2454 4418 2630 4474 cidem
2657 4418 2818 4473 fuerit
2848 4419 2913 4473 ad
2968 4435 3077 4485 res,
3111 4436 3230 4489 quae
3290 4429 3415 4473 tunc
3462 4419 3780 4489 agebantur,

2195 4513 2556 4568 necessarimn
2596 4515 3092 4569 connuonitorium.
3128 4515 3262 4568 llinc
3312 4515 3552 4570 substitit
3587 4514 3783 4569 Medio-

2191 4607 2428 4661 laueusis
2472 4607 2558 4660 hic
2602 4607 2862 4661 diaconus
2903 4608 3375 4676 aliquotemporis
3423 4608 3600 4676 spatio
3643 4606 3783 4676 apud

2192 4697 2567 4762 Athanasium,
2600 4708 2709 4752 tum
2741 4699 2934 4754 deinde
2958 4698 3261 4754 Ctesarcam
3291 4699 3602 4755 accessitad
3634 4699 3785 4754 Basi-

2190 4791 2345 4854 liuut,
2379 4792 2464 4860 qui
2495 4801 2776 4861 propterea
2801 4794 3047 4846 solatium
3076 4793 3293 4863 aliquod
3343 4795 3554 4864 cepisse
3596 4793 3669 4846 ait
3710 4808 3782 4847 ex

2194 4885 2603 4939 Occidentalium
2651 4886 2864 4953 litteris,
2903 4887 3050 4940 velut
3077 4903 3196 4956 qua:
3222 4895 3383 4940 rectae
3423 4901 3609 4940 eorum
3634 4884 3782 4950 fidei,

2193 4985 2247 5030 et
2275 4977 2488 5031 invicta:
2531 4980 2579 5030 in
2625 4994 2686 5032 ea
2719 4979 2998 5033 retinenda
3046 4979 3355 5033 concordia:
3405 4985 3783 5047 argumentum

2193 5077 2396 5133 essent,
2423 5067 2675 5136 additque
2702 5069 2953 5124 solatium
2975 5068 3104 5123 illud
3133 5080 3346 5125 auctum
3379 5070 3575 5126 deinde
3597 5069 3785 5125 Sabini

2191 5158 2400 5213 diaconi
2430 5161 2658 5214 adventu
2681 5160 2782 5231 (ά).

2260 5251 2323 5306 Il.
2364 5253 2443 5306 Ad
2475 5255 2568 5307 has
2608 5268 2787 5310 autem
2822 5256 3108 5326 synodieas
3145 5256 3352 5311 litteras
3388 5256 3618 5328 lllyricis
3670 5258 3781 5324 pri-

2190 5361 2357 5411 mmn,
2387 5353 2494 5400 tum
2521 5346 2717 5403 deinde
2761 5348 3127 5412 Orientalibus
3154 5350 3462 5420 inscriptas,
3507 5359 3562 5404 et
3603 5358 3780 5402 trans-

2264 5503 2340 5587 to)
2375 5504 2487 5587 vn.
2523 5505 2711 5587 Basil.,
2737 5521 2859 5587 cap.
2888 5507 2981 5574 ~22,
3014 5522 3161 5562 num.
3195 5507 3247 5561 δ.

2257 5575 2330 5720 ἕο)
2375 5576 2492 5659 Vid.
2523 5576 2688 5646 Epist.
2734 5575 2824 5633 89.

2281 5646 2337 5718 d)
2385 5649 2551 5718 Epist.
2577 5648 2665 5703 90.

2281 5646 2337 5718 d)
2385 5649 2551 5718 Epist.
2577 5648 2665 5703 9o.
