4150 6176
327 299 430 354 155

318 513 416 576 ait,
449 512 879 566 controversiam
912 511 1086 574 illam,
1122 527 1241 580 qua:
1261 512 1371 580 jam
1416 513 1624 580 pridem
1679 513 1919 582 agitaba—

322 613 434 669 tur,
471 603 658 658 Utrum
693 603 929 672 Spiritus
972 611 1192 658 sanctus
1225 603 1366 658 Patri
1400 613 1455 658 et
1501 605 1637 659 Filio
1689 606 1924 662 consub-

321 695 602 749 stantialis
647 693 958 748 censendus
989 705 1166 760 esset,
1198 695 1402 763 judicio
1448 695 1706 751 Romanae
1739 697 1924 751 Eccle-

322 786 425 840 site
457 785 816 848 terminatam,
861 793 924 838 ac
956 785 1232 840 deﬁnitam
1280 787 1576 853 quievisse,
1626 790 1806 843 statim
1860 804 1923 844 ac

322 881 591 935 Romanus
613 885 883 953 episcopus
911 881 974 934 de
1002 897 1061 934 ea
1083 883 1270 934 certior
1292 884 1460 953 [actus
1492 884 1699 952 scripsit
1727 883 1794 936 ad
1822 882 1924 936 Ec-

323 977 507 1031 clesias
555 975 784 1029 Orientis
827 977 1047 1038 litteras,
1084 985 1136 1028 ut
1161 992 1267 1038 una
1306 993 1422 1029 cum
1478 978 1849 1032 sacerdotibus.
1877 986 1924 1031 et

316 1069 573 1138 episcopis
621 1067 1040 1121 Occidentalibus
1070 1065 1400 1133 Trinitatem,
1428 1077 1477 1122 et
1505 1067 1920 1122 consubstantia-

315 1163 413 1217 lem
440 1179 574 1225 esse,
622 1172 669 1215 et
728 1161 894 1234 gloria
925 1163 1175 1232 aequalem
1233 1162 1710 1232 existimareut(a).
1769 1163 1922 1228 Quod

315 1253 563 1325 profecto
593 1254 972 1323 gravissimum
1001 1263 1087 1307 est
1115 1256 1377 1323 supremi,
1405 1270 1466 1307 ac
1512 1254 1924 1310 irrcforntabilis

314 1348 691 1404 Romanorum
740 1345 1054 1412 pontiﬁcum
1113 1346 1165 1398 in
1208 1347 1389 1399 causis
1424 1345 1547 1399 ﬁdei
1599 1345 1922 1400 d..-ﬁniettdis

315 1440 514 1509 judicii
544 1445 914 1509 argumentum
951 1435 1206 1507 (b).Sunt
1235 1438 1323 1505 qui
1358 1437 1459 1493 hoc
1489 1437 1685 1492 factum
1707 1438 1923 1492 Liberio

318 1533 660 1596 attribuunt,
688 1548 749 1585 eo
777 1531 920 1601 quod
940 1531 1190 1601 sequenti
1223 1532 1422 1586 deinde
1449 1534 1627 1601 capite
1658 1533 1775 1601 ejus
1803 1534 1920 1586 obi-

313 1638 452 1686 tum.
487 1644 550 1680 ac
604 1626 821 1679 Damasi
860 1625 1181 1680 electionem
1241 1625 1576 1680 Sttzomenus
1621 1637 1834 1680 narret:
1869 1636 1925 1681 at

311 1723 371 1777 in
397 1722 706 1778 Sozomeno
736 1720 934 1774 frustra
964 1734 1111 1787 Stepe
1137 1735 1344 1784 rerum,
1373 1736 1436 1776 ac
1480 1723 1740 1792 temporis
1779 1722 1923 1776 ordi-

1690 299 2220 362 PBOLEGOMENA.

316 419 536 482 missas,
569 425 781 487 aperte,
818 415 873 471 ni
921 415 1097 482 fallor,
1135 416 1472 473 Sozomenus
1502 418 1744 489 respicit,
1797 435 1918 476 cum
1948 429 2000 488 Α

3513 315 3645 373 151

2101 425 2190 481 Ill.
2231 426 2335 484 Sed
2369 435 2426 483 ut
2452 428 2503 484 in
2546 429 2684 484 viam
2714 439 2981 498 revertar,
3019 433 3248 488 Basilius
3270 434 3508 506 acceptis
3536 435 3625 492 lit-

2025 520 2191 583 teris,
2240 522 2648 578 rescribendum
2707 526 2917 580 censuit
2976 525 3174 593 triplici
3228 527 3458 597 epistola
3506 527 3614 598 (ά),

2025 628 2253 682 quarum
2284 616 2454 684 prima
2501 615 2857 671 Sanctissimis
2899 617 3148 688 fratribus
3202 617 3620 674 Occidentalibus

2025 708 2293 777 episcopis,
2351 709 2523 763 altera
2557 707 2838 763 Valeriano“
2886 709 3236 777 Aquileiensi,
3288 711 3444 765 tertia
3493 725 3624 766 vero

2022 800 2090 852 ad
2121 799 2284 854 Italos
2308 811 2352 854 et
2383 800 2561 855 Gallos
2593 801 2850 870 inscripta
2873 810 2976 856 est.
3008 803 3079 856 At
3105 818 3226 873 quae
3261 802 3612 858 Occidentali-

2024 891 2116 945 bus
2165 893 2504 958 inscribitur,
2547 907 2609 946 ac
2653 894 2862 962 privato
2894 893 3076 948 Basilii
3142 896 3359 950 nomine
3398 905 3620 952 exarata

2025 993 2131 1048 est,
2165 984 2228 1037 ad
2263 984 2424 1038 ltalos
2449 996 2501 1040 et
2528 984 2731 1048 Gallos,
2761 999 2883 1056 quas
2908 1001 3039 1042 vero
3059 986 3129 1040 ad
3168 986 3336 1041 Italos
3364 999 3410 1042 et
3442 987 3619 1042 Gallos

2025 1078 2237 1132 titulum
2285 1078 2471 1144 habet,
2527 1083 2914 1149 communique
2975 1080 3203 1134 aliorum
3257 1080 3616 1136 Orientalium

2026 1171 2246 1225 nomine
2275 1171 2473 1242 scripta
2496 1172 2668 1228 estad
2699 1171 3055 1228 Occidentales
3073 1215 3087 1240 ,
3111 1184 3164 1228 et
3187 1173 3472 1228 Damasum
3501 1189 3626 1242 pcr-

2025 1264 2180 1329 tiuet,
2209 1280 2501 1336 erroreque
2533 1265 2754 1332 factum,
2791 1276 2847 1321 ut
2869 1282 3026 1322 secus
3055 1281 3118 1322 ac
3139 1267 3424 1336 oportebat
3450 1269 3616 1323 incri-

2025 1357 2278 1412 berentur
2301 1357 2393 1429 (e).
2419 1358 2622 1414 Omnes
2645 1359 2870 1425 Sabino,
2901 1359 3056 1429 cujus
3085 1361 3248 1414 etiam
3275 1361 3326 1415 in
3370 1361 3436 1415 iis
3469 1376 3622 1417 men-

2025 1451 2100 1505 tio
2131 1461 2234 1517 est,
2263 1461 2390 1507 tunc
2421 1453 2475 1506 in
2506 1452 2857 1509 Occidentem
2901 1469 3189 1510 reversuro
3214 1455 3424 1510 tradita:
3470 1464 3617 1523 sunt,

2026 1553 2084 1596 ut
2133 1543 2511 1598 redderentur.
2553 1543 2795 1614 Utraque
2822 1545 2910 1600 illa
2955 1546 3212 1601 Romamn
3263 1546 3379 1617 ejus
3430 1547 3625 1619 synodi

2025 1635 2493 1706 deﬁnitiones-que,
2526 1639 2891 1708 scriptamque
2921 1638 2988 1691 ab
3014 1653 3076 1694 ea
3100 1629 3386 1708 epistolam
3412 1638 3617 1707 laudat,

2026 1736 2080 1781 et
2127 1728 2557 1797 complectitur:
2606 1738 2662 1782 at
2701 1729 2953 1796 Basilius,
2997 1745 3118 1784 cum
3162 1729 3311 1785 Italis
3362 1739 3418 1785 et
3453 1729 3624 1785 Gallis

310 1832 440 1872 nem
469 1829 706 1887 qureras,
756 1829 915 1885 quem
945 1815 995 1867 in
1037 1813 1141 1869 hoc
1179 1815 1447 1884 prmcipne
1477 1815 1596 1869 loco
1643 1816 1916 1869 inversum
1951 1816 1994 1875 Β
2024 1819 2232 1879 scribit.
2267 1835 2453 1874 eorum
2489 1836 2677 1889 preces
2725 1836 2992 1890 opemque
3040 1821 3344 1889 desiderat,
3381 1829 3439 1875 ut
3475 1820 3618 1891 apud

309 1910 486 1965 fuisse
511 1909 869 1978 apertissime
899 1915 1112 1962 constat
1149 1926 1160 1960 :
1195 1909 1426 1978 quaestio
1473 1910 1615 1963 enim
1662 1909 1729 1962 de
1782 1910 1918 1962 divi-

311 2006 486 2060 nitate
513 2005 684 2058 sancﬁ
724 2002 960 2072 Spiritus
989 2014 1116 2056 ante
1143 2002 1428 2058 duodecim
1481 2003 1699 2057 circiter
1745 2017 1916 2056 annos

311 2097 516 2167 agitari
545 2105 820 2164 cceperat:
853 2104 1050 2149 atcutu
1081 2095 1454 2150 Macedoniani
1489 2096 1555 2148 ah
1586 2095 1820 2160 Ariauis,
1864 2102 1920 2149 et

315 2190 552 2245 Valente
583 2189 750 2243 vexati
776 2188 1075 2242 Catholicis
1105 2190 1157 2242 in
1202 2191 1437 2256 speciem
1468 2204 1588 2242 sese
1633 2187 1915 2257 adjunxis~

312 2291 469 2348 sent,
511 2281 733 2337 bzeresis
781 2281 874 2336 illa
921 2291 1046 2334 tunc
1077 2280 1397 2335 delitescere
1455 2282 1629 2347 potius
1665 2281 1716 2335 in
1767 2289 1919 2335 tene-

310 2376 453 2438 bris,
490 2390 649 2442 quam
692 2375 932 2444 extingui
965 2373 1080 2426 visa
1103 2385 1203 2428 est.
1233 2375 1368 2428 llinc
1402 2373 1620 2438 factum,
1657 2383 1714 2427 ttt
1764 2373 1920 2428 Libe-

309 2470 427 2523 rius
459 2483 488 2520 a
521 2468 693 2521 tribus
723 2469 827 2520 illis
859 2467 1244 2536 Lampsacenze
1267 2465 1458 2535 synodi
1487 2466 1672 2535 legatis
1697 2465 1919 2520 minime

311 2558 554 2630 petierit,
579 2571 633 2613 ttt
661 2559 995 2613 divinitatem
1024 2560 1193 2613 sancti
1224 2559 1459 2627 Spiritus
1477 2568 1662 2626 aperte
1697 2557 1919 2627 proﬁte-

315 2664 526 2716 rentur,
552 2652 647 2706 sed
678 2651 783 2706 ﬁde
811 2661 1017 2706 tantum
1050 2651 1266 2705 Nicaena
1297 2660 1590 2706 contentus
1617 2650 1732 2704 fuit.
1766 2650 1918 2704 Tunc

314 2744 500 2814 itaque
540 2752 704 2812 caput
748 2744 998 2797 attollere
1026 2759 1218 2796 rursus
1268 2744 1454 2812 coepit,
1501 2754 1780 2812 postquam
1833 2757 1920 2797 res

319 2854 457 2909 pene
489 2839 822 2907 compositas
858 2839 909 2891 in
957 2837 1248 2891 Thianensi
1285 2837 1495 2907 synodo
1528 2837 1740 2906 triginta
1789 2851 1921 2905 qua-

319 2943 442 2987 tuor
475 2933 718 3002 episcopi
765 2947 796 2985 a
838 2931 1063 3001 reliquis
1092 2931 1401 2985 secessione
1436 2929 1571 2983 facta
1607 2929 1920 2999 perturbas-

317 3035 440 3079 sent
464 3021 562 3097 (c),
589 3039 724 3092 Opus
755 3039 989 3093 namque
1035 3021 1149 3079 fuit.
1175 3031 1230 3075 ιιι
1267 3023 1461 3075 itettnn
1493 3032 1824 3092 serpentem,
1857 3036 1921 3075 ac

315 3119 495 3190 palam
544 3118 899 3188 prodeuntem
952 3118 1203 3172 haeresim
1254 3118 1512 3170 Damasus
1562 3117 1765 3187 judicio
1817 3133 1918 3172 suo

2019 1911 2323 1967 Orientales
2367 1927 2578 1981 quoque
2607 1913 2776 1967 libere
2830 1912 3064 1981 proferri
3127 1914 3298 1982 possit
3342 1911 3475 1966 bona
3517 1912 3614 1966 illa

2022 2003 2241 2058 Patrum
2290 2006 2667 2076 promulgatio,
2736 2005 2979 2069 infamem
3029 2004 3139 2058 Arii
3194 2004 3428 2058 Itwresint
3467 2019 3611 2058 ever-

2020 2108 2154 2160 tens,
2193 2097 2451 2153 Ecclesias
2498 2114 2615 2152 vero
2659 2100 2710 2152 in
2761 2115 2886 2152 sana
2939 2098 3175 2152 doctrina
3209 2097 3510 2164 (edi/icans,
3559 2099 3616 2153 in

2020 2207 2118 2260 qua
2162 2187 2359 2244 Filium
2399 2190 2547 2244 Patri
2577 2191 3063 2245 consubstantialem
3099 2190 3431 2259 conﬁtemur,
3465 2199 3616 2261 atque

2023 2282 2253 2351 Spiritus
2298 2291 2504 2336 sanctus
2554 2284 2668 2351 pari
2711 2282 2904 2337 honore
2942 2281 3095 2336 simul
3122 2291 3170 2335 et
3208 2289 3536 2346 numeratur,
3571 2290 3620 2336 et

2022 2378 2274 2432 aduratur
2305 2394 2323 2431 :
2362 2387 2418 2431 ut
2461 2394 2611 2448 quam
2657 2376 2795 2431 vobis
2835 2375 3085 2430 Dominus
3115 2375 3255 2429 dedit
3288 2390 3381 2446 pro
3413 2373 3620 2430 veritate

2023 2471 2306 2526 libertatem
2334 2512 2348 2533 ,
2391 2481 2437 2524 et
2466 2471 2519 2525 in
2545 2471 2732 2525 divina:
2757 2470 3102 2533 salutarisque
3131 2467 3398 2521 Trinitatis
3421 2469 3622 2536 confes-

2021 2565 2164 2617 sione
2209 2565 2562 2636 gloriatianem
2582 2604 2596 2627 ,
2629 2566 2760 2617 lianc
2779 2602 2793 2626 ,
2821 2571 2869 2616 et
2895 2561 3041 2615 nobis
3082 2576 3172 2631 per
3198 2569 3388 2614 vestras
3415 2574 3619 2628 preces,

2023 2676 2268 2727 Opemque
2309 2669 2526 2713 vestram
2557 2659 2830 2730 largiatur.
2861 2655 2996 2710 Cum
3043 2671 3172 2710 vero
3202 2653 3617 2721 Occidentales,

2026 2754 2346 2814 Damasum,
2379 2754 2585 2807 scilicet
2623 2763 2961 2821 craterasque
2987 2751 3088 2805 sub
3116 2765 3183 2804 eo
3211 2749 3471 2804 collectos
3501 2748 3623 2818 epi-

2021 2862 2220 2917 sc0pos
2243 2846 2537 2916 alloquitur
2567 2845 2841 2900 communi
2871 2845 3091 2899 nomine
3111 2886 3126 2910 ,
3154 2843 3274 2912 ejus
3295 2858 3516 2913 operam
3537 2851 3623 2896 at-

2023 2955 2128 3010 que
2174 2939 2550 2994 auctoritatem
2604 2939 2886 3008 postulat,
2940 2948 3101 3008 atque
3155 2945 3346 3006 Optat,
3403 2941 3460 2990 ut
3510 2950 3620 2989 non

2027 3050 2165 3088 unus
2190 3075 2205 3098 ,
2253 3045 2342 3088 aut
2373 3033 2513 3088 alter
2540 3076 2553 3099 ,
2597 3043 2655 3088 ttt
2683 3043 2838 3088 antea
2858 3075 2872 3098 ,
2904 3032 2996 3087 sed
3031 3032 3214 3100 plures
3241 3047 3306 3086 ex
3335 3031 3620 3100 episcopo-

2024 3145 2144 3183 rum
2191 3137 2370 3193 creto,
2416 3144 2479 3183 ac
2515 3128 2661 3182 nulla
2707 3127 3025 3196 interposita
3071 3142 3222 3181 mora
3264 3127 3314 3180 in
3342 3125 3620 3180 Orientem

317 3211 710 3279 proscriberet,
762 3211 847 3263 cui
874 3209 1101 3279 proinde
1138 3209 1356 3263 attribui
1396 3208 1576 3273 debet,
1628 3208 1768 3278 quod
1823 3208 1919 3263 So-

2029 3222 2237 3290 legatos
2273 3222 2474 3285 mittat,
2503 3221 2626 3290 quia
2649 3221 2904 3275 celeritate
2931 3237 3060 3287 apus
3091 3229 3162 3273 est
3193 3219 3262 3272 ad
3290 3217 3396 3280 eos,
3426 3218 3516 3286 qui
3536 3233 3624 3271 su-

317 3318 579 3357 zomenns
618 3302 685 3356 ad
737 3301 939 3355 Liberii
989 3312 1230 3370 tempora
1255 3343 1267 3363 ,
1306 3311 1660 3368 prrepostere,
1696 3309 1751 3353 ιιι
1777 3301 1916 3354 Con-

318 3399 546 3452 stantius
565 3398 664 3461 ait,
698 3398 948 3450 retulisse
975 3397 1208 3450 videtur.
1244 3395 1298 3448 ld
1335 3412 1484 3459 vero,
1518 3383 1677 3464 quam
1711 3406 1916 3449 certum

317 3492 418 3557 sit,
454 3490 610 3546 facile
641 3490 1033 3559 deprehendet,
1062 3490 1152 3560 qui
1183 3489 1392 3542 Damasi
1427 3489 1632 3543 litteras
1680 3503 1801 3543 cum
1855 3487 1919 3542 iis

319 3586 583 3649 ceuferat,
633 3601 754 3654 qua:
793 3592 905 3638 tum
936 3584 1272 3638 Sozomenus
1304 3582 1518 3646 scribit,
1555 3593 1663 3634 tum
1695 3593 1920 3647 praeter-

320 3693 383 3733 ea
425 3678 840 3733 Valentinianus
903 3677 1200 3746 imperator
1245 3676 1310 3728 ad
1346 3675 1572 3728 Asianos
1613 3675 1919 3743 episcopos,

318 3786 382 3825 ac
439 3771 665 3824 Basilius
714 3769 780 3822 ad
830 3769 1210 3823 Occidentales
1258 3767 1538 3836 respondit
1587 3774 1708 3836 post
1745 3767 1920 3820 illasa

322 3863 524 3918 Sabino
546 3873 818 3931 acceptas.
855 3861 908 3914 ld
938 3863 1101 3928 enim,
1137 3861 1278 3928 quod
1306 3862 1640 3914 Soztttnenus
1669 3875 1697 3912 ξι
1727 3859 1922 3912 Roma-

323 3976 393 4014 tto
440 3963 699 4029 episcOpo
747 3957 812 4011 ad
854 3956 1094 4012 Orientis
1153 3955 1428 4009 Ecclesias
1478 3963 1609 4007 tunc
1659 3954 1921 4022 scriptum

322 4053 496 4106 fuisse
540 4051 758 4115 indicat,
785 4051 838 4104 in
890 4049 1039 4104 hisce
1069 4049 1284 4102 Damasi
1319 4047 1511 4101 litteris
1538 4062 1644 4099 non
1691 4046 1926 4098 obscure

325 4145 543 4215 legitur.
565 4144 838 4215 Siquidem
868 4151 1149 4212 postquam
1172 4142 1257 4196 hic
1281 4141 1522 4210 pontifex
1572 4138 1784 4192 Nicaéna
1833 4153 1922 4208 sy-

325 4238 472 4294 nodo
499 4237 779 4294 deﬁnitum
814 4238 980 4290 fuisse
1009 4236 1244 4296 dixerat,
1291 4233 1524 4296 Patrem,
1551 4229 1762 4290 Filium,
1796 4231 1923 4297 Spi-

322 4333 575 4403 ritumque
597 4340 857 4396 sanctum,
896 4330 1052 4383 unius
1083 4326 1326 4391 Deitatis,
1354 4326 1506 4378 unius
1535 4325 1756 4388 virtutis,
1777 4323 1925 4375 unius

324 4428 526 4496 ﬁgure,
569 4426 720 4478 unius
767 4424 908 4478 credi
968 4431 1202 4495 Oportere
1249 4420 1584 4484 sttbstantite;
1643 4429 1753 4471 tum
1808 4416 1925 4470 Ιιίιιο

325 4518 481 4574 addit
509 4536 522 4568 :
555 4519 802 4572 Coucinat
835 4534 955 4588 ergo
994 4534 1106 4570 cum
1138 4515 1374 4570 omnibus
1405 4513 1499 4566 Dei
1547 4511 1916 4574 sacerdotibus,

2023 3324 2231 3383 persunt
2273 3312 2578 3374 servandos,
2609 3321 2654 3364 et
2687 3312 2909 3381 plurium
2954 3310 3199 3364 Fratrum
3228 3309 3532 3376 prwsentia,
3565 3317 3622 3362 ut

2021 3405 2207 3474 synodi
2235 3422 2506 3459 numerum
2537 3406 2798 3474 expleant,
2827 3415 2882 3457 ut
2909 3420 3008 3457 non
3035 3403 3199 3457 solum
3224 3418 3286 3456 ea:
3309 3417 3506 3467 eorum,
3534 3401 3622 3469 qui

2023 3513 2108 3551 eos
2150 3498 2375 3551 adseruit
2409 3499 2661 3568 gravitate
2697 3506 2744 3550 et
2793 3498 3080 3566 majestate,
3113 3495 3203 3550 sed
3247 3495 3398 3548 etiam
3438 3511 3503 3549 ex
3529 3509 3623 3549 suo

2024 3591 2255 3658 ipsorum
2301 3605 2514 3642 numero
2555 3591 2754 3660 pondus
2784 3598 2833 3641 et
2858 3588 3212 3642 auctoritatem
3241 3589 3309 3650 ad
3338 3603 3417 3640 res
3450 3602 3622 3641 emen-

2026 3679 2226 3734 dandas
2260 3680 2602 3748 habeant,qui
2631 3690 2678 3732 et
2709 3680 2863 3749 [idem
2893 3697 2925 3733 a
2950 3679 3197 3734 Patribus
3222 3679 3410 3732 nostris
3438 3679 3491 3732 in
3523 3676 3625 3730 Ni-

2027 3789 2168 3827 cazna
2198 3774 2541 3843 conscriptam
2582 3773 2895 3837 iustaurent,
2928 3784 2974 3826 et
3001 3772 3237 3825 haeresim
3267 3769 3589 3842 proscribunt
3609 3809 3626 3835 ,

2027 3875 2073 3919 ct
2119 3865 2368 3920 Ecclesiis
2414 3865 2693 3934 loquantur
2715 3865 2957 3934 paciﬁca,
2984 3879 3068 3916 eos
3093 3863 3182 3933 qui
3211 3862 3344 3915 idem
3375 3862 3622 3926 sentiunt,

2028 3956 2096 4008 ad
2143 3956 2472 4010 concordiam
2510 3954 2854 4017 adducentes;
2886 3969 3007 4022 qua:
3036 3963 3305 4022 postrema
3333 3951 3399 4005 ad
3422 3949 3623 4005 Meletii

2029 4065 2273 4114 causam,
2318 4059 2371 4104 et
2403 4050 2771 4103 Atttichenos
2799 4051 3090 4118 pertinent,
3122 4062 3282 4116 quam
3309 4060 3498 4100 rursus
3526 4044 3629 4099 Da-

2030 4159 2180 4196 maso
2225 4141 2451 4195 Basilius
2471 4183 2484 4202 ,
2529 4156 2854 4210 quamquam
2883 4141 3251 4202 subobscure,
3275 4138 3627 4194 commenda-

2031 4244 2136 4290 tam
2170 4235 2317 4304 cupit
2341 4253 2354 4288 :
2381 4243 2492 4288 tum
2523 4233 2608 4288 his
2630 4235 2844 4288 tandem
2871 4235 3048 4290 verbis
3070 4235 3314 4304 epistola:
3337 4235 3497 4289 ﬁnem
3523 4235 3626 4288 itu-

2031 4330 2182 4399 pnnit
2213 4346 2224 4379 :
2263 4328 2455 4382 Revera
2485 4329 2618 4381 enim
2645 4327 2799 4380 laude
2825 4327 3038 4397 dignum
3061 4339 3157 4393 est,
3188 4327 3324 4397 quod
3348 4345 3378 4380 a
3404 4327 3629 4381 Domino

2029 4422 2206 4494 pietati
2237 4434 2416 4475 vestrm
2444 4421 2622 4473 datum
2655 4430 2750 4484 est,
2781 4419 3130 4472 adulterinum
3157 4419 3360 4488 quidem
3386 4436 3417 4470 a
3445 4418 3628 4485 probo,

2029 4532 2090 4568 ac
2122 4530 2251 4582 puro
2281 4514 2587 4574 discernere,
2641 4509 2857 4564 Patrum
2887 4526 3004 4563 vero
3027 4508 3181 4577 ﬁdem
3206 4509 3312 4563 sine
3335 4509 3444 4562 ulla
3474 4508 3629 4562 dissi-

323 4620 374 4664 et
406 4620 583 4663 vestra:
608 4611 860 4665 sententia
879 4609 1156 4663 Cltaritatis
1186 4623 1203 4661 :
1234 4609 1284 4660 in
1311 4624 1410 4676 qua
1437 4622 1524 4658 vos
1565 4605 1720 4672 fixos,
1772 4616 1924 4671 atque
1951 4597 2001 4656 Ι)
2030 4609 2306 4662 mulatione
2333 4606 2633 4678 praedicare,
2661 4621 2812 4671 quam
2847 4605 3052 4675 quidem
3082 4612 3128 4656 et
3155 4619 3248 4670 nos
3274 4603 3622 4670 suscepimus,

322 4703 596 4774 ﬁrmatos,
637 4711 687 4754 ut
740 4702 864 4755 bene
893 4701 1172 4767 credimus,
1205 4701 1276 4751 ita
1325 4703 1478 4751 etiam
1525 4713 1616 4750 nos
1665 4695 1925 4748 vobiscum

325 4809 464 4854 recte
490 4801 694 4862 sentire,
730 4800 921 4854 debetis
943 4797 1219 4869 reciprocis
1251 4796 1556 4850 Sanctitatis
1586 4802 1764 4847 vestra:
1785 4793 1922 4846 litte-

324 4898 397 4950 ris
425 4896 729 4966 approbare.
799 4895 936 4948 lliuc
982 4893 1391 4947 Valentinianus
1445 4891 1737 4944 Romanam
1784 4889 1922 4943 hanc

249 5035 256 5038 _
325 4989 589 5060 synodum
642 4988 794 5056 sequi
841 5003 899 5041 se
939 4987 1216 5055 professus
1271 4984 1338 5038 ad
1380 4985 1613 5038 Asianos
1654 4983 1729 5035 ait
1765 5000 1776 5035 :
1810 4979 1921 5033 Nos

326 5096 442 5134 vero
490 5080 704 5152 perinde
742 5081 989 5134 sentimus
1029 5095 1089 5132 ac
1124 5077 1331 5148 synodi,
1391 5085 1499 5128 tum
1551 5089 1664 5143 qua:
1722 5072 1921 5138 Romm,

329 5185 433 5227 tum
453 5189 565 5240 quia
591 5175 646 5226 in
679 5171 869 5226 Galliis
894 5182 1118 5226 recenter
1150 5172 1301 5240 facta:
1327 5179 1638 5231 sunt,unam
1666 5165 1916 5219 eamdem-

326 5284 422 5337 que
452 5266 792 5320 substantiam
829 5264 1030 5329 Patris,
1056 5275 1102 5319 et
1133 5264 1288 5328 Filii,
1318 5274 1361 5316 et
1389 5263 1616 5334 Spiritus
1667 5260 1832 5314 sancti
1872 5259 1924 5312 in

328 5359 487 5412 tribus
533 5375 642 5412 esse
683 5358 956 5430 personis;
1005 5371 1068 5411 ac
1109 5341 1406 5427 lllyricanie
1450 5353 1642 5425 synodi
1685 5350 1923 5433 episcopi

328 5450 615 5505 anathema
639 5451 706 5504 iis
734 5451 939 5513 dicunt,
966 5449 1054 5519 qui
1083 5466 1189 5503 non
1223 5449 1487 5514 sentiunt,
1513 5461 1574 5500 ac
1607 5445 1924 5516 praedicant,

327 5543 814 5600 consubstantialem
841 5560 951 5598 esse
967 5543 1292 5598 Trinitatem.

401 5683 482 5754 (η)
526 5683 770 5754 Sozam,
793 5683 889 5738 lib.
915 5697 987 5746 vr,
1020 5696 1138 5754 cap.
1163 5678 1256 5733 9.2.

825 5745 1029 5838 ιοιηει,
1058 5745 1151 5807 lib.
1179 5765 1370 5838 Lucap.
1403 5749 1457 5815 8,
1486 5755 1589 5801 art.
1627 5745 1676 5799 t.

403 5821 477 5897 (τ)
518 5823 645 5880 Vid.
677 5824 785 5882 Vit.
824 5825 1014 5892 Basil.,
1047 5838 1166 5895 cap.
1205 5821 1290 5878 18.

2029 4702 2427 4772 agnovimusque
2463 4699 2759 4768 apostolicis
2779 4698 2912 4750 notis
2928 4697 3208 4767 signatam,
3237 4695 3383 4765 eique
3429 4705 3484 4749 ut
3524 4711 3627 4750 ca:-

2030 4795 2151 4846 teris
2178 4793 2412 4845 ontnibus
2435 4833 2450 4858 ,
2475 4807 2589 4862 quae
2614 4792 2666 4844 in
2693 4791 2938 4860 synodico
2963 4789 3178 4857 scripto,
3203 4789 3447 4843 canonice
3467 4805 3529 4842 ac
3557 4790 3633 4844 le-

2030 4888 2205 4956 gitime
2245 4894 2438 4938 statuta
2473 4894 2610 4947 sunt,
2638 4885 2966 4937 assentimur.
2993 4882 3202 4954 Quibus
3233 4882 3415 4938 Basilii
3449 4873 3650 4938 verbis

2033 4984 2285 5031 accurate
2324 4977 2606 5044 perpensis
2646 4978 2726 5030 vir
2765 4976 3100 5030 clarissimus
3141 4975 3344 5044 Joseplt
3377 4975 3630 5046 Augusti—

2034 5085 2134 5123 nus
2173 5067 2293 5122 Orsi
2343 5078 2489 5122 recte
2526 5068 2720 5122 iterum
2754 5068 3006 5132 conﬁcit,
3048 5083 3112 5123 ex
3144 5068 3333 5123 Basilii
3359 5066 3626 5122 sententia

2033 5175 2348 5230 supremum
2373 5203 2386 5225 ,
2419 5175 2483 5213 ac
2527 5159 2924 5216 it'refurmabtle
2953 5162 3180 5218 Romani
3214 5159 3482 5230 pontiﬁcis
3508 5171 3631 5211 esse

2029 5255 2313 5325 judicium.
2358 5254 2490 5309 Nam
2534 5239 2580 5310 si
2618 5255 2729 5318 ille,
2764 5256 2849 5310 ttbi
2891 5255 3115 5325 epistola
3151 5252 3340 5325 synodi
3372 5251 3628 5304 Romanae

2034 5347 2434 5404 Ariminensem
2474 5350 2735 5404 irritantis
2778 5349 2984 5403 reddita
3009 5357 3113 5410 est,
3144 5360 3260 5398 eaut
3295 5342 3476 5396 statim
3507 5356 3630 5398 sus-

2033 5443 2210 5510 cepit,
2261 5444 2420 5512 eique
2461 5443 2843 5497 incunctanter
2872 5453 3124 5494 assensus
3153 5445 3265 5500 est,
3299 5435 3476 5490 nullas
3505 5451 3635 5492 cen-

2034 5536 2145 5591 suit
2175 5536 2519 5590 Ariminense
2553 5534 2841 5589 concilium
2885 5531 3086 5586 habere
3131 5527 3275 5585 vires
3315 5543 3492 5601 posse,
3527 5529 3633 5584 lio-

2134 5671 2188 5742 ά)
2228 5671 2352 5726 Vid.
2387 5671 2564 5740 Εμιςι.
2597 5669 2685 5734 s9,
2709 5668 2798 5742 eo.
2824 5666 3042 5742 9t,_92.

2134 5672 2188 5742 ά)
2228 5672 2352 5726 Vid.
2387 5672 2564 5740 Εμιςι.
2597 5672 2685 5734 s9,
2709 5672 2798 5728 9o.
2824 5672 2916 5735 9t,
2951 5672 3042 5724 92.

2109 5672 2183 5814 ie)
2223 5742 2331 5797 Vit.
2359 5742 2683 5812 Basil.,cap.
2713 5739 2882 5807 22m.
2911 5738 2969 5806 4,
3001 5742 3055 5796 5.
