  <div class='ocr_page' id='page_1' title='image "/cluster/home/n/w/nwhite01/storage/ocr_20150623/13/hvd.32044096580428/084.png"; bbox 0 0 4150 6176; ppageno 0'>
   <div class='ocr_carea' id='block_1_1' title="bbox 347 229 452 287">
    <p class='ocr_par' dir='ltr' id='par_1_1' title="bbox 347 229 452 287">
     <span class='ocr_line' id='line_1_1' title="bbox 347 229 452 287; baseline 0 -2"><span class='ocrx_word' id='word_1_1' title='bbox 347 229 452 287; x_wconf 75' lang='grc'><strong>157</strong></span> 
     </span>
    </p>
   </div>
   <div class='ocr_carea' id='block_1_2' title="bbox 1757 230 2301 318">
    <p class='ocr_par' dir='ltr' id='par_1_2' title="bbox 1757 230 2301 318">
     <span class='ocr_line' id='line_1_2' title="bbox 1757 230 2301 318; baseline 0.002 -9"><span class='ocrx_word' id='word_1_2' title='bbox 1757 230 2301 318; x_wconf 58' lang='grc' dir='ltr'><strong>ρβοιββοωευέο</strong></span> 
     </span>
    </p>
   </div>
   <div class='ocr_carea' id='block_1_3' title="bbox 3548 245 3654 306">
    <p class='ocr_par' dir='ltr' id='par_1_3' title="bbox 3548 245 3654 306">
     <span class='ocr_line' id='line_1_3' title="bbox 3548 245 3654 306; baseline -0.019 -1"><span class='ocrx_word' id='word_1_3' title='bbox 3548 245 3654 306; x_wconf 73' lang='grc'><strong>158</strong></span> 
     </span>
    </p>
   </div>
   <div class='ocr_carea' id='block_1_4' title="bbox 337 344 3658 444">
    <p class='ocr_par' dir='ltr' id='par_1_4' title="bbox 337 344 3658 444">
     <span class='ocr_line' id='line_1_4' title="bbox 337 344 3658 444; baseline 0.002 -48"><span class='ocrx_word' id='word_1_4' title='bbox 337 346 548 422; x_wconf 77' lang='lat' dir='ltr'><strong>vitiasse</strong></span> <span class='ocrx_word' id='word_1_5' title='bbox 591 353 854 397; x_wconf 83' lang='lat' dir='ltr'><strong>naturam.</strong></span> <span class='ocrx_word' id='word_1_6' title='bbox 886 384 897 396; x_wconf 95' lang='lat'><strong>.</strong></span> <span class='ocrx_word' id='word_1_7' title='bbox 931 385 943 396; x_wconf 96' lang='lat'><strong>.</strong></span> <span class='ocrx_word' id='word_1_8' title='bbox 975 384 986 396; x_wconf 91' lang='lat'><strong>.</strong></span> <span class='ocrx_word' id='word_1_9' title='bbox 1032 345 1170 414; x_wconf 86' lang='lat' dir='ltr'><strong>quod</strong></span> <span class='ocrx_word' id='word_1_10' title='bbox 1205 344 1248 397; x_wconf 89' lang='lat' dir='ltr'><strong>si</strong></span> <span class='ocrx_word' id='word_1_11' title='bbox 1275 360 1456 412; x_wconf 83' lang='lat' dir='ltr'><strong>parum</strong></span> <span class='ocrx_word' id='word_1_12' title='bbox 1484 354 1555 396; x_wconf 88' lang='lat' dir='ltr'><strong>est</strong></span> <span class='ocrx_word' id='word_1_13' title='bbox 1578 386 1591 408; x_wconf 91' lang='lat'><strong>,</strong></span> <span class='ocrx_word' id='word_1_14' title='bbox 1625 361 1736 422; x_wconf 82' lang='lat' dir='ltr'><strong>ecce</strong></span> <span class='ocrx_word' id='word_1_15' title='bbox 1763 347 1954 428; x_wconf 80' lang='lat' dir='ltr'><strong>damno</strong></span> <span class='ocrx_word' id='word_1_16' title='bbox 1983 354 2035 412; x_wconf 76' lang='grc' dir='ltr'>Α</span> <span class='ocrx_word' id='word_1_17' title='bbox 2063 345 2230 403; x_wconf 84' lang='lat' dir='ltr'><strong>fuisse</strong></span> <span class='ocrx_word' id='word_1_18' title='bbox 2262 349 2699 432; x_wconf 77' lang='lat' dir='ltr'><strong>llieronymiaua:</strong></span> <span class='ocrx_word' id='word_1_19' title='bbox 2731 357 3180 444; x_wconf 69' lang='lat' dir='ltr'><strong>peregrinationis</strong></span> <span class='ocrx_word' id='word_1_20' title='bbox 3218 358 3505 432; x_wconf 70' lang='lat' dir='ltr'><strong>terminum</strong></span> <span class='ocrx_word' id='word_1_21' title='bbox 3539 379 3550 411; x_wconf 70' lang='grc' dir='ltr'><strong>ε</strong></span> <span class='ocrx_word' id='word_1_22' title='bbox 3586 361 3658 414; x_wconf 69' lang='grc' dir='ltr'><strong>δε-</strong></span> 
     </span>
    </p>
   </div>
   <div class='ocr_carea' id='block_1_5' title="bbox 240 425 1955 506">
    <p class='ocr_par' dir='ltr' id='par_1_5' title="bbox 240 425 1955 506">
     <span class='ocr_line' id='line_1_5' title="bbox 240 425 1955 506; baseline -0.001 -15"><span class='ocrx_word' id='word_1_23' title='bbox 240 441 246 450; x_wconf 87' lang='grc'><strong>’</strong></span> <span class='ocrx_word' id='word_1_24' title='bbox 338 448 388 491; x_wconf 87' lang='lat' dir='ltr'><strong>et</strong></span> <span class='ocrx_word' id='word_1_25' title='bbox 412 436 794 490; x_wconf 79' lang='lat' dir='ltr'><strong>anathematizo</strong></span> <span class='ocrx_word' id='word_1_26' title='bbox 821 452 882 489; x_wconf 89' lang='lat' dir='ltr'><strong>ea</strong></span> <span class='ocrx_word' id='word_1_27' title='bbox 903 452 1019 506; x_wconf 75' lang='lat' dir='ltr'><strong>ante</strong></span> <span class='ocrx_word' id='word_1_28' title='bbox 1038 433 1381 490; x_wconf 88' lang='lat' dir='ltr'><strong>Paternianos</strong></span> <span class='ocrx_word' id='word_1_29' title='bbox 1402 444 1452 490; x_wconf 90' lang='lat' dir='ltr'><strong>et</strong></span> <span class='ocrx_word' id='word_1_30' title='bbox 1484 435 1820 490; x_wconf 84' lang='lat' dir='ltr'><strong>Vcttastianos</strong></span> <span class='ocrx_word' id='word_1_31' title='bbox 1838 425 1955 491; x_wconf 84' lang='lat' dir='ltr'><strong>sen-</strong></span> 
     </span>
    </p>
   </div>
   <div class='ocr_carea' id='block_1_6' title="bbox 339 529 1958 593">
    <p class='ocr_par' dir='ltr' id='par_1_6' title="bbox 339 529 1958 593">
     <span class='ocr_line' id='line_1_6' title="bbox 339 529 1958 593; baseline -0.001 -9"><span class='ocrx_word' id='word_1_32' title='bbox 339 533 439 587; x_wconf 88' lang='lat' dir='ltr'><strong>tire</strong></span> <span class='ocrx_word' id='word_1_33' title='bbox 467 532 648 586; x_wconf 67' lang='lat' dir='ltr'><strong>dixisti</strong></span> <span class='ocrx_word' id='word_1_34' title='bbox 669 574 681 593; x_wconf 91' lang='lat'><strong>,</strong></span> <span class='ocrx_word' id='word_1_35' title='bbox 715 532 849 584; x_wconf 85' lang='lat' dir='ltr'><strong>addo</strong></span> <span class='ocrx_word' id='word_1_36' title='bbox 881 531 1038 584; x_wconf 90' lang='lat' dir='ltr'><strong>etiam</strong></span> <span class='ocrx_word' id='word_1_37' title='bbox 1072 529 1411 586; x_wconf 73' lang='lat' dir='ltr'><strong>Manicha&#39;os.</strong></span> <span class='ocrx_word' id='word_1_38' title='bbox 1445 529 1808 584; x_wconf 83' lang='lat' dir='ltr'><strong>Venustianos</strong></span> <span class='ocrx_word' id='word_1_39' title='bbox 1857 531 1958 583; x_wconf 88' lang='lat' dir='ltr'><strong>ita-</strong></span> 
     </span>
    </p>
   </div>
   <div class='ocr_carea' id='block_1_7' title="bbox 341 624 1956 695">
    <p class='ocr_par' dir='ltr' id='par_1_7' title="bbox 341 624 1956 695">
     <span class='ocr_line' id='line_1_7' title="bbox 341 624 1956 695; baseline 0.002 -18"><span class='ocrx_word' id='word_1_40' title='bbox 341 642 454 695; x_wconf 98' lang='lat' dir='ltr'><strong>que</strong></span> <span class='ocrx_word' id='word_1_41' title='bbox 485 642 512 677; x_wconf 89' lang='lat' dir='ltr'><strong>a</strong></span> <span class='ocrx_word' id='word_1_42' title='bbox 547 627 772 679; x_wconf 88' lang='lat' dir='ltr'><strong>Damaso</strong></span> <span class='ocrx_word' id='word_1_43' title='bbox 792 624 1080 678; x_wconf 88' lang='lat' dir='ltr'><strong>damnatos</strong></span> <span class='ocrx_word' id='word_1_44' title='bbox 1115 624 1517 679; x_wconf 80' lang='lat' dir='ltr'><strong>Valentinianus</strong></span> <span class='ocrx_word' id='word_1_45' title='bbox 1545 627 1806 691; x_wconf 89' lang='lat' dir='ltr'><strong>coercuit,</strong></span> <span class='ocrx_word' id='word_1_46' title='bbox 1840 626 1956 695; x_wconf 81' lang='lat' dir='ltr'><strong>lege</strong></span> 
     </span>
    </p>
   </div>
   <div class='ocr_carea' id='block_1_8' title="bbox 343 715 1954 788">
    <p class='ocr_par' dir='ltr' id='par_1_8' title="bbox 343 715 1954 788">
     <span class='ocr_line' id='line_1_8' title="bbox 343 715 1954 788; baseline -0.001 -15"><span class='ocrx_word' id='word_1_47' title='bbox 343 720 589 788; x_wconf 72' lang='lat' dir='ltr'><strong>generali</strong></span> <span class='ocrx_word' id='word_1_48' title='bbox 635 719 734 771; x_wconf 84' lang='lat' dir='ltr'><strong>lata</strong></span> <span class='ocrx_word' id='word_1_49' title='bbox 783 724 970 772; x_wconf 86' lang='lat' dir='ltr'><strong>contra</strong></span> <span class='ocrx_word' id='word_1_50' title='bbox 1016 715 1371 780; x_wconf 71' lang='lat' dir='ltr'><strong>Manu-lucos,</strong></span> <span class='ocrx_word' id='word_1_51' title='bbox 1405 734 1631 787; x_wconf 86' lang='lat' dir='ltr'><strong>quorum</strong></span> <span class='ocrx_word' id='word_1_52' title='bbox 1661 719 1954 787; x_wconf 80' lang='lat' dir='ltr'><strong>appellatio</strong></span> 
     </span>
    </p>
   </div>
   <div class='ocr_carea' id='block_1_9' title="bbox 346 809 1951 878">
    <p class='ocr_par' dir='ltr' id='par_1_9' title="bbox 346 809 1951 878">
     <span class='ocr_line' id='line_1_9' title="bbox 346 809 1951 878; baseline -0.001 -13"><span class='ocrx_word' id='word_1_53' title='bbox 346 826 540 865; x_wconf 83' lang='lat' dir='ltr'><strong>Omnes</strong></span> <span class='ocrx_word' id='word_1_54' title='bbox 569 827 631 865; x_wconf 79' lang='lat' dir='ltr'><strong>ex</strong></span> <span class='ocrx_word' id='word_1_55' title='bbox 663 810 857 864; x_wconf 79' lang='lat' dir='ltr'><strong>inl&#39;eCIa</strong></span> <span class='ocrx_word' id='word_1_56' title='bbox 889 809 1070 864; x_wconf 80' lang='lat' dir='ltr'><strong>radice</strong></span> <span class='ocrx_word' id='word_1_57' title='bbox 1098 810 1382 876; x_wconf 74' lang='lat' dir='ltr'><strong>peStileros</strong></span> <span class='ocrx_word' id='word_1_58' title='bbox 1405 810 1650 864; x_wconf 87' lang='lat' dir='ltr'><strong>surculos</strong></span> <span class='ocrx_word' id='word_1_59' title='bbox 1677 810 1951 878; x_wconf 85' lang='lat' dir='ltr'><strong>complec-</strong></span> 
     </span>
    </p>
   </div>
   <div class='ocr_carea' id='block_1_10' title="bbox 344 901 1950 973">
    <p class='ocr_par' dir='ltr' id='par_1_10' title="bbox 344 901 1950 973">
     <span class='ocr_line' id='line_1_10' title="bbox 344 901 1950 973; baseline -0.001 -15"><span class='ocrx_word' id='word_1_60' title='bbox 344 906 580 960; x_wconf 84' lang='lat' dir='ltr'><strong>tehatur.</strong></span> <span class='ocrx_word' id='word_1_61' title='bbox 613 903 745 956; x_wconf 89' lang='lat' dir='ltr'><strong>llinc</strong></span> <span class='ocrx_word' id='word_1_62' title='bbox 766 901 1044 958; x_wconf 80' lang='lat' dir='ltr'><strong>Gotfridus</strong></span> <span class='ocrx_word' id='word_1_63' title='bbox 1073 901 1430 957; x_wconf 78' lang='lat' dir='ltr'><strong>Viterbiensis</strong></span> <span class='ocrx_word' id='word_1_64' title='bbox 1458 901 1536 973; x_wconf 79' lang='grc' dir='ltr'><strong>(ιι)</strong></span> <span class='ocrx_word' id='word_1_65' title='bbox 1568 905 1706 957; x_wconf 88' lang='lat' dir='ltr'><strong>hunc</strong></span> <span class='ocrx_word' id='word_1_66' title='bbox 1731 903 1950 973; x_wconf 75' lang='lat' dir='ltr'><strong>pontifi-</strong></span> 
     </span>
    </p>
   </div>
   <div class='ocr_carea' id='block_1_11' title="bbox 345 997 1949 1065">
    <p class='ocr_par' dir='ltr' id='par_1_11' title="bbox 345 997 1949 1065">
     <span class='ocr_line' id='line_1_11' title="bbox 345 997 1949 1065; baseline -0.002 -11"><span class='ocrx_word' id='word_1_67' title='bbox 345 1015 464 1054; x_wconf 86' lang='lat' dir='ltr'><strong>cem</strong></span> <span class='ocrx_word' id='word_1_68' title='bbox 480 997 803 1052; x_wconf 72' lang='lat' dir='ltr'><strong>Manichers</strong></span> <span class='ocrx_word' id='word_1_69' title='bbox 822 997 1144 1050; x_wconf 68' lang='lat' dir='ltr'><strong>detestatum</strong></span> <span class='ocrx_word' id='word_1_70' title='bbox 1167 997 1401 1065; x_wconf 81' lang='lat' dir='ltr'><strong>scripsit.</strong></span> <span class='ocrx_word' id='word_1_71' title='bbox 1423 997 1629 1050; x_wconf 83' lang='lat' dir='ltr'><strong>Damasi</strong></span> <span class='ocrx_word' id='word_1_72' title='bbox 1645 997 1949 1064; x_wconf 83' lang='lat' dir='ltr'><strong>exemplum</strong></span> 
     </span>
    </p>
   </div>
   <div class='ocr_carea' id='block_1_12' title="bbox 340 1089 1951 1159">
    <p class='ocr_par' dir='ltr' id='par_1_12' title="bbox 340 1089 1951 1159">
     <span class='ocr_line' id='line_1_12' title="bbox 340 1089 1951 1159; baseline 0 -15"><span class='ocrx_word' id='word_1_73' title='bbox 340 1092 536 1145; x_wconf 82' lang='lat' dir='ltr'><strong>deinde</strong></span> <span class='ocrx_word' id='word_1_74' title='bbox 577 1091 752 1144; x_wconf 90' lang='lat' dir='ltr'><strong>secuti</strong></span> <span class='ocrx_word' id='word_1_75' title='bbox 794 1089 1038 1153; x_wconf 86' lang='lat' dir='ltr'><strong>Siricius,</strong></span> <span class='ocrx_word' id='word_1_76' title='bbox 1073 1104 1134 1143; x_wconf 90' lang='lat' dir='ltr'><strong>ac</strong></span> <span class='ocrx_word' id='word_1_77' title='bbox 1167 1089 1274 1143; x_wconf 85' lang='lat' dir='ltr'><strong>Leo</strong></span> <span class='ocrx_word' id='word_1_78' title='bbox 1303 1089 1520 1159; x_wconf 63' lang='lat' dir='ltr'><strong>Magnus</strong></span> <span class='ocrx_word' id='word_1_79' title='bbox 1544 1132 1555 1152; x_wconf 83' lang='lat'><strong>,</strong></span> <span class='ocrx_word' id='word_1_80' title='bbox 1587 1097 1696 1142; x_wconf 91' lang='lat' dir='ltr'><strong>tum</strong></span> <span class='ocrx_word' id='word_1_81' title='bbox 1724 1090 1822 1155; x_wconf 87' lang='lat' dir='ltr'><strong>ipsi</strong></span> <span class='ocrx_word' id='word_1_82' title='bbox 1857 1105 1951 1158; x_wconf 91' lang='lat' dir='ltr'><strong>per</strong></span> 
     </span>
    </p>
   </div>
   <div class='ocr_carea' id='block_1_13' title="bbox 339 1181 1948 1250">
    <p class='ocr_par' dir='ltr' id='par_1_13' title="bbox 339 1181 1948 1250">
     <span class='ocr_line' id='line_1_13' title="bbox 339 1181 1948 1250; baseline 0 -14"><span class='ocrx_word' id='word_1_83' title='bbox 339 1199 400 1236; x_wconf 84' lang='lat' dir='ltr'><strong>se</strong></span> <span class='ocrx_word' id='word_1_84' title='bbox 421 1226 436 1248; x_wconf 92' lang='lat'><strong>,</strong></span> <span class='ocrx_word' id='word_1_85' title='bbox 474 1194 584 1235; x_wconf 90' lang='lat' dir='ltr'><strong>tum</strong></span> <span class='ocrx_word' id='word_1_86' title='bbox 614 1198 712 1250; x_wconf 86' lang='lat' dir='ltr'><strong>per</strong></span> <span class='ocrx_word' id='word_1_87' title='bbox 747 1183 1098 1250; x_wconf 78' lang='lat' dir='ltr'><strong>imperatores</strong></span> <span class='ocrx_word' id='word_1_88' title='bbox 1127 1181 1228 1236; x_wconf 91' lang='lat' dir='ltr'><strong>hoc</strong></span> <span class='ocrx_word' id='word_1_89' title='bbox 1263 1182 1494 1235; x_wconf 60' lang='lat' dir='ltr'><strong>infamite</strong></span> <span class='ocrx_word' id='word_1_90' title='bbox 1525 1197 1713 1250; x_wconf 67' lang='lat' dir='ltr'><strong>genus,</strong></span> <span class='ocrx_word' id='word_1_91' title='bbox 1749 1182 1948 1236; x_wconf 85' lang='lat' dir='ltr'><strong>nedum</strong></span> 
     </span>
    </p>
   </div>
   <div class='ocr_carea' id='block_1_14' title="bbox 338 1273 1948 1346">
    <p class='ocr_par' dir='ltr' id='par_1_14' title="bbox 338 1273 1948 1346">
     <span class='ocr_line' id='line_1_14' title="bbox 338 1273 1948 1346; baseline 0.001 -18"><span class='ocrx_word' id='word_1_92' title='bbox 338 1276 411 1330; x_wconf 83' lang='lat' dir='ltr'><strong>ab</strong></span> <span class='ocrx_word' id='word_1_93' title='bbox 446 1275 730 1340; x_wconf 63' lang='lat' dir='ltr'><strong>Ecclesiae,</strong></span> <span class='ocrx_word' id='word_1_94' title='bbox 767 1290 952 1330; x_wconf 88' lang='lat' dir='ltr'><strong>verum</strong></span> <span class='ocrx_word' id='word_1_95' title='bbox 986 1273 1144 1329; x_wconf 85' lang='lat' dir='ltr'><strong>etiam</strong></span> <span class='ocrx_word' id='word_1_96' title='bbox 1168 1292 1194 1327; x_wconf 86' lang='lat' dir='ltr'><strong>a</strong></span> <span class='ocrx_word' id='word_1_97' title='bbox 1226 1274 1548 1344; x_wconf 65' lang='lat' dir='ltr'><strong>Reipublicw</strong></span> <span class='ocrx_word' id='word_1_98' title='bbox 1580 1289 1806 1345; x_wconf 89' lang='lat' dir='ltr'><strong>corpore</strong></span> <span class='ocrx_word' id='word_1_99' title='bbox 1834 1278 1948 1346; x_wconf 86' lang='lat' dir='ltr'><strong>eje-</strong></span> 
     </span>
    </p>
   </div>
   <div class='ocr_carea' id='block_1_15' title="bbox 339 1379 560 1426">
    <p class='ocr_par' dir='ltr' id='par_1_15' title="bbox 339 1379 560 1426">
     <span class='ocr_line' id='line_1_15' title="bbox 339 1379 560 1426; baseline -0.009 -2"><span class='ocrx_word' id='word_1_100' title='bbox 339 1379 560 1426; x_wconf 64' lang='lat' dir='ltr'><strong>nerunt.</strong></span> 
     </span>
    </p>
   </div>
   <div class='ocr_carea' id='block_1_16' title="bbox 943 1480 1347 1538">
    <p class='ocr_par' dir='ltr' id='par_1_16' title="bbox 943 1480 1347 1538">
     <span class='ocr_line' id='line_1_16' title="bbox 943 1480 1347 1538; baseline -0.002 -1"><span class='ocrx_word' id='word_1_101' title='bbox 943 1480 1171 1538; x_wconf 81' lang='lat' dir='ltr'><strong>CAPUT</strong></span> <span class='ocrx_word' id='word_1_102' title='bbox 1214 1481 1347 1538; x_wconf 84' lang='lat' dir='ltr'><strong>Vlll.</strong></span> 
     </span>
    </p>
   </div>
   <div class='ocr_carea' id='block_1_17' title="bbox 401 1597 1897 1668">
    <p class='ocr_par' dir='ltr' id='par_1_17' title="bbox 401 1597 1897 1668">
     <span class='ocr_line' id='line_1_17' title="bbox 401 1597 1897 1668; baseline -0.001 -12"><span class='ocrx_word' id='word_1_103' title='bbox 401 1600 522 1668; x_wconf 79' lang='lat'><strong>373,</strong></span> <span class='ocrx_word' id='word_1_104' title='bbox 555 1600 759 1656; x_wconf 69' lang='lat' dir='ltr'><strong>Dussr</strong></span> <span class='ocrx_word' id='word_1_105' title='bbox 792 1599 848 1665; x_wconf 90' lang='lat'><strong>8,</strong></span> <span class='ocrx_word' id='word_1_106' title='bbox 877 1597 1312 1654; x_wconf 64' lang='lat' dir='ltr'><strong>Vanesrtsumus</strong></span> <span class='ocrx_word' id='word_1_107' title='bbox 1338 1613 1463 1666; x_wconf 68' lang='lat' dir='ltr'><strong>Atta.</strong></span> <span class='ocrx_word' id='word_1_108' title='bbox 1505 1613 1556 1660; x_wconf 72' lang='lat' dir='ltr'><strong>iv</strong></span> <span class='ocrx_word' id='word_1_109' title='bbox 1586 1613 1652 1653; x_wconf 76' lang='grc' dir='ltr'><strong>ετ</strong></span> <span class='ocrx_word' id='word_1_110' title='bbox 1679 1597 1897 1654; x_wconf 70' lang='lat' dir='ltr'><strong>VALBNS</strong></span> 
     </span>
    </p>
   </div>
   <div class='ocr_carea' id='block_1_18' title="bbox 958 1683 1938 1749">
    <p class='ocr_par' dir='ltr' id='par_1_18' title="bbox 958 1683 1938 1749">
     <span class='ocr_line' id='line_1_18' title="bbox 958 1683 1938 1749; baseline -0.002 0"><span class='ocrx_word' id='word_1_111' title='bbox 958 1709 1081 1749; x_wconf 68' lang='lat' dir='ltr'><strong>suc.</strong></span> <span class='ocrx_word' id='word_1_112' title='bbox 1113 1710 1166 1748; x_wconf 82' lang='lat' dir='ltr'><strong>tv</strong></span> <span class='ocrx_word' id='word_1_113' title='bbox 1197 1709 1340 1749; x_wconf 89' lang='lat' dir='ltr'><strong>coss.</strong></span> <span class='ocrx_word' id='word_1_114' title='bbox 1929 1683 1938 1694; x_wconf 61' lang='grc'><strong>“’</strong></span> 
     </span>
    </p>
   </div>
   <div class='ocr_carea' id='block_1_19' title="bbox 343 1805 1952 1863">
    <p class='ocr_par' dir='ltr' id='par_1_19' title="bbox 343 1805 1952 1863">
     <span class='ocr_line' id='line_1_19' title="bbox 343 1805 1952 1863; baseline 0.002 -3"><span class='ocrx_word' id='word_1_115' title='bbox 343 1806 390 1861; x_wconf 87' lang='grc'><strong>1.</strong></span> <span class='ocrx_word' id='word_1_116' title='bbox 431 1805 688 1862; x_wconf 86' lang='lat' dir='ltr'><strong>Damasus</strong></span> <span class='ocrx_word' id='word_1_117' title='bbox 737 1808 936 1861; x_wconf 78' lang='lat' dir='ltr'><strong>litteras</strong></span> <span class='ocrx_word' id='word_1_118' title='bbox 984 1824 1014 1860; x_wconf 89' lang='lat' dir='ltr'><strong>a</strong></span> <span class='ocrx_word' id='word_1_119' title='bbox 1044 1806 1241 1861; x_wconf 88' lang='lat' dir='ltr'><strong>Sabino</strong></span> <span class='ocrx_word' id='word_1_120' title='bbox 1281 1807 1465 1861; x_wconf 88' lang='lat' dir='ltr'><strong>allatas</strong></span> <span class='ocrx_word' id='word_1_121' title='bbox 1491 1807 1560 1860; x_wconf 85' lang='lat' dir='ltr'><strong>ad</strong></span> <span class='ocrx_word' id='word_1_122' title='bbox 1588 1806 1841 1862; x_wconf 88' lang='lat' dir='ltr'><strong>Basiliam</strong></span> <span class='ocrx_word' id='word_1_123' title='bbox 1871 1825 1952 1863; x_wconf 85' lang='lat' dir='ltr'><strong>re-</strong></span> 
     </span>
    </p>
   </div>
   <div class='ocr_carea' id='block_1_20' title="bbox 421 1898 1950 1970">
    <p class='ocr_par' dir='ltr' id='par_1_20' title="bbox 421 1898 1950 1970">
     <span class='ocr_line' id='line_1_20' title="bbox 421 1898 1950 1970; baseline 0.003 -18"><span class='ocrx_word' id='word_1_124' title='bbox 421 1900 552 1952; x_wconf 86' lang='lat' dir='ltr'><strong>mitti</strong></span> <span class='ocrx_word' id='word_1_125' title='bbox 581 1909 729 1953; x_wconf 80' lang='lat' dir='ltr'><strong>curat</strong></span> <span class='ocrx_word' id='word_1_126' title='bbox 773 1916 864 1969; x_wconf 87' lang='lat' dir='ltr'><strong>per</strong></span> <span class='ocrx_word' id='word_1_127' title='bbox 893 1898 1171 1970; x_wconf 70' lang='lat' dir='ltr'><strong>Et&#39;agriam</strong></span> <span class='ocrx_word' id='word_1_128' title='bbox 1207 1901 1598 1964; x_wconf 77' lang='lat' dir='ltr'><strong>Antiochenam,</strong></span> <span class='ocrx_word' id='word_1_129' title='bbox 1643 1911 1791 1970; x_wconf 87' lang='lat' dir='ltr'><strong>atque</strong></span> <span class='ocrx_word' id='word_1_130' title='bbox 1816 1901 1950 1956; x_wconf 85' lang='lat' dir='ltr'><strong>alias</strong></span> 
     </span>
    </p>
   </div>
   <div class='ocr_carea' id='block_1_21' title="bbox 413 1991 1946 2065">
    <p class='ocr_par' dir='ltr' id='par_1_21' title="bbox 413 1991 1946 2065">
     <span class='ocr_line' id='line_1_21' title="bbox 413 1991 1946 2065; baseline 0.002 -19"><span class='ocrx_word' id='word_1_131' title='bbox 413 1996 572 2065; x_wconf 68' lang='lat' dir='ltr'><strong>juxta</strong></span> <span class='ocrx_word' id='word_1_132' title='bbox 593 1994 952 2062; x_wconf 73' lang='lat' dir='ltr'><strong>prwscriptam</strong></span> <span class='ocrx_word' id='word_1_133' title='bbox 983 1991 1160 2047; x_wconf 70' lang='lat' dir='ltr'><strong>Romae</strong></span> <span class='ocrx_word' id='word_1_134' title='bbox 1182 1993 1456 2062; x_wconf 76' lang='lat' dir='ltr'><strong>formulam</strong></span> <span class='ocrx_word' id='word_1_135' title='bbox 1480 1993 1664 2046; x_wconf 83' lang='lat' dir='ltr'><strong>scribi:</strong></span> <span class='ocrx_word' id='word_1_136' title='bbox 1687 2010 1787 2062; x_wconf 82' lang='lat' dir='ltr'><strong>quo</strong></span> <span class='ocrx_word' id='word_1_137' title='bbox 1811 2011 1946 2049; x_wconf 87' lang='lat' dir='ltr'><strong>anno</strong></span> 
     </span>
    </p>
   </div>
   <div class='ocr_carea' id='block_1_22' title="bbox 435 2084 1949 2155">
    <p class='ocr_par' dir='ltr' id='par_1_22' title="bbox 435 2084 1949 2155">
     <span class='ocr_line' id='line_1_22' title="bbox 435 2084 1949 2155; baseline 0.003 -17"><span class='ocrx_word' id='word_1_138' title='bbox 435 2085 681 2155; x_wconf 75' lang='lat' dir='ltr'><strong>Euagrius</strong></span> <span class='ocrx_word' id='word_1_139' title='bbox 707 2086 756 2138; x_wconf 88' lang='lat' dir='ltr'><strong>in</strong></span> <span class='ocrx_word' id='word_1_140' title='bbox 789 2084 1051 2138; x_wconf 77' lang='lat' dir='ltr'><strong>Orientem</strong></span> <span class='ocrx_word' id='word_1_141' title='bbox 1079 2084 1306 2139; x_wconf 75' lang='lat' dir='ltr'><strong>redierit.</strong></span> <span class='ocrx_word' id='word_1_142' title='bbox 1333 2084 1524 2138; x_wconf 49' lang='lat' dir='ltr'><strong>“(Cur</strong></span> <span class='ocrx_word' id='word_1_143' title='bbox 1559 2084 1737 2140; x_wconf 76' lang='lat' dir='ltr'><strong>Basilii</strong></span> <span class='ocrx_word' id='word_1_144' title='bbox 1766 2087 1949 2142; x_wconf 70' lang='lat' dir='ltr'><strong>litterae</strong></span> 
     </span>
    </p>
   </div>
   <div class='ocr_carea' id='block_1_23' title="bbox 434 2177 1948 2248">
    <p class='ocr_par' dir='ltr' id='par_1_23' title="bbox 434 2177 1948 2248">
     <span class='ocr_line' id='line_1_23' title="bbox 434 2177 1948 2248; baseline 0.002 -17"><span class='ocrx_word' id='word_1_145' title='bbox 434 2177 658 2232; x_wconf 87' lang='lat' dir='ltr'><strong>Damaso</strong></span> <span class='ocrx_word' id='word_1_146' title='bbox 681 2195 777 2232; x_wconf 87' lang='lat' dir='ltr'><strong>non</strong></span> <span class='ocrx_word' id='word_1_147' title='bbox 807 2180 1126 2246; x_wconf 86' lang='lat' dir='ltr'><strong>placuerint,</strong></span> <span class='ocrx_word' id='word_1_148' title='bbox 1155 2179 1337 2248; x_wconf 82' lang='lat' dir='ltr'><strong>quidve</strong></span> <span class='ocrx_word' id='word_1_149' title='bbox 1387 2179 1439 2232; x_wconf 88' lang='lat' dir='ltr'><strong>in</strong></span> <span class='ocrx_word' id='word_1_150' title='bbox 1492 2178 1598 2232; x_wconf 81' lang='lat' dir='ltr'><strong>illis</strong></span> <span class='ocrx_word' id='word_1_151' title='bbox 1630 2179 1948 2234; x_wconf 83' lang='lat' dir='ltr'><strong>desiderasse</strong></span> 
     </span>
    </p>
   </div>
   <div class='ocr_carea' id='block_1_24' title="bbox 429 2269 1937 2339">
    <p class='ocr_par' dir='ltr' id='par_1_24' title="bbox 429 2269 1937 2339">
     <span class='ocr_line' id='line_1_24' title="bbox 429 2269 1937 2339; baseline 0.001 -15"><span class='ocrx_word' id='word_1_152' title='bbox 429 2272 658 2325; x_wconf 77' lang='lat' dir='ltr'><strong>videatur</strong></span> <span class='ocrx_word' id='word_1_153' title='bbox 680 2271 704 2323; x_wconf 86' lang='lat'><strong><em>?</em></strong></span> <span class='ocrx_word' id='word_1_154' title='bbox 724 2270 812 2326; x_wconf 89' lang='lat' dir='ltr'><strong>Ill.</strong></span> <span class='ocrx_word' id='word_1_155' title='bbox 838 2270 969 2335; x_wconf 65' lang='lat' dir='ltr'><strong>Quae</strong></span> <span class='ocrx_word' id='word_1_156' title='bbox 994 2271 1223 2334; x_wconf 84' lang='lat' dir='ltr'><strong>eiusdem</strong></span> <span class='ocrx_word' id='word_1_157' title='bbox 1244 2269 1578 2339; x_wconf 80' lang='lat' dir='ltr'><strong>Basilit,qute</strong></span> <span class='ocrx_word' id='word_1_158' title='bbox 1603 2270 1811 2326; x_wconf 86' lang='lat' dir='ltr'><strong>Eusebii</strong></span> <span class='ocrx_word' id='word_1_159' title='bbox 1837 2272 1937 2328; x_wconf 84' lang='lat' dir='ltr'><strong>Sa-</strong></span> 
     </span>
    </p>
   </div>
   <div class='ocr_carea' id='block_1_25' title="bbox 339 2361 1941 2433">
    <p class='ocr_par' dir='ltr' id='par_1_25' title="bbox 339 2361 1941 2433">
     <span class='ocr_line' id='line_1_25' title="bbox 339 2361 1941 2433; baseline 0.002 -18"><span class='ocrx_word' id='word_1_160' title='bbox 339 2375 351 2378; x_wconf 69' lang='lat'>”</span> <span class='ocrx_word' id='word_1_161' title='bbox 425 2363 673 2416; x_wconf 86' lang='lat' dir='ltr'><strong>mosateni</strong></span> <span class='ocrx_word' id='word_1_162' title='bbox 693 2404 707 2428; x_wconf 91' lang='lat'><strong>,</strong></span> <span class='ocrx_word' id='word_1_163' title='bbox 737 2363 828 2432; x_wconf 85' lang='lat' dir='ltr'><strong>qui</strong></span> <span class='ocrx_word' id='word_1_164' title='bbox 851 2364 1115 2418; x_wconf 80' lang='lat' dir='ltr'><strong>consultus</strong></span> <span class='ocrx_word' id='word_1_165' title='bbox 1141 2381 1171 2416; x_wconf 91' lang='lat' dir='ltr'><strong>a</strong></span> <span class='ocrx_word' id='word_1_166' title='bbox 1201 2361 1393 2416; x_wconf 84' lang='lat' dir='ltr'><strong>Basilio</strong></span> <span class='ocrx_word' id='word_1_167' title='bbox 1416 2367 1604 2433; x_wconf 78' lang='lat' dir='ltr'><strong>fuerat,</strong></span> <span class='ocrx_word' id='word_1_168' title='bbox 1629 2364 1691 2416; x_wconf 89' lang='lat' dir='ltr'><strong>de</strong></span> <span class='ocrx_word' id='word_1_169' title='bbox 1709 2364 1860 2418; x_wconf 84' lang='lat' dir='ltr'><strong>rebus</strong></span> <span class='ocrx_word' id='word_1_170' title='bbox 1879 2365 1941 2419; x_wconf 90' lang='lat' dir='ltr'><strong>ab</strong></span> 
     </span>
    </p>
   </div>
   <div class='ocr_carea' id='block_1_26' title="bbox 420 2451 1944 2525">
    <p class='ocr_par' dir='ltr' id='par_1_26' title="bbox 420 2451 1944 2525">
     <span class='ocr_line' id='line_1_26' title="bbox 420 2451 1944 2525; baseline 0.003 -19"><span class='ocrx_word' id='word_1_171' title='bbox 420 2451 649 2524; x_wconf 72' lang='lat' dir='ltr'><strong>Evagrio</strong></span> <span class='ocrx_word' id='word_1_172' title='bbox 699 2465 816 2507; x_wconf 87' lang='lat' dir='ltr'><strong>tunc</strong></span> <span class='ocrx_word' id='word_1_173' title='bbox 859 2456 1158 2524; x_wconf 81' lang='lat' dir='ltr'><strong>postulatis,</strong></span> <span class='ocrx_word' id='word_1_174' title='bbox 1203 2456 1450 2508; x_wconf 84' lang='lat' dir='ltr'><strong>sententia</strong></span> <span class='ocrx_word' id='word_1_175' title='bbox 1485 2456 1686 2525; x_wconf 83' lang='lat' dir='ltr'><strong>fuerit?</strong></span> <span class='ocrx_word' id='word_1_176' title='bbox 1728 2456 1818 2510; x_wconf 80' lang='grc' dir='ltr'><strong>ιν.</strong></span> <span class='ocrx_word' id='word_1_177' title='bbox 1867 2456 1944 2511; x_wconf 87' lang='lat' dir='ltr'><strong>De</strong></span> 
     </span>
    </p>
   </div>
   <div class='ocr_carea' id='block_1_27' title="bbox 420 2545 1946 2622">
    <p class='ocr_par' dir='ltr' id='par_1_27' title="bbox 420 2545 1946 2622">
     <span class='ocr_line' id='line_1_27' title="bbox 420 2545 1946 2622; baseline 0.005 -23"><span class='ocrx_word' id='word_1_178' title='bbox 420 2545 696 2611; x_wconf 81' lang='lat' dir='ltr'><strong>Athanasii</strong></span> <span class='ocrx_word' id='word_1_179' title='bbox 727 2548 888 2611; x_wconf 87' lang='lat' dir='ltr'><strong>obita,</strong></span> <span class='ocrx_word' id='word_1_180' title='bbox 913 2546 1057 2602; x_wconf 86' lang='lat' dir='ltr'><strong>Petri</strong></span> <span class='ocrx_word' id='word_1_181' title='bbox 1079 2547 1418 2602; x_wconf 67' lang='lat' dir='ltr'><strong>Alexandrini</strong></span> <span class='ocrx_word' id='word_1_182' title='bbox 1440 2549 1705 2616; x_wconf 80' lang='lat' dir='ltr'><strong>electione,</strong></span> <span class='ocrx_word' id='word_1_183' title='bbox 1738 2554 1946 2622; x_wconf 83' lang='lat' dir='ltr'><strong>ejusque</strong></span> 
     </span>
    </p>
   </div>
   <div class='ocr_carea' id='block_1_28' title="bbox 412 2636 901 2709">
    <p class='ocr_par' dir='ltr' id='par_1_28' title="bbox 412 2636 901 2709">
     <span class='ocr_line' id='line_1_28' title="bbox 412 2636 901 2709; baseline 0 -15"><span class='ocrx_word' id='word_1_184' title='bbox 412 2639 485 2704; x_wconf 80' lang='lat' dir='ltr'><strong>ad</strong></span> <span class='ocrx_word' id='word_1_185' title='bbox 522 2636 714 2694; x_wconf 80' lang='lat' dir='ltr'><strong>Urbem</strong></span> <span class='ocrx_word' id='word_1_186' title='bbox 756 2643 901 2709; x_wconf 84' lang='lat' dir='ltr'><strong>fuga.</strong></span> 
     </span>
    </p>
   </div>
   <div class='ocr_carea' id='block_1_29' title="bbox 409 2771 1942 2840">
    <p class='ocr_par' dir='ltr' id='par_1_29' title="bbox 409 2771 1942 2840">
     <span class='ocr_line' id='line_1_29' title="bbox 409 2771 1942 2840; baseline 0.002 -14"><span class='ocrx_word' id='word_1_187' title='bbox 409 2772 451 2826; x_wconf 87' lang='lat' dir='ltr'><strong>l.</strong></span> <span class='ocrx_word' id='word_1_188' title='bbox 499 2771 718 2827; x_wconf 70' lang='lat' dir='ltr'><strong>Litterre</strong></span> <span class='ocrx_word' id='word_1_189' title='bbox 775 2788 909 2840; x_wconf 86' lang='lat' dir='ltr'><strong>quas</strong></span> <span class='ocrx_word' id='word_1_190' title='bbox 951 2788 980 2826; x_wconf 89' lang='lat' dir='ltr'><strong>a</strong></span> <span class='ocrx_word' id='word_1_191' title='bbox 1021 2772 1220 2828; x_wconf 84' lang='lat' dir='ltr'><strong>Basilio</strong></span> <span class='ocrx_word' id='word_1_192' title='bbox 1258 2774 1531 2826; x_wconf 90' lang='lat' dir='ltr'><strong>communi</strong></span> <span class='ocrx_word' id='word_1_193' title='bbox 1585 2772 1942 2829; x_wconf 80' lang='lat' dir='ltr'><strong>Orientalium</strong></span> 
     </span>
    </p>
   </div>
   <div class='ocr_carea' id='block_1_30' title="bbox 340 2865 1939 2936">
    <p class='ocr_par' dir='ltr' id='par_1_30' title="bbox 340 2865 1939 2936">
     <span class='ocr_line' id='line_1_30' title="bbox 340 2865 1939 2936; baseline 0.001 -17"><span class='ocrx_word' id='word_1_194' title='bbox 340 2868 565 2920; x_wconf 86' lang='lat' dir='ltr'><strong>nomine</strong></span> <span class='ocrx_word' id='word_1_195' title='bbox 615 2865 866 2936; x_wconf 87' lang='lat' dir='ltr'><strong>scriptas,</strong></span> <span class='ocrx_word' id='word_1_196' title='bbox 901 2866 1132 2921; x_wconf 89' lang='lat' dir='ltr'><strong>Sabinus</strong></span> <span class='ocrx_word' id='word_1_197' title='bbox 1173 2869 1226 2920; x_wconf 92' lang='lat' dir='ltr'><strong>in</strong></span> <span class='ocrx_word' id='word_1_198' title='bbox 1262 2866 1612 2922; x_wconf 88' lang='lat' dir='ltr'><strong>Occidentem</strong></span> <span class='ocrx_word' id='word_1_199' title='bbox 1661 2869 1939 2935; x_wconf 83' lang='lat' dir='ltr'><strong>retulerat,</strong></span> 
     </span>
    </p>
   </div>
   <div class='ocr_carea' id='block_1_31' title="bbox 345 2957 1942 3030">
    <p class='ocr_par' dir='ltr' id='par_1_31' title="bbox 345 2957 1942 3030">
     <span class='ocr_line' id='line_1_31' title="bbox 345 2957 1942 3030; baseline 0.003 -19"><span class='ocrx_word' id='word_1_200' title='bbox 345 2957 578 3011; x_wconf 85' lang='lat' dir='ltr'><strong>Damaso</strong></span> <span class='ocrx_word' id='word_1_201' title='bbox 623 2976 727 3010; x_wconf 92' lang='lat' dir='ltr'><strong>nou</strong></span> <span class='ocrx_word' id='word_1_202' title='bbox 766 2958 1106 3026; x_wconf 87' lang='lat' dir='ltr'><strong>placuerunt.</strong></span> <span class='ocrx_word' id='word_1_203' title='bbox 1142 2958 1196 3012; x_wconf 88' lang='lat' dir='ltr'><strong>Id</strong></span> <span class='ocrx_word' id='word_1_204' title='bbox 1224 2969 1436 3013; x_wconf 83' lang='lat' dir='ltr'><strong>constat</strong></span> <span class='ocrx_word' id='word_1_205' title='bbox 1466 2974 1529 3013; x_wconf 86' lang='lat' dir='ltr'><strong>ex</strong></span> <span class='ocrx_word' id='word_1_206' title='bbox 1559 2959 1737 3014; x_wconf 82' lang='lat' dir='ltr'><strong>Basilii</strong></span> <span class='ocrx_word' id='word_1_207' title='bbox 1775 2961 1942 3030; x_wconf 88' lang='lat' dir='ltr'><strong>ipsius</strong></span> 
     </span>
    </p>
   </div>
   <div class='ocr_carea' id='block_1_32' title="bbox 337 3049 1940 3118">
    <p class='ocr_par' dir='ltr' id='par_1_32' title="bbox 337 3049 1940 3118">
     <span class='ocr_line' id='line_1_32' title="bbox 337 3049 1940 3118; baseline 0 -14"><span class='ocrx_word' id='word_1_208' title='bbox 337 3050 565 3118; x_wconf 80' lang='lat' dir='ltr'><strong>epistola</strong></span> <span class='ocrx_word' id='word_1_209' title='bbox 597 3050 664 3103; x_wconf 89' lang='lat' dir='ltr'><strong>ad</strong></span> <span class='ocrx_word' id='word_1_210' title='bbox 715 3049 1008 3103; x_wconf 83' lang='lat' dir='ltr'><strong>Eusebium</strong></span> <span class='ocrx_word' id='word_1_211' title='bbox 1044 3049 1458 3105; x_wconf 88' lang='lat' dir='ltr'><strong>Samosatenum</strong></span> <span class='ocrx_word' id='word_1_212' title='bbox 1494 3050 1597 3107; x_wconf 92' lang='lat' dir='ltr'><strong>hoc</strong></span> <span class='ocrx_word' id='word_1_213' title='bbox 1627 3067 1767 3104; x_wconf 90' lang='lat' dir='ltr'><strong>anno</strong></span> <span class='ocrx_word' id='word_1_214' title='bbox 1796 3053 1940 3117; x_wconf 85' lang='lat' dir='ltr'><strong>data,</strong></span> 
     </span>
    </p>
   </div>
   <div class='ocr_carea' id='block_1_33' title="bbox 2063 437 3660 524">
    <p class='ocr_par' dir='ltr' id='par_1_33' title="bbox 2063 437 3660 524">
     <span class='ocr_line' id='line_1_33' title="bbox 2063 437 3660 524; baseline 0.011 -34"><span class='ocrx_word' id='word_1_215' title='bbox 2063 441 2281 510; x_wconf 82' lang='lat' dir='ltr'><strong>quidem</strong></span> <span class='ocrx_word' id='word_1_216' title='bbox 2317 442 2390 496; x_wconf 90' lang='lat' dir='ltr'><strong>ait</strong></span> <span class='ocrx_word' id='word_1_217' title='bbox 2416 437 2576 522; x_wconf 22' lang='lat' dir='ltr'><strong>hic-in</strong></span> <span class='ocrx_word' id='word_1_218' title='bbox 2605 437 2834 524; x_wconf 68' lang='lat' dir='ltr'><strong>epistola</strong></span> <span class='ocrx_word' id='word_1_219' title='bbox 2869 447 2958 500; x_wconf 89' lang='lat' dir='ltr'><strong>illa</strong></span> <span class='ocrx_word' id='word_1_220' title='bbox 2985 448 3048 501; x_wconf 88' lang='lat' dir='ltr'><strong>ad</strong></span> <span class='ocrx_word' id='word_1_221' title='bbox 3076 449 3350 514; x_wconf 80' lang='lat' dir='ltr'><strong>Ruﬁnum,</strong></span> <span class='ocrx_word' id='word_1_222' title='bbox 3380 452 3432 505; x_wconf 90' lang='lat' dir='ltr'><strong>in</strong></span> <span class='ocrx_word' id='word_1_223' title='bbox 3463 437 3660 520; x_wconf 80' lang='lat' dir='ltr'><strong>incerto</strong></span> 
     </span>
    </p>
   </div>
   <div class='ocr_carea' id='block_1_34' title="bbox 2057 537 3652 616">
    <p class='ocr_par' dir='ltr' id='par_1_34' title="bbox 2057 537 3652 616">
     <span class='ocr_line' id='line_1_34' title="bbox 2057 537 3652 616; baseline 0.008 -31"><span class='ocrx_word' id='word_1_224' title='bbox 2057 537 2483 606; x_wconf 81' lang='lat' dir='ltr'><strong>peregrinationis</strong></span> <span class='ocrx_word' id='word_1_225' title='bbox 2502 540 2714 602; x_wconf 87' lang='lat' dir='ltr'><strong>erranti,</strong></span> <span class='ocrx_word' id='word_1_226' title='bbox 2739 557 2854 593; x_wconf 86' lang='lat' dir='ltr'><strong>cum</strong></span> <span class='ocrx_word' id='word_1_227' title='bbox 2877 540 3122 608; x_wconf 88' lang='lat' dir='ltr'><strong>Thracia,</strong></span> <span class='ocrx_word' id='word_1_228' title='bbox 3148 540 3364 608; x_wconf 79' lang='lat' dir='ltr'><strong>Pontus,</strong></span> <span class='ocrx_word' id='word_1_229' title='bbox 3385 544 3652 616; x_wconf 80' lang='lat' dir='ltr'><strong>Bithynia,</strong></span> 
     </span>
    </p>
   </div>
   <div class='ocr_carea' id='block_1_35' title="bbox 2058 627 3658 708">
    <p class='ocr_par' dir='ltr' id='par_1_35' title="bbox 2058 627 3658 708">
     <span class='ocr_line' id='line_1_35' title="bbox 2058 627 3658 708; baseline 0.008 -29"><span class='ocrx_word' id='word_1_230' title='bbox 2058 636 2319 696; x_wconf 82' lang='lat' dir='ltr'><strong>totamque</strong></span> <span class='ocrx_word' id='word_1_231' title='bbox 2350 627 2587 695; x_wconf 75' lang='lat' dir='ltr'><strong>Galatiw,</strong></span> <span class='ocrx_word' id='word_1_232' title='bbox 2645 641 2692 684; x_wconf 88' lang='lat' dir='ltr'><strong>et</strong></span> <span class='ocrx_word' id='word_1_233' title='bbox 2723 631 3070 701; x_wconf 75' lang='lat' dir='ltr'><strong>Cappadocia:</strong></span> <span class='ocrx_word' id='word_1_234' title='bbox 3095 637 3208 697; x_wconf 83' lang='lat' dir='ltr'><strong>iter,</strong></span> <span class='ocrx_word' id='word_1_235' title='bbox 3233 646 3279 688; x_wconf 83' lang='lat' dir='ltr'><strong>et</strong></span> <span class='ocrx_word' id='word_1_236' title='bbox 3309 638 3507 708; x_wconf 74' lang='lat' dir='ltr'><strong>fervido</strong></span> <span class='ocrx_word' id='word_1_237' title='bbox 3531 637 3658 691; x_wconf 76' lang='lat' dir='ltr'><strong>Cili-</strong></span> 
     </span>
    </p>
   </div>
   <div class='ocr_carea' id='block_1_36' title="bbox 2056 725 3655 796">
    <p class='ocr_par' dir='ltr' id='par_1_36' title="bbox 2056 725 3655 796">
     <span class='ocr_line' id='line_1_36' title="bbox 2056 725 3655 796; baseline 0.009 -26"><span class='ocrx_word' id='word_1_238' title='bbox 2056 735 2169 772; x_wconf 88' lang='lat' dir='ltr'><strong>cum</strong></span> <span class='ocrx_word' id='word_1_239' title='bbox 2217 730 2352 773; x_wconf 83' lang='lat' dir='ltr'><strong>terra</strong></span> <span class='ocrx_word' id='word_1_240' title='bbox 2406 725 2639 792; x_wconf 88' lang='lat' dir='ltr'><strong>fregisset</strong></span> <span class='ocrx_word' id='word_1_241' title='bbox 2665 735 2812 790; x_wconf 77' lang='lat' dir='ltr'><strong>wsta,</strong></span> <span class='ocrx_word' id='word_1_242' title='bbox 2842 725 2998 796; x_wconf 79' lang='lat' dir='ltr'><strong>Syria</strong></span> <span class='ocrx_word' id='word_1_243' title='bbox 3039 729 3171 780; x_wconf 86' lang='lat' dir='ltr'><strong>velut</strong></span> <span class='ocrx_word' id='word_1_244' title='bbox 3215 729 3492 796; x_wconf 74' lang='lat' dir='ltr'><strong>ﬁdissimus</strong></span> <span class='ocrx_word' id='word_1_245' title='bbox 3523 747 3655 784; x_wconf 87' lang='lat' dir='ltr'><strong>nau-</strong></span> 
     </span>
    </p>
   </div>
   <div class='ocr_carea' id='block_1_37' title="bbox 2057 803 3655 888">
    <p class='ocr_par' dir='ltr' id='par_1_37' title="bbox 2057 803 3655 888">
     <span class='ocr_line' id='line_1_37' title="bbox 2057 803 3655 888; baseline 0.011 -26"><span class='ocrx_word' id='word_1_246' title='bbox 2057 813 2204 881; x_wconf 80' lang='lat' dir='ltr'><strong>frago</strong></span> <span class='ocrx_word' id='word_1_247' title='bbox 2234 825 2414 883; x_wconf 85' lang='lat' dir='ltr'><strong>portus</strong></span> <span class='ocrx_word' id='word_1_248' title='bbox 2465 816 2688 869; x_wconf 86' lang='lat' dir='ltr'><strong>occurrit</strong></span> <span class='ocrx_word' id='word_1_249' title='bbox 2718 815 2812 888; x_wconf 88' lang='lat' dir='ltr'><strong>(e).</strong></span> <span class='ocrx_word' id='word_1_250' title='bbox 2864 817 2931 871; x_wconf 87' lang='lat' dir='ltr'><strong>At</strong></span> <span class='ocrx_word' id='word_1_251' title='bbox 2961 819 3004 870; x_wconf 89' lang='lat' dir='ltr'><strong>si</strong></span> <span class='ocrx_word' id='word_1_252' title='bbox 3053 821 3176 884; x_wconf 89' lang='lat' dir='ltr'><strong>ille,</strong></span> <span class='ocrx_word' id='word_1_253' title='bbox 3227 803 3370 875; x_wconf 87' lang='lat' dir='ltr'><strong>anno</strong></span> <span class='ocrx_word' id='word_1_254' title='bbox 3411 823 3514 878; x_wconf 76' lang='lat'><strong>370</strong></span> <span class='ocrx_word' id='word_1_255' title='bbox 3563 831 3655 879; x_wconf 84' lang='lat' dir='ltr'><strong>aut</strong></span> 
     </span>
    </p>
   </div>
   <div class='ocr_carea' id='block_1_38' title="bbox 2056 909 3653 988">
    <p class='ocr_par' dir='ltr' id='par_1_38' title="bbox 2056 909 3653 988">
     <span class='ocr_line' id='line_1_38' title="bbox 2056 909 3653 988; baseline 0.008 -28"><span class='ocrx_word' id='word_1_256' title='bbox 2056 909 2254 974; x_wconf 91' lang='lat' dir='ltr'><strong>altero,</strong></span> <span class='ocrx_word' id='word_1_257' title='bbox 2315 911 2365 964; x_wconf 94' lang='lat' dir='ltr'><strong>in</strong></span> <span class='ocrx_word' id='word_1_258' title='bbox 2418 909 2693 965; x_wconf 76' lang='lat' dir='ltr'><strong>Orientem</strong></span> <span class='ocrx_word' id='word_1_259' title='bbox 2747 913 2898 974; x_wconf 85' lang='lat' dir='ltr'><strong>abiit.</strong></span> <span class='ocrx_word' id='word_1_260' title='bbox 2949 915 3090 984; x_wconf 87' lang='lat' dir='ltr'><strong>quod</strong></span> <span class='ocrx_word' id='word_1_261' title='bbox 3136 915 3264 970; x_wconf 84' lang='lat' dir='ltr'><strong>huic</strong></span> <span class='ocrx_word' id='word_1_262' title='bbox 3316 927 3429 988; x_wconf 83' lang='lat' dir='ltr'><strong>toto</strong></span> <span class='ocrx_word' id='word_1_263' title='bbox 3470 917 3653 973; x_wconf 75' lang='lat' dir='ltr'><strong>itineri</strong></span> 
     </span>
    </p>
   </div>
   <div class='ocr_carea' id='block_1_39' title="bbox 2056 1005 3653 1088">
    <p class='ocr_par' dir='ltr' id='par_1_39' title="bbox 2056 1005 3653 1088">
     <span class='ocr_line' id='line_1_39' title="bbox 2056 1005 3653 1088; baseline 0.006 -29"><span class='ocrx_word' id='word_1_264' title='bbox 2056 1005 2394 1059; x_wconf 83' lang='lat' dir='ltr'><strong>Conticiendo</strong></span> <span class='ocrx_word' id='word_1_265' title='bbox 2471 1017 2681 1076; x_wconf 86' lang='lat' dir='ltr'><strong>tempus</strong></span> <span class='ocrx_word' id='word_1_266' title='bbox 2749 1009 3147 1065; x_wconf 85' lang='lat' dir='ltr'><strong>attribnemns?</strong></span> <span class='ocrx_word' id='word_1_267' title='bbox 3215 1009 3295 1065; x_wconf 75' lang='lat' dir='ltr'><strong>An</strong></span> <span class='ocrx_word' id='word_1_268' title='bbox 3361 1027 3490 1067; x_wconf 78' lang='lat' dir='ltr'><strong>vero</strong></span> <span class='ocrx_word' id='word_1_269' title='bbox 3553 1014 3653 1088; x_wconf 80' lang='lat' dir='ltr'><strong>sub</strong></span> 
     </span>
    </p>
   </div>
   <div class='ocr_carea' id='block_1_40' title="bbox 2055 1098 3652 1180">
    <p class='ocr_par' dir='ltr' id='par_1_40' title="bbox 2055 1098 3652 1180">
     <span class='ocr_line' id='line_1_40' title="bbox 2055 1098 3652 1180; baseline 0.007 -31"><span class='ocrx_word' id='word_1_270' title='bbox 2055 1099 2178 1150; x_wconf 88' lang='lat' dir='ltr'><strong>anni</strong></span> <span class='ocrx_word' id='word_1_271' title='bbox 2228 1098 2326 1153; x_wconf 74' lang='grc'><strong>571</strong></span> <span class='ocrx_word' id='word_1_272' title='bbox 2381 1098 2539 1153; x_wconf 80' lang='lat' dir='ltr'><strong>linem</strong></span> <span class='ocrx_word' id='word_1_273' title='bbox 2573 1142 2586 1164; x_wconf 91' lang='lat'><strong>,</strong></span> <span class='ocrx_word' id='word_1_274' title='bbox 2643 1109 2736 1153; x_wconf 88' lang='lat' dir='ltr'><strong>aut</strong></span> <span class='ocrx_word' id='word_1_275' title='bbox 2787 1101 2959 1156; x_wconf 89' lang='lat' dir='ltr'><strong>altero</strong></span> <span class='ocrx_word' id='word_1_276' title='bbox 3017 1103 3246 1168; x_wconf 82' lang='lat' dir='ltr'><strong>saltem,</strong></span> <span class='ocrx_word' id='word_1_277' title='bbox 3311 1105 3652 1180; x_wconf 80' lang='lat' dir='ltr'><strong>Antiochiam</strong></span> 
     </span>
    </p>
   </div>
   <div class='ocr_carea' id='block_1_41' title="bbox 2058 1193 3648 1266">
    <p class='ocr_par' dir='ltr' id='par_1_41' title="bbox 2058 1193 3648 1266">
     <span class='ocr_line' id='line_1_41' title="bbox 2058 1193 3648 1266; baseline 0.004 -23"><span class='ocrx_word' id='word_1_278' title='bbox 2058 1193 2241 1246; x_wconf 82' lang='lat' dir='ltr'><strong>venire</strong></span> <span class='ocrx_word' id='word_1_279' title='bbox 2269 1208 2373 1245; x_wconf 92' lang='lat' dir='ltr'><strong>non</strong></span> <span class='ocrx_word' id='word_1_280' title='bbox 2405 1193 2609 1261; x_wconf 87' lang='lat' dir='ltr'><strong>potttit?</strong></span> <span class='ocrx_word' id='word_1_281' title='bbox 2639 1195 2705 1246; x_wconf 86' lang='lat' dir='ltr'><strong>At</strong></span> <span class='ocrx_word' id='word_1_282' title='bbox 2730 1193 2994 1262; x_wconf 77' lang='lat' dir='ltr'><strong>Evagrius</strong></span> <span class='ocrx_word' id='word_1_283' title='bbox 3051 1196 3100 1248; x_wconf 92' lang='lat' dir='ltr'><strong>in</strong></span> <span class='ocrx_word' id='word_1_284' title='bbox 3131 1212 3192 1248; x_wconf 87' lang='lat' dir='ltr'><strong>ea</strong></span> <span class='ocrx_word' id='word_1_285' title='bbox 3253 1196 3385 1251; x_wconf 88' lang='lat' dir='ltr'><strong>urbe</strong></span> <span class='ocrx_word' id='word_1_286' title='bbox 3432 1199 3648 1266; x_wconf 81' lang='lat' dir='ltr'><strong>agebat,</strong></span> 
     </span>
    </p>
   </div>
   <div class='ocr_carea' id='block_1_42' title="bbox 2055 1286 3655 1360">
    <p class='ocr_par' dir='ltr' id='par_1_42' title="bbox 2055 1286 3655 1360">
     <span class='ocr_line' id='line_1_42' title="bbox 2055 1286 3655 1360; baseline 0.006 -23"><span class='ocrx_word' id='word_1_287' title='bbox 2055 1295 2342 1354; x_wconf 84' lang='lat' dir='ltr'><strong>antequam</strong></span> <span class='ocrx_word' id='word_1_288' title='bbox 2385 1286 2740 1358; x_wconf 84' lang='lat' dir='ltr'><strong>lltcrottymtts</strong></span> <span class='ocrx_word' id='word_1_289' title='bbox 2792 1287 2858 1340; x_wconf 87' lang='lat' dir='ltr'><strong>ad</strong></span> <span class='ocrx_word' id='word_1_290' title='bbox 2909 1287 3253 1346; x_wconf 83' lang='lat' dir='ltr'><strong>solitudinem</strong></span> <span class='ocrx_word' id='word_1_291' title='bbox 3299 1305 3451 1360; x_wconf 80' lang='lat' dir='ltr'><strong>suam</strong></span> <span class='ocrx_word' id='word_1_292' title='bbox 3502 1305 3655 1346; x_wconf 88' lang='lat' dir='ltr'><strong>sece-</strong></span> 
     </span>
    </p>
   </div>
   <div class='ocr_carea' id='block_1_43' title="bbox 2052 1377 3645 1454">
    <p class='ocr_par' dir='ltr' id='par_1_43' title="bbox 2052 1377 3645 1454">
     <span class='ocr_line' id='line_1_43' title="bbox 2052 1377 3645 1454; baseline 0.004 -23"><span class='ocrx_word' id='word_1_293' title='bbox 2052 1377 2225 1431; x_wconf 81' lang='lat' dir='ltr'><strong>deret.</strong></span> <span class='ocrx_word' id='word_1_294' title='bbox 2275 1378 2408 1432; x_wconf 90' lang='lat' dir='ltr'><strong>llinc</strong></span> <span class='ocrx_word' id='word_1_295' title='bbox 2449 1379 2731 1434; x_wconf 78' lang='lat' dir='ltr'><strong>Florentio</strong></span> <span class='ocrx_word' id='word_1_296' title='bbox 2785 1383 3049 1434; x_wconf 78' lang='lat' dir='ltr'><strong>monacho</strong></span> <span class='ocrx_word' id='word_1_297' title='bbox 3095 1383 3279 1436; x_wconf 89' lang='lat' dir='ltr'><strong>scribit</strong></span> <span class='ocrx_word' id='word_1_298' title='bbox 3314 1384 3426 1454; x_wconf 91' lang='lat' dir='ltr'><strong>ipse</strong></span> <span class='ocrx_word' id='word_1_299' title='bbox 3464 1384 3533 1438; x_wconf 90' lang='lat' dir='ltr'><strong>de</strong></span> <span class='ocrx_word' id='word_1_300' title='bbox 3565 1399 3645 1451; x_wconf 89' lang='lat' dir='ltr'><strong>se,</strong></span> 
     </span>
    </p>
   </div>
   <div class='ocr_carea' id='block_1_44' title="bbox 2051 1470 3650 1545">
    <p class='ocr_par' dir='ltr' id='par_1_44' title="bbox 2051 1470 3650 1545">
     <span class='ocr_line' id='line_1_44' title="bbox 2051 1470 3650 1545; baseline 0.006 -24"><span class='ocrx_word' id='word_1_301' title='bbox 2051 1471 2354 1540; x_wconf 83' lang='lat' dir='ltr'><strong>magistrum</strong></span> <span class='ocrx_word' id='word_1_302' title='bbox 2390 1471 2538 1542; x_wconf 88' lang='lat' dir='ltr'><strong>pueri</strong></span> <span class='ocrx_word' id='word_1_303' title='bbox 2566 1472 2676 1538; x_wconf 82' lang='lat' dir='ltr'><strong>tui,</strong></span> <span class='ocrx_word' id='word_1_304' title='bbox 2743 1470 2806 1525; x_wconf 88' lang='lat' dir='ltr'><strong>de</strong></span> <span class='ocrx_word' id='word_1_305' title='bbox 2869 1489 2967 1542; x_wconf 86' lang='lat' dir='ltr'><strong>quo</strong></span> <span class='ocrx_word' id='word_1_306' title='bbox 3015 1474 3252 1545; x_wconf 87' lang='lat' dir='ltr'><strong>dignatas</strong></span> <span class='ocrx_word' id='word_1_307' title='bbox 3298 1491 3349 1528; x_wconf 87' lang='lat' dir='ltr'><strong>es</strong></span> <span class='ocrx_word' id='word_1_308' title='bbox 3398 1476 3650 1542; x_wconf 87' lang='lat' dir='ltr'><strong>scribere,</strong></span> 
     </span>
    </p>
   </div>
   <div class='ocr_carea' id='block_1_45' title="bbox 2052 1560 3650 1636">
    <p class='ocr_par' dir='ltr' id='par_1_45' title="bbox 2052 1560 3650 1636">
     <span class='ocr_line' id='line_1_45' title="bbox 2052 1560 3650 1636; baseline 0.004 -21"><span class='ocrx_word' id='word_1_309' title='bbox 2052 1577 2186 1631; x_wconf 67' lang='lat' dir='ltr'><strong>stupe</strong></span> <span class='ocrx_word' id='word_1_310' title='bbox 2257 1560 2512 1632; x_wconf 79' lang='lat' dir='ltr'><strong>Euagrius</strong></span> <span class='ocrx_word' id='word_1_311' title='bbox 2582 1565 2884 1636; x_wconf 83' lang='lat' dir='ltr'><strong>presbyter,</strong></span> <span class='ocrx_word' id='word_1_312' title='bbox 2955 1565 3075 1618; x_wconf 89' lang='lat' dir='ltr'><strong>dum</strong></span> <span class='ocrx_word' id='word_1_313' title='bbox 3138 1567 3305 1620; x_wconf 85' lang='lat' dir='ltr'><strong>adhuc</strong></span> <span class='ocrx_word' id='word_1_314' title='bbox 3366 1563 3650 1636; x_wconf 64' lang='lat' dir='ltr'><strong>Antiochia</strong></span> 
     </span>
    </p>
   </div>
   <div class='ocr_carea' id='block_1_46' title="bbox 2054 1641 3648 1731">
    <p class='ocr_par' dir='ltr' id='par_1_46' title="bbox 2054 1641 3648 1731">
     <span class='ocr_line' id='line_1_46' title="bbox 2054 1641 3648 1731; baseline 0.004 -23"><span class='ocrx_word' id='word_1_315' title='bbox 2054 1672 2250 1718; x_wconf 84' lang='lat' dir='ltr'><strong>essent,</strong></span> <span class='ocrx_word' id='word_1_316' title='bbox 2320 1672 2399 1708; x_wconf 89' lang='lat' dir='ltr'><strong>me</strong></span> <span class='ocrx_word' id='word_1_317' title='bbox 2449 1666 2698 1727; x_wconf 60' lang='lat' dir='ltr'><strong>praesente</strong></span> <span class='ocrx_word' id='word_1_318' title='bbox 2753 1657 3002 1727; x_wconf 82' lang='lat' dir='ltr'><strong>corripuit</strong></span> <span class='ocrx_word' id='word_1_319' title='bbox 3075 1641 3189 1731; x_wconf 73' lang='lat' dir='ltr'><strong>(f).</strong></span> <span class='ocrx_word' id='word_1_320' title='bbox 3239 1660 3648 1730; x_wconf 76' lang='lat' dir='ltr'><strong>Observandum</strong></span> 
     </span>
    </p>
   </div>
   <div class='ocr_carea' id='block_1_47' title="bbox 1978 1745 3650 1826">
    <p class='ocr_par' dir='ltr' id='par_1_47' title="bbox 1978 1745 3650 1826">
     <span class='ocr_line' id='line_1_47' title="bbox 1978 1745 3650 1826; baseline 0.005 -26"><span class='ocrx_word' id='word_1_321' title='bbox 1978 1745 2184 1806; x_wconf 84' lang='lat' dir='ltr'><strong>Bvero</strong></span> <span class='ocrx_word' id='word_1_322' title='bbox 2234 1761 2490 1817; x_wconf 62' lang='lat' dir='ltr'><strong>praetcrea</strong></span> <span class='ocrx_word' id='word_1_323' title='bbox 2547 1759 2662 1826; x_wconf 85' lang='lat' dir='ltr'><strong>est,</strong></span> <span class='ocrx_word' id='word_1_324' title='bbox 2707 1751 2987 1819; x_wconf 82' lang='lat' dir='ltr'><strong>epistolam</strong></span> <span class='ocrx_word' id='word_1_325' title='bbox 3047 1752 3193 1806; x_wconf 86' lang='lat' dir='ltr'><strong>illam</strong></span> <span class='ocrx_word' id='word_1_326' title='bbox 3238 1754 3461 1807; x_wconf 86' lang='lat' dir='ltr'><strong>omnino</strong></span> <span class='ocrx_word' id='word_1_327' title='bbox 3512 1753 3650 1808; x_wconf 89' lang='lat' dir='ltr'><strong>scri-</strong></span> 
     </span>
    </p>
   </div>
   <div class='ocr_carea' id='block_1_48' title="bbox 2058 1843 3651 1924">
    <p class='ocr_par' dir='ltr' id='par_1_48' title="bbox 2058 1843 3651 1924">
     <span class='ocr_line' id='line_1_48' title="bbox 2058 1843 3651 1924; baseline 0.004 -30"><span class='ocrx_word' id='word_1_328' title='bbox 2058 1853 2198 1911; x_wconf 91' lang='lat' dir='ltr'><strong>ptam</strong></span> <span class='ocrx_word' id='word_1_329' title='bbox 2219 1883 2232 1905; x_wconf 94' lang='lat'><strong>,</strong></span> <span class='ocrx_word' id='word_1_330' title='bbox 2265 1853 2550 1911; x_wconf 86' lang='lat' dir='ltr'><strong>antequam</strong></span> <span class='ocrx_word' id='word_1_331' title='bbox 2581 1843 2805 1909; x_wconf 77' lang='lat' dir='ltr'><strong>Ruﬁnus</strong></span> <span class='ocrx_word' id='word_1_332' title='bbox 2840 1843 3220 1897; x_wconf 78' lang='lat' dir='ltr'><strong>Alexandriam</strong></span> <span class='ocrx_word' id='word_1_333' title='bbox 3251 1845 3558 1910; x_wconf 86' lang='lat' dir='ltr'><strong>accederet,</strong></span> <span class='ocrx_word' id='word_1_334' title='bbox 3594 1853 3651 1924; x_wconf 82' lang='lat' dir='ltr'><strong>nt</strong></span> 
     </span>
    </p>
   </div>
   <div class='ocr_carea' id='block_1_49' title="bbox 2054 1931 3649 2008">
    <p class='ocr_par' dir='ltr' id='par_1_49' title="bbox 2054 1931 3649 2008">
     <span class='ocr_line' id='line_1_49' title="bbox 2054 1931 3649 2008; baseline 0.003 -20"><span class='ocrx_word' id='word_1_335' title='bbox 2054 1949 2116 1988; x_wconf 76' lang='lat' dir='ltr'><strong>ex</strong></span> <span class='ocrx_word' id='word_1_336' title='bbox 2187 1931 2300 2008; x_wconf 84' lang='lat' dir='ltr'><strong>ejus</strong></span> <span class='ocrx_word' id='word_1_337' title='bbox 2355 1944 2559 1989; x_wconf 89' lang='lat' dir='ltr'><strong>tantum</strong></span> <span class='ocrx_word' id='word_1_338' title='bbox 2611 1936 2840 1990; x_wconf 88' lang='lat' dir='ltr'><strong>lectione</strong></span> <span class='ocrx_word' id='word_1_339' title='bbox 2887 1945 3071 2006; x_wconf 88' lang='lat' dir='ltr'><strong>aperte</strong></span> <span class='ocrx_word' id='word_1_340' title='bbox 3115 1945 3346 1991; x_wconf 79' lang='lat' dir='ltr'><strong>conSIat.</strong></span> <span class='ocrx_word' id='word_1_341' title='bbox 3412 1938 3466 1993; x_wconf 91' lang='lat' dir='ltr'><strong>Si</strong></span> <span class='ocrx_word' id='word_1_342' title='bbox 3519 1952 3649 2008; x_wconf 85' lang='lat' dir='ltr'><strong>vero</strong></span> 
     </span>
    </p>
   </div>
   <div class='ocr_carea' id='block_1_50' title="bbox 2054 2013 3648 2110">
    <p class='ocr_par' dir='ltr' id='par_1_50' title="bbox 2054 2013 3648 2110">
     <span class='ocr_line' id='line_1_50' title="bbox 2054 2013 3648 2110; baseline -0.001 -26"><span class='ocrx_word' id='word_1_343' title='bbox 2054 2030 2321 2094; x_wconf 82' lang='lat' dir='ltr'><strong>Melania,</strong></span> <span class='ocrx_word' id='word_1_344' title='bbox 2375 2030 2458 2084; x_wconf 90' lang='lat' dir='ltr'><strong>cui</strong></span> <span class='ocrx_word' id='word_1_345' title='bbox 2516 2031 2739 2085; x_wconf 82' lang='lat' dir='ltr'><strong>Rulinus</strong></span> <span class='ocrx_word' id='word_1_346' title='bbox 2797 2030 3098 2100; x_wconf 87' lang='lat' dir='ltr'><strong>Spiritaalis</strong></span> <span class='ocrx_word' id='word_1_347' title='bbox 3147 2031 3240 2084; x_wconf 80' lang='lat' dir='ltr'><strong>uite</strong></span> <span class='ocrx_word' id='word_1_348' title='bbox 3287 2045 3471 2110; x_wconf 78' lang='lat' dir='ltr'><strong>comes</strong></span> <span class='ocrx_word' id='word_1_349' title='bbox 3517 2013 3648 2110; x_wconf 77' lang='lat' dir='ltr'><strong>ade-</strong></span> 
     </span>
    </p>
   </div>
   <div class='ocr_carea' id='block_1_51' title="bbox 2053 2105 3647 2195">
    <p class='ocr_par' dir='ltr' id='par_1_51' title="bbox 2053 2105 3647 2195">
     <span class='ocr_line' id='line_1_51' title="bbox 2053 2105 3647 2195; baseline 0.002 -19"><span class='ocrx_word' id='word_1_350' title='bbox 2053 2134 2153 2185; x_wconf 84' lang='lat' dir='ltr'><strong>rat,</strong></span> <span class='ocrx_word' id='word_1_351' title='bbox 2187 2107 2276 2177; x_wconf 60' lang='lat' dir='ltr'><strong>sex</strong></span> <span class='ocrx_word' id='word_1_352' title='bbox 2306 2125 2572 2178; x_wconf 66' lang='lat' dir='ltr'><strong>dumtaxat</strong></span> <span class='ocrx_word' id='word_1_353' title='bbox 2605 2139 2820 2178; x_wconf 81' lang='lat' dir='ltr'><strong>menses</strong></span> <span class='ocrx_word' id='word_1_354' title='bbox 2853 2109 2905 2177; x_wconf 89' lang='lat' dir='ltr'><strong>in</strong></span> <span class='ocrx_word' id='word_1_355' title='bbox 2945 2123 3183 2195; x_wconf 62' lang='lat' dir='ltr'><strong>Egypto</strong></span> <span class='ocrx_word' id='word_1_356' title='bbox 3214 2105 3421 2178; x_wconf 78' lang='lat' dir='ltr'><strong>mansit</strong></span> <span class='ocrx_word' id='word_1_357' title='bbox 3464 2105 3561 2195; x_wconf 76' lang='lat' dir='ltr'><strong>(g).</strong></span> 
     </span>
    </p>
   </div>
   <div class='ocr_carea' id='block_1_52' title="bbox 2052 2201 3649 2296">
    <p class='ocr_par' dir='ltr' id='par_1_52' title="bbox 2052 2201 3649 2296">
     <span class='ocr_line' id='line_1_52' title="bbox 2052 2201 3649 2296; baseline 0.001 -26"><span class='ocrx_word' id='word_1_358' title='bbox 2052 2228 2310 2288; x_wconf 84' lang='lat' dir='ltr'><strong>pra-terea</strong></span> <span class='ocrx_word' id='word_1_359' title='bbox 2354 2201 2447 2274; x_wconf 86' lang='lat' dir='ltr'><strong>eos</strong></span> <span class='ocrx_word' id='word_1_360' title='bbox 2477 2205 2668 2288; x_wconf 85' lang='lat' dir='ltr'><strong>partim</strong></span> <span class='ocrx_word' id='word_1_361' title='bbox 2703 2221 2956 2288; x_wconf 56' lang='lat' dir='ltr'><strong>transegit</strong></span> <span class='ocrx_word' id='word_1_362' title='bbox 3001 2221 3100 2296; x_wconf 87' lang='lat' dir='ltr'><strong>sub</strong></span> <span class='ocrx_word' id='word_1_363' title='bbox 3127 2217 3441 2296; x_wconf 67' lang='lat' dir='ltr'><strong>Athanasio,</strong></span> <span class='ocrx_word' id='word_1_364' title='bbox 3477 2234 3505 2271; x_wconf 92' lang='lat' dir='ltr'><strong>a</strong></span> <span class='ocrx_word' id='word_1_365' title='bbox 3541 2235 3649 2289; x_wconf 89' lang='lat' dir='ltr'><strong>quo</strong></span> 
     </span>
    </p>
   </div>
   <div class='ocr_carea' id='block_1_53' title="bbox 2051 2310 3651 2384">
    <p class='ocr_par' dir='ltr' id='par_1_53' title="bbox 2051 2310 3651 2384">
     <span class='ocr_line' id='line_1_53' title="bbox 2051 2310 3651 2384; baseline 0.001 -19"><span class='ocrx_word' id='word_1_366' title='bbox 2051 2312 2249 2366; x_wconf 89' lang='lat' dir='ltr'><strong>celebri</strong></span> <span class='ocrx_word' id='word_1_367' title='bbox 2278 2313 2425 2365; x_wconf 79' lang='lat' dir='ltr'><strong>acina</strong></span> <span class='ocrx_word' id='word_1_368' title='bbox 2462 2313 2594 2384; x_wconf 86' lang='lat' dir='ltr'><strong>pelle</strong></span> <span class='ocrx_word' id='word_1_369' title='bbox 2618 2311 2813 2366; x_wconf 90' lang='lat' dir='ltr'><strong>donata</strong></span> <span class='ocrx_word' id='word_1_370' title='bbox 2865 2322 2946 2366; x_wconf 89' lang='lat' dir='ltr'><strong>est</strong></span> <span class='ocrx_word' id='word_1_371' title='bbox 2995 2310 3094 2382; x_wconf 68' lang='lat' dir='ltr'><strong>(hi,</strong></span> <span class='ocrx_word' id='word_1_372' title='bbox 3151 2311 3338 2380; x_wconf 82' lang='lat' dir='ltr'><strong>partim</strong></span> <span class='ocrx_word' id='word_1_373' title='bbox 3372 2311 3471 2365; x_wconf 86' lang='lat' dir='ltr'><strong>sub</strong></span> <span class='ocrx_word' id='word_1_374' title='bbox 3499 2311 3651 2366; x_wconf 89' lang='lat' dir='ltr'><strong>initio</strong></span> 
     </span>
    </p>
   </div>
   <div class='ocr_carea' id='block_1_54' title="bbox 2051 2389 3650 2474">
    <p class='ocr_par' dir='ltr' id='par_1_54' title="bbox 2051 2389 3650 2474">
     <span class='ocr_line' id='line_1_54' title="bbox 2051 2389 3650 2474; baseline 0.001 -15"><span class='ocrx_word' id='word_1_375' title='bbox 2051 2404 2216 2467; x_wconf 85' lang='lat' dir='ltr'><strong>Petri,</strong></span> <span class='ocrx_word' id='word_1_376' title='bbox 2251 2404 2526 2458; x_wconf 75' lang='lat' dir='ltr'><strong>Athanasii</strong></span> <span class='ocrx_word' id='word_1_377' title='bbox 2583 2407 2941 2472; x_wconf 71' lang='lat' dir='ltr'><strong>SUCCt&#39;SSOI‘iS,</strong></span> <span class='ocrx_word' id='word_1_378' title='bbox 3001 2389 3268 2474; x_wconf 60' lang='lat' dir='ltr'><strong>motaeque</strong></span> <span class='ocrx_word' id='word_1_379' title='bbox 3317 2404 3383 2458; x_wconf 89' lang='lat' dir='ltr'><strong>ab</strong></span> <span class='ocrx_word' id='word_1_380' title='bbox 3433 2404 3650 2468; x_wconf 69' lang='lat' dir='ltr'><strong>Arianis</strong></span> 
     </span>
    </p>
   </div>
   <div class='ocr_carea' id='block_1_55' title="bbox 2051 2483 3646 2572">
    <p class='ocr_par' dir='ltr' id='par_1_55' title="bbox 2051 2483 3646 2572">
     <span class='ocr_line' id='line_1_55' title="bbox 2051 2483 3646 2572; baseline 0.001 -20"><span class='ocrx_word' id='word_1_381' title='bbox 2051 2483 2462 2568; x_wconf 79' lang='lat' dir='ltr'><strong>persecutionis,</strong></span> <span class='ocrx_word' id='word_1_382' title='bbox 2493 2499 2649 2567; x_wconf 86' lang='lat' dir='ltr'><strong>cujus</strong></span> <span class='ocrx_word' id='word_1_383' title='bbox 2679 2499 2766 2553; x_wconf 90' lang='lat' dir='ltr'><strong>illa</strong></span> <span class='ocrx_word' id='word_1_384' title='bbox 2795 2515 2918 2569; x_wconf 89' lang='lat' dir='ltr'><strong>pars</strong></span> <span class='ocrx_word' id='word_1_385' title='bbox 2941 2499 3036 2554; x_wconf 77' lang='lat' dir='ltr'><strong>fuit</strong></span> <span class='ocrx_word' id='word_1_386' title='bbox 3061 2499 3123 2569; x_wconf 89' lang='lat' dir='ltr'><strong>(i)</strong></span> <span class='ocrx_word' id='word_1_387' title='bbox 3145 2542 3158 2564; x_wconf 91' lang='lat'><strong>,</strong></span> <span class='ocrx_word' id='word_1_388' title='bbox 3185 2499 3403 2572; x_wconf 66' lang='lat' dir='ltr'><strong>Egypti</strong></span> <span class='ocrx_word' id='word_1_389' title='bbox 3431 2514 3646 2553; x_wconf 89' lang='lat' dir='ltr'><strong>monas-</strong></span> 
     </span>
    </p>
   </div>
   <div class='ocr_carea' id='block_1_56' title="bbox 2051 2591 3648 2662">
    <p class='ocr_par' dir='ltr' id='par_1_56' title="bbox 2051 2591 3648 2662">
     <span class='ocr_line' id='line_1_56' title="bbox 2051 2591 3648 2662; baseline 0 -19"><span class='ocrx_word' id='word_1_390' title='bbox 2051 2593 2180 2646; x_wconf 89' lang='lat' dir='ltr'><strong>teria</strong></span> <span class='ocrx_word' id='word_1_391' title='bbox 2215 2593 2446 2656; x_wconf 86' lang='lat' dir='ltr'><strong>circuire</strong></span> <span class='ocrx_word' id='word_1_392' title='bbox 2480 2606 2582 2646; x_wconf 87' lang='lat' dir='ltr'><strong>non</strong></span> <span class='ocrx_word' id='word_1_393' title='bbox 2633 2591 2824 2662; x_wconf 88' lang='lat' dir='ltr'><strong>potuit,</strong></span> <span class='ocrx_word' id='word_1_394' title='bbox 2877 2593 2977 2645; x_wconf 92' lang='lat' dir='ltr'><strong>nisi</strong></span> <span class='ocrx_word' id='word_1_395' title='bbox 3024 2608 3154 2660; x_wconf 90' lang='lat' dir='ltr'><strong>uno,</strong></span> <span class='ocrx_word' id='word_1_396' title='bbox 3209 2603 3297 2646; x_wconf 87' lang='lat' dir='ltr'><strong>aut</strong></span> <span class='ocrx_word' id='word_1_397' title='bbox 3331 2591 3501 2646; x_wconf 89' lang='lat' dir='ltr'><strong>altero</strong></span> <span class='ocrx_word' id='word_1_398' title='bbox 3534 2602 3648 2662; x_wconf 84' lang='lat' dir='ltr'><strong>lan-</strong></span> 
     </span>
    </p>
   </div>
   <div class='ocr_carea' id='block_1_57' title="bbox 2049 2675 3648 2756">
    <p class='ocr_par' dir='ltr' id='par_1_57' title="bbox 2049 2675 3648 2756">
     <span class='ocr_line' id='line_1_57' title="bbox 2049 2675 3648 2756; baseline 0.002 -20"><span class='ocrx_word' id='word_1_399' title='bbox 2049 2692 2158 2737; x_wconf 91' lang='lat' dir='ltr'><strong>tum</strong></span> <span class='ocrx_word' id='word_1_400' title='bbox 2183 2683 2422 2752; x_wconf 87' lang='lat' dir='ltr'><strong>ejusdem</strong></span> <span class='ocrx_word' id='word_1_401' title='bbox 2453 2675 2844 2755; x_wconf 79' lang='lat' dir='ltr'><strong>persecutionis</strong></span> <span class='ocrx_word' id='word_1_402' title='bbox 2873 2701 3080 2747; x_wconf 90' lang='lat' dir='ltr'><strong>mense,</strong></span> <span class='ocrx_word' id='word_1_403' title='bbox 3109 2701 3281 2756; x_wconf 89' lang='lat' dir='ltr'><strong>eoque</strong></span> <span class='ocrx_word' id='word_1_404' title='bbox 3309 2685 3491 2752; x_wconf 85' lang='lat' dir='ltr'><strong>elapso</strong></span> <span class='ocrx_word' id='word_1_405' title='bbox 3526 2685 3648 2740; x_wconf 89' lang='lat' dir='ltr'><strong>Ilie-</strong></span> 
     </span>
    </p>
   </div>
   <div class='ocr_carea' id='block_1_58' title="bbox 2049 2773 3644 2846">
    <p class='ocr_par' dir='ltr' id='par_1_58' title="bbox 2049 2773 3644 2846">
     <span class='ocr_line' id='line_1_58' title="bbox 2049 2773 3644 2846; baseline -0.001 -16"><span class='ocrx_word' id='word_1_406' title='bbox 2049 2777 2372 2832; x_wconf 88' lang='lat' dir='ltr'><strong>rosolvtuam</strong></span> <span class='ocrx_word' id='word_1_407' title='bbox 2405 2794 2592 2831; x_wconf 86' lang='lat' dir='ltr'><strong>versus</strong></span> <span class='ocrx_word' id='word_1_408' title='bbox 2623 2778 2850 2832; x_wconf 88' lang='lat' dir='ltr'><strong>solvisse</strong></span> <span class='ocrx_word' id='word_1_409' title='bbox 2881 2777 3060 2831; x_wconf 86' lang='lat' dir='ltr'><strong>debuit</strong></span> <span class='ocrx_word' id='word_1_410' title='bbox 3088 2795 3098 2830; x_wconf 92' lang='lat'>:</span> <span class='ocrx_word' id='word_1_411' title='bbox 3125 2788 3176 2830; x_wconf 89' lang='lat' dir='ltr'><strong>at</strong></span> <span class='ocrx_word' id='word_1_412' title='bbox 3197 2773 3336 2832; x_wconf 80' lang='lat' dir='ltr'><strong>eum</strong></span> <span class='ocrx_word' id='word_1_413' title='bbox 3374 2777 3644 2846; x_wconf 85' lang='lat' dir='ltr'><strong>llierony-</strong></span> 
     </span>
    </p>
   </div>
   <div class='ocr_carea' id='block_1_59' title="bbox 2048 2867 3642 2938">
    <p class='ocr_par' dir='ltr' id='par_1_59' title="bbox 2048 2867 3642 2938">
     <span class='ocr_line' id='line_1_59' title="bbox 2048 2867 3642 2938; baseline -0.001 -16"><span class='ocrx_word' id='word_1_414' title='bbox 2048 2884 2169 2922; x_wconf 88' lang='lat' dir='ltr'><strong>mus</strong></span> <span class='ocrx_word' id='word_1_415' title='bbox 2198 2869 2486 2923; x_wconf 88' lang='lat' dir='ltr'><strong>solitudine</strong></span> <span class='ocrx_word' id='word_1_416' title='bbox 2517 2885 2610 2923; x_wconf 89' lang='lat' dir='ltr'><strong>sua</strong></span> <span class='ocrx_word' id='word_1_417' title='bbox 2636 2870 2745 2938; x_wconf 87' lang='lat' dir='ltr'><strong>jam</strong></span> <span class='ocrx_word' id='word_1_418' title='bbox 2778 2868 3065 2933; x_wconf 79' lang='lat' dir='ltr'><strong>frueretur,</strong></span> <span class='ocrx_word' id='word_1_419' title='bbox 3096 2877 3155 2922; x_wconf 91' lang='lat' dir='ltr'><strong>ut</strong></span> <span class='ocrx_word' id='word_1_420' title='bbox 3184 2884 3247 2923; x_wconf 85' lang='lat' dir='ltr'><strong>ex</strong></span> <span class='ocrx_word' id='word_1_421' title='bbox 3278 2870 3393 2936; x_wconf 90' lang='lat' dir='ltr'><strong>ejus</strong></span> <span class='ocrx_word' id='word_1_422' title='bbox 3422 2867 3486 2921; x_wconf 87' lang='lat' dir='ltr'><strong>ad</strong></span> <span class='ocrx_word' id='word_1_423' title='bbox 3529 2867 3642 2921; x_wconf 85' lang='lat' dir='ltr'><strong>Rn-</strong></span> 
     </span>
    </p>
   </div>
   <div class='ocr_carea' id='block_1_60' title="bbox 2047 2943 3647 3040">
    <p class='ocr_par' dir='ltr' id='par_1_60' title="bbox 2047 2943 3647 3040">
     <span class='ocr_line' id='line_1_60' title="bbox 2047 2943 3647 3040; baseline -0.002 -26"><span class='ocrx_word' id='word_1_424' title='bbox 2047 2961 2209 3014; x_wconf 82' lang='lat' dir='ltr'><strong>tinum</strong></span> <span class='ocrx_word' id='word_1_425' title='bbox 2243 2961 2466 3030; x_wconf 88' lang='lat' dir='ltr'><strong>epistola</strong></span> <span class='ocrx_word' id='word_1_426' title='bbox 2514 2961 2849 3033; x_wconf 87' lang='lat' dir='ltr'><strong>constat(j),</strong></span> <span class='ocrx_word' id='word_1_427' title='bbox 2907 2976 3011 3027; x_wconf 85' lang='lat' dir='ltr'><strong>quo</strong></span> <span class='ocrx_word' id='word_1_428' title='bbox 3045 2969 3200 3030; x_wconf 90' lang='lat' dir='ltr'><strong>pacto</strong></span> <span class='ocrx_word' id='word_1_429' title='bbox 3245 2943 3647 3040; x_wconf 75' lang='lat' dir='ltr'><strong>Cappadociam</strong></span> 
     </span>
    </p>
   </div>
   <div class='ocr_carea' id='block_1_61' title="bbox 2047 3051 3644 3136">
    <p class='ocr_par' dir='ltr' id='par_1_61' title="bbox 2047 3051 3644 3136">
     <span class='ocr_line' id='line_1_61' title="bbox 2047 3051 3644 3136; baseline -0.001 -29"><span class='ocrx_word' id='word_1_430' title='bbox 2047 3063 2173 3107; x_wconf 90' lang='lat' dir='ltr'><strong>tunc</strong></span> <span class='ocrx_word' id='word_1_431' title='bbox 2225 3055 2482 3122; x_wconf 88' lang='lat' dir='ltr'><strong>temporis</strong></span> <span class='ocrx_word' id='word_1_432' title='bbox 2527 3068 2841 3122; x_wconf 79' lang='lat' dir='ltr'><strong>peragrasse</strong></span> <span class='ocrx_word' id='word_1_433' title='bbox 2895 3069 3015 3106; x_wconf 86' lang='lat' dir='ltr'><strong>cum</strong></span> <span class='ocrx_word' id='word_1_434' title='bbox 3051 3052 3281 3124; x_wconf 83' lang='lat' dir='ltr'><strong>Evagrio</strong></span> <span class='ocrx_word' id='word_1_435' title='bbox 3313 3053 3502 3122; x_wconf 90' lang='lat' dir='ltr'><strong>potuit,</strong></span> <span class='ocrx_word' id='word_1_436' title='bbox 3554 3051 3644 3136; x_wconf 79' lang='lat' dir='ltr'><strong>qui</strong></span> 
     </span>
    </p>
   </div>
   <div class='ocr_carea' id='block_1_62' title="bbox 335 3134 3639 3216">
    <p class='ocr_par' dir='ltr' id='par_1_62' title="bbox 335 3134 3639 3216">
     <span class='ocr_line' id='line_1_62' title="bbox 335 3134 3639 3216; baseline 0 -21"><span class='ocrx_word' id='word_1_437' title='bbox 335 3160 460 3214; x_wconf 68' lang='lat' dir='ltr'><strong>quae</strong></span> <span class='ocrx_word' id='word_1_438' title='bbox 503 3145 581 3197; x_wconf 92' lang='lat' dir='ltr'><strong>sic</strong></span> <span class='ocrx_word' id='word_1_439' title='bbox 626 3145 701 3196; x_wconf 88' lang='lat' dir='ltr'><strong>ait</strong></span> <span class='ocrx_word' id='word_1_440' title='bbox 735 3161 747 3196; x_wconf 85' lang='lat'><strong>:</strong></span> <span class='ocrx_word' id='word_1_441' title='bbox 781 3141 1053 3214; x_wconf 84' lang='lat' dir='ltr'><strong>Presbyter</strong></span> <span class='ocrx_word' id='word_1_442' title='bbox 1102 3141 1357 3215; x_wconf 77' lang='lat' dir='ltr'><strong>Euagrius</strong></span> <span class='ocrx_word' id='word_1_443' title='bbox 1404 3144 1708 3213; x_wconf 83' lang='lat' dir='ltr'><strong>Pompeiani</strong></span> <span class='ocrx_word' id='word_1_444' title='bbox 1756 3146 1938 3198; x_wconf 81' lang='lat' dir='ltr'><strong>Antio—</strong></span> <span class='ocrx_word' id='word_1_445' title='bbox 1967 3134 2010 3196; x_wconf 90' lang='lat' dir='ltr'>C</span> <span class='ocrx_word' id='word_1_446' title='bbox 2047 3146 2158 3199; x_wconf 87' lang='lat' dir='ltr'><strong>lieri</strong></span> <span class='ocrx_word' id='word_1_447' title='bbox 2202 3143 2394 3199; x_wconf 83' lang='lat' dir='ltr'><strong>deinde</strong></span> <span class='ocrx_word' id='word_1_448' title='bbox 2427 3155 2621 3214; x_wconf 63' lang='lat' dir='ltr'><strong>potest,</strong></span> <span class='ocrx_word' id='word_1_449' title='bbox 2657 3155 2709 3198; x_wconf 89' lang='lat' dir='ltr'><strong>ttt</strong></span> <span class='ocrx_word' id='word_1_450' title='bbox 2765 3147 3043 3216; x_wconf 79' lang='lat' dir='ltr'><strong>Evagrius,</strong></span> <span class='ocrx_word' id='word_1_451' title='bbox 3076 3146 3162 3215; x_wconf 91' lang='lat' dir='ltr'><strong>qui</strong></span> <span class='ocrx_word' id='word_1_452' title='bbox 3208 3134 3639 3216; x_wconf 70' lang='lat' dir='ltr'><strong>Atiliocltimjztm</strong></span> 
     </span>
    </p>
   </div>
   <div class='ocr_carea' id='block_1_63' title="bbox 334 3236 1939 3307">
    <p class='ocr_par' dir='ltr' id='par_1_63' title="bbox 334 3236 1939 3307">
     <span class='ocr_line' id='line_1_63' title="bbox 334 3236 1939 3307; baseline 0.003 -18"><span class='ocrx_word' id='word_1_453' title='bbox 334 3237 538 3289; x_wconf 88' lang='lat' dir='ltr'><strong>chensis</strong></span> <span class='ocrx_word' id='word_1_454' title='bbox 577 3236 742 3306; x_wconf 80' lang='lat' dir='ltr'><strong>filius,</strong></span> <span class='ocrx_word' id='word_1_455' title='bbox 775 3239 860 3305; x_wconf 87' lang='lat' dir='ltr'><strong>qui</strong></span> <span class='ocrx_word' id='word_1_456' title='bbox 895 3237 1152 3307; x_wconf 85' lang='lat' dir='ltr'><strong>quondam</strong></span> <span class='ocrx_word' id='word_1_457' title='bbox 1199 3239 1252 3291; x_wconf 88' lang='lat' dir='ltr'><strong>in</strong></span> <span class='ocrx_word' id='word_1_458' title='bbox 1289 3238 1615 3292; x_wconf 81' lang='lat' dir='ltr'><strong>Occidentem</strong></span> <span class='ocrx_word' id='word_1_459' title='bbox 1641 3257 1754 3293; x_wconf 92' lang='lat' dir='ltr'><strong>cum</strong></span> <span class='ocrx_word' id='word_1_460' title='bbox 1789 3241 1939 3294; x_wconf 89' lang='lat' dir='ltr'><strong>beato</strong></span> 
     </span>
    </p>
   </div>
   <div class='ocr_carea' id='block_1_64' title="bbox 337 3327 1941 3404">
    <p class='ocr_par' dir='ltr' id='par_1_64' title="bbox 337 3327 1941 3404">
     <span class='ocr_line' id='line_1_64' title="bbox 337 3327 1941 3404; baseline 0.006 -23"><span class='ocrx_word' id='word_1_461' title='bbox 337 3327 566 3382; x_wconf 86' lang='lat' dir='ltr'><strong>Eusebio</strong></span> <span class='ocrx_word' id='word_1_462' title='bbox 608 3333 874 3400; x_wconf 87' lang='lat' dir='ltr'><strong>profectus</strong></span> <span class='ocrx_word' id='word_1_463' title='bbox 903 3333 1097 3399; x_wconf 87' lang='lat' dir='ltr'><strong>fuerat,</strong></span> <span class='ocrx_word' id='word_1_464' title='bbox 1131 3329 1296 3384; x_wconf 84' lang='lat' dir='ltr'><strong>Roma</strong></span> <span class='ocrx_word' id='word_1_465' title='bbox 1327 3349 1460 3385; x_wconf 86' lang='lat' dir='ltr'><strong>nunc</strong></span> <span class='ocrx_word' id='word_1_466' title='bbox 1492 3335 1646 3396; x_wconf 70' lang='lat' dir='ltr'><strong>venit,</strong></span> <span class='ocrx_word' id='word_1_467' title='bbox 1698 3345 1870 3404; x_wconf 87' lang='lat' dir='ltr'><strong>petens</strong></span> <span class='ocrx_word' id='word_1_468' title='bbox 1909 3353 1941 3390; x_wconf 91' lang='lat' dir='ltr'><strong>a</strong></span> 
     </span>
    </p>
   </div>
   <div class='ocr_carea' id='block_1_65' title="bbox 333 3423 1940 3497">
    <p class='ocr_par' dir='ltr' id='par_1_65' title="bbox 333 3423 1940 3497">
     <span class='ocr_line' id='line_1_65' title="bbox 333 3423 1940 3497; baseline 0.004 -22"><span class='ocrx_word' id='word_1_469' title='bbox 333 3423 484 3476; x_wconf 84' lang='lat' dir='ltr'><strong>nobis</strong></span> <span class='ocrx_word' id='word_1_470' title='bbox 512 3423 804 3492; x_wconf 86' lang='lat' dir='ltr'><strong>epistolam,</strong></span> <span class='ocrx_word' id='word_1_471' title='bbox 834 3425 904 3475; x_wconf 89' lang='lat' dir='ltr'><strong>ad</strong></span> <span class='ocrx_word' id='word_1_472' title='bbox 927 3423 1132 3476; x_wconf 79' lang='lat' dir='ltr'><strong>verbum</strong></span> <span class='ocrx_word' id='word_1_473' title='bbox 1155 3425 1267 3496; x_wconf 86' lang='lat' dir='ltr'><strong>ipsa</strong></span> <span class='ocrx_word' id='word_1_474' title='bbox 1290 3426 1399 3486; x_wconf 83' lang='lat' dir='ltr'><strong>illa,</strong></span> <span class='ocrx_word' id='word_1_475' title='bbox 1433 3442 1548 3494; x_wconf 63' lang='lat' dir='ltr'><strong>quae</strong></span> <span class='ocrx_word' id='word_1_476' title='bbox 1569 3426 1630 3480; x_wconf 90' lang='lat' dir='ltr'><strong>ab</strong></span> <span class='ocrx_word' id='word_1_477' title='bbox 1652 3429 1724 3480; x_wconf 89' lang='lat' dir='ltr'><strong>eis</strong></span> <span class='ocrx_word' id='word_1_478' title='bbox 1747 3428 1940 3497; x_wconf 83' lang='lat' dir='ltr'><strong>scripta</strong></span> 
     </span>
    </p>
   </div>
   <div class='ocr_carea' id='block_1_66' title="bbox 334 3511 1941 3588">
    <p class='ocr_par' dir='ltr' id='par_1_66' title="bbox 334 3511 1941 3588">
     <span class='ocr_line' id='line_1_66' title="bbox 334 3511 1941 3588; baseline 0.004 -18"><span class='ocrx_word' id='word_1_479' title='bbox 334 3527 452 3570; x_wconf 74' lang='lat' dir='ltr'><strong>sunt</strong></span> <span class='ocrx_word' id='word_1_480' title='bbox 497 3518 836 3570; x_wconf 83' lang='lat' dir='ltr'><strong>continentem</strong></span> <span class='ocrx_word' id='word_1_481' title='bbox 868 3511 1070 3588; x_wconf 81' lang='lat' dir='ltr'><strong>(nostra</strong></span> <span class='ocrx_word' id='word_1_482' title='bbox 1106 3530 1276 3571; x_wconf 87' lang='lat' dir='ltr'><strong>autem</strong></span> <span class='ocrx_word' id='word_1_483' title='bbox 1304 3519 1447 3573; x_wconf 88' lang='lat' dir='ltr'><strong>nobis</strong></span> <span class='ocrx_word' id='word_1_484' title='bbox 1479 3530 1614 3574; x_wconf 70' lang='lat' dir='ltr'><strong>retro</strong></span> <span class='ocrx_word' id='word_1_485' title='bbox 1660 3512 1852 3584; x_wconf 84' lang='lat' dir='ltr'><strong>retulit,</strong></span> <span class='ocrx_word' id='word_1_486' title='bbox 1888 3534 1941 3577; x_wconf 91' lang='lat' dir='ltr'><strong>at</strong></span> 
     </span>
    </p>
   </div>
   <div class='ocr_carea' id='block_1_67' title="bbox 334 3608 1942 3685">
    <p class='ocr_par' dir='ltr' id='par_1_67' title="bbox 334 3608 1942 3685">
     <span class='ocr_line' id='line_1_67' title="bbox 334 3608 1942 3685; baseline 0.004 -25"><span class='ocrx_word' id='word_1_487' title='bbox 334 3609 460 3661; x_wconf 80' lang='lat' dir='ltr'><strong>viris</strong></span> <span class='ocrx_word' id='word_1_488' title='bbox 509 3608 616 3661; x_wconf 87' lang='lat' dir='ltr'><strong>illis</strong></span> <span class='ocrx_word' id='word_1_489' title='bbox 663 3609 1076 3663; x_wconf 88' lang='lat' dir='ltr'><strong>accuratioribas</strong></span> <span class='ocrx_word' id='word_1_490' title='bbox 1115 3627 1217 3664; x_wconf 84' lang='lat' dir='ltr'><strong>non</strong></span> <span class='ocrx_word' id='word_1_491' title='bbox 1247 3611 1522 3683; x_wconf 82' lang='lat' dir='ltr'><strong>placentia)</strong></span> <span class='ocrx_word' id='word_1_492' title='bbox 1548 3623 1592 3666; x_wconf 87' lang='lat' dir='ltr'><strong>et</strong></span> <span class='ocrx_word' id='word_1_493' title='bbox 1636 3613 1942 3685; x_wconf 82' lang='lat' dir='ltr'><strong>legationem</strong></span> 
     </span>
    </p>
   </div>
   <div class='ocr_carea' id='block_1_68' title="bbox 333 3703 1940 3778">
    <p class='ocr_par' dir='ltr' id='par_1_68' title="bbox 333 3703 1940 3778">
     <span class='ocr_line' id='line_1_68' title="bbox 333 3703 1940 3778; baseline 0.005 -24"><span class='ocrx_word' id='word_1_494' title='bbox 333 3703 563 3771; x_wconf 85' lang='lat' dir='ltr'><strong>aliquam</strong></span> <span class='ocrx_word' id='word_1_495' title='bbox 592 3719 682 3769; x_wconf 90' lang='lat' dir='ltr'><strong>per</strong></span> <span class='ocrx_word' id='word_1_496' title='bbox 707 3704 840 3756; x_wconf 83' lang='lat' dir='ltr'><strong>viros</strong></span> <span class='ocrx_word' id='word_1_497' title='bbox 871 3707 1171 3772; x_wconf 62' lang='lat' dir='ltr'><strong>prté&#39;ttantes</strong></span> <span class='ocrx_word' id='word_1_498' title='bbox 1196 3706 1426 3758; x_wconf 86' lang='lat' dir='ltr'><strong>celeriter</strong></span> <span class='ocrx_word' id='word_1_499' title='bbox 1473 3707 1624 3774; x_wconf 89' lang='lat' dir='ltr'><strong>mitti,</strong></span> <span class='ocrx_word' id='word_1_500' title='bbox 1657 3718 1708 3759; x_wconf 92' lang='lat' dir='ltr'><strong>ut</strong></span> <span class='ocrx_word' id='word_1_501' title='bbox 1740 3709 1940 3778; x_wconf 84' lang='lat' dir='ltr'><strong>specio-</strong></span> 
     </span>
    </p>
   </div>
   <div class='ocr_carea' id='block_1_69' title="bbox 333 3795 1940 3870">
    <p class='ocr_par' dir='ltr' id='par_1_69' title="bbox 333 3795 1940 3870">
     <span class='ocr_line' id='line_1_69' title="bbox 333 3795 1940 3870; baseline 0.005 -22"><span class='ocrx_word' id='word_1_502' title='bbox 333 3812 445 3848; x_wconf 87' lang='lat' dir='ltr'><strong>sam</strong></span> <span class='ocrx_word' id='word_1_503' title='bbox 490 3795 583 3849; x_wconf 81' lang='lat' dir='ltr'><strong>illi‘</strong></span> <span class='ocrx_word' id='word_1_504' title='bbox 613 3797 931 3850; x_wconf 84' lang='lat' dir='ltr'><strong>occasionem</strong></span> <span class='ocrx_word' id='word_1_505' title='bbox 969 3795 1190 3850; x_wconf 86' lang='lat' dir='ltr'><strong>habeant</strong></span> <span class='ocrx_word' id='word_1_506' title='bbox 1226 3814 1319 3850; x_wconf 87' lang='lat' dir='ltr'><strong>nos</strong></span> <span class='ocrx_word' id='word_1_507' title='bbox 1351 3799 1600 3852; x_wconf 80' lang='lat' dir='ltr'><strong>invisendi</strong></span> <span class='ocrx_word' id='word_1_508' title='bbox 1653 3799 1749 3870; x_wconf 73' lang='grc' dir='ltr'><strong>(ὁ).</strong></span> <span class='ocrx_word' id='word_1_509' title='bbox 1804 3801 1940 3856; x_wconf 82' lang='lat' dir='ltr'><strong>Sunt</strong></span> 
     </span>
    </p>
   </div>
   <div class='ocr_carea' id='block_1_70' title="bbox 331 3888 1942 3961">
    <p class='ocr_par' dir='ltr' id='par_1_70' title="bbox 331 3888 1942 3961">
     <span class='ocr_line' id='line_1_70' title="bbox 331 3888 1942 3961; baseline 0.004 -22"><span class='ocrx_word' id='word_1_510' title='bbox 331 3890 425 3960; x_wconf 87' lang='lat' dir='ltr'><strong>qui</strong></span> <span class='ocrx_word' id='word_1_511' title='bbox 455 3906 518 3942; x_wconf 74' lang='lat' dir='ltr'><strong>ex</strong></span> <span class='ocrx_word' id='word_1_512' title='bbox 561 3888 667 3943; x_wconf 90' lang='lat' dir='ltr'><strong>hoc</strong></span> <span class='ocrx_word' id='word_1_513' title='bbox 697 3889 817 3943; x_wconf 92' lang='lat' dir='ltr'><strong>loco</strong></span> <span class='ocrx_word' id='word_1_514' title='bbox 869 3900 1126 3959; x_wconf 85' lang='lat' dir='ltr'><strong>arguunt,</strong></span> <span class='ocrx_word' id='word_1_515' title='bbox 1175 3890 1461 3961; x_wconf 85' lang='lat' dir='ltr'><strong>Evagriutn</strong></span> <span class='ocrx_word' id='word_1_516' title='bbox 1507 3892 1757 3948; x_wconf 86' lang='lat' dir='ltr'><strong>invisisse</strong></span> <span class='ocrx_word' id='word_1_517' title='bbox 1789 3893 1942 3949; x_wconf 88' lang='lat' dir='ltr'><strong>Basi-</strong></span> 
     </span>
    </p>
   </div>
   <div class='ocr_carea' id='block_1_71' title="bbox 333 3981 1936 4057">
    <p class='ocr_par' dir='ltr' id='par_1_71' title="bbox 333 3981 1936 4057">
     <span class='ocr_line' id='line_1_71' title="bbox 333 3981 1936 4057; baseline 0.004 -21"><span class='ocrx_word' id='word_1_518' title='bbox 333 3981 492 4047; x_wconf 89' lang='lat' dir='ltr'><strong>lium,</strong></span> <span class='ocrx_word' id='word_1_519' title='bbox 521 3997 642 4036; x_wconf 89' lang='lat' dir='ltr'><strong>cum</strong></span> <span class='ocrx_word' id='word_1_520' title='bbox 669 3983 735 4034; x_wconf 85' lang='lat' dir='ltr'><strong>ab</strong></span> <span class='ocrx_word' id='word_1_521' title='bbox 753 3981 1045 4038; x_wconf 88' lang='lat' dir='ltr'><strong>Occidente</strong></span> <span class='ocrx_word' id='word_1_522' title='bbox 1069 3983 1258 4050; x_wconf 85' lang='lat' dir='ltr'><strong>redux,</strong></span> <span class='ocrx_word' id='word_1_523' title='bbox 1282 3993 1335 4038; x_wconf 90' lang='lat' dir='ltr'><strong>et</strong></span> <span class='ocrx_word' id='word_1_524' title='bbox 1359 3984 1689 4057; x_wconf 82' lang='lat' dir='ltr'><strong>Hieronymo</strong></span> <span class='ocrx_word' id='word_1_525' title='bbox 1717 4002 1936 4054; x_wconf 82' lang='lat' dir='ltr'><strong>comes,</strong></span> 
     </span>
    </p>
   </div>
   <div class='ocr_carea' id='block_1_72' title="bbox 335 4073 1941 4149">
    <p class='ocr_par' dir='ltr' id='par_1_72' title="bbox 335 4073 1941 4149">
     <span class='ocr_line' id='line_1_72' title="bbox 335 4073 1941 4149; baseline 0.004 -21"><span class='ocrx_word' id='word_1_526' title='bbox 335 4089 439 4144; x_wconf 87' lang='lat' dir='ltr'><strong>per</strong></span> <span class='ocrx_word' id='word_1_527' title='bbox 467 4073 843 4142; x_wconf 88' lang='lat' dir='ltr'><strong>Cappadociam</strong></span> <span class='ocrx_word' id='word_1_528' title='bbox 874 4077 1303 4144; x_wconf 85' lang='lat' dir='ltr'><strong>peregrinaretur,</strong></span> <span class='ocrx_word' id='word_1_529' title='bbox 1330 4087 1490 4145; x_wconf 86' lang='lat' dir='ltr'><strong>atque</strong></span> <span class='ocrx_word' id='word_1_530' title='bbox 1519 4089 1803 4149; x_wconf 85' lang='lat' dir='ltr'><strong>antequam</strong></span> <span class='ocrx_word' id='word_1_531' title='bbox 1830 4082 1941 4135; x_wconf 87' lang='lat' dir='ltr'><strong>An-</strong></span> 
     </span>
    </p>
   </div>
   <div class='ocr_carea' id='block_1_73' title="bbox 335 4164 1933 4237">
    <p class='ocr_par' dir='ltr' id='par_1_73' title="bbox 335 4164 1933 4237">
     <span class='ocr_line' id='line_1_73' title="bbox 335 4164 1933 4237; baseline 0.004 -19"><span class='ocrx_word' id='word_1_532' title='bbox 335 4164 619 4230; x_wconf 86' lang='lat' dir='ltr'><strong>tiochiam,</strong></span> <span class='ocrx_word' id='word_1_533' title='bbox 644 4165 786 4219; x_wconf 84' lang='lat' dir='ltr'><strong>unde</strong></span> <span class='ocrx_word' id='word_1_534' title='bbox 813 4181 936 4220; x_wconf 92' lang='lat' dir='ltr'><strong>cum</strong></span> <span class='ocrx_word' id='word_1_535' title='bbox 969 4167 1200 4222; x_wconf 86' lang='lat' dir='ltr'><strong>Eusebio</strong></span> <span class='ocrx_word' id='word_1_536' title='bbox 1227 4167 1563 4222; x_wconf 64' lang='lat' dir='ltr'><strong>Vercellcnsi</strong></span> <span class='ocrx_word' id='word_1_537' title='bbox 1586 4168 1933 4237; x_wconf 81' lang='lat' dir='ltr'><strong>discesserat,</strong></span> 
     </span>
    </p>
   </div>
   <div class='ocr_carea' id='block_1_74' title="bbox 335 4257 1934 4330">
    <p class='ocr_par' dir='ltr' id='par_1_74' title="bbox 335 4257 1934 4330">
     <span class='ocr_line' id='line_1_74' title="bbox 335 4257 1934 4330; baseline 0.003 -19"><span class='ocrx_word' id='word_1_538' title='bbox 335 4260 535 4312; x_wconf 88' lang='lat' dir='ltr'><strong>iterum</strong></span> <span class='ocrx_word' id='word_1_539' title='bbox 557 4273 613 4312; x_wconf 90' lang='lat' dir='ltr'><strong>se</strong></span> <span class='ocrx_word' id='word_1_540' title='bbox 637 4257 909 4313; x_wconf 88' lang='lat' dir='ltr'><strong>redderet.</strong></span> <span class='ocrx_word' id='word_1_541' title='bbox 937 4257 1008 4312; x_wconf 82' lang='lat' dir='ltr'><strong>At</strong></span> <span class='ocrx_word' id='word_1_542' title='bbox 1031 4259 1144 4314; x_wconf 67' lang='lat' dir='ltr'><strong>haec</strong></span> <span class='ocrx_word' id='word_1_543' title='bbox 1167 4259 1352 4329; x_wconf 88' lang='lat' dir='ltr'><strong>opinio</strong></span> <span class='ocrx_word' id='word_1_544' title='bbox 1377 4261 1464 4313; x_wconf 82' lang='lat' dir='ltr'><strong>vix</strong></span> <span class='ocrx_word' id='word_1_545' title='bbox 1495 4261 1712 4329; x_wconf 87' lang='lat' dir='ltr'><strong>probari</strong></span> <span class='ocrx_word' id='word_1_546' title='bbox 1738 4270 1934 4330; x_wconf 83' lang='lat' dir='ltr'><strong>potest.</strong></span> 
     </span>
    </p>
   </div>
   <div class='ocr_carea' id='block_1_75' title="bbox 335 4338 1938 4424">
    <p class='ocr_par' dir='ltr' id='par_1_75' title="bbox 335 4338 1938 4424">
     <span class='ocr_line' id='line_1_75' title="bbox 335 4338 1938 4424; baseline 0.002 -18"><span class='ocrx_word' id='word_1_547' title='bbox 335 4349 471 4406; x_wconf 82' lang='lat' dir='ltr'><strong>Nam</strong></span> <span class='ocrx_word' id='word_1_548' title='bbox 494 4351 539 4405; x_wconf 90' lang='lat' dir='ltr'><strong>si</strong></span> <span class='ocrx_word' id='word_1_549' title='bbox 577 4349 840 4420; x_wconf 76' lang='lat' dir='ltr'><strong>Evagrius</strong></span> <span class='ocrx_word' id='word_1_550' title='bbox 871 4363 1017 4407; x_wconf 90' lang='lat' dir='ltr'><strong>retro</strong></span> <span class='ocrx_word' id='word_1_551' title='bbox 1047 4338 1189 4416; x_wconf 88' lang='lat' dir='ltr'><strong>tulit,</strong></span> <span class='ocrx_word' id='word_1_552' title='bbox 1219 4368 1279 4404; x_wconf 92' lang='lat' dir='ltr'><strong>ac</strong></span> <span class='ocrx_word' id='word_1_553' title='bbox 1308 4352 1506 4407; x_wconf 88' lang='lat' dir='ltr'><strong>Basilio</strong></span> <span class='ocrx_word' id='word_1_554' title='bbox 1535 4354 1784 4418; x_wconf 86' lang='lat' dir='ltr'><strong>reddidit,</strong></span> <span class='ocrx_word' id='word_1_555' title='bbox 1817 4372 1938 4424; x_wconf 64' lang='lat' dir='ltr'><strong>quae</strong></span> 
     </span>
    </p>
   </div>
   <div class='ocr_carea' id='block_1_76' title="bbox 337 4444 1937 4514">
    <p class='ocr_par' dir='ltr' id='par_1_76' title="bbox 337 4444 1937 4514">
     <span class='ocr_line' id='line_1_76' title="bbox 337 4444 1937 4514; baseline 0.001 -14"><span class='ocrx_word' id='word_1_556' title='bbox 337 4446 432 4500; x_wconf 78' lang='lat' dir='ltr'><strong>ille</strong></span> <span class='ocrx_word' id='word_1_557' title='bbox 461 4459 554 4513; x_wconf 86' lang='lat' dir='ltr'><strong>per</strong></span> <span class='ocrx_word' id='word_1_558' title='bbox 579 4444 840 4500; x_wconf 87' lang='lat' dir='ltr'><strong>Sabinum</strong></span> <span class='ocrx_word' id='word_1_559' title='bbox 876 4445 1097 4499; x_wconf 77' lang='lat' dir='ltr'><strong>Romam</strong></span> <span class='ocrx_word' id='word_1_560' title='bbox 1129 4446 1328 4514; x_wconf 86' lang='lat' dir='ltr'><strong>scripta</strong></span> <span class='ocrx_word' id='word_1_561' title='bbox 1363 4448 1602 4511; x_wconf 81' lang='lat' dir='ltr'><strong>miserat,</strong></span> <span class='ocrx_word' id='word_1_562' title='bbox 1638 4445 1681 4500; x_wconf 61' lang='lat' dir='ltr'><strong>si</strong></span> <span class='ocrx_word' id='word_1_563' title='bbox 1703 4447 1937 4502; x_wconf 87' lang='lat' dir='ltr'><strong>Sabinus</strong></span> 
     </span>
    </p>
   </div>
   <div class='ocr_carea' id='block_1_77' title="bbox 336 4523 1934 4608">
    <p class='ocr_par' dir='ltr' id='par_1_77' title="bbox 336 4523 1934 4608">
     <span class='ocr_line' id='line_1_77' title="bbox 336 4523 1934 4608; baseline 0.004 -16"><span class='ocrx_word' id='word_1_564' title='bbox 336 4551 483 4592; x_wconf 85' lang='lat' dir='ltr'><strong>anno</strong></span> <span class='ocrx_word' id='word_1_565' title='bbox 513 4540 690 4608; x_wconf 72' lang='lat' dir='ltr'><strong>elapso</strong></span> <span class='ocrx_word' id='word_1_566' title='bbox 714 4537 824 4607; x_wconf 87' lang='lat' dir='ltr'><strong>jatn</strong></span> <span class='ocrx_word' id='word_1_567' title='bbox 859 4547 1114 4607; x_wconf 90' lang='lat' dir='ltr'><strong>provecto</strong></span> <span class='ocrx_word' id='word_1_568' title='bbox 1152 4540 1215 4592; x_wconf 86' lang='lat' dir='ltr'><strong>ad</strong></span> <span class='ocrx_word' id='word_1_569' title='bbox 1248 4541 1532 4593; x_wconf 85' lang='lat' dir='ltr'><strong>Damasum</strong></span> <span class='ocrx_word' id='word_1_570' title='bbox 1567 4540 1838 4596; x_wconf 88' lang='lat' dir='ltr'><strong>rediturus</strong></span> <span class='ocrx_word' id='word_1_571' title='bbox 1867 4523 1934 4597; x_wconf 79' lang='lat' dir='ltr'><strong>ex</strong></span> 
     </span>
    </p>
   </div>
   <div class='ocr_carea' id='block_1_78' title="bbox 334 4628 1934 4704">
    <p class='ocr_par' dir='ltr' id='par_1_78' title="bbox 334 4628 1934 4704">
     <span class='ocr_line' id='line_1_78' title="bbox 334 4628 1934 4704; baseline 0.004 -21"><span class='ocrx_word' id='word_1_572' title='bbox 334 4628 564 4684; x_wconf 88' lang='lat' dir='ltr'><strong>Oriente</strong></span> <span class='ocrx_word' id='word_1_573' title='bbox 595 4630 683 4683; x_wconf 81' lang='lat' dir='ltr'><strong>vix</strong></span> <span class='ocrx_word' id='word_1_574' title='bbox 710 4631 970 4697; x_wconf 86' lang='lat' dir='ltr'><strong>solverat,</strong></span> <span class='ocrx_word' id='word_1_575' title='bbox 1020 4632 1137 4686; x_wconf 83' lang='lat' dir='ltr'><strong>ﬁeri</strong></span> <span class='ocrx_word' id='word_1_576' title='bbox 1171 4648 1275 4685; x_wconf 91' lang='lat' dir='ltr'><strong>non</strong></span> <span class='ocrx_word' id='word_1_577' title='bbox 1319 4641 1516 4702; x_wconf 88' lang='lat' dir='ltr'><strong>potest,</strong></span> <span class='ocrx_word' id='word_1_578' title='bbox 1553 4642 1608 4686; x_wconf 83' lang='lat' dir='ltr'><strong>tit</strong></span> <span class='ocrx_word' id='word_1_579' title='bbox 1653 4647 1776 4689; x_wconf 90' lang='lat' dir='ltr'><strong>tunc</strong></span> <span class='ocrx_word' id='word_1_580' title='bbox 1826 4636 1934 4704; x_wconf 89' lang='lat' dir='ltr'><strong>pri-</strong></span> 
     </span>
    </p>
   </div>
   <div class='ocr_carea' id='block_1_79' title="bbox 334 4717 1932 4798">
    <p class='ocr_par' dir='ltr' id='par_1_79' title="bbox 334 4717 1932 4798">
     <span class='ocr_line' id='line_1_79' title="bbox 334 4717 1932 4798; baseline 0.004 -22"><span class='ocrx_word' id='word_1_581' title='bbox 334 4738 487 4776; x_wconf 90' lang='lat' dir='ltr'><strong>mum</strong></span> <span class='ocrx_word' id='word_1_582' title='bbox 534 4723 694 4780; x_wconf 81' lang='lat' dir='ltr'><strong>Roma</strong></span> <span class='ocrx_word' id='word_1_583' title='bbox 736 4725 952 4779; x_wconf 88' lang='lat' dir='ltr'><strong>venisse</strong></span> <span class='ocrx_word' id='word_1_584' title='bbox 990 4725 1220 4789; x_wconf 89' lang='lat' dir='ltr'><strong>dicatur,</strong></span> <span class='ocrx_word' id='word_1_585' title='bbox 1255 4724 1357 4780; x_wconf 92' lang='lat' dir='ltr'><strong>hoc</strong></span> <span class='ocrx_word' id='word_1_586' title='bbox 1389 4727 1597 4781; x_wconf 87' lang='lat' dir='ltr'><strong>scilicet</strong></span> <span class='ocrx_word' id='word_1_587' title='bbox 1626 4717 1792 4792; x_wconf 86' lang='lat' dir='ltr'><strong>anno,</strong></span> <span class='ocrx_word' id='word_1_588' title='bbox 1825 4745 1932 4798; x_wconf 90' lang='lat' dir='ltr'><strong>quo</strong></span> 
     </span>
    </p>
   </div>
   <div class='ocr_carea' id='block_1_80' title="bbox 331 4807 1934 4892">
    <p class='ocr_par' dir='ltr' id='par_1_80' title="bbox 331 4807 1934 4892">
     <span class='ocr_line' id='line_1_80' title="bbox 331 4807 1934 4892; baseline 0.003 -21"><span class='ocrx_word' id='word_1_589' title='bbox 331 4833 360 4871; x_wconf 87' lang='lat' dir='ltr'><strong>a</strong></span> <span class='ocrx_word' id='word_1_590' title='bbox 391 4817 591 4872; x_wconf 85' lang='lat' dir='ltr'><strong>Basilio</strong></span> <span class='ocrx_word' id='word_1_591' title='bbox 618 4819 765 4873; x_wconf 86' lang='lat' dir='ltr'><strong>visus</strong></span> <span class='ocrx_word' id='word_1_592' title='bbox 819 4829 923 4874; x_wconf 88' lang='lat' dir='ltr'><strong>est.</strong></span> <span class='ocrx_word' id='word_1_593' title='bbox 979 4818 1254 4889; x_wconf 81' lang='lat' dir='ltr'><strong>Siquidem</strong></span> <span class='ocrx_word' id='word_1_594' title='bbox 1291 4807 1676 4892; x_wconf 79' lang='lat' dir='ltr'><strong>Hieronymus,</strong></span> <span class='ocrx_word' id='word_1_595' title='bbox 1725 4824 1809 4876; x_wconf 92' lang='lat' dir='ltr'><strong>cui</strong></span> <span class='ocrx_word' id='word_1_596' title='bbox 1843 4839 1934 4876; x_wconf 90' lang='lat' dir='ltr'><strong>co-</strong></span> 
     </span>
    </p>
   </div>
   <div class='ocr_carea' id='block_1_81' title="bbox 335 4910 1935 4981">
    <p class='ocr_par' dir='ltr' id='par_1_81' title="bbox 335 4910 1935 4981">
     <span class='ocr_line' id='line_1_81' title="bbox 335 4910 1935 4981; baseline 0.003 -18"><span class='ocrx_word' id='word_1_597' title='bbox 335 4925 449 4965; x_wconf 89' lang='lat' dir='ltr'><strong>mes</strong></span> <span class='ocrx_word' id='word_1_598' title='bbox 479 4911 642 4964; x_wconf 57' lang='lat' dir='ltr'><strong>luisse</strong></span> <span class='ocrx_word' id='word_1_599' title='bbox 673 4911 932 4975; x_wconf 86' lang='lat' dir='ltr'><strong>creditur,</strong></span> <span class='ocrx_word' id='word_1_600' title='bbox 962 4922 1086 4965; x_wconf 86' lang='lat' dir='ltr'><strong>ante</strong></span> <span class='ocrx_word' id='word_1_601' title='bbox 1112 4910 1387 4976; x_wconf 79' lang='lat' dir='ltr'><strong>Ruﬁnum,</strong></span> <span class='ocrx_word' id='word_1_602' title='bbox 1425 4922 1480 4965; x_wconf 89' lang='lat' dir='ltr'><strong>ttt</strong></span> <span class='ocrx_word' id='word_1_603' title='bbox 1512 4914 1625 4979; x_wconf 88' lang='lat' dir='ltr'><strong>ipse</strong></span> <span class='ocrx_word' id='word_1_604' title='bbox 1647 4913 1836 4981; x_wconf 89' lang='lat' dir='ltr'><strong>probat</strong></span> <span class='ocrx_word' id='word_1_605' title='bbox 1860 4915 1935 4967; x_wconf 88' lang='lat' dir='ltr'><strong>ci-</strong></span> 
     </span>
    </p>
   </div>
   <div class='ocr_carea' id='block_1_82' title="bbox 331 5001 1932 5074">
    <p class='ocr_par' dir='ltr' id='par_1_82' title="bbox 331 5001 1932 5074">
     <span class='ocr_line' id='line_1_82' title="bbox 331 5001 1932 5074; baseline 0.003 -17"><span class='ocrx_word' id='word_1_606' title='bbox 331 5001 454 5057; x_wconf 80' lang='lat' dir='ltr'><strong>dem</strong></span> <span class='ocrx_word' id='word_1_607' title='bbox 495 5003 691 5057; x_wconf 82' lang='lat' dir='ltr'><strong>Ruﬁno</strong></span> <span class='ocrx_word' id='word_1_608' title='bbox 717 5005 960 5058; x_wconf 64' lang='lat' dir='ltr'><strong>scribens</strong></span> <span class='ocrx_word' id='word_1_609' title='bbox 991 5005 1082 5074; x_wconf 83' lang='lat' dir='ltr'><strong>(c),</strong></span> <span class='ocrx_word' id='word_1_610' title='bbox 1116 5004 1343 5058; x_wconf 83' lang='lat' dir='ltr'><strong>Rulinus</strong></span> <span class='ocrx_word' id='word_1_611' title='bbox 1371 5013 1550 5058; x_wconf 71' lang='lat' dir='ltr'><strong>autem</strong></span> <span class='ocrx_word' id='word_1_612' title='bbox 1575 5007 1625 5058; x_wconf 85' lang='lat' dir='ltr'><strong>in</strong></span> <span class='ocrx_word' id='word_1_613' title='bbox 1657 5006 1932 5062; x_wconf 89' lang='lat' dir='ltr'><strong>Orientem</strong></span> 
     </span>
    </p>
   </div>
   <div class='ocr_carea' id='block_1_83' title="bbox 332 5095 1934 5169">
    <p class='ocr_par' dir='ltr' id='par_1_83' title="bbox 332 5095 1934 5169">
     <span class='ocr_line' id='line_1_83' title="bbox 332 5095 1934 5169; baseline 0.003 -19"><span class='ocrx_word' id='word_1_614' title='bbox 332 5113 474 5151; x_wconf 85' lang='lat' dir='ltr'><strong>anno</strong></span> <span class='ocrx_word' id='word_1_615' title='bbox 505 5099 604 5163; x_wconf 76' lang='grc'><strong>571</strong></span> <span class='ocrx_word' id='word_1_616' title='bbox 646 5099 918 5168; x_wconf 79' lang='lat' dir='ltr'><strong>prolectus</strong></span> <span class='ocrx_word' id='word_1_617' title='bbox 945 5099 1119 5153; x_wconf 89' lang='lat' dir='ltr'><strong>luerat</strong></span> <span class='ocrx_word' id='word_1_618' title='bbox 1149 5097 1250 5168; x_wconf 75' lang='grc' dir='ltr'><strong>(ά),</strong></span> <span class='ocrx_word' id='word_1_619' title='bbox 1281 5095 1440 5166; x_wconf 78' lang='lat' dir='ltr'><strong>atque</strong></span> <span class='ocrx_word' id='word_1_620' title='bbox 1468 5098 1774 5169; x_wconf 86' lang='lat' dir='ltr'><strong>insequenti</strong></span> <span class='ocrx_word' id='word_1_621' title='bbox 1807 5100 1934 5156; x_wconf 82' lang='lat' dir='ltr'><strong>Ale-</strong></span> 
     </span>
    </p>
   </div>
   <div class='ocr_carea' id='block_1_84' title="bbox 330 5186 1928 5261">
    <p class='ocr_par' dir='ltr' id='par_1_84' title="bbox 330 5186 1928 5261">
     <span class='ocr_line' id='line_1_84' title="bbox 330 5186 1928 5261; baseline 0.003 -19"><span class='ocrx_word' id='word_1_622' title='bbox 330 5191 610 5244; x_wconf 79' lang='lat' dir='ltr'><strong>xandriam</strong></span> <span class='ocrx_word' id='word_1_623' title='bbox 639 5186 941 5260; x_wconf 82' lang='lat' dir='ltr'><strong>appulerat.</strong></span> <span class='ocrx_word' id='word_1_624' title='bbox 967 5187 1182 5244; x_wconf 83' lang='lat' dir='ltr'><strong>Menon</strong></span> <span class='ocrx_word' id='word_1_625' title='bbox 1208 5189 1335 5244; x_wconf 88' lang='lat' dir='ltr'><strong>latet</strong></span> <span class='ocrx_word' id='word_1_626' title='bbox 1359 5189 1597 5261; x_wconf 82' lang='lat' dir='ltr'><strong>Syriam,</strong></span> <span class='ocrx_word' id='word_1_627' title='bbox 1627 5201 1928 5247; x_wconf 83' lang='lat' dir='ltr'><strong>extremum</strong></span> 
     </span>
    </p>
   </div>
   <div class='ocr_carea' id='block_1_85' title="bbox 403 5315 1120 5388">
    <p class='ocr_par' dir='ltr' id='par_1_85' title="bbox 403 5315 1120 5388">
     <span class='ocr_line' id='line_1_85' title="bbox 403 5315 1120 5388; baseline -0.007 -16"><span class='ocrx_word' id='word_1_628' title='bbox 403 5317 480 5388; x_wconf 69' lang='grc' dir='ltr'><strong>(ᾳ)</strong></span> <span class='ocrx_word' id='word_1_629' title='bbox 518 5317 572 5388; x_wconf 71' lang='grc' dir='ltr'><strong>ιε·</strong></span> <span class='ocrx_word' id='word_1_630' title='bbox 605 5315 812 5388; x_wconf 78' lang='lat' dir='ltr'><strong>Chron.</strong></span> <span class='ocrx_word' id='word_1_631' title='bbox 842 5325 980 5385; x_wconf 88' lang='lat' dir='ltr'><strong>part.</strong></span> <span class='ocrx_word' id='word_1_632' title='bbox 1009 5331 1120 5388; x_wconf 77' lang='lat' dir='ltr'><strong>xvi.</strong></span> 
     </span>
    </p>
   </div>
   <div class='ocr_carea' id='block_1_86' title="bbox 405 5383 1095 5456">
    <p class='ocr_par' dir='ltr' id='par_1_86' title="bbox 405 5383 1095 5456">
     <span class='ocr_line' id='line_1_86' title="bbox 405 5383 1095 5456; baseline -0.001 -16"><span class='ocrx_word' id='word_1_633' title='bbox 405 5383 483 5454; x_wconf 74' lang='lat' dir='ltr'><strong>(tn</strong></span> <span class='ocrx_word' id='word_1_634' title='bbox 525 5385 704 5456; x_wconf 58' lang='lat' dir='ltr'><strong>Epist.</strong></span> <span class='ocrx_word' id='word_1_635' title='bbox 735 5383 859 5448; x_wconf 74' lang='lat'><strong>158;</strong></span> <span class='ocrx_word' id='word_1_636' title='bbox 889 5388 1022 5440; x_wconf 90' lang='lat' dir='ltr'><strong>alias</strong></span> <span class='ocrx_word' id='word_1_637' title='bbox 1043 5386 1095 5441; x_wconf 90' lang='lat'><strong>8.</strong></span> 
     </span>
    </p>
   </div>
   <div class='ocr_carea' id='block_1_87' title="bbox 407 5457 1179 5525">
    <p class='ocr_par' dir='ltr' id='par_1_87' title="bbox 407 5457 1179 5525">
     <span class='ocr_line' id='line_1_87' title="bbox 407 5457 1179 5525; baseline 0.003 -17"><span class='ocrx_word' id='word_1_638' title='bbox 407 5459 480 5525; x_wconf 67' lang='grc' dir='ltr'><strong>(τ)</strong></span> <span class='ocrx_word' id='word_1_639' title='bbox 526 5457 694 5523; x_wconf 75' lang='lat' dir='ltr'><strong>Epist.</strong></span> <span class='ocrx_word' id='word_1_640' title='bbox 728 5460 784 5521; x_wconf 79' lang='lat'><strong>&#39;5,</strong></span> <span class='ocrx_word' id='word_1_641' title='bbox 817 5459 1013 5511; x_wconf 82' lang='lat' dir='ltr'><strong>Veron.</strong></span> <span class='ocrx_word' id='word_1_642' title='bbox 1047 5457 1179 5512; x_wconf 89' lang='lat' dir='ltr'><strong>edit.</strong></span> 
     </span>
    </p>
   </div>
   <div class='ocr_carea' id='block_1_88' title="bbox 403 5527 1922 5599">
    <p class='ocr_par' dir='ltr' id='par_1_88' title="bbox 403 5527 1922 5599">
     <span class='ocr_line' id='line_1_88' title="bbox 403 5527 1922 5599; baseline 0.007 -19"><span class='ocrx_word' id='word_1_643' title='bbox 403 5531 482 5597; x_wconf 69' lang='lat' dir='ltr'><strong>(dt</strong></span> <span class='ocrx_word' id='word_1_644' title='bbox 524 5529 754 5596; x_wconf 83' lang='lat' dir='ltr'><strong>Fontan.</strong></span> <span class='ocrx_word' id='word_1_645' title='bbox 781 5530 849 5584; x_wconf 87' lang='lat' dir='ltr'><strong>de</strong></span> <span class='ocrx_word' id='word_1_646' title='bbox 885 5529 1083 5599; x_wconf 81' lang='lat' dir='ltr'><strong>Script.</strong></span> <span class='ocrx_word' id='word_1_647' title='bbox 1113 5527 1291 5599; x_wconf 78' lang='lat' dir='ltr'><strong>Aqui].</strong></span> <span class='ocrx_word' id='word_1_648' title='bbox 1318 5529 1412 5582; x_wconf 88' lang='lat' dir='ltr'><strong>lib.</strong></span> <span class='ocrx_word' id='word_1_649' title='bbox 1446 5545 1518 5590; x_wconf 83' lang='lat' dir='ltr'><strong>tv.</strong></span> <span class='ocrx_word' id='word_1_650' title='bbox 1547 5543 1666 5597; x_wconf 87' lang='lat' dir='ltr'><strong>cap.</strong></span> <span class='ocrx_word' id='word_1_651' title='bbox 1703 5545 1738 5592; x_wconf 90' lang='lat' dir='ltr'><strong>l,</strong></span> <span class='ocrx_word' id='word_1_652' title='bbox 1775 5546 1827 5584; x_wconf 90' lang='lat' dir='ltr'><strong>n.</strong></span> <span class='ocrx_word' id='word_1_653' title='bbox 1859 5530 1922 5595; x_wconf 72' lang='lat'><strong>6;</strong></span> 
     </span>
    </p>
   </div>
   <div class='ocr_carea' id='block_1_89' title="bbox 333 5594 1927 5688">
    <p class='ocr_par' dir='ltr' id='par_1_89' title="bbox 333 5594 1927 5688">
     <span class='ocr_line' id='line_1_89' title="bbox 333 5594 1927 5688; baseline 0.004 -40"><span class='ocrx_word' id='word_1_654' title='bbox 333 5594 610 5688; x_wconf 50' lang='grc' dir='ltr'><strong>φηςι-11ήὶ</strong></span> <span class='ocrx_word' id='word_1_655' title='bbox 642 5600 935 5688; x_wconf 41' lang='lat' dir='ltr'><strong>Fratre-sviti</strong></span> <span class='ocrx_word' id='word_1_656' title='bbox 959 5594 1485 5688; x_wconf 44' lang='lat' dir='ltr'><strong>Observfpitnﬁot&#39;is.</strong></span> <span class='ocrx_word' id='word_1_657' title='bbox 1518 5594 1676 5686; x_wconf 51' lang='lat' dir='ltr'><strong>lilut,</strong></span> <span class='ocrx_word' id='word_1_658' title='bbox 1703 5615 1823 5688; x_wconf 66' lang='lat' dir='ltr'><strong>cap.</strong></span> 
     </span>
    </p>
   </div>
   <div class='ocr_carea' id='block_1_90' title="bbox 329 5657 1454 5741">
    <p class='ocr_par' dir='ltr' id='par_1_90' title="bbox 329 5657 1454 5741">
     <span class='ocr_line' id='line_1_90' title="bbox 329 5657 1454 5741; baseline -0.04 -15"><span class='ocrx_word' id='word_1_659' title='bbox 329 5661 418 5726; x_wconf 64' lang='lat' dir='ltr'><strong>cl.</strong></span> <span class='ocrx_word' id='word_1_660' title='bbox 437 5667 669 5741; x_wconf 59' lang='lat' dir='ltr'><strong>Vsllars.</strong></span> <span class='ocrx_word' id='word_1_661' title='bbox 689 5669 804 5741; x_wconf 77' lang='lat' dir='ltr'><strong>Vit.‘</strong></span> <span class='ocrx_word' id='word_1_662' title='bbox 828 5667 1079 5734; x_wconf 79' lang='lat' dir='ltr'><strong>llierott.,‘</strong></span> <span class='ocrx_word' id='word_1_663' title='bbox 1103 5657 1236 5741; x_wconf 62' lang='lat' dir='ltr'><strong>cap}</strong></span> <span class='ocrx_word' id='word_1_664' title='bbox 1250 5665 1399 5726; x_wconf 36' lang='lat'><strong>293‘.</strong></span> <span class='ocrx_word' id='word_1_665' title='bbox 1423 5675 1454 5687; x_wconf 86' lang='lat'><strong>.._</strong></span> 
     </span>
    </p>
   </div>
   <div class='ocr_carea' id='block_1_91' title="bbox 404 5739 1239 5821">
    <p class='ocr_par' dir='ltr' id='par_1_91' title="bbox 404 5739 1239 5821">
     <span class='ocr_line' id='line_1_91' title="bbox 404 5739 1239 5821; baseline 0.001 -26"><span class='ocrx_word' id='word_1_666' title='bbox 404 5739 474 5821; x_wconf 72' lang='grc' dir='ltr'><strong>(ε)</strong></span> <span class='ocrx_word' id='word_1_667' title='bbox 520 5741 618 5810; x_wconf 86' lang='lat' dir='ltr'><strong>Ep.</strong></span> <span class='ocrx_word' id='word_1_668' title='bbox 648 5743 701 5808; x_wconf 77' lang='lat'><strong>3,</strong></span> <span class='ocrx_word' id='word_1_669' title='bbox 733 5739 851 5798; x_wconf 72' lang='lat' dir='ltr'><strong>Ver.</strong></span> <span class='ocrx_word' id='word_1_670' title='bbox 879 5742 1012 5798; x_wconf 87' lang='lat' dir='ltr'><strong>edit.</strong></span> <span class='ocrx_word' id='word_1_671' title='bbox 1039 5739 1239 5814; x_wconf 56' lang='lat' dir='ltr'><strong>tom.&#39;l.</strong></span> 
     </span>
    </p>
   </div>
   <div class='ocr_carea' id='block_1_92' title="bbox 2047 3235 3643 3306">
    <p class='ocr_par' dir='ltr' id='par_1_92' title="bbox 2047 3235 3643 3306">
     <span class='ocr_line' id='line_1_92' title="bbox 2047 3235 3643 3306; baseline -0.003 -14"><span class='ocrx_word' id='word_1_672' title='bbox 2047 3237 2228 3293; x_wconf 87' lang='lat' dir='ltr'><strong>sedem</strong></span> <span class='ocrx_word' id='word_1_673' title='bbox 2253 3238 2634 3301; x_wconf 82' lang='lat' dir='ltr'><strong>collocaverat,</strong></span> <span class='ocrx_word' id='word_1_674' title='bbox 2663 3247 2818 3306; x_wconf 73' lang='lat' dir='ltr'><strong>atque</strong></span> <span class='ocrx_word' id='word_1_675' title='bbox 2839 3236 3103 3305; x_wconf 84' lang='lat' dir='ltr'><strong>hospitem</strong></span> <span class='ocrx_word' id='word_1_676' title='bbox 3134 3235 3516 3305; x_wconf 84' lang='lat' dir='ltr'><strong>Hieronymum</strong></span> <span class='ocrx_word' id='word_1_677' title='bbox 3545 3235 3643 3288; x_wconf 82' lang='lat' dir='ltr'><strong>ali-</strong></span> 
     </span>
    </p>
   </div>
   <div class='ocr_carea' id='block_1_93' title="bbox 2045 3326 3637 3401">
    <p class='ocr_par' dir='ltr' id='par_1_93' title="bbox 2045 3326 3637 3401">
     <span class='ocr_line' id='line_1_93' title="bbox 2045 3326 3637 3401; baseline -0.003 -17"><span class='ocrx_word' id='word_1_678' title='bbox 2045 3341 2175 3401; x_wconf 88' lang='lat' dir='ltr'><strong>quot</strong></span> <span class='ocrx_word' id='word_1_679' title='bbox 2221 3333 2410 3385; x_wconf 87' lang='lat' dir='ltr'><strong>saltem</strong></span> <span class='ocrx_word' id='word_1_680' title='bbox 2469 3346 2683 3385; x_wconf 64' lang='lat' dir='ltr'><strong>menses</strong></span> <span class='ocrx_word' id='word_1_681' title='bbox 2723 3331 3038 3394; x_wconf 77' lang='lat' dir='ltr'><strong>retinuerat,</strong></span> <span class='ocrx_word' id='word_1_682' title='bbox 3098 3339 3383 3396; x_wconf 77' lang='lat' dir='ltr'><strong>antequam</strong></span> <span class='ocrx_word' id='word_1_683' title='bbox 3418 3326 3483 3380; x_wconf 88' lang='lat' dir='ltr'><strong>ad</strong></span> <span class='ocrx_word' id='word_1_684' title='bbox 3516 3342 3637 3380; x_wconf 85' lang='lat' dir='ltr'><strong>ere-</strong></span> 
     </span>
    </p>
   </div>
   <div class='ocr_carea' id='block_1_94' title="bbox 2048 3419 3641 3482">
    <p class='ocr_par' dir='ltr' id='par_1_94' title="bbox 2048 3419 3641 3482">
     <span class='ocr_line' id='line_1_94' title="bbox 2048 3419 3641 3482; baseline -0.001 -6"><span class='ocrx_word' id='word_1_685' title='bbox 2048 3440 2190 3476; x_wconf 87' lang='lat' dir='ltr'><strong>tntun</strong></span> <span class='ocrx_word' id='word_1_686' title='bbox 2224 3425 2558 3478; x_wconf 79' lang='lat' dir='ltr'><strong>secessisset.</strong></span> <span class='ocrx_word' id='word_1_687' title='bbox 2587 3423 2751 3477; x_wconf 85' lang='lat' dir='ltr'><strong>Roma</strong></span> <span class='ocrx_word' id='word_1_688' title='bbox 2781 3433 2905 3474; x_wconf 91' lang='lat' dir='ltr'><strong>tunc</strong></span> <span class='ocrx_word' id='word_1_689' title='bbox 2935 3422 3149 3475; x_wconf 84' lang='lat' dir='ltr'><strong>venisse</strong></span> <span class='ocrx_word' id='word_1_690' title='bbox 3169 3421 3397 3482; x_wconf 86' lang='lat' dir='ltr'><strong>dicatur,</strong></span> <span class='ocrx_word' id='word_1_691' title='bbox 3427 3435 3547 3473; x_wconf 92' lang='lat' dir='ltr'><strong>cum</strong></span> <span class='ocrx_word' id='word_1_692' title='bbox 3573 3419 3641 3474; x_wconf 85' lang='lat' dir='ltr'><strong>ad</strong></span> 
     </span>
    </p>
   </div>
   <div class='ocr_carea' id='block_1_95' title="bbox 2045 3501 3633 3580">
    <p class='ocr_par' dir='ltr' id='par_1_95' title="bbox 2045 3501 3633 3580">
     <span class='ocr_line' id='line_1_95' title="bbox 2045 3501 3633 3580; baseline -0.002 -12"><span class='ocrx_word' id='word_1_693' title='bbox 2045 3514 2298 3568; x_wconf 85' lang='lat' dir='ltr'><strong>Basilinm</strong></span> <span class='ocrx_word' id='word_1_694' title='bbox 2327 3515 2553 3567; x_wconf 72' lang='lat' dir='ltr'><strong>accessit</strong></span> <span class='ocrx_word' id='word_1_695' title='bbox 2583 3512 2681 3567; x_wconf 88' lang='lat' dir='ltr'><strong>hoc</strong></span> <span class='ocrx_word' id='word_1_696' title='bbox 2709 3505 3090 3566; x_wconf 81' lang='lat' dir='ltr'><strong>scilicetanno‘!</strong></span> <span class='ocrx_word' id='word_1_697' title='bbox 3111 3501 3550 3580; x_wconf 86' lang='lat' dir='ltr'><strong>Certnmitaqne,</strong></span> <span class='ocrx_word' id='word_1_698' title='bbox 3580 3511 3633 3566; x_wconf 91' lang='lat' dir='ltr'><strong>tti</strong></span> 
     </span>
    </p>
   </div>
   <div class='ocr_carea' id='block_1_96' title="bbox 2043 3602 3632 3673">
    <p class='ocr_par' dir='ltr' id='par_1_96' title="bbox 2043 3602 3632 3673">
     <span class='ocr_line' id='line_1_96' title="bbox 2043 3602 3632 3673; baseline -0.002 -14"><span class='ocrx_word' id='word_1_699' title='bbox 2043 3605 2217 3668; x_wconf 79' lang='lat' dir='ltr'><strong>fallor,</strong></span> <span class='ocrx_word' id='word_1_700' title='bbox 2254 3616 2534 3672; x_wconf 86' lang='lat' dir='ltr'><strong>ratumque</strong></span> <span class='ocrx_word' id='word_1_701' title='bbox 2564 3617 2666 3670; x_wconf 75' lang='grc' dir='ltr'><strong>ρει,</strong></span> <span class='ocrx_word' id='word_1_702' title='bbox 2703 3603 2987 3673; x_wconf 81' lang='lat' dir='ltr'><strong>Evagrinm</strong></span> <span class='ocrx_word' id='word_1_703' title='bbox 3019 3603 3119 3658; x_wconf 91' lang='lat' dir='ltr'><strong>hoc</strong></span> <span class='ocrx_word' id='word_1_704' title='bbox 3151 3605 3254 3657; x_wconf 89' lang='lat' dir='ltr'><strong>iter</strong></span> <span class='ocrx_word' id='word_1_705' title='bbox 3284 3602 3348 3656; x_wconf 86' lang='lat' dir='ltr'><strong>ad</strong></span> <span class='ocrx_word' id='word_1_706' title='bbox 3382 3603 3632 3656; x_wconf 80' lang='lat' dir='ltr'><strong>Basiliam</strong></span> 
     </span>
    </p>
   </div>
   <div class='ocr_carea' id='block_1_97' title="bbox 2046 3677 3636 3770">
    <p class='ocr_par' dir='ltr' id='par_1_97' title="bbox 2046 3684 3636 3770">
     <span class='ocr_line' id='line_1_97' title="bbox 2046 3684 3636 3770; baseline -0.004 -18"><span class='ocrx_word' id='word_1_707' title='bbox 2046 3685 2358 3762; x_wconf 81' lang='lat' dir='ltr'><strong>instituisse,</strong></span> <span class='ocrx_word' id='word_1_708' title='bbox 2397 3713 2504 3751; x_wconf 89' lang='lat' dir='ltr'><strong>uno</strong></span> <span class='ocrx_word' id='word_1_709' title='bbox 2538 3707 2740 3751; x_wconf 89' lang='lat' dir='ltr'><strong>tantum</strong></span> <span class='ocrx_word' id='word_1_710' title='bbox 2773 3698 2944 3764; x_wconf 88' lang='lat' dir='ltr'><strong>jusso,</strong></span> <span class='ocrx_word' id='word_1_711' title='bbox 2993 3684 3351 3764; x_wconf 84' lang='lat' dir='ltr'><strong>mandatoqne</strong></span> <span class='ocrx_word' id='word_1_712' title='bbox 3405 3691 3636 3770; x_wconf 85' lang='lat' dir='ltr'><strong>Damasi.</strong></span> 
     </span>
    </p>
   </div>
   <div class='ocr_carea' id='block_1_98' title="bbox 2047 3784 3636 3855">
    <p class='ocr_par' dir='ltr' id='par_1_98' title="bbox 2047 3784 3636 3855">
     <span class='ocr_line' id='line_1_98' title="bbox 2047 3784 3636 3855; baseline -0.004 -11"><span class='ocrx_word' id='word_1_713' title='bbox 2047 3788 2272 3844; x_wconf 84' lang='lat' dir='ltr'><strong>Basilius</strong></span> <span class='ocrx_word' id='word_1_714' title='bbox 2323 3802 2501 3844; x_wconf 88' lang='lat' dir='ltr'><strong>autem</strong></span> <span class='ocrx_word' id='word_1_715' title='bbox 2535 3831 2548 3855; x_wconf 93' lang='lat'><strong>,</strong></span> <span class='ocrx_word' id='word_1_716' title='bbox 2606 3805 2727 3842; x_wconf 90' lang='lat' dir='ltr'><strong>cum</strong></span> <span class='ocrx_word' id='word_1_717' title='bbox 2780 3803 2902 3842; x_wconf 89' lang='lat' dir='ltr'><strong>emn</strong></span> <span class='ocrx_word' id='word_1_718' title='bbox 2959 3787 3123 3841; x_wconf 85' lang='lat' dir='ltr'><strong>Roma</strong></span> <span class='ocrx_word' id='word_1_719' title='bbox 3174 3797 3297 3838; x_wconf 88' lang='lat' dir='ltr'><strong>tunc</strong></span> <span class='ocrx_word' id='word_1_720' title='bbox 3333 3784 3636 3838; x_wconf 83' lang='lat' dir='ltr'><strong>venientem</strong></span> 
     </span>
    </p>
   </div>
   <div class='ocr_carea' id='block_1_99' title="bbox 2044 3875 3636 3951">
    <p class='ocr_par' dir='ltr' id='par_1_99' title="bbox 2044 3875 3636 3951">
     <span class='ocr_line' id='line_1_99' title="bbox 2044 3875 3636 3951; baseline -0.005 -14"><span class='ocrx_word' id='word_1_721' title='bbox 2044 3881 2281 3951; x_wconf 88' lang='lat' dir='ltr'><strong>scripsit,</strong></span> <span class='ocrx_word' id='word_1_722' title='bbox 2335 3892 2424 3935; x_wconf 87' lang='lat' dir='ltr'><strong>attt</strong></span> <span class='ocrx_word' id='word_1_723' title='bbox 2467 3881 2719 3951; x_wconf 84' lang='lat' dir='ltr'><strong>ignorans</strong></span> <span class='ocrx_word' id='word_1_724' title='bbox 2765 3879 3002 3947; x_wconf 86' lang='lat' dir='ltr'><strong>scripsit,</strong></span> <span class='ocrx_word' id='word_1_725' title='bbox 3057 3885 3148 3930; x_wconf 87' lang='lat' dir='ltr'><strong>aut</strong></span> <span class='ocrx_word' id='word_1_726' title='bbox 3178 3875 3356 3929; x_wconf 68' lang='lat' dir='ltr'><strong>Romae</strong></span> <span class='ocrx_word' id='word_1_727' title='bbox 3395 3875 3636 3940; x_wconf 85' lang='lat' dir='ltr'><strong>nomine,</strong></span> 
     </span>
    </p>
   </div>
   <div class='ocr_carea' id='block_1_100' title="bbox 2047 3970 3640 4043">
    <p class='ocr_par' dir='ltr' id='par_1_100' title="bbox 2047 3970 3640 4043">
     <span class='ocr_line' id='line_1_100' title="bbox 2047 3970 3640 4043; baseline -0.003 -15"><span class='ocrx_word' id='word_1_728' title='bbox 2047 3974 2333 4029; x_wconf 77' lang='lat' dir='ltr'><strong>Damasum</strong></span> <span class='ocrx_word' id='word_1_729' title='bbox 2384 3975 2684 4028; x_wconf 75' lang='lat' dir='ltr'><strong>Romanum</strong></span> <span class='ocrx_word' id='word_1_730' title='bbox 2717 3975 3050 4043; x_wconf 84' lang='lat' dir='ltr'><strong>episcopum,</strong></span> <span class='ocrx_word' id='word_1_731' title='bbox 3103 3986 3131 4023; x_wconf 88' lang='lat' dir='ltr'><strong>a</strong></span> <span class='ocrx_word' id='word_1_732' title='bbox 3171 3984 3279 4038; x_wconf 85' lang='lat' dir='ltr'><strong>quo</strong></span> <span class='ocrx_word' id='word_1_733' title='bbox 3326 3971 3520 4024; x_wconf 67' lang='lat' dir='ltr'><strong>missus</strong></span> <span class='ocrx_word' id='word_1_734' title='bbox 3552 3970 3640 4023; x_wconf 93' lang='lat' dir='ltr'><strong>ille</strong></span> 
     </span>
    </p>
   </div>
   <div class='ocr_carea' id='block_1_101' title="bbox 2043 4049 3639 4134">
    <p class='ocr_par' dir='ltr' id='par_1_101' title="bbox 2043 4049 3639 4134">
     <span class='ocr_line' id='line_1_101' title="bbox 2043 4049 3639 4134; baseline -0.005 -12"><span class='ocrx_word' id='word_1_735' title='bbox 2043 4068 2238 4134; x_wconf 82' lang='lat' dir='ltr'><strong>fuerat,</strong></span> <span class='ocrx_word' id='word_1_736' title='bbox 2266 4049 2546 4130; x_wconf 84' lang='lat' dir='ltr'><strong>intellexit,</strong></span> <span class='ocrx_word' id='word_1_737' title='bbox 2581 4077 2673 4119; x_wconf 88' lang='lat' dir='ltr'><strong>aut</strong></span> <span class='ocrx_word' id='word_1_738' title='bbox 2695 4067 2754 4121; x_wconf 82' lang='grc' dir='ltr'><strong>τὸ</strong></span> <span class='ocrx_word' id='word_1_739' title='bbox 2786 4067 2892 4118; x_wconf 79' lang='grc' dir='ltr'><strong>νὺν.</strong></span> <span class='ocrx_word' id='word_1_740' title='bbox 2927 4062 3066 4116; x_wconf 89' lang='lat' dir='ltr'><strong>idem</strong></span> <span class='ocrx_word' id='word_1_741' title='bbox 3093 4061 3257 4126; x_wconf 88' lang='lat' dir='ltr'><strong>valet,</strong></span> <span class='ocrx_word' id='word_1_742' title='bbox 3286 4049 3639 4128; x_wconf 41' lang='lat' dir='ltr'><strong>ac&#39;particula</strong></span> 
     </span>
    </p>
   </div>
   <div class='ocr_carea' id='block_1_102' title="bbox 2044 4156 3642 4233">
    <p class='ocr_par' dir='ltr' id='par_1_102' title="bbox 2044 4156 3642 4233">
     <span class='ocr_line' id='line_1_102' title="bbox 2044 4156 3642 4233; baseline -0.006 -16"><span class='ocrx_word' id='word_1_743' title='bbox 2044 4158 2151 4229; x_wconf 72' lang='grc' dir='ltr'><strong>οὖν,</strong></span> <span class='ocrx_word' id='word_1_744' title='bbox 2181 4169 2238 4216; x_wconf 90' lang='lat' dir='ltr'><strong>ut</strong></span> <span class='ocrx_word' id='word_1_745' title='bbox 2261 4177 2403 4231; x_wconf 69' lang='lat' dir='ltr'><strong>smpe</strong></span> <span class='ocrx_word' id='word_1_746' title='bbox 2430 4163 2586 4223; x_wconf 90' lang='lat' dir='ltr'><strong>solet,</strong></span> <span class='ocrx_word' id='word_1_747' title='bbox 2611 4175 2673 4213; x_wconf 90' lang='lat' dir='ltr'><strong>ac</strong></span> <span class='ocrx_word' id='word_1_748' title='bbox 2697 4168 2874 4212; x_wconf 88' lang='lat' dir='ltr'><strong>rectus</strong></span> <span class='ocrx_word' id='word_1_749' title='bbox 2898 4157 2999 4233; x_wconf 88' lang='lat' dir='ltr'><strong>hoc</strong></span> <span class='ocrx_word' id='word_1_750' title='bbox 3027 4156 3167 4214; x_wconf 83' lang='lat' dir='ltr'><strong>loco,</strong></span> <span class='ocrx_word' id='word_1_751' title='bbox 3191 4168 3642 4228; x_wconf 81' lang='lat' dir='ltr'><strong>consequensth</strong></span> 
     </span>
    </p>
   </div>
   <div class='ocr_carea' id='block_1_103' title="bbox 2043 4235 3637 4332">
    <p class='ocr_par' dir='ltr' id='par_1_103' title="bbox 2043 4235 3637 4332">
     <span class='ocr_line' id='line_1_103' title="bbox 2043 4235 3637 4332; baseline -0.009 -20"><span class='ocrx_word' id='word_1_752' title='bbox 2043 4251 2302 4312; x_wconf 84' lang='lat' dir='ltr'><strong>orationis</strong></span> <span class='ocrx_word' id='word_1_753' title='bbox 2328 4235 2466 4309; x_wconf 28' lang='lat' dir='ltr'><strong>Ordo“</strong></span> <span class='ocrx_word' id='word_1_754' title='bbox 2489 4248 2760 4324; x_wconf 72' lang='lat' dir='ltr'><strong>postulare</strong></span> <span class='ocrx_word' id='word_1_755' title='bbox 2787 4250 3000 4303; x_wconf 87' lang='lat' dir='ltr'><strong>videtur</strong></span> <span class='ocrx_word' id='word_1_756' title='bbox 3031 4267 3044 4304; x_wconf 91' lang='lat'><strong>:</strong></span> <span class='ocrx_word' id='word_1_757' title='bbox 3078 4247 3338 4328; x_wconf 81' lang='lat' dir='ltr'><strong>Evagrius</strong></span> <span class='ocrx_word' id='word_1_758' title='bbox 3364 4247 3505 4332; x_wconf 77' lang='lat' dir='ltr'><strong>enim</strong></span> <span class='ocrx_word' id='word_1_759' title='bbox 3528 4243 3637 4314; x_wconf 89' lang='lat' dir='ltr'><strong>jam</strong></span> 
     </span>
    </p>
   </div>
   <div class='ocr_carea' id='block_1_104' title="bbox 2043 4333 3638 4403">
    <p class='ocr_par' dir='ltr' id='par_1_104' title="bbox 2043 4333 3638 4403">
     <span class='ocr_line' id='line_1_104' title="bbox 2043 4333 3638 4403; baseline -0.007 -1"><span class='ocrx_word' id='word_1_760' title='bbox 2043 4348 2132 4402; x_wconf 87' lang='lat' dir='ltr'><strong>ditt</strong></span> <span class='ocrx_word' id='word_1_761' title='bbox 2177 4356 2330 4401; x_wconf 89' lang='lat' dir='ltr'><strong>antea</strong></span> <span class='ocrx_word' id='word_1_762' title='bbox 2380 4333 2565 4400; x_wconf 76' lang='lat' dir='ltr'><strong>sedem</strong></span> <span class='ocrx_word' id='word_1_763' title='bbox 2612 4341 2907 4397; x_wconf 82' lang='lat' dir='ltr'><strong>Antiochiae</strong></span> <span class='ocrx_word' id='word_1_764' title='bbox 2936 4341 3313 4403; x_wconf 88' lang='lat' dir='ltr'><strong>constituerat,</strong></span> <span class='ocrx_word' id='word_1_765' title='bbox 3345 4333 3638 4392; x_wconf 80' lang='lat' dir='ltr'><strong>amiCorum</strong></span> 
     </span>
    </p>
   </div>
   <div class='ocr_carea' id='block_1_105' title="bbox 2044 4425 3639 4516">
    <p class='ocr_par' dir='ltr' id='par_1_105' title="bbox 2044 4425 3639 4516">
     <span class='ocr_line' id='line_1_105' title="bbox 2044 4425 3639 4516; baseline -0.008 -20"><span class='ocrx_word' id='word_1_766' title='bbox 2044 4444 2250 4497; x_wconf 88' lang='lat' dir='ltr'><strong>litteras</strong></span> <span class='ocrx_word' id='word_1_767' title='bbox 2298 4441 2364 4495; x_wconf 90' lang='lat' dir='ltr'><strong>ab</strong></span> <span class='ocrx_word' id='word_1_768' title='bbox 2406 4437 2695 4516; x_wconf 83' lang='lat' dir='ltr'><strong>Occidente</strong></span> <span class='ocrx_word' id='word_1_769' title='bbox 2741 4435 3012 4504; x_wconf 87' lang='lat' dir='ltr'><strong>accipiens</strong></span> <span class='ocrx_word' id='word_1_770' title='bbox 3059 4450 3123 4488; x_wconf 87' lang='lat' dir='ltr'><strong>ac</strong></span> <span class='ocrx_word' id='word_1_771' title='bbox 3165 4433 3402 4512; x_wconf 83' lang='lat' dir='ltr'><strong>vicissim</strong></span> <span class='ocrx_word' id='word_1_772' title='bbox 3451 4425 3639 4486; x_wconf 84' lang='lat' dir='ltr'><strong>distri-</strong></span> 
     </span>
    </p>
   </div>
   <div class='ocr_carea' id='block_1_106' title="bbox 1963 4519 2232 4591">
    <p class='ocr_par' dir='ltr' id='par_1_106' title="bbox 1963 4519 2232 4591">
     <span class='ocr_line' id='line_1_106' title="bbox 1963 4519 2232 4591; baseline -0.007 1"><span class='ocrx_word' id='word_1_773' title='bbox 1963 4519 2017 4580; x_wconf 83' lang='lat' dir='ltr'><strong>D</strong></span> <span class='ocrx_word' id='word_1_774' title='bbox 2045 4538 2232 4591; x_wconf 77' lang='lat' dir='ltr'><strong>buens.</strong></span> 
     </span>
    </p>
   </div>
   <div class='ocr_carea' id='block_1_107' title="bbox 2113 4611 3639 4688">
    <p class='ocr_par' dir='ltr' id='par_1_107' title="bbox 2113 4611 3639 4688">
     <span class='ocr_line' id='line_1_107' title="bbox 2113 4611 3639 4688; baseline -0.01 -3"><span class='ocrx_word' id='word_1_775' title='bbox 2113 4611 2178 4686; x_wconf 48' lang='lat' dir='ltr'><strong>ll;</strong></span> <span class='ocrx_word' id='word_1_776' title='bbox 2244 4627 2349 4684; x_wconf 87' lang='lat' dir='ltr'><strong>Sed</strong></span> <span class='ocrx_word' id='word_1_777' title='bbox 2382 4635 2439 4680; x_wconf 90' lang='lat' dir='ltr'><strong>ut</strong></span> <span class='ocrx_word' id='word_1_778' title='bbox 2469 4627 2521 4679; x_wconf 92' lang='lat' dir='ltr'><strong>in</strong></span> <span class='ocrx_word' id='word_1_779' title='bbox 2554 4624 2693 4677; x_wconf 86' lang='lat' dir='ltr'><strong>viam</strong></span> <span class='ocrx_word' id='word_1_780' title='bbox 2724 4621 2967 4688; x_wconf 85' lang='lat' dir='ltr'><strong>redeam,</strong></span> <span class='ocrx_word' id='word_1_781' title='bbox 2994 4635 3090 4674; x_wconf 91' lang='lat' dir='ltr'><strong>cur</strong></span> <span class='ocrx_word' id='word_1_782' title='bbox 3124 4619 3383 4673; x_wconf 90' lang='lat' dir='ltr'><strong>Damasus</strong></span> <span class='ocrx_word' id='word_1_783' title='bbox 3417 4616 3639 4686; x_wconf 82' lang='lat' dir='ltr'><strong>legatio-</strong></span> 
     </span>
    </p>
   </div>
   <div class='ocr_carea' id='block_1_108' title="bbox 2041 4709 3640 4793">
    <p class='ocr_par' dir='ltr' id='par_1_108' title="bbox 2041 4709 3640 4793">
     <span class='ocr_line' id='line_1_108' title="bbox 2041 4709 3640 4793; baseline -0.009 -13"><span class='ocrx_word' id='word_1_784' title='bbox 2041 4741 2166 4780; x_wconf 89' lang='lat' dir='ltr'><strong>nem</strong></span> <span class='ocrx_word' id='word_1_785' title='bbox 2192 4739 2254 4779; x_wconf 74' lang='grc' dir='ltr'><strong>εκ</strong></span> <span class='ocrx_word' id='word_1_786' title='bbox 2284 4709 2663 4793; x_wconf 79' lang='lat' dir='ltr'><strong>praestantibus</strong></span> <span class='ocrx_word' id='word_1_787' title='bbox 2690 4716 2946 4787; x_wconf 76' lang='lat' dir='ltr'><strong>dignitate</strong></span> <span class='ocrx_word' id='word_1_788' title='bbox 2974 4715 3100 4769; x_wconf 86' lang='lat' dir='ltr'><strong>viris</strong></span> <span class='ocrx_word' id='word_1_789' title='bbox 3127 4713 3482 4782; x_wconf 87' lang='lat' dir='ltr'><strong>compositam</strong></span> <span class='ocrx_word' id='word_1_790' title='bbox 3517 4725 3640 4780; x_wconf 90' lang='lat' dir='ltr'><strong>pos-</strong></span> 
     </span>
    </p>
   </div>
   <div class='ocr_carea' id='block_1_109' title="bbox 2044 4805 3640 4881">
    <p class='ocr_par' dir='ltr' id='par_1_109' title="bbox 2044 4805 3640 4881">
     <span class='ocr_line' id='line_1_109' title="bbox 2044 4805 3640 4881; baseline -0.008 -9"><span class='ocrx_word' id='word_1_791' title='bbox 2044 4817 2293 4872; x_wconf 80' lang='lat' dir='ltr'><strong>tulaverit</strong></span> <span class='ocrx_word' id='word_1_792' title='bbox 2315 4857 2328 4881; x_wconf 92' lang='lat'><strong>,</strong></span> <span class='ocrx_word' id='word_1_793' title='bbox 2359 4814 2498 4869; x_wconf 88' lang='lat' dir='ltr'><strong>ratio</strong></span> <span class='ocrx_word' id='word_1_794' title='bbox 2532 4814 2750 4868; x_wconf 88' lang='lat' dir='ltr'><strong>minime</strong></span> <span class='ocrx_word' id='word_1_795' title='bbox 2777 4811 3006 4866; x_wconf 67' lang='lat' dir='ltr'><strong>obscura</strong></span> <span class='ocrx_word' id='word_1_796' title='bbox 3038 4818 3154 4864; x_wconf 91' lang='lat' dir='ltr'><strong>est:</strong></span> <span class='ocrx_word' id='word_1_797' title='bbox 3188 4807 3258 4862; x_wconf 88' lang='lat' dir='ltr'><strong>ita</strong></span> <span class='ocrx_word' id='word_1_798' title='bbox 3290 4808 3433 4863; x_wconf 91' lang='lat' dir='ltr'><strong>enim</strong></span> <span class='ocrx_word' id='word_1_799' title='bbox 3467 4805 3640 4874; x_wconf 84' lang='lat' dir='ltr'><strong>major</strong></span> 
     </span>
    </p>
   </div>
   <div class='ocr_carea' id='block_1_110' title="bbox 2036 4888 3635 4980">
    <p class='ocr_par' dir='ltr' id='par_1_110' title="bbox 2036 4888 3635 4980">
     <span class='ocr_line' id='line_1_110' title="bbox 2036 4888 3635 4980; baseline -0.008 -17"><span class='ocrx_word' id='word_1_800' title='bbox 2036 4891 2384 4980; x_wconf 74' lang='lat' dir='ltr'><strong>apudomnes</strong></span> <span class='ocrx_word' id='word_1_801' title='bbox 2400 4907 2574 4961; x_wconf 86' lang='lat' dir='ltr'><strong>l‘utnra</strong></span> <span class='ocrx_word' id='word_1_802' title='bbox 2602 4888 2720 4959; x_wconf 73' lang='lat' dir='ltr'><strong>crai</strong></span> <span class='ocrx_word' id='word_1_803' title='bbox 2747 4921 2929 4960; x_wconf 91' lang='lat' dir='ltr'><strong>rerum</strong></span> <span class='ocrx_word' id='word_1_804' title='bbox 2953 4895 3287 4973; x_wconf 75' lang='lat' dir='ltr'><strong>agendarum</strong></span> <span class='ocrx_word' id='word_1_805' title='bbox 3321 4901 3635 4965; x_wconf 85' lang='lat' dir='ltr'><strong>auctoritas,</strong></span> 
     </span>
    </p>
   </div>
   <div class='ocr_carea' id='block_1_111' title="bbox 2037 4981 3636 5074">
    <p class='ocr_par' dir='ltr' id='par_1_111' title="bbox 2037 4997 3636 5074">
     <span class='ocr_line' id='line_1_111' title="bbox 2037 4997 3636 5074; baseline -0.007 -18"><span class='ocrx_word' id='word_1_806' title='bbox 2037 5014 2410 5074; x_wconf 81' lang='lat' dir='ltr'><strong>praetereaque</strong></span> <span class='ocrx_word' id='word_1_807' title='bbox 2437 5016 2626 5055; x_wconf 84' lang='lat' dir='ltr'><strong>recens</strong></span> <span class='ocrx_word' id='word_1_808' title='bbox 2641 5010 2760 5054; x_wconf 86' lang='lat' dir='ltr'><strong>erat</strong></span> <span class='ocrx_word' id='word_1_809' title='bbox 2781 5000 3088 5068; x_wconf 80' lang='lat' dir='ltr'><strong>exemplum</strong></span> <span class='ocrx_word' id='word_1_810' title='bbox 3120 4997 3502 5063; x_wconf 82' lang='lat' dir='ltr'><strong>Lampsacenae</strong></span> <span class='ocrx_word' id='word_1_811' title='bbox 3544 5009 3636 5063; x_wconf 87' lang='lat' dir='ltr'><strong>sy-</strong></span> 
     </span>
    </p>
   </div>
   <div class='ocr_carea' id='block_1_112' title="bbox 2037 5089 3636 5166">
    <p class='ocr_par' dir='ltr' id='par_1_112' title="bbox 2037 5089 3636 5166">
     <span class='ocr_line' id='line_1_112' title="bbox 2037 5089 3636 5166; baseline -0.007 -14"><span class='ocrx_word' id='word_1_812' title='bbox 2037 5097 2185 5161; x_wconf 90' lang='lat' dir='ltr'><strong>nodi,</strong></span> <span class='ocrx_word' id='word_1_813' title='bbox 2219 5112 2339 5166; x_wconf 76' lang='lat' dir='ltr'><strong>quze</strong></span> <span class='ocrx_word' id='word_1_814' title='bbox 2369 5101 2672 5164; x_wconf 67' lang='lat' dir='ltr'><strong>praecipuos</strong></span> <span class='ocrx_word' id='word_1_815' title='bbox 2703 5094 2989 5162; x_wconf 75' lang='lat' dir='ltr'><strong>epiSt-Opos</strong></span> <span class='ocrx_word' id='word_1_816' title='bbox 3029 5094 3094 5147; x_wconf 90' lang='lat' dir='ltr'><strong>ad</strong></span> <span class='ocrx_word' id='word_1_817' title='bbox 3119 5091 3392 5147; x_wconf 88' lang='lat' dir='ltr'><strong>Liberium</strong></span> <span class='ocrx_word' id='word_1_818' title='bbox 3432 5089 3636 5157; x_wconf 81' lang='lat' dir='ltr'><strong>legatos</strong></span> 
     </span>
    </p>
   </div>
   <div class='ocr_carea' id='block_1_113' title="bbox 2035 5179 3636 5257">
    <p class='ocr_par' dir='ltr' id='par_1_113' title="bbox 2035 5179 3636 5257">
     <span class='ocr_line' id='line_1_113' title="bbox 2035 5179 3636 5257; baseline -0.011 -11"><span class='ocrx_word' id='word_1_819' title='bbox 2035 5193 2279 5246; x_wconf 86' lang='lat' dir='ltr'><strong>miserat.</strong></span> <span class='ocrx_word' id='word_1_820' title='bbox 2311 5187 2442 5242; x_wconf 91' lang='lat' dir='ltr'><strong>Cum</strong></span> <span class='ocrx_word' id='word_1_821' title='bbox 2472 5199 2652 5243; x_wconf 88' lang='lat' dir='ltr'><strong>autem</strong></span> <span class='ocrx_word' id='word_1_822' title='bbox 2680 5196 2891 5257; x_wconf 87' lang='lat' dir='ltr'><strong>optaret</strong></span> <span class='ocrx_word' id='word_1_823' title='bbox 2921 5185 3033 5251; x_wconf 88' lang='lat' dir='ltr'><strong>ille,</strong></span> <span class='ocrx_word' id='word_1_824' title='bbox 3065 5195 3121 5239; x_wconf 92' lang='lat' dir='ltr'><strong>ut</strong></span> <span class='ocrx_word' id='word_1_825' title='bbox 3147 5199 3207 5239; x_wconf 88' lang='lat' dir='ltr'><strong>ea</strong></span> <span class='ocrx_word' id='word_1_826' title='bbox 3233 5183 3484 5236; x_wconf 86' lang='lat' dir='ltr'><strong>celeriter</strong></span> <span class='ocrx_word' id='word_1_827' title='bbox 3509 5179 3636 5256; x_wconf 84' lang='lat' dir='ltr'><strong>mit-</strong></span> 
     </span>
    </p>
   </div>
   <div class='ocr_carea' id='block_1_114' title="bbox 2107 5302 3538 5396">
    <p class='ocr_par' dir='ltr' id='par_1_114' title="bbox 2107 5302 3538 5396">
     <span class='ocr_line' id='line_1_114' title="bbox 2107 5302 3538 5396; baseline -0.012 -23"><span class='ocrx_word' id='word_1_828' title='bbox 2107 5314 2180 5396; x_wconf 61' lang='lat' dir='ltr'><strong>(fi</strong></span> <span class='ocrx_word' id='word_1_829' title='bbox 2226 5315 2396 5396; x_wconf 56' lang='lat' dir='ltr'><strong>Epist.</strong></span> <span class='ocrx_word' id='word_1_830' title='bbox 2429 5313 2641 5396; x_wconf 37' lang='lat' dir='ltr'><strong>5_._.Ver._</strong></span> <span class='ocrx_word' id='word_1_831' title='bbox 2671 5312 2825 5377; x_wconf 87' lang='lat' dir='ltr'><strong>edit.,</strong></span> <span class='ocrx_word' id='word_1_832' title='bbox 2858 5321 2912 5365; x_wconf 89' lang='lat' dir='ltr'><strong>et</strong></span> <span class='ocrx_word' id='word_1_833' title='bbox 2945 5305 3177 5396; x_wconf 47' lang='lat' dir='ltr'><strong>iri-Fract</strong></span> <span class='ocrx_word' id='word_1_834' title='bbox 3212 5307 3263 5359; x_wconf 92' lang='lat' dir='ltr'><strong>in</strong></span> <span class='ocrx_word' id='word_1_835' title='bbox 3290 5302 3538 5357; x_wconf 87' lang='lat' dir='ltr'><strong>Abdiam.</strong></span> 
     </span>
    </p>
   </div>
   <div class='ocr_carea' id='block_1_115' title="bbox 2108 5381 3064 5456">
    <p class='ocr_par' dir='ltr' id='par_1_115' title="bbox 2108 5381 3064 5456">
     <span class='ocr_line' id='line_1_115' title="bbox 2108 5381 3064 5456; baseline -0.009 -15"><span class='ocrx_word' id='word_1_836' title='bbox 2234 5381 2419 5438; x_wconf 68' lang='lat' dir='ltr'><strong>I’it’llat.</strong></span> <span class='ocrx_word' id='word_1_837' title='bbox 2456 5384 2591 5438; x_wconf 86' lang='lat' dir='ltr'><strong>Hist.</strong></span> <span class='ocrx_word' id='word_1_838' title='bbox 2630 5386 2910 5456; x_wconf 78' lang='lat' dir='ltr'><strong>laus._cap.</strong></span> <span class='ocrx_word' id='word_1_839' title='bbox 2944 5381 3064 5433; x_wconf 82' lang='lat' dir='ltr'><strong>H7.</strong></span> 
     </span>
    </p>
   </div>
   <div class='ocr_carea' id='block_1_116' title="bbox 2111 5447 3557 5536">
    <p class='ocr_par' dir='ltr' id='par_1_116' title="bbox 2111 5447 3557 5536">
     <span class='ocr_line' id='line_1_116' title="bbox 2111 5447 3557 5536; baseline 0 -29"><span class='ocrx_word' id='word_1_840' title='bbox 2111 5447 2518 5536; x_wconf 35' lang='lat' dir='ltr'><strong>-l’a_l_lad._:i‘n</strong></span> <span class='ocrx_word' id='word_1_841' title='bbox 2555 5455 2744 5507; x_wconf 79' lang='lat' dir='ltr'><strong>Parad.</strong></span> <span class='ocrx_word' id='word_1_842' title='bbox 2775 5447 3053 5536; x_wconf 40' lang='lat' dir='ltr'><strong>nam.</strong></span> <span class='ocrx_word' id='word_1_843' title='bbox 3089 5447 3272 5536; x_wconf 24' lang='lat' dir='ltr'><strong>nti-hui</strong></span> <span class='ocrx_word' id='word_1_844' title='bbox 3325 5517 3423 5536; x_wconf 50' lang='grc' dir='ltr'><strong>ιω</strong></span> <span class='ocrx_word' id='word_1_845' title='bbox 3486 5517 3557 5536; x_wconf 37' lang='grc' dir='ltr'><strong>ω.</strong></span> 
     </span>
    </p>
   </div>
   <div class='ocr_carea' id='block_1_117' title="bbox 2107 5517 3634 5622">
    <p class='ocr_par' dir='ltr' id='par_1_117' title="bbox 2107 5517 3634 5622">
     <span class='ocr_line' id='line_1_117' title="bbox 2107 5517 3634 5622; baseline -0.004 -42"><span class='ocrx_word' id='word_1_846' title='bbox 2107 5517 2390 5622; x_wconf 47' lang='lat' dir='ltr'><strong>(i);rltutin.</strong></span> <span class='ocrx_word' id='word_1_847' title='bbox 2438 5526 2529 5622; x_wconf 54' lang='lat' dir='ltr'><strong>llib.</strong></span> <span class='ocrx_word' id='word_1_848' title='bbox 2561 5541 2636 5589; x_wconf 85' lang='lat' dir='ltr'><strong>xt,</strong></span> <span class='ocrx_word' id='word_1_849' title='bbox 2661 5539 2779 5591; x_wconf 88' lang='lat' dir='ltr'><strong>cap.</strong></span> <span class='ocrx_word' id='word_1_850' title='bbox 2811 5523 2866 5585; x_wconf 76' lang='grc'><strong>2,</strong></span> <span class='ocrx_word' id='word_1_851' title='bbox 2900 5522 2966 5586; x_wconf 79' lang='lat'><strong>5;</strong></span> <span class='ocrx_word' id='word_1_852' title='bbox 3001 5520 3059 5576; x_wconf 88' lang='lat' dir='ltr'><strong>S.</strong></span> <span class='ocrx_word' id='word_1_853' title='bbox 3088 5517 3302 5578; x_wconf 81' lang='lat' dir='ltr'><strong>I’anlin.</strong></span> <span class='ocrx_word' id='word_1_854' title='bbox 3325 5517 3447 5578; x_wconf 77' lang='lat' dir='ltr'><strong>N01.</strong></span> <span class='ocrx_word' id='word_1_855' title='bbox 3473 5517 3634 5589; x_wconf 82' lang='lat' dir='ltr'><strong>epist.</strong></span> 
     </span>
    </p>
   </div>
   <div class='ocr_carea' id='block_1_118' title="bbox 2033 5597 2687 5755">
    <p class='ocr_par' dir='ltr' id='par_1_118' title="bbox 2033 5597 2687 5755">
     <span class='ocr_line' id='line_1_118' title="bbox 2033 5597 2524 5664; baseline -0.029 -5"><span class='ocrx_word' id='word_1_856' title='bbox 2033 5597 2123 5662; x_wconf 67' lang='lat'><strong>29,</strong></span> <span class='ocrx_word' id='word_1_857' title='bbox 2155 5597 2360 5652; x_wconf 27' lang='lat' dir='ltr'><strong>&#39;Veron.</strong></span> <span class='ocrx_word' id='word_1_858' title='bbox 2393 5597 2524 5664; x_wconf 80' lang='lat' dir='ltr'><strong>edit.</strong></span> 
     </span>
     <span class='ocr_line' id='line_1_119' title="bbox 2047 5661 2687 5755; baseline -0.055 -10"><span class='ocrx_word' id='word_1_859' title='bbox 2047 5681 2050 5686; x_wconf 74' lang='grc'><em>’</em></span> <span class='ocrx_word' id='word_1_860' title='bbox 2117 5667 2190 5745; x_wconf 67' lang='grc'><strong>(1)</strong></span> <span class='ocrx_word' id='word_1_861' title='bbox 2221 5672 2286 5737; x_wconf 79' lang='lat'><strong>3‘,</strong></span> <span class='ocrx_word' id='word_1_862' title='bbox 2310 5661 2521 5755; x_wconf 60' lang='lat' dir='ltr'><strong>&#39;Ve‘ron.</strong></span> <span class='ocrx_word' id='word_1_863' title='bbox 2555 5663 2687 5755; x_wconf 70' lang='lat' dir='ltr'><strong>edit.</strong></span> 
     </span>
    </p>
   </div>
  </div>
