4150 6176
536 258 641 317 159

1724 257 1804 314 SA
1814 251 2040 312 NCTUS
2077 249 2401 308 DAMASUS
2439 250 2642 309 PAPA.

3729 255 3831 316 460

533 386 773 447 teretur,
821 379 948 436 hinc
989 378 1108 450 ejus
1153 377 1583 450 deprehenditur
1627 389 1754 447 erga
1801 371 2123 430 catholicam
2155 371 2203 432 Α
2231 369 2640 424 accusationibus
2669 369 2722 424 in
2751 386 3056 443 quemquam
3083 382 3469 445 praeoccupatus
3496 375 3584 429 sit.
3619 375 3832 432 Interea

535 471 855 544 religionem
879 515 893 536 .
921 484 1085 542 atque
1111 472 1371 527 unitatem
1401 471 1660 533 studium,
1686 469 1843 539 eique
1883 476 2132 537 propter-
2183 515 2185 518 .

535 579 601 620 ea
652 582 758 621 non
800 581 914 620 rem
953 565 1124 632 ipsam
1163 580 1192 618 a
1233 564 1431 619 Basilio
1477 563 1842 635 propositam,
1877 561 1970 615 sed
2017 575 2132 612 ino-

534 661 662 715 dum
694 659 854 726 forte,
888 674 996 730 quo
1025 674 1147 714 eam
1180 659 1648 728 conficioportere
1678 663 1991 720 censuerat,
2021 654 2128 709 dis-

534 751 808 822 plicuisse.
838 751 976 808 tlinc
1000 752 1290 823 Evagrius,
1316 753 1402 808 cui
1423 751 1727 807 Antiochia:
1749 748 2127 813 commoranti,

531 857 597 898 ac
627 843 877 898 familiari
907 859 1036 909 suo,
1074 844 1334 900 Damasus
1378 845 1494 914 ipse
1531 843 1861 915 agendarum
1903 852 1960 896 et
1998 841 2132 896 scri-

533 937 833 995 bendarum
866 957 1044 996 rerum
1076 943 1550 997 commonitorium
1580 946 1834 1004 miserat,
1874 940 2129 994 Basilium

533 1034 722 1104 petiit,
751 1045 808 1089 ut
833 1035 956 1090 aliae
985 1036 1178 1092 littera:
1202 1046 1661 1107 componerentnr
1683 1035 1734 1090 id
1761 1035 2125 1097 continentes,

531 1127 674 1198 quod
699 1126 997 1183 dictaverat
1024 1129 1165 1184 idem
1199 1129 1474 1185 Romanus
1506 1128 1765 1199 potitifex.
1791 1128 1858 1181 At
1880 1127 2006 1197 quid
2030 1126 2132 1180 hoc

530 1231 684 1285 erat,
713 1220 856 1291 quod
898 1221 1128 1276 Damaso
1155 1221 1466 1291 disiilicuit,
1510 1221 1636 1291 qttid
1675 1220 1876 1285 Optavit
1911 1206 2003 1274 ille
2028 1261 2042 1284 ,
2076 1228 2130 1274 ut

533 1315 585 1367 lu
615 1312 738 1367 aliis
770 1313 969 1370 litteris
998 1315 1432 1384 exprimeretur?
1463 1314 1592 1369 Mihi
1621 1314 1841 1385 quidem
1863 1355 1878 1380 ,
1912 1314 1956 1366 si
1986 1311 2130 1365 divi-

509 1413 665 1462 ‘nare
707 1407 869 1472 licet,
918 1408 1132 1462 videtur
1179 1409 1408 1462 Damaso
1449 1424 1554 1460 non
1598 1407 1867 1475 placuisse
1903 1404 2128 1458 nimium

531 1512 660 1568 erga
706 1498 974 1554 Meletium
1023 1499 1296 1565 stttdium,
1336 1500 1478 1569 quod
1519 1498 1752 1553 Basilius
1795 1496 2126 1562 Athanasio,

527 1589 824 1662 itidemque
859 1591 1152 1656 Dorotheo,
1185 1601 1296 1645 tum
1325 1591 1529 1646 Sabino
1562 1589 1662 1662 ipsi
1695 1590 1746 1644 in
1778 1588 2130 1645 Occidentem

529 1681 778 1737 redeunti
819 1693 1008 1751 aperte
1051 1684 1404 1750 explicuerat.
1450 1683 1684 1738 Videbat
1733 1683 1875 1738 enim
1925 1691 2130 1739 tantam

531 1789 654 1829 esse
696 1775 795 1828 viri
839 1774 998 1845 hujus
1032 1775 1350 1846 dignitatem
1372 1817 1386 1841 ,
1430 1784 1592 1846 atque
1631 1776 2040 1841 auctoritatem,
2073 1783 2133 1831 ut
2163 1773 2209 1833 Β

530 1870 634 1925 nisi
663 1871 929 1940 tantisper
953 1888 984 1926 a
1011 1870 1278 1927 sententia
1303 1871 1413 1943 jam
1443 1873 1788 1944 praejudicata
1813 1873 2125 1937 decederet,

533 1961 599 2016 iis
623 1979 742 2034 qua:
774 1962 915 2018 forte
957 1979 1057 2036 pro
1098 1966 1433 2021 restituenda
1475 1967 1826 2022 Antiochense
1869 1967 2129 2023 Ecclesiae

530 2056 772 2124 unitate,
809 2072 873 2111 ac
902 2060 1295 2129 tranquillitate
1328 2061 1617 2115 meditatus
1647 2063 1760 2129 ipse
1790 2061 1994 2127 fuerat,
2025 2061 2129 2116 im-

510 2150 847 2218 pedimento
875 2166 998 2206 esse
1031 2162 1248 2222 p0sset;
1277 2152 1510 2222 ideoque
1539 2153 1759 2222 Optabat
1785 2196 1798 2219 ,
1828 2162 1888 2208 ut
1918 2153 2130 2208 litteras

533 2240 727 2296 iterum
771 2245 1036 2299 scriberet
1080 2247 1460 2312 continentes,
1503 2247 1643 2315 quod
1688 2248 1803 2316 ipse
1846 2247 2132 2317 praiscrip-

535 2349 684 2390 serat
705 2319 733 2402 ,’
764 2335 815 2390 id
859 2353 1052 2406 nempe
1073 2380 1088 2406 ,
1129 2339 1272 2409 quod
1297 2339 1364 2394 ad
1391 2355 1512 2394 eum
1545 2343 1704 2395 tinem
1737 2339 1947 2394 facilius
1976 2355 2130 2394 asse-

532 2427 806 2497 quendtnn
829 2469 844 2494 ,
868 2439 1052 2499 aptum
1074 2446 1198 2486 esse
1222 2433 1603 2499 intellexerat;
1629 2443 1684 2488 et
1706 2443 1761 2487 ut
1789 2448 1910 2487 cum
1938 2433 2128 2487 iisdem

531 2521 727 2577 litteris
759 2522 860 2577 viri
893 2526 1237 2580 mitterentur
1276 2527 1538 2597 dignitate
1577 2528 1858 2599 praecipui.
1895 2528 2007 2583 Hoc
2029 2571 2044 2593 ,
2078 2529 2130 2582 ni

537 2615 720 2682 fallor,
756 2633 864 2671 non
896 2618 1130 2674 obscure
1169 2620 1444 2690 colligitur
1469 2636 1534 2676 ex
1580 2623 1680 2685 iis,
1713 2638 1830 2690 qua:
1874 2621 2131 2692 Evagrius

541 2707 607 2762 ad
636 2707 892 2764 Basilium
936 2711 1189 2781 scripsit,
1233 2723 1514 2782 postquam
1552 2715 1619 2767 ab
1658 2729 1725 2768 eo
1768 2715 2129 2781 discesserat,

538 2812 700 2872 atque
730 2804 1073 2860 Antiochiam
1107 2822 1359 2863 reversus
1387 2809 1581 2862 fuerat.
1627 2809 1810 2863 Primo
1845 2809 1988 2863 enim
2035 2824 2131 2879 pa-

533 2910 686 2961 cem,
722 2907 883 2970 atque
916 2900 1175 2955 unitatem
1207 2901 1451 2971 impense
1483 2902 1663 2956 Imdat
1687 2944 1700 2966 ,
1734 2918 1797 2957 ac
1835 2904 2131 2957 schismata

534 2997 590 3043 et
613 2988 908 3045 divisiones
939 2991 1238 3061 vituperat:
1266 2992 1464 3047 deinde
1495 2993 1750 3047 Basiliunt
1781 2995 2046 3060 hortatur,
2076 3004 2131 3048 ut

535 3096 629 3137 eas
658 3082 727 3136 ab
760 3081 1004 3137 Ecclesia
1034 3072 1373 3139 Antiocliena
1405 3095 1653 3140 ainoveat
1681 3128 1694 3150 ,
1729 3101 2022 3156 pacemque
2054 3087 2136 3140 in-

2238 462 2363 517 liiuc
2402 462 2585 517 inferri
2629 474 2835 532 potest,
2881 466 3165 519 Damasum
3207 469 3645 524 communionem
3679 486 3831 526 suam

2235 553 2456 608 minime
2497 558 2838 612 concessisse
2885 567 2995 612 tum
3043 561 3292 626 Melctio,
3344 571 3457 616 tum
3509 562 3733 616 Paulino
3763 563 3830 619 ad

2235 646 2338 701 huc
2378 663 2544 717 usque
2591 659 2837 717 tempus,
2881 650 2975 704 sed
3020 668 3130 704 rem
3175 653 3436 723 integram
3478 669 3702 712 servare
3740 672 3833 712 vo-

2234 740 2435 806 luisse,
2472 758 2538 796 ue
2573 758 2732 796 unam
2772 759 2837 798 ex
2882 747 3234 800 Antiocheam
3279 747 3534 804 Ecclesiae
3581 750 3827 818 partibus

2236 833 2550 904 praeferens,
2575 835 2796 888 alteram
2827 835 3144 903 otl'enderct,
3170 849 3329 908 atque
3358 841 3427 894 ita
3448 856 3830 910 spemomnem

2236 928 2696 983 reconciliationis
2744 930 3099 984 excluderet:
3153 948 3326 1002 neque
3375 934 3517 988 enim
3568 935 3834 992 credibile

2234 1032 2352 1086 est,
2389 1021 2675 1087 Evagrium
2710 1037 2823 1075 rem
2871 1032 3068 1077 tantam
3113 1024 3230 1076 siue
3274 1024 3484 1079 Damasi
3521 1027 3709 1096 jussu,
3745 1043 3836 1082 ar-

2233 1129 2477 1182 canaque
2528 1114 2782 1167 mandato
2833 1115 3050 1184 aggredi
3106 1115 3362 1170 voluisse.
3413 1115 3636 1173 Accedit
3684 1119 3832 1189 quod

2237 1207 2493 1277 Evagrius
2524 1205 2666 1272 ipse,
2702 1205 2794 1274 qui
2826 1206 3024 1260 Basilio
3067 1210 3316 1276 prmsenti
3359 1221 3514 1264 antea
3561 1227 3830 1279 promise-
3874 1255 3876 1258 -

2233 1308 2349 1364 rat,
2400 1298 2922 1352 communicaturum
2966 1314 3025 1353 se
3066 1315 3186 1352 cum
3231 1299 3424 1355 Meletii
3467 1302 3710 1372 partibus
3744 1319 3837 1359 or-

2205 1395 2518 1462 thodoxis,
2573 1399 2752 1451 statim
2800 1413 2861 1452 ac
2911 1398 3252 1453 Antiochiam
3305 1400 3500 1465 rediit,
3550 1402 3836 1470 promissis

2235 1491 2458 1545 minime
2487 1494 2676 1554 stetit;
2707 1509 2772 1546 an
2815 1509 2945 1546 vero
2988 1495 3327 1564 promisisset
3371 1510 3430 1549 se
3470 1497 3838 1550 communica-

2236 1589 2410 1636 turum
2454 1598 2575 1636 cum
2619 1583 2869 1648 Meletio,
2913 1586 2957 1639 si
3007 1586 3268 1640 Damasus
3299 1602 3419 1640 cum
3464 1587 3689 1642 Paulino
3717 1588 3830 1658 jam

2233 1685 2388 1728 antea
2421 1677 2918 1732 cummunicasset?

2311 1770 2392 1824 Ill.
2425 1771 2601 1825 Causa
2629 1772 2838 1843 itaque,
2869 1789 2966 1828 cur
2997 1773 3226 1828 Damaso
3254 1791 3362 1828 non
3393 1775 3710 1844 placuerant
3733 1777 3839 1832 Ba-

2232 1865 2339 1920 silii
2367 1867 2561 1922 littera:
2597 1884 2692 1935 per
2721 1869 2976 1922 Sabinum
3010 1869 3269 1934 redditae,
3313 1880 3366 1924 et
3404 1885 3501 1923 cur
3541 1870 3630 1925 ille
3673 1873 3841 1926 itera-

2234 1969 2339 2013 tam
2370 1959 2738 2015 honestiorem
2769 1962 3092 2031 legationem
3126 1973 3369 2031 peteret,
3404 1977 3508 2017 non
3537 1964 3640 2016 alia
3669 1964 3838 2019 fuisse

2233 2052 2464 2118 videtur,
2491 2069 2650 2122 quam
2679 2055 2877 2108 ardens
2900 2057 3067 2126 ipsius
3090 2055 3419 2110 desiderium
3449 2057 3832 2112 reconciliandi

2232 2147 2587 2203 Antiocheam
2637 2149 2895 2203 Ecclesiae
2934 2150 3301 2216 orthodoxos,
3335 2163 3496 2221 atque
3530 2152 3650 2206 ideo
3686 2153 3835 2207 Basi-

2237 2243 2367 2298 lium
2399 2243 2699 2299 abducendi
2731 2245 2799 2298 ab
2828 2247 2974 2299 omni
3003 2246 3183 2300 studio
3214 2247 3474 2316 partium,
3509 2256 3566 2301 ut
3591 2262 3658 2302 eo
3687 2247 3840 2316 adju-

2239 2347 2355 2393 tore
2389 2342 2564 2408 potius
2595 2356 2755 2410 quam
2791 2343 3096 2396 adversario
3125 2351 3366 2396 uteretur
3397 2359 3409 2394 :
3441 2350 3603 2411 atque
3630 2356 3751 2395 eum
3781 2342 3836 2396 in

2236 2430 2395 2484 finem
2432 2432 2717 2502 Evagrium
2765 2433 2829 2486 ad
2880 2449 3002 2488 eum
3053 2436 3229 2498 misit,
3278 2449 3387 2504 quo
3431 2433 3550 2504 ejus
3595 2434 3836 2488 animum

2236 2532 2587 2593 pertentaret.
2632 2525 2860 2580 Basilius
2911 2535 3088 2580 tamen
3137 2527 3367 2595 Evagrio
3409 2526 3508 2595 ipsi
3564 2534 3691 2580 tunc
3753 2539 3843 2580 re—

2233 2632 2495 2686 sponsum
2528 2617 2774 2683 distulit,
2808 2627 2866 2672 ut
2912 2620 3058 2687 prius
3087 2619 3382 2673 Eusebium
3421 2620 3840 2672 SamOsatenum

2238 2727 2475 2781 praesens
2505 2713 2829 2774 consuleret,
2865 2711 3006 2780 quod
3039 2712 3233 2764 deinde
3290 2713 3579 2780 quominus
3611 2708 3842 2773 faceret,

2237 2806 2396 2876 longa
2431 2806 2744 2860 inﬁrmitate
2771 2805 3061 2871 detentus,
3094 2820 3154 2858 ea
3187 2805 3298 2873 ipsa
3327 2818 3485 2874 quam
3534 2802 3686 2856 initio
3726 2816 3848 2855 me-

2237 2897 2439 2952 moravi
2462 2939 2474 2962 ,
2506 2898 2734 2967 epistola
2765 2897 2991 2967 qua-rit.
3025 2895 3148 2964 quid
3181 2895 3248 2950 de
3279 2895 3438 2949 rebus
3469 2893 3538 2948 ab
3577 2908 3642 2948 eo
3686 2908 3851 2964 pres-

2237 2989 2425 3060 bytero
2455 2990 2739 3058 νγονοεὶιὶε
2761 3031 2775 3054 ,
2805 2987 3238 3043 consumendum
3268 2996 3509 3041 censeat.

2309 3081 2575 3135 Eusebius
2605 3096 2668 3135 ex
2706 3091 2854 3147 parte
2893 3080 3081 3134 saltem
3127 3079 3342 3148 EVagrii
3384 3079 3674 3133 consilium
3719 3094 3848 3148 pro-

539 3185 622 3230 ter
651 3175 987 3230 oriliodoxos
1011 3176 1284 3245 conciliet,
1321 3188 1378 3231 ut
1413 3179 1501 3247 qui
1543 3179 1777 3232 maxime
1807 3179 2034 3233 idoneus
2064 3179 2132 3233 sit
2161 3165 2205 3227 C
2239 3173 2396 3228 basse
2427 3174 2574 3227 vis'ns
2599 3183 2700 3228 est.
2752 3174 2953 3229 Scribit
2993 3173 3134 3227 enim
3187 3172 3416 3226 Basilius
3459 3173 3675 3227 Meletio
3716 3183 3844 3227 tunc

535 3267 603 3322 ad
644 3269 695 3322 id
743 3270 1130 3338 przcsmndum.
1165 3270 1299 3339 Quia
1331 3286 1460 3326 vero
1491 3274 1669 3342 aliqua
1704 3273 1849 3341 pacis
1882 3273 2134 3340 ineunda:

538 3363 678 3418 ratio
706 3365 978 3433 proposita
1007 3363 1148 3419 forte
1172 3365 1242 3419 ab
1273 3366 1502 3436 Evagrio
1530 3365 1742 3429 fuerat,
1774 3382 1934 3437 quam
1962 3381 2136 3438 neque

541 3455 770 3510 Basilius
800 3472 898 3528 pro
923 3473 1023 3513 suo
1052 3459 1102 3513 in
1128 3459 1402 3514 Meletimn
1427 3461 1614 3530 .studio
1636 3501 1651 3526 ,
1681 3476 1857 3528 neque
1886 3460 2136 3515 Meletius

540 3562 640 3618 pro
665 3564 760 3603 sua
788 3549 1052 3620 dignitate
1074 3550 1362 3606 admittere
1415 3568 1576 3623 posse
1599 3553 2014 3617 existimabant,
2049 3567 2134 3606 re-

548 3639 782 3710 spondet
812 3656 874 3694 ea
905 3642 973 3696 de
1005 3657 1064 3697 re
1092 3658 1151 3697 se
1179 3643 1395 3698 Meletio
1418 3645 1771 3715 scripturum,
1792 3644 1991 3699 deinde
2021 3645 2138 3697 lucc

541 3734 727 3790 addit:
758 3733 909 3789 Nihil
935 3743 1104 3790 tamen
1126 3749 1362 3804 exspecto
1385 3755 1447 3792 ex
1461 3739 1640 3792 litteris
1653 3740 1875 3809 alicujus
1898 3738 2139 3792 momenti

541 3839 838 3882 eventurum
857 3871 871 3892 ,
904 3840 1007 3883 tum
1039 3833 1132 3885 viri
1167 3832 1411 3900 (Meletii)
1438 3841 1734 3885 accuratam
1761 3833 1948 3899 agendi
1979 3834 2140 3885 ratio-

543 3937 657 3982 nem
683 3921 1014 3974 considerans
1033 3964 1046 3987 ,
1074 3932 1181 3976 tum
1208 3924 1374 3993 ipsum
1403 3925 1691 3977 litterarum
1717 3934 1992 3979 naturam:
2017 3927 2138 3996 quia

544 4028 646 4065 non
676 4013 804 4065 solet
840 4013 1054 4066 idoneus
1091 4030 1196 4068 esse
1228 4015 1294 4067 ad
1332 4015 1472 4068 clare
1517 4017 1928 4083 persuadendum
1972 4035 2138 4072 sermo

543 4103 890 4158 transmissus.
930 4103 1067 4157 Nam
1101 4105 1263 4158 multa
1290 4122 1421 4173 Opus
1451 4117 1526 4161 est
1555 4109 1745 4174 dicere,
1778 4126 1838 4163 ac
1867 4111 2028 4164 multa
2061 4113 2138 4164 vi-

542 4193 716 4248 cissim
732 4192 935 4258 audire,
966 4202 1012 4249 et
1032 4211 1146 4265 qua:
1167 4196 1480 4267 objiciuntur
1501 4200 1773 4266 solvenda;
1795 4209 1844 4254 et
1870 4202 2141 4270 inferenda

545 4303 663 4358 qua:
687 4287 1023 4356 sulfulciunt;
1047 4307 1265 4360 quorum
1293 4292 1424 4346 nihil
1457 4305 1618 4362 potest
1659 4295 1944 4349 litterarum
1975 4313 2140 4350 sermo

545 4382 704 4450 iners,
727 4384 1028 4438 etinanimis
1054 4385 1106 4438 in
1133 4384 1311 4439 charta
1323 4389 1601 4459 projectus.
1631 4386 1990 4442 Verumtamen
2004 4390 2142 4457 quod

537 4479 654 4551 jam
694 4479 835 4547 dixi,
879 4480 1096 4534 scribere
1123 4498 1222 4535 non
1249 4482 1498 4552 gravabor
1531 4481 1628 4555 (ιι).
1661 4482 1936 4553 Agebatur
1963 4484 2141 4553 itaque

2237 3271 2413 3327 exsuli
2458 3286 2516 3336 se
2545 3271 2820 3340 accepisse
2851 3270 3056 3324 litteras
3084 3272 3151 3323 ab
3178 3269 3432 3339 episcopo
3459 3268 3838 3335 Sammateno,

2239 3381 2353 3430 qua:
2383 3366 2724 3436 praecipiunt,
2763 3373 2818 3417 ut
2859 3381 3038 3418 rursus
3083 3363 3335 3418 scribatur
3375 3362 3441 3416 ad
3489 3361 3846 3418 Occidentales

2240 3461 2304 3514 de
2328 3460 2476 3514 rebus
2505 3460 2811 3530 quibusdam
2842 3459 3199 3513 ecclesiasticis
3218 3501 3232 3523 ,
3265 3475 3326 3511 ac
3357 3458 3495 3512 velle
3525 3457 3671 3511 illum
3705 3473 3848 3526 pra:-

2241 3563 2387 3608 terea
2411 3593 2425 3616 ,
2455 3561 2512 3605 ut
2543 3568 2572 3604 a
2606 3568 2664 3606 se
2691 3551 2917 3621 epistola
2946 3551 3262 3606 efl'ortnetur
3287 3550 3353 3603 ab
3379 3550 3626 3604 onmibus
3648 3549 3847 3605 deinde

2239 3645 2797 3702 comnumicatoribns
2838 3643 3246 3699 subseriln-nda.
3290 3644 3359 3699 At
3400 3643 3538 3697 lianc
3579 3659 3608 3696 a
3649 3658 3706 3697 se
3751 3659 3846 3696 cu-

2241 3757 2356 3795 ram
2395 3740 2736 3809 deprecatur,
2780 3749 2833 3793 et
2877 3739 2928 3792 in
2973 3739 3240 3793 Meletium
3285 3739 3461 3806 ipsum
3504 3737 3716 3804 rejicit,
3757 3739 3846 3792 cui

2242 3844 2526 3904 propterea
2582 3834 3030 3888 commentarium
3090 3847 3278 3887 eorum
3315 3874 3328 3897 ,
3391 3827 3512 3900 qua:
3576 3832 3846 3887 Eusebius

2243 3929 2525 3984 seribenda
2558 3937 2882 3994 censuerat,
2919 3942 3013 3996 per
3044 3927 3444 3980 sanctissimum
3476 3926 3702 3979 alterum
3738 3927 3850 3980 An-

2245 4020 2505 4076 tiochena:
2549 4020 2803 4075 Ecclesiae
2847 4035 2910 4072 ex
2957 4019 3152 4072 Meletii
3199 4017 3438 4087 partibus
3473 4017 3845 4089 presbyterum

2244 4116 2424 4171 mittit.
2456 4114 2725 4170 Caeterum
2759 4113 2991 4182 spondet
3021 4127 3143 4167 Sese
3179 4123 3234 4166 et
3274 4111 3706 4181 subscripturum
3731 4155 3745 4176 ,
3791 4124 3846 4167 et

2243 4219 2556 4266 Curaturum
2582 4250 2595 4270 ,
2629 4217 2739 4260 uta
2775 4206 2993 4275 reliquis
3036 4205 3263 4272 epistola
3304 4205 3757 4267 subscriberetur,
3790 4215 3848 4259 ut

2243 4303 2334 4357 ille
2375 4303 2466 4371 qni
2513 4301 2684 4354 iturus
2727 4306 2873 4354 esset
2920 4299 2972 4352 in
3014 4297 3398 4361 Occidentem,
3443 4313 3564 4352 cum
3605 4297 3845 4351 omnium

2244 4396 2730 4466 subscriptionihus
2760 4394 3133 4463 proficiscatur
3157 4391 3252 4464 (ὰ).
3283 4393 3406 4447 Ilzec
3431 4392 3620 4446 eadem
3652 4391 3846 4459 repetit

2247 4490 2298 4543 iu
2332 4489 2434 4542 alia
2465 4487 2529 4541 ad
2563 4487 2810 4540 eumdem
2844 4486 3111 4540 Meletium
3142 4485 3614 4566 cpistolmscripta
3635 4525 3650 4550 ,
3698 4494 3847 4552 post-

547 4570 616 4626 de
646 4587 703 4627 re
728 4573 902 4641 aliqua
938 4576 1257 4640 permolesta
1289 4575 1523 4637 Meletio.
1552 4583 1609 4630 et
1636 4593 1756 4646 quae
1777 4592 1918 4645 :rgre
1943 4576 2019 4629 illi
2041 4617 2054 4640 ,
2080 4591 2144 4631 ac
2170 4557 2224 4617 D
2249 4599 2409 4654 quam
2455 4584 2654 4637 certior
2695 4581 2917 4634 effectus
2952 4583 3125 4634 fuerat,
3153 4558 3404 4634 eumdem
3448 4577 3846 4633 sanctissimum

549 4667 716 4719 multo
737 4681 860 4722 cum
888 4667 1072 4721 labore
1100 4667 1312 4722 suaderi
1343 4669 1430 4722 vix
1462 4672 1662 4737 possiet.
1686 4669 1820 4736 Quia
1851 4684 1978 4722 vero
2003 4670 2142 4722 Eva-

544 4759 694 4827 grius
745 4760 968 4816 minime
996 4762 1309 4833 ignorabat,
1354 4761 1611 4814 Basilium
1668 4779 1773 4814 non
1807 4761 1946 4816 bene
1976 4764 2141 4817 affec-

547 4859 660 4905 tum
688 4866 817 4921 erga
840 4853 1150 4920 Paulinum,
1183 4854 1235 4907 in
1264 4867 1423 4920 quem
1451 4853 1708 4907 Damasus
1739 4854 2104 4923 propendebat
2128 4896 2142 4920 ,

548 4945 760 5016 hocque
791 4945 868 5001 illi
899 4945 1037 5000 forte
1076 4946 1527 5016 exprobraverat,
1567 4948 1732 5002 veluti
1775 4949 1956 5004 futuro
1998 4949 2145 5019 pacis

545 5049 830 5109 sequestro
872 5040 1094 5095 minime
1121 5055 1415 5110 congruum
1444 5041 1662 5110 subjicit
1693 5041 1820 5096 ille:
1855 5042 2005 5097 Scias
2045 5059 2141 5095 au-

547 5145 646 5191 tem
677 5139 838 5210 frater
864 5152 978 5191 uere
1005 5137 1406 5209 religiosissime.
1435 5151 1482 5194 et
1515 5141 1658 5194 nobis
1685 5143 2137 5206 desideratissime,

546 5230 746 5284 nullout
776 5229 900 5284 mihi
929 5231 1321 5300 cum'quoquam
1341 5272 1352 5293 ,
1388 5229 1485 5284 Dei
1513 5233 1682 5303 gratia
1705 5274 1717 5294 ,
1751 5234 2003 5301 privatam
2032 5251 2144 5289 esse

549 5327 958 5389 contentionem,
999 5340 1158 5394 neque
1196 5324 1330 5377 enim
1377 5325 1580 5378 memini
1617 5340 1696 5378 me
1739 5326 1939 5380 curiose
1975 5327 2144 5396 inqui-

548 5427 660 5468 rere
685 5417 923 5481 crimina,
949 5416 1370 5488 quibus'quisque
1394 5418 1643 5474 obnoxius
1667 5427 1740 5472 est
1756 5459 1772 5485 ,
1803 5427 1896 5472 aut
1920 5419 2145 5474 dicitur:

547 5522 708 5575 quare
732 5510 807 5563 sic
831 5525 918 5564 vos
943 5511 1206 5567 attendere
1231 5512 1496 5566 sententia:
1523 5527 1647 5567 mea:
1673 5513 1901 5566 convenit
1918 5553 1932 5577 ,
1960 5520 2016 5565 ut
2053 5512 2146 5566 ho-

549 5600 736 5666 minis,
764 5603 852 5672 qui
890 5604 1122 5691 nihil-ea:
1162 5608 1502 5679 propensioae
1539 5606 1711 5677 facere
1746 5608 1948 5679 possit,
1988 5623 2150 5678 neque

646 5713 699 5781 a)
734 5713 907 5781 Epist.
941 5715 1077 5780 156,
1106 5717 1240 5774 alias
1268 5719 1399 5775 542.

646 5733 679 5770 a
734 5713 907 5781 Epist.
941 5715 1077 5780 156,
1106 5717 1240 5774 alias
1268 5719 1343 5774 54‘

728 5783 902 5856 Epist.
936 5784 1061 5852 120,
1093 5787 1226 5844 alias
1256 5787 1343 5844 58.

2247 4679 2388 4747 apud
2423 4678 2572 4731 illum
2604 4675 2812 4731 versari
2844 4673 2939 4745 (c).
2990 4676 3120 4728 ltum
3164 4689 3292 4728 vero
3323 4673 3392 4728 de
3433 4674 3702 4738 legatione
3746 4673 3846 4724 hac

2250 4769 2506 4825 mittenda
2542 4767 2774 4821 Basilius
2794 4809 2808 4831 ,
2843 4766 3109 4820 Eusebius
3138 4781 3200 4820 ac
3232 4765 3476 4820 Meletius
3506 4763 3846 4829 deliberant,

2252 4868 2394 4915 totus
2422 4859 2630 4914 effluxit
2658 4873 2866 4922 annus,
2912 4858 3199 4928 nullusque
3242 4859 3465 4911 Romam
3507 4865 3591 4912 est
3627 4857 3846 4910 missus.

2251 4953 2388 5009 Hinc
2433 4951 2661 5007 Basilius
2707 4953 2821 5019 ipse
2867 4949 3100 5004 Eusebio
3144 4951 3464 5020 legationem
3517 4952 3708 5004 iterum
3757 4964 3848 5003 ur—

2251 5046 2395 5116 genti
2428 5044 2655 5099 scribit.
2691 5043 2894 5096 Mittere
2923 5053 3091 5094 autem
3122 5043 3173 5094 in
3209 5040 3571 5101 Occidentem,
3606 5041 3683 5093 ait
3718 5041 3807 5093 ille
3832 5081 3848 5105 ,

2251 5139 2378 5192 mihi
2426 5152 2638 5206 prorsus
2678 5133 2990 5203 impossibile
3036 5142 3143 5197 est,
3194 5134 3446 5187 neminem
3487 5130 3688 5185 habenti
3737 5132 3852 5186 ido-

2249 5247 2399 5287 neum
2426 5231 2493 5284 ad
2526 5231 2620 5283 hoc
2645 5229 3005 5282 ministerium.
3056 5227 3205 5293 Quod
3231 5227 3276 5279 si
3305 5227 3419 5295 quis
3461 5242 3525 5279 ea:
3564 5225 3847 5295 fratribus,

2249 5331 2336 5402 qui
2365 5326 2508 5397 apud
2536 5342 2621 5379 vos
2653 5333 2806 5389 sunt,
2846 5321 3196 5377 Ecclesiarum
3227 5338 3383 5375 causa
3426 5320 3649 5374 laborem
3689 5319 3852 5372 susci-

2252 5437 2370 5494 pere
2408 5420 2573 5485 volet,
2623 5420 2668 5473 is
2705 5418 2798 5472 scit
2835 5415 3208 5486 proculdubio,
3251 5414 3319 5467 ad
3357 5430 3483 5483 quos
3524 5411 3851 5481 profecturus

2250 5515 2317 5570 sit
2337 5556 2351 5577 ,
2384 5523 2431 5568 et
2459 5512 2528 5566 ad
2556 5527 2704 5581 quem
2734 5511 2885 5581 ﬁnem
2908 5552 2922 5574 ,
2957 5517 3008 5562 et
3031 5524 3245 5577 quarunt
3285 5508 3348 5560 sit
3390 5507 3573 5560 litteris
3617 5521 3850 5558 commuo

2251 5607 2500 5671 niendus,
2543 5616 2589 5660 et
2632 5605 2892 5672 qualibus.
2931 5602 3046 5673 Ego
3093 5602 3228 5658 enim
3263 5601 3507 5671 conjectis
3555 5601 3610 5655 in
3663 5598 3851 5654 Urbem

2333 5718 2407 5791 (ε)
2439 5720 2615 5791 Epist.
2649 5717 2776 5775 129.
