4150 6176
277 287 379 345 161

1701 281 2233 343 PROLEGOMENA.

3490 289 3598 348 16$

277 407 464 467 oculis,
499 419 695 459 mecum
723 403 872 458 video
900 402 1152 458 neminem
1184 401 1286 471 (α).
1330 404 1460 472 Quae
1489 405 1730 470 profecto
1771 421 1889 459 om-
1916 412 1959 470 Α
1994 405 2337 474 largitionum
2384 402 2582 459 comite
2631 403 2852 460 Lucium
2904 405 2957 460 in
2991 405 3186 460 throno
3217 406 3596 475 collocarunt,

277 501 408 554 nino
452 499 689 568 probam
718 538 734 564 ,
773 497 976 550 nullam
1024 496 1127 549 hoc
1170 510 1314 549 anno
1362 497 1428 549 ad
1482 496 1768 551 Damasum
1818 498 1886 551 ab

279 591 687 657 Orientalibus,
733 605 1055 659 quamquam
1097 588 1427 660 ca'tcroquin
1471 600 1773 659 pararetur,
1813 592 1888 645 lc-

281 686 565 755 gationem
610 683 824 736 missam
860 681 959 752 (ὑ).

359 777 454 831 1V.
486 775 810 831 Athanasius
848 777 1134 844 episcOpus
1154 773 1554 832 Alexandrinus
1577 775 1640 830 ad
1663 791 1889 846 superos

286 871 538 941 migravit
567 871 838 924 consulatu
861 868 1216 922 Valentiniani
1234 881 1280 924 et
1306 869 1527 925 Valentis
1546 888 1616 930 Iv.
1637 871 1884 925 Pachom.

291 982 410 1029 vm,
441 963 523 1018 die
543 963 799 1018 scilicet?)
821 962 940 1016 Maii
966 962 1089 1016 575.
1128 963 1220 1015 Diu
1251 963 1577 1032 disputatum
1601 974 1683 1018 est
1704 980 1732 1016 a
1760 963 1892 1017 viris

288 1059 462 1113 doctis
492 1057 559 1111 de
586 1071 733 1110 anno
754 1056 874 1125 ejus
903 1057 1189 1110 cmortttali
1217 1099 1232 1123 ,
1265 1065 1321 1110 at
1353 1067 1632 1125 postquam
1661 1058 1730 1112 cl.
1765 1057 1894 1111 Mal”-

288 1153 426 1208 feius
480 1151 650 1205 edidit
699 1162 855 1206 vetns
879 1148 1046 1212 illud,
1076 1165 1139 1203 ac
1185 1166 1319 1218 pene
1365 1156 1727 1221 syuchronum
1774 1165 1892 1204 mo-

288 1253 602 1300 numentum
627 1287 640 1310 ,
691 1244 832 1313 quod
863 1250 1029 1296 totam
1083 1242 1193 1296 fere
1220 1241 1498 1297 Athanasii
1555 1246 1715 1297 vitam
1746 1258 1896 1298 com-

291 1337 492 1408 pendio
520 1346 737 1402 narrat,
767 1350 940 1404 eoque
966 1335 1224 1389 beneﬁcio
1253 1349 1448 1402 pr:eter
1468 1337 1567 1390 alia
1594 1337 1744 1404 plura
1769 1352 1894 1390 cru-

289 1433 443 1486 ditos
495 1430 598 1484 sibi
627 1429 897 1491 devinxit,
930 1442 1092 1482 causa
1123 1427 1370 1482 coofecta
1404 1439 1486 1482 est
1519 1427 1616 1499 (ι’).
1651 1428 1896 1482 Athana-

291 1522 381 1577 sio
414 1523 674 1576 successit
703 1521 893 1574 Petrus
921 1534 1115 1588 magno
1144 1520 1397 1573 Ecclesim
1428 1521 1613 1588 plausu
1639 1563 1654 1587 ,
1678 1524 1767 1590 qui
1792 1521 1894 1574 Da-

287 1630 448 1670 maso
475 1614 654 1668 statim
681 1630 778 1681 pro
801 1623 1022 1680 recepto
1049 1629 1197 1667 more
1225 1623 1277 1667 et
1295 1614 1690 1667 ordinationem
1721 1629 1897 1676 suam.

290 1718 348 1764 et
379 1707 740 1762 calamitatem
769 1704 1141 1769 denuntiavit,
1173 1722 1332 1775 qttam
1366 1705 1641 1761 Palladius
1673 1705 1900 1775 praefec-

1993 505 2122 550 tunc
2147 497 2235 550 ille
2250 496 2497 564 exemplo
2516 495 2794 551 Athanasii
2818 497 2883 551 ad
2908 497 3259 567 apostolicam
3282 498 3466 554 sedem
3481 513 3599 568 per-

1989 589 2190 659 fugium
2243 588 2386 659 cepit
2430 606 2443 641 :
2481 590 2829 660 quamobrem
2864 589 3166 644 Bonifacius
3202 591 3350 645 illum
3400 591 3595 646 merito

1990 685 2130 739 inter
2160 700 2252 740 eos
2284 693 2567 750 numerat,
2596 687 2686 754 qui
2719 685 2969 754 praesidio
2998 684 3370 755 appellationis
3393 685 3460 739 ad
3488 685 3596 741 lto.

1992 794 2208 833 manum
2245 781 2554 849 pontificem
2602 781 2682 836 usi
2725 790 2885 846 sunt,
2946 781 3110 850 uljtts
3155 796 3310 836 suum
3340 789 3588 848 sartum,

1993 879 2304 940 tectumque
2330 883 2612 927 servarent
2627 871 2728 944 (g).
2753 873 2886 926 Hinc
2900 872 3190 944 synodicns
3210 870 3497 943 Catalogtts
3521 873 3598 926 la-

1996 973 2206 1020 tronem
2237 965 2456 1018 Lucium
2478 981 2506 1018 a
2535 965 2762 1018 Damaso
2779 965 3124 1020 anathemate
3147 972 3386 1018 notatum
3409 964 3599 1020 scribit

1995 1055 2049 1111 in
2077 1056 2316 1127 synodo,
2352 1055 2419 1110 de
2449 1073 2551 1126 qua
2579 1072 2704 1110 mox
2733 1056 2930 1112 dicam.

2065 1147 2331 1201 Caeterum
2359 1164 2463 1216 qua
2493 1149 2749 1202 Damasus
2770 1147 2866 1201 cha
2877 1149 3033 1203 ritate
3056 1147 3277 1204 Petrum
3299 1149 3596 1218 exceperit,

1997 1254 2060 1294 ac
2090 1239 2381 1293 detinuerit
2421 1239 2560 1307 apud
2585 1256 2642 1294 se
2668 1281 2684 1305 ,
2715 1255 2836 1295 cum
2865 1254 3057 1296 caetera
3093 1241 3248 1296 nobis
3277 1241 3599 1296 documenta

1999 1332 2176 1386 desint
2203 1373 2216 1395 ,
2249 1333 2520 1401 conjicere
2541 1348 2607 1387 ex
2639 1333 2721 1387 his
2749 1334 2907 1388 facile
2957 1350 3281 1404 po~sumus,
3324 1351 3444 1405 qua:
3495 1334 3604 1389 Na-

2000 1423 2288 1478 zianzenus
2318 1425 2503 1479 scribit
2525 1443 2536 1477 :
2557 1424 2746 1478 Petrus
2761 1444 2852 1497 pro
2881 1427 3211 1481 cadaveribus
3233 1438 3467 1482 cruentas
3493 1444 3604 1481 ves-

2001 1526 2073 1571 tes
2106 1517 2350 1570 Ecclesia:
2380 1517 2633 1572 Romanw
2679 1520 2931 1586 protulit,
2967 1530 3020 1573 ut
3049 1522 3302 1574 auxilium
3336 1523 3601 1575 nancisce-

1999 1617 2179 1672 retur,
2221 1610 2652 1677 quemadmodum
2680 1612 2838 1664 etiam
2877 1621 3078 1666 nactum
3115 1629 3222 1667 esse
3265 1615 3472 1668 scimus.
3511 1611 3604 1668 Fit

2002 1701 2136 1754 enim
2185 1716 2320 1772 saepe
2344 1742 2358 1767 ,
2407 1712 2459 1752 ut
2485 1702 2571 1771 qui
2601 1703 2784 1768 apibus
2806 1744 2820 1769 ε
2849 1716 2895 1758 et
2927 1706 3152 1773 potentia
3199 1707 3446 1776 prwcellit
3470 1746 3486 1770 ,
3537 1706 3605 1760 ad

288 1809 381 1854 tus
431 1797 679 1852 ethnicus
729 1797 925 1862 homo,
991 1796 1303 1852 Christiano
1359 1801 1555 1867 populo
1611 1800 1886 1858 intulerat,
1922 1793 2223 1860 Binﬁrmi,
2254 1796 2536 1865 afﬂictique
2585 1797 2843 1851 miseriam
2872 1800 3231 1852 sublevandam
3260 1802 3480 1856 maxime
3525 1802 3606 1856 in-

290 1892 553 1947 Damasus
569 1891 808 1944 vicissim
827 1900 1120 1944 consuetas
1141 1891 1560 1955 cotnmtmionis,
1589 1906 1652 1946 ac
1680 1901 1905 1961 prseter-

287 1999 357 2041 ea
390 1983 775 2039 consolationis
808 1983 1015 2036 litteras
1053 1981 1195 2048 misit
1247 1996 1340 2049 per
1387 1982 1673 2036 diacttnum
1720 1999 1908 2054 quem-

288 2080 426 2134 dam
468 2077 619 2131 urbis
646 2077 827 2130 Romre
877 2075 1028 2142 cujus
1061 2088 1256 2128 nemen
1286 2073 1477 2128 Petrtts
1509 2075 1907 2130 Alexandrinus

289 2181 479 2234 tacet,
529 2184 844 2240 quamquam
882 2167 1124 2235 profecto
1174 2167 1589 2237 dignissimum,
1642 2169 1782 2238 quod
1838 2169 1907 2224 ad

290 2274 552 2337 posteros
581 2264 1056 2318 tranSmitteretur.
1089 2261 1287 2318 Scribit
1312 2263 1455 2316 enim
1505 2263 1905 2318 Alexandrinus

293 2361 501 2433 prtcsnl
532 2359 582 2412 in
610 2358 902 2428 encyclicis
926 2358 1118 2411 litteris
1145 2396 1158 2422 ,
1193 2373 1326 2428 quas
1353 2356 1728 2413 'l‘beodurettts
1769 2359 1906 2414 reci-

289 2465 368 2510 tat
390 2453 491 2523 (d),
511 2453 726 2506 beatum
741 2453 891 2505 illum
911 2451 1197 2504 tliaeomtm
1219 2450 1414 2504 vinctis
1435 2460 1552 2520 post
1569 2461 1715 2521 terga
1738 2451 1909 2504 mani-

289 2546 398 2602 bus
417 2548 634 2598 dttctum
651 2559 681 2596 a
695 2543 1056 2608 carnificibus,
1077 2559 1180 2596 non
1199 2557 1356 2596 secus
1369 2557 1430 2596 ac
1447 2543 1708 2611 insignem
1724 2560 1910 2612 quem-

295 2639 424 2694 dam
462 2637 802 2703 maleficum,
839 2635 1225 2690 homicitlarttttt
1262 2637 1544 2689 lOI'lllelIlls
1566 2637 1862 2689 cruciatum
1891 2677 1905 2702 ,

293 2730 568 2800 lapidibus
593 2770 606 2794 ,
658 2744 720 2783 ac
747 2726 1032 2796 plumbatis
1062 2727 1270 2782 cervice
1295 2725 1386 2780 dtu
1419 2728 1696 2781 verberata
1721 2768 1735 2791 ,
1761 2729 1910 2781 navi-

271 2887 274 2890 ,
305 2826 455 2896 gium
485 2840 609 2878 cum
665 2821 945 2892 permultis
967 2823 1085 2875 aliis
1117 2821 1514 2876 confessoribus
1542 2821 1911 2877 conscmdere

293 2919 534 2989 ju-sum,
560 2917 756 2971 divina:
778 2917 954 2969 crucis
975 2917 1134 2984 signo
1170 2916 1492 2984 consignata
1537 2913 1714 2969 fronte
1762 2913 1909 2968 omni

298 3026 428 3065 cura
454 3052 470 3076 ,
496 3025 558 3063 ac
588 3008 781 3063 solatio
811 3007 1124 3062 destitutum
1143 3051 1155 3073 ,
1183 3006 1249 3060 ad
1273 3006 1488 3060 metalla
1514 3007 1693 3060 datum
1719 3005 1906 3061 fuisse.

298 3102 443 3158 Huic
485 3116 610 3156 vero
639 3100 771 3155 dine
816 3100 1177 3168 persecutiOni
1205 3117 1232 3151 a
1263 3098 1498 3153 Palladio
1518 3102 1763 3153 excitata:
1785 3115 1915 3152 con-

300 3206 384 3250 tra
446 3194 860 3248 Alexandrinam
916 3191 1248 3256 Ecclesium,
1290 3193 1535 3244 cumulus
1562 3192 1793 3246 accessit
1837 3192 1905 3245 ab
1935 3182 1979 3244 C

299 3287 542 3344 Arimis.
564 3287 792 3341 Etlzlllus
809 3287 953 3340 enim
977 3286 1208 3340 Arianus
1259 3283 1557 3338 Antiochue
1590 3283 1917 3354 pseudoepi-

302 3395 536 3451 scapus,
559 3397 621 3435 ac
655 3395 882 3450 magnus
910 3394 1185 3432 sacrarum
1217 3392 1400 3432 comes
1433 3394 1458 3428 a
1496 3376 1717 3430 Valente
1768 3373 1916 3430 missi

303 3488 428 3546 post
459 3475 694 3528 auditam
725 3472 1007 3527 Athanasii
1060 3485 1287 3526 mortem
1309 3513 1322 3536 ,
1360 3481 1415 3524 ut
1446 3469 1609 3524 Lucio
1636 3469 1910 3524 Ecclesias

304 3570 614 3632 traderent,
653 3566 872 3621 Petrum
922 3565 1347 3619 Alexandrinum
1394 3565 1597 3618 carceri
1645 3564 1914 3630 mancipa-

303 3672 455 3723 runt,
482 3679 509 3712 a
541 3674 649 3729 quo
680 3673 856 3713 tamen
884 3658 1124 3726 elapsus,
1142 3672 1436 3711 conscensa
1462 3659 1581 3711 navi
1611 3658 1676 3710 ad
1707 3657 1918 3724 cpisco-

306 3771 434 3825 pum
465 3755 611 3807 urbis
647 3753 832 3806 ltotmze
855 3767 913 3806 se
943 3751 1167 3805 contulit
1199 3754 1294 3818 (e).
1329 3749 1600 3814 Vala-sius,
1626 3765 1688 3804 ac
1719 3748 1916 3820 Pagius

309 3849 454 3904 inter
481 3849 878 3903 ordinationem
909 3847 1051 3902 Petri
1075 3887 1089 3911 ,
1120 3847 1345 3920 ejusque
1375 3847 1578 3916 fugam,
1623 3849 1754 3902 satis
1780 3847 1917 3901 lon-

307 3958 436 4013 gum
481 3943 740 4012 temporis
788 3949 1019 4008 Spatium
1072 3940 1445 3996 intercessisse
1484 3949 1667 4008 putant
1709 3940 1809 4010 (f),
1863 3948 1921 3994 ιιι

305 4036 402 4090 vix
437 4035 549 4088 fieri
578 4033 744 4104 pussil
765 4050 887 4088 cum
919 4034 984 4087 ad
1028 4031 1222 4088 Urbem
1253 4032 1356 4086 hoc
1385 4032 1573 4086 eodem
1603 4049 1744 4086 anno
1774 4033 1920 4087 veni-

308 4145 373 4184 re
410 4129 672 4199 potuisse:
705 4129 1077 4183 Tilletnontitts
1118 4128 1369 4181 observat
1401 4128 1537 4181 hanc
1567 4126 1762 4180 Valesii
1805 4128 1921 4196 opi-

312 4221 536 4276 nionem
565 4224 907 4290 antiquorum
940 4221 1249 4275 testimomo
1279 4219 1532 4274 destitui:
1566 4228 1623 4273 at
1653 4235 1750 4290 t-go
1777 4219 1918 4275 addo

314 4316 464 4370 nulla
489 4314 652 4369 etiam
685 4315 946 4382 probabili
977 4317 1184 4367 ratione
1235 4311 1432 4366 fulciri.
1457 4311 1739 4365 Trimestri
1773 4313 1918 4367 enim

315 4412 492 4478 spatio
520 4407 638 4462 hac
665 4407 847 4461 omnia
872 4407 1060 4461 conﬁci
1097 4406 1243 4460 nullo
1270 4405 1488 4474 negotio
1517 4412 1807 4473 potuerunt
1855 4421 1921 4460 ac

315 4513 517 4574 quarto
541 4543 556 4567 ,
589 4513 680 4555 aut
705 4502 893 4572 quinto
927 4502 994 4554 ab
1028 4500 1375 4555 Etltnicorutn
1403 4511 1566 4566 atque
1595 4497 1916 4555 Arianorum

2006 1886 2239 1955 ﬂectatur
2258 1927 2274 1952 ,
2308 1905 2368 1941 ac
2397 1899 2690 1953 spontanee:
2729 1889 3085 1946 berna'volentia:
3111 1891 3297 1958 allectat
3317 1933 3332 1960 ,
3360 1895 3428 1948 ad
3450 1911 3564 1948 eum
3589 1935 3604 1962 ,

2007 1979 2096 2047 qui
2122 1979 2370 2052 dignitate
2389 1981 2688 2036 imminutus
2709 1992 2784 2036 est
2807 2023 2824 2050 ,
2856 1999 2910 2037 se
2944 1985 3194 2056 adjungat

2631 2117 2861 2174 CAPUT
2901 2117 2994 2174 IX.

2007 2233 2143 2300 574,
2177 2235 2412 2300 ΒΑιιΑςι,
2460 2236 2515 2304 9,
2567 2236 2850 2293 Gaurano
2879 2254 3002 2294 suo.
3039 2254 3095 2293 ιιι
3140 2255 3207 2294 ET
3240 2238 3335 2294 FL.
3378 2238 3608 2306 Ερυιτιο

2730 2325 2875 2365 COSS.

2009 2429 2052 2484 l.
2095 2428 2343 2496 Basilius,
2397 2431 2663 2502 exterique
2707 2430 2993 2486 Orientales
3040 2432 3270 2505 episcopi
3299 2434 3368 2487 ad
3412 2433 3611 2489 Dama-

2089 2538 2201 2574 sum
2233 2523 2438 2575 mittunt
2471 2521 2782 2576 Daret/zeum
2831 2524 3182 2594 presbyterum
3236 2525 3611 2581 Antiacltenum

2085 2629 2200 2664 cum
2223 2613 2435 2680 litteris,
2460 2629 2570 2683 qua
2591 2612 2898 2680 a/feruntur,
2924 2625 2972 2667 et
2996 2616 3345 2671 illustrantur.
3376 2616 3442 2672 ΙΙ.
3477 2617 3618 2690 Syn-

2087 2708 2214 2760 odus
2241 2725 2272 2759 a
2305 2705 2528 2760 Damaso
2555 2719 2756 2772 coacta,
2781 2712 2990 2782 ejusque
3016 2711 3084 2763 ad
3114 2709 3403 2768 Orientales
3431 2714 3614 2769 littera:

2089 2815 2180 2867 per
2229 2797 2546 2852 Durat/zeum
2600 2802 2837 2854 reducem
2877 2802 3072 2868 allatw,
3117 2819 3230 2872 qua:
3259 2805 3608 2859 illustrantur.

2091 2891 2178 2945 ΙΙΙ.
2229 2890 2401 2961 Hujus
2436 2891 2622 2963 synodi
2658 2911 2826 2948 annus
2869 2896 3135 2949 statuitur.
3168 2895 3258 2951 IV.
3299 2897 3408 2952 Lex
3453 2898 3524 2952 ΞΟ
3551 2897 3612 2953 C.

2089 2982 2286 3037 Theod.
2333 2984 2422 3039 lib.
2479 3001 2531 3038 xl
2593 2985 2672 3038 tit.
2708 2985 2776 3040 56
2817 2987 3142 3054 expenditur.
3199 2987 3261 3044 V.
3313 2987 3614 3060 Simplicius

2093 3074 2244 3130 Urbis
2271 3077 2510 3140 vicarius,
2556 3078 2639 3130 cui
2679 3080 2761 3132 lex
2788 3079 3036 3150 inscripta
3054 3097 3072 3134 :
3093 3080 3424 3152 Theophanes
3450 3085 3616 3153 expli-

2091 3178 2236 3221 catur
2271 3170 2333 3223 de
2363 3169 2694 3224 Sabbatiauis
2756 3189 2943 3239 agens,
2996 3172 3198 3229 libellus
3249 3173 3525 3243 Faustini,
3566 3184 3614 3231 et

2091 3261 2384 3318 Marcellini
2422 3266 2608 3318 iterum
2649 3267 2922 3320 excutitur.

2089 3384 2129 3438 Ι.
2181 3382 2312 3439 Cum
2372 3387 2552 3456 itaque
2592 3387 2810 3444 Eusebii
2862 3389 3246 3458 Samosateni,
3298 3407 3363 3450 ac
3415 3393 3615 3451 Meletii

2019 3478 2313 3534 auctoritas
2361 3481 2615 3535 Basiliam
2651 3486 3044 3551 pertnovisset,
3077 3497 3137 3541 ut
3187 3486 3399 3559 Evagrii
3428 3489 3619 3546 Antio-

2020 3570 2176 3624 cheui
2203 3571 2434 3625 consilio
2466 3573 2718 3641 cederet,
2751 3591 2814 3631 ac
2866 3587 2922 3631 ut
2945 3579 3137 3634 iterum
3163 3580 3504 3638 mitterentur
3547 3583 3614 3639 ad

2020 3664 2396 3721 Occidentales
2417 3710 2430 3732 ,
2467 3668 2556 3737 qui
2586 3668 2795 3724 litteras
2822 3671 3024 3727 ferrent
3052 3714 3067 3736 ,
3113 3689 3176 3728 ac
3198 3676 3488 3732 Orientalis
3519 3677 3623 3731 [tc-

2021 3760 2200 3814 clesia:
2221 3759 2556 3816 calamitates
2581 3763 2697 3817 viva
2725 3779 2859 3820 voce
2884 3767 3288 3835 describerent,
3319 3770 3619 3827 Dor0thens

2023 3854 2305 3924 presbyter
2328 3851 2702 3911 Antiocltenus
2725 3896 2740 3921 ,
2771 3857 3122 3912 Orientalium
3151 3858 3469 3916 eorutndem
3527 3877 3624 3918 no-

2023 3946 2168 4000 mine
2191 3945 2490 4000 Romanum
2523 3947 2626 4001 iter
2645 3963 2932 4018 aggressus
2953 3959 3036 4006 est
3063 3949 3148 4022 (ἡ).
3177 3951 3288 4006 Hoc
3315 3961 3528 4008 constat
3553 3968 3622 4009 ex

2023 4037 2250 4108 epistola
2279 4038 2460 4093 Basilii
2500 4039 2610 4094 242
2640 4052 2693 4096 et
2719 4040 2829 4098 245
2859 4039 2961 4114 (j),
3014 4059 3242 4114 quarum
3277 4047 3425 4116 prior
3461 4047 3621 4102 Occi—

2025 4128 2368 4196 dentalibus,
2432 4133 2532 4188 sub
2581 4149 2684 4204 qua
2741 4136 3076 4205 potissimum
3133 4154 3266 4194 vocc
3319 4139 3620 4197 Romanum

2025 4221 2333 4291 pontiﬁcem
2361 4223 2699 4294 designatum
2726 4227 2947 4294 scimus,
2982 4231 3152 4286 altera
3180 4248 3308 4288 vero
3335 4224 3491 4288 Italis
3515 4231 3530 4302 ,
3575 4245 3624 4289 ct

2027 4312 2195 4368 Gallis
2221 4316 2474 4386 episcopis
2504 4319 2758 4388 inscripta
2800 4330 2904 4376 est.
2953 4322 3085 4378 Nam
3112 4339 3233 4380 Cum
3264 4325 3478 4398 Evagrii
3501 4341 3628 4382 sen-

2031 4411 2194 4464 tentia
2230 4411 2417 4467 fuisset
2469 4423 2526 4467 nt
2580 4415 2794 4484 plures,
2828 4416 2972 4487 iique
3001 4429 3324 4489 praestantes
3361 4420 3625 4493 dignitate

2029 4501 2128 4555 vin
2162 4505 2384 4560 Romam
2415 4507 2814 4577 ablegarentur,
2847 4527 3022 4582 neque
3054 4515 3156 4570 hoc
3188 4515 3449 4583 Basilius,
3482 4517 3628 4588 ejus-

318 4598 698 4669 perseeutione
722 4611 905 4650 mense
929 4636 945 4662 ,
981 4595 1282 4663 Septembri
1316 4608 1511 4663 nempe
1537 4634 1552 4658 ,
1581 4604 1670 4646 aut
1698 4594 1918 4648 Octobri
1949 4571 2002 4632 Π
2027 4611 2131 4664 que
2160 4600 2388 4668 partium
2418 4601 2741 4656 sanctissimi
2771 4603 3008 4675 episcopi
3033 4607 3375 4678 ignorarent,
3407 4571 3626 4682 causam

315 4706 620 4748 conscensa
653 4691 769 4745 navi
797 4691 1022 4746 Romam
1051 4690 1241 4743 Petrus
1287 4688 1577 4757 appellere.
1609 4686 1721 4742 Sub
1749 4687 1920 4757 prima

317 4789 510 4857 itaque
534 4787 930 4854 persecutione,
955 4799 1070 4853 qutc
1093 4800 1121 4836 a
1157 4780 1394 4836 Palladio
1439 4780 1657 4834 etltnico
1707 4779 1926 4836 homine

315 4880 556 4934 excitata
579 4885 663 4933 est
686 4919 701 4942 ,
736 4877 926 4931 Petrus
949 4873 1168 4928 minime
1195 4875 1357 4927 cessit
1385 4912 1399 4936 ,
1429 4887 1604 4942 neque
1629 4871 1924 4927 Ecclesiam

317 4970 583 5027 deseruit.
614 4968 687 5024 At
716 4976 998 5040 postquam
1028 4966 1261 5022 Euzoius
1288 4980 1409 5020 cum
1432 4979 1627 5034 magno
1648 4979 1924 5021 sacrarum

398 5151 476 5222 (a)
500 5152 677 5222 Epist.
715 5150 842 5205 156.

397 5216 475 5292 (b)
513 5221 632 5276 Vid.
664 5223 892 5277 Marant.
927 5217 1035 5292 Vit.
1071 5219 1267 5282 Basil.,
1300 5233 1419 5292 cap.
1451 5217 1557 5284 28,
1589 5233 1640 5292 ιι.
1673 5216 1728 5272 6.

399 5286 474 5366 (c)
520 5293 636 5348 Vid.
671 5293 916 5366 eruditos
971 5290 1286 5347 Ballerinios
1333 5286 1528 5346 fratres
1566 5291 1786 5345 observ.
1856 5286 1924 5343 ad

320 5364 508 5422 Neris.
541 5366 632 5418 lib.
666 5381 714 5429 ι,
748 5381 868 5432 t-ap.
892 5364 946 5417 2.

410 5439 488 5504 (d)
532 5437 648 5491 Lib.
678 5453 760 5498 tv,
792 5451 912 5506 cap.
942 5434 1032 5487 22.

405 5503 478 5579 (e)
523 5507 644 5563 Vid.
677 5510 834 5565 Socr.
860 5503 963 5562 lib.
997 5521 1070 5572 tv,
1112 5521 1232 5576 cap.
1290 5504 1397 5571 2|;
1449 5503 1669 5560 Sozom.
1705 5503 1798 5558 lib.
1846 5519 1928 5572 vt,

324 5595 450 5637 can.
489 5581 574 5634 l9.

403 5599 805 5722 ἳίιιῗίειιεείυε,
849 5650 916 5705 Η.
951 5651 1012 5706 Ε.
1039 5691 1054 5716 ,
1085 5650 1181 5704 lib.
1215 5665 1300 5716 tv,
1330 5662 1450 5718 cap.
1473 5645 1586 5712 22;
1640 5645 1834 5715 Pagius
1869 5646 1936 5701 ad

328 5739 463 5778 ann.
496 5724 637 5783 5η,
669 5740 722 5774 n.
754 5723 848 5777 22.

413 5798 492 5868 (g)
533 5792 784 5850 Bonifac.
807 5795 875 5852 ad
904 5793 1026 5850 Ruf.
1047 5793 1322 5861 Thessal.,
1351 5791 1512 5864 epist.
1550 5791 1615 5848 l5
1638 5788 1778 5862 apud
1799 5787 1939 5846 Cou-

2030 4689 2319 4758 quominus
2351 4691 2402 4745 id
2431 4691 2723 4761 fecissent,
2755 4696 3126 4766 gravissimam
3150 4698 3380 4770 allegant
3404 4700 3488 4756 his
3510 4717 3630 4758 vcr-

2029 4781 2114 4858 bis
2139 4799 2150 4834 :
2189 4781 2238 4835 Η
2246 4784 2288 4836 is
2307 4784 2371 4837 de
2402 4785 2570 4839 causis
2594 4785 2766 4854 plures
2782 4803 2846 4842 ex
2865 4787 3012 4844 nobis
3032 4790 3296 4860 oportebat
3321 4795 3392 4847 ad
3417 4805 3634 4850 vestram

2032 4874 2334 4946 dignitatem
2365 4895 2631 4936 accurrere
2654 4922 2670 4949 ,
2703 4892 2750 4936 et
2777 4899 3185 4955 unumquemque
3225 4905 3394 4944 rerum
3416 4907 3632 4946 suarum

2031 4979 2353 5022 narratorem
2391 4972 2503 5040 ﬁeri
2531 4986 2552 5025 :
2575 4989 2712 5027 nunc
2733 4989 2850 5030 vero
2875 4977 2974 5032 hoc
2996 4979 3165 5052 ipsum
3194 4980 3334 5036 vobis
3354 4983 3548 5039 indicio
3567 4984 3636 5037 sit

2030 5157 2195 5240 stalnt‘.
2225 5149 2354 5240 ‘Yid.
2380 5152 2516 5240 Lup.
2548 5154 2803 5240 de_Ro_r_n.
2833 5163 3035 5232 appeti.
3068 5166 3289 5224 dissert.
3317 5168 3370 5237 l,
3395 5183 3512 5240 cap.
3540 5169 3596 5226 4.

2104 5220 2185 5292 (Ιι)
2223 5221 2373 5279 Orat.
2402 5220 2654 5282 in'Lantl.
2691 5220 2911 5290 Hieroni

2105 5293 2536 5392 ςέἔηξιεξῖιιιξρξθᾶ
2568 5314 2913 5392 ut_egti_puto
2936 5347 2951 5368 ,
2987 5309 3084 5392 Aqui
3131 5308 3392 5392 diaconus
3423 5311 3632 5392 priores

2045 5361 2228 5419 Basilii
2254 5361 2459 5451 litteras
2489 5361 2718 5427 Romani
2748 5361 3164 5434 altulerat'anno

2045 5441 2272 5509 teratum
2293 5440 2488 5494 demde
2515 5453 2759 5498 evectus.
2793 5446 2882 5501 Stc
2914 5447 3264 5505 Possidunius
3290 5451 3392 5506 sub
3434 5451 3638 5509 Cvrillo

2046 5459 2272 5490 ιιπειιιιιιι
2293 5459 2488 5522 delude
2515 5459 2759 5498 evectus.
2793 5459 2882 5526 διε
2914 5459 3264 5505 Possmuntus
3290 5459 3392 5506 sub
3434 5459 3640 5528 Cyrillo

2044 5505 2410 5592 Alexandrino
2437 5511 2732 5592 timemus,
2761 5514 3268 5592 detnde_presbyter
3298 5523 3506 5582 litteras
3535 5545 3642 5585 sa:-

2047 5583 2315 5656 pe_atttt‘|i‘t
2342 5583 2653 5656 Ctrlestino,
2668 5555 3175 5654 ἓῖἇὸξᾞὶῖἷὲὅδὲῗ
3187 5555 3255 5650 ἕ..
3270 5555 3588 5656 liii:

2047 5618 2315 5662 yv'uumu
2343 5618 2416 5635 υιι
2438 5618 2653 5651 manu",
2678 5618 2849 5667 σαι-διν,
2875 5618 2939 5643 au
2965 5618 3153 5646 ucutllo
3187 5618 3247 5650 Do
3270 5618 3384 5654 μευ
3433 5618 3637 5673 ιιιξιειι.,

2043 5661 2202 5723 eritsi.
2237 5652 2297 5707 8|
2331 5695 2346 5717 ,
2380 5652 2629 5723 Lngdun.
2661 5656 2794 5713 edtt.

2117 5720 2191 5795 (j)
2228 5724 2376 5779 Alias
2399 5720 2544 5782 ὅσοι
2568 5727 2658 5785 82.
