4150 6176
525 299 632 364 105

1745 294 2059 363 BANCTUS
2095 282 2424 366 DMiASUB
2462 300 2664 364 pars.

3723 309 3816 372 lM

520 418 664 475 illius
687 459 701 482 .
733 417 788 477 in
826 420 927 490 tum
967 415 1200 490 degimus
1235 415 1570 488 afﬂictionls,
1599 417 1737 490 quod
1767 425 1856 474 nec
1898 421 2117 493 facultas
2145 417 2191 480 Α
2223 416 2452 475 Basilius
2482 428 2592 475 tum
2625 433 2720 489 per
2751 415 3009 475 Sabinum
3033 425 3192 476 antea
3224 415 3556 488 scripserat,
3594 428 3655 482 ut
3677 421 3822 480 vide-

522 509 729 581 quidem
772 511 918 564 nobis
967 519 1039 562 est
1083 507 1282 563 itineris
1322 510 1653 579 suscipiendi.
1688 509 1891 565 Etenim
1943 513 1984 566 si
2011 511 2123 580 quis

522 599 600 654 vel
620 599 912 654 brevissimo
931 605 1156 670 tempore
1175 599 1434 668 abfuerit,
1466 600 1684 655 traditos
1733 603 1985 673 relinquet
2034 619 2126 671 po-

522 691 672 760 pulos
698 687 1060 743 insidiantibus
1087 691 1188 762 (α).
1224 689 1304 745 An
1336 705 1465 746 vero
1497 693 1833 749 manifestior
1875 709 1997 751 esse
2028 710 2121 764 po-

524 791 630 836 test
653 781 719 835 ad
745 783 847 836 huc
875 783 1084 853 Evagrii
1114 783 1399 838 consilium
1426 783 1648 840 aliasiu?
1674 786 1806 840 Cum
1835 801 1963 842 vero
1991 786 2126 841 Eva-

525 875 674 945 grius
697 875 953 930 Basilium
984 875 1052 931 de
1081 877 1180 932 hac
1212 878 1469 933 mittenda
1511 879 1776 948 legatione
1827 879 2128 935 monuisset

521 982 667 1022 anno
693 968 903 1037 elapso,
938 985 1003 1023 an
1033 969 1240 1026 litteras
1264 969 1360 1026 has
1383 1014 1397 1036 ,
1427 987 1546 1042 qua:
1573 987 1640 1028 eo
1667 975 1997 1044 respiciunt,
2026 973 2128 1029 dif-

520 1061 758 1116 feremus
806 1063 871 1114 ad
901 1077 1100 1115 annum
1133 1064 1270 1126 376,
1313 1075 1368 1118 ttt
1401 1075 1572 1134 nuper
1619 1065 1735 1120 viro
1761 1067 1918 1121 alicui
1967 1067 2129 1122 docto

524 1155 699 1209 visum
717 1153 837 1209 fuit.
860 1155 1148 1234 Postquam
1166 1158 1328 1228 igitur
1359 1157 1592 1214 Basilius
1623 1173 1838 1216 causam
1858 1159 2128 1231 bancg‘ra-

519 1245 793 1300 vissiutam
818 1246 960 1301 Italis
987 1255 1043 1302 et
1065 1248 1284 1304 Gallicis
1307 1250 1577 1319 episconis
1600 1253 1812 1321 aperuit
1839 1293 1853 1316 ,
1886 1266 1982 1307 cur
2012 1252 2130 1321 plu-

521 1353 636 1404 res,
665 1339 810 1410 iique
830 1339 1091 1405 dignitate
1116 1351 1440 1411 prwstantes
1461 1343 1557 1398 viri
1589 1343 1738 1398 missi
1763 1357 1870 1397 non
1898 1344 2127 1410 fuerant,

523 1439 636 1486 tum
671 1435 785 1488 base
815 1432 995 1488 addit:
1030 1431 1205 1488 Unum
1249 1435 1482 1490 misimus
1513 1437 1620 1491 vice
1645 1435 1962 1503 multarunt,
2007 1437 2133 1491 reli-

522 1525 913 1596 giosissimum,
967 1543 1029 1580 ac
1067 1525 1454 1582 dilectissinmm
1505 1532 1715 1599 fratrem
1747 1525 1977 1584 nostrum
2021 1529 2133 1584 Do-

523 1617 756 1671 rotlteum
780 1617 1244 1690 campresbyterum
1267 1662 1280 1684 ,
1304 1622 1391 1692 qui
1412 1629 1458 1674 et
1483 1633 1822 1690 quwcumque
1843 1621 2133 1693 effugerunt

525 1711 722 1765 litteras
750 1721 982 1778 nostras,
1012 1729 1104 1766 sua
1131 1713 1294 1782 ipsius
1339 1715 1632 1769 narratione
1676 1723 1838 1785 potest
1863 1716 2130 1789 supplere,

2227 518 2349 565 rent
2373 508 2785 575 Occidentales,
2837 511 3155 581 quibuscum
3224 511 3668 568 communionem
3739 513 3828 569 ba-

2227 600 2358 657 bere
2412 617 2508 658 eos
2555 611 2868 673 oporteret,
2931 613 3039 657 tum
3095 602 3292 658 iterum
3346 619 3442 674 per
3496 604 3824 662 Durotbeum

2230 697 2600 767 presbyterum
2641 695 2940 751 monendos
2985 705 3308 764 censuerat,
3344 712 3411 752 ne
3459 695 3579 752 sine
3624 697 3825 768 judicio

2228 789 2510 858 reciperent
2559 789 2943 842 communiones
2985 803 3046 843 ea:
3089 787 3301 842 Oriente
3345 790 3662 844 venientium
3721 791 3827 864 (lt),

2232 884 2353 938 ideo
2401 883 2657 938 Damasus
2702 893 2824 954 pust
2856 899 2972 939 eam
3006 883 3133 938 fidei
3163 883 3424 938 ecthesim
3476 884 3626 940 addit
3661 902 3672 938 :
3711 883 3830 942 Hac

2231 985 2334 1040 est,
2370 981 2557 1049 fratres
2597 975 2952 1041 dilectissimi,
2996 981 3122 1046 fides
3173 986 3386 1043 nostra,
3430 993 3579 1048 quam
3625 981 3831 1050 quisque

2231 1071 2483 1142 sequitur,
2512 1081 2684 1125 noster
2713 1081 2788 1125 est
2817 1072 3077 1144 particeps
3099 1113 3113 1136 ,
3161 1071 3243 1125 Itis
3293 1087 3385 1125 nos
3424 1075 3833 1129 communionem

2234 1161 2416 1217 damus
2447 1179 2466 1218 :
2497 1175 2563 1218 ex
2613 1179 2720 1235 quo
2749 1164 3027 1220 observari
3082 1171 3259 1232 potest
3300 1179 3613 1220 concessam
3665 1183 3694 1221 a
3727 1165 3832 1223 Bo-

2233 1271 2395 1311 mauo
2419 1256 2694 1326 pontifice,
2720 1266 2809 1310 aut
2834 1265 3079 1326 negatam
3109 1257 3572 1324 communionem,
3598 1258 3829 1316 habitam

2233 1347 2432 1417 ubique
2463 1365 2558 1418 pro
2583 1351 2700 1418 lege
2725 1349 2909 1404 luisse.
2942 1347 3149 1404 Monuit
3179 1350 3376 1406 deinde
3398 1350 3739 1419 Orientales,
3770 1372 3834 1411 ne

2236 1456 2478 1496 canones
2509 1441 2562 1495 in
2593 1441 2916 1497 clericorum
2949 1441 3380 1499 ordinationibus
3410 1445 3832 1514 negligerentur,

2238 1549 2375 1588 neve
2406 1547 2592 1586 eorum
2643 1533 3150 1604 pra-varientoribus
3183 1535 3339 1590 facile
3382 1538 3695 1593 communio
3736 1521 3835 1593 im;

2239 1626 2566 1697 pertiretur,
2601 1640 2664 1680 ac
2695 1631 2806 1680 ttuu
2855 1626 3065 1680 litteras
3111 1627 3180 1680 ita
3213 1627 3491 1683 concludit
3536 1645 3548 1683 :
3589 1628 3838 1685 Catterum

2236 1718 2374 1787 quod
2398 1717 2466 1772 ad
2493 1721 2824 1773 removendus
2850 1730 3032 1774 vestrm
3052 1721 3339 1776 dilectionis
3363 1732 3563 1792 spectat
3593 1725 3836 1797 injurias,

529 1820 644 1858 cum
675 1806 846 1859 omnia
885 1815 1150 1860 assecutus
1173 1807 1235 1860 sit
1258 1818 1496 1862 accurate
1515 1850 1528 1869 ,
1552 1818 1600 1862 et
1629 1807 1871 1880 defensor
1895 1811 1960 1864 sit
1986 1793 2138 1865 recta:
2166 1813 2214 1875 B
2244 1825 2335 1865 nec
2365 1814 2524 1883 frater
2553 1820 2723 1866 noster
2756 1809 3046 1867 Daret/reus
3078 1815 3342 1885 presbyter
3368 1793 3839 1886 explicare'omnia

527 1897 668 1965 ﬁdei.
695 1895 848 1951 Hunc
860 1899 1194 1961 suscipientes
1213 1899 1262 1952 in
1281 1915 1420 1968 pace,
1441 1899 1672 1954 celeriter
1687 1901 2139 1968 dimittite,bonum

531 1989 676 2044 nobis
688 1993 925 2044 nuntium
940 1988 1234 2058 afferentur:
1247 1994 1407 2046 studii
1419 1995 1566 2047 vestri
1592 1993 1660 2048 ad
1683 1995 1866 2061 fratres
1887 1995 2141 2066 adjuvan-

527 2082 640 2137 dos.
665 2083 723 2137 In
746 2099 806 2138 ea
836 2099 986 2150 vero,
1020 2099 1161 2154 quze,
1179 2084 1639 2150 Occidentalibus,
1660 2087 1885 2140 Damaso
1907 2088 2136 2155 scilicet,

528 2192 718 2233 eorum
763 2177 1041 2249 corypbeo
1059 2177 1330 2233 reddenda
1351 2177 1544 2243 fuerat,
1565 2180 1819 2244 breviori,
1839 2189 1890 2234 et
1909 2180 2139 2249 graviori

527 2275 745 2327 exarata
762 2269 920 2342 stylo,
937 2269 1241 2324 Orientales
1269 2271 1531 2324 auxilium
1552 2270 1759 2340 jamdiu
1783 2272 1849 2324 ab
1873 2270 2141 2327 Occiden-

530 2363 725 2417 talibus
737 2370 1077 2433 expectatum
1100 2365 1292 2417 iterum
1310 2365 1600 2433 postulant;
1618 2365 2003 2434 expositisque,
2019 2364 2143 2434 qui-

527 2453 625 2509 bus
640 2451 903 2509 Catholici
917 2456 1246 2509 vexabantur
1261 2456 1529 2526 procellis,
1544 2453 1886 2522 obsecramus,
1900 2455 2072 2524 aiunt,
2087 2463 2142 2509 ut

529 2545 606 2601 vel
647 2563 781 2600 nunc
811 2549 1016 2603 tandem
1043 2549 1318 2618 porrigatis
1342 2565 1553 2602 manum
1585 2548 1934 2603 Orientalibus
1960 2546 2144 2604 Eccle-

527 2639 618 2694 siis
626 2643 744 2713 jum
768 2643 819 2695 in
843 2659 1008 2712 genua
1029 2635 1311 2707 inclinatis,
1331 2654 1377 2697 et
1397 2643 1631 2709 mittatis,
1651 2644 1739 2712 qui
1762 2643 2144 2698 udmoneantde

529 2741 800 2789 reservatis
828 2731 888 2790 ob
922 2731 1060 2790 mala
1090 2754 1185 2808 pro
1232 2735 1436 2792 Christo
1464 2731 1682 2792 tolerata
1721 2739 1948 2810 prtemiis
1974 2754 1992 2792 :
2021 2737 2144 2792 Non

533 2829 671 2882 enim
720 2835 920 2883 tantum
949 2843 1194 2884 consueta
1222 2831 1387 2885 oratio
1426 2830 1631 2901 efficere
1652 2872 1665 2894 ,
1699 2843 1949 2901 quantum
1996 2847 2145 2903 pere-

529 2925 678 2994 grina
701 2930 799 2978 vos:
817 2924 943 2979 solet
982 2923 1167 2990 afferre
1187 2925 1394 2992 solatii,
1440 2925 1721 2992 praesertim
1749 2926 1811 2979 ab
1852 2925 2144 2979 hominibus

529 3017 735 3071 veniens
780 3017 960 3084 ubique
1007 3017 1462 3089 prteclarissimam
1506 3020 1559 3071 in
1593 3028 1786 3088 partem
1833 3015 1929 3071 Dei
1975 3015 2144 3091 gratia

530 3110 746 3184 cognitis
766 3129 783 3164 :
810 3109 904 3165 sed
933 3121 1131 3180 praeter
1179 3109 1319 3165 hanc
1344 3126 1560 3165 causam
1595 3111 1753 3164 aliam
1775 3109 2012 3176 addunt,
2039 3127 2142 3180 qua

2243 1904 2480 1958 vivaciter
2511 1905 2886 1974 praetermittit,
2919 1922 3010 1960 nec
3049 1907 3193 1960 nisus
3223 1909 3414 1975 nostri,
3460 1917 3512 1962 ut
3550 1909 3660 1980 ipse
3699 1911 3841 1965 testis

2243 2005 2351 2062 est,
2380 1995 2670 2066 defuerunt.
2706 1997 2912 2064 Quibus
2957 1996 3176 2068 quidem
3217 1999 3397 2054 verbis
3447 1997 3799 2072 intelligimus
3826 2044 3840 2070 ,

2243 2088 2535 2144 Damasum
2581 2105 2703 2144 cum
2746 2089 2955 2161 syno‘do
2998 2091 3230 2161 aliquam
3278 2095 3618 2162 pertentasse
3660 2095 3839 2163 viam,

2244 2197 2344 2254 qua
2373 2183 2736 2239 Orientalibus
2764 2185 2968 2240 auxilio
3010 2201 3130 2241 esse
3164 2197 3405 2256 possent.

2319 2275 2410 2332 ill.
2443 2280 2553 2333 Cur
2579 2291 2708 2334 vero
2748 2279 2888 2335 hanc
2918 2279 3184 2352 synodum
3221 2283 3473 2351 praesenti
3503 2285 3648 2338 anno
3686 2298 3846 2338 coac-

2247 2381 2353 2426 tam
2386 2372 2651 2438 diCamus,
2692 2372 2849 2427 obvia
2885 2373 3143 2442 profecto,
3175 2389 3238 2428 ac
3260 2381 3407 2429 certa
3434 2383 3541 2441 est,
3587 2377 3642 2430 ni
3667 2374 3843 2442 fallor,

2244 2466 2402 2520 ratio.
2433 2466 2737 2521 Dorotltcus
2761 2467 2904 2522 eniut
2927 2509 2941 2534 ,
2974 2469 3064 2537 qui
3097 2466 3307 2523 litteras
3345 2469 3701 2524 Orientalium
3743 2469 3852 2524 Ro-

2245 2576 2388 2615 mam
2432 2561 2719 2628 attulerat,
2752 2573 2934 2615 secum
2969 2561 3153 2617 retulit
3183 2561 3500 2634 synodicum
3532 2563 3809 2619 decretura
3834 2605 3850 2630 ,

2246 2668 2310 2708 ac
2337 2657 2596 2722 reSponsa
2619 2652 2685 2708 ad
2710 2653 3046 2720 Orientales,
3071 2665 3127 2707 ut
3157 2669 3224 2710 ex
3257 2655 3419 2708 tnodo
3452 2656 3698 2711 recitatis
3729 2672 3851 2710 ver-

2247 2746 2331 2799 bis
2358 2752 2590 2800 constat.
2618 2745 2850 2800 Litteras
2882 2761 3012 2800 vero
3038 2745 3393 2800 Orientalium
3426 2747 3526 2800 hoc
3556 2748 3673 2816 ipso
3699 2762 3849 2802 anno

2250 2836 2469 2892 ineunte
2495 2838 2725 2901 scriptas
2759 2835 3136 2905 probavimus,
3175 2845 3284 2889 tum
3315 2837 3437 2905 quia
3472 2835 3523 2889 in
3568 2836 3636 2889 iis
3661 2845 3856 2906 aperta

2247 2929 2444 2984 allusio
2475 2930 2530 2983 lit
2568 2927 2635 2984 ad
2672 2944 2756 2993 ea,
2788 2945 2908 2999 quae
2939 2929 3229 2999 Evagrium
3275 2930 3414 2982 inter
3437 2969 3453 2995 ,
3487 2929 3541 2984 et
3585 2927 3857 2985 Basilium

2251 3036 2356 3075 non
2403 3021 2569 3074 tnttlto
2597 3029 2756 3075 antea
2790 3028 3013 3074 tractata
3063 3019 3308 3086 fuerant,
3353 3029 3465 3074 tum
3505 3023 3630 3087 quia
3658 3021 3857 3077 Orien-

2257 3115 2393 3169 tales
2426 3114 2563 3183 ipsi,
2596 3129 2719 3168 cum
2748 3113 2870 3168 illas
2899 3113 3236 3180 scriberent,
3267 3115 3454 3180 aiunt,
3488 3129 3690 3168 annum
3729 3130 3855 3171 esse

532 3205 703 3275 magis
750 3197 1126 3260 Occidentales
1183 3204 1481 3274 permoveri
1550 3204 1815 3272 debeant,
1855 3221 1971 3275 quae
2017 3221 2137 3259 cum
2166 3200 2211 3262 C
2246 3210 2450 3264 tertium
2497 3210 2782 3277 decimum,
2814 3226 2879 3264 ex
2913 3226 3019 3278 quo
3067 3209 3387 3264 Inerelicum
3437 3209 3491 3264 in
3536 3207 3852 3265 Catbolicos

533 3301 700 3357 claris
728 3301 908 3356 verbis
955 3301 1179 3355 minime
1223 3315 1484 3370 expressa
1516 3301 1623 3365 sit,
1679 3299 1860 3353 nullus
1907 3298 2134 3367 dubito,

537 3396 666 3466 quin
699 3395 751 3449 in
780 3395 1200 3450 cummonitorio
1227 3410 1410 3449 rerum
1441 3411 1470 3448 a
1496 3391 1769 3448 Dor0tbeo
1799 3389 2138 3463 explicanda-

534 3503 654 3542 rum
675 3487 945 3558 descripta
976 3485 1349 3553 fueritzdpud
1392 3503 1526 3551 nos,
1579 3485 1865 3555 inquiunt,
1911 3483 2141 3552 suntqui

537 3579 716 3651 gloriae
735 3580 993 3634 desiderio
1017 3621 1031 3643 ,
1057 3588 1102 3633 et
1128 3580 1351 3634 maxime
1373 3585 1623 3633 evertente
1645 3579 1846 3632 animos
1889 3575 2140 3631 Christia-

535 3681 720 3727 nortm
745 3681 974 3738 tumore,
1003 3669 1300 3739 effutierunt
1339 3671 1677 3743 quorumdam
1712 3671 1984 3725 novitatem
2029 3681 2142 3749 vet;-

536 3766 716 3820 borum
746 3764 880 3820 unde
934 3764 1180 3820 Ecclesia:
1207 3741 1461 3835 quassata:
1483 3806 1499 3831 ,
1527 3765 1677 3834 quasi
1727 3779 1853 3817 vasa
1901 3741 2138 3828 quiean

538 3859 718 3914 luxata
743 3859 1044 3929 influentem
1077 3859 1368 3913 hiereticam
1422 3856 1766 3924 corruptelam
1812 3861 2135 3924 receperunt.

542 3950 651 4005 Sed
682 3965 769 4004 vos
795 3987 810 4015 ,
842 3966 872 4002 ο
895 3949 1216 4003 dilectissimi
1245 3948 1390 4001 nobis
1414 3987 1429 4012 ,
1460 3963 1521 3999 ac
1543 3946 1847 4015 Optatissimi
1872 3988 1886 4010 ,
1936 3945 2139 3998 saucio-

539 4057 654 4096 rum
706 4040 911 4110 quidem
953 4041 1066 4094 sitis
1112 4039 1325 4103 medici,
1365 4052 1608 4092 sanorum
1657 4054 1774 4092 vero
1814 4037 2134 4103 hortatores,

538 4134 678 4205 quod
705 4145 954 4205 wgrotum
984 4144 1057 4188 est
1086 4175 1102 4196 ,
1130 4133 1198 4186 ad
1228 4133 1497 4186 sanitatem
1542 4141 1838 4186 revocantes
1859 4173 1871 4192 ,
1904 4139 1955 4184 et
1999 4127 2138 4196 quod

539 4243 726 4281 sanum
747 4227 1018 4280 incitantes
1049 4225 1116 4278 ad
1137 4225 1398 4296 pietatem.
1427 4225 1540 4279 Hoc
1568 4231 1748 4280 tamen
1777 4225 1895 4280 i0c0
1927 4223 2134 4293 Apolli-

539 4321 751 4375 narium
781 4329 922 4376 tecto
953 4320 1170 4374 nomine
1201 4319 1489 4373 iudicatum
1519 4329 1649 4388 puto
1671 4362 1684 4383 ,
1725 4321 1895 4389 iisque
1933 4317 2136 4372 colori-

541 4413 641 4469 bus
662 4414 1040 4469 adnmbratum
1067 4453 1081 4478 ,
1117 4421 1400 4483 propterea
1448 4411 1588 4481 quod
1617 4411 1734 4480 ejus
1771 4421 1895 4465 tunc
1926 4411 2065 4464 fama
2092 4409 2137 4464 si

536 4522 643 4564 non
672 4508 912 4578 integra,
940 4507 1132 4561 saltem
1163 4521 1266 4560 non
1295 4516 1517 4576 prorsus
1561 4505 1699 4559 mula
1734 4504 2026 4560 ferebatur.

2241 3301 2442 3356 bellum
2491 3311 2740 3356 exortum
2775 3301 2986 3366 fuerat,
3033 3300 3126 3372 qui
3154 3302 3198 3355 si
3231 3314 3547 3357 numeretur
3592 3318 3622 3357 a
3663 3317 3856 3372 perse-

2239 3395 2456 3449 cutione
2501 3405 2620 3463 post
2655 3392 3318 3464 ConstanIinopolitanum
3349 3394 3666 3449 Arianorum
3715 3410 3855 3450 con-

2241 3487 2425 3542 cilium
2457 3495 2653 3557 empta,
2687 3503 2786 3541 nos
2817 3485 2882 3541 ad
2914 3487 3018 3541 hoc
3054 3496 3264 3558 tempus
3295 3487 3518 3543 omnino
3545 3487 3726 3553 ducit,
3760 3487 3854 3541 cui

2243 3587 2512 3649 praeterea
2553 3589 2750 3634 caetera
2796 3579 3015 3644 omnia,
3059 3595 3180 3648 quae
3226 3578 3279 3633 in
3324 3577 3423 3632 bac
3468 3579 3695 3649 epistola
3744 3577 3859 3633 2&2

2241 3683 2294 3726 et
2342 3669 2449 3725 243
2495 3669 2910 3734 describuntur,
2945 3669 3080 3725 mire
3125 3669 3459 3725 conveniunt
3510 3669 3611 3741 (c).
3647 3671 3859 3738 Quam-

2241 3778 2400 3832 quam
2430 3764 2571 3817 enim
2598 3762 2699 3817 Sub
2721 3762 2956 3829 Juliano,
2989 3777 3052 3816 ac
3082 3761 3280 3817 deinde
3307 3763 3408 3818 sub
3437 3761 3732 3818 Joviniano
3765 3778 3860 3819 ca-

2244 3856 2429 3911 tholici
2461 3856 2700 3925 episcopi
2750 3855 2956 3912 reversi
2985 3863 3168 3912 essent
3208 3857 3272 3910 ad
3320 3858 3478 3919 sedes
3509 3872 3633 3914 suas
3656 3901 3670 3923 ,
3705 3858 3852 3914 alter

2242 3959 2444 4013 tamen,
2476 3963 2596 4003 cum
2631 3948 2703 4002 ita
2731 3948 2948 4004 Arianis
2975 3958 3160 4019 aperte
3187 3949 3428 4012 faveret,
3462 3958 3519 4004 ut
3542 3967 3646 4004 non
3677 3951 3858 4004 multo

2243 4037 2436 4096 melius
2478 4048 2663 4096 essent
2725 4039 3132 4097 Catltolicorum
3187 4055 3312 4108 res,
3354 4057 3514 4112 quam
3559 4043 3660 4096 sub
3704 4041 3856 4097 Cou-

2241 4134 2440 4189 stantio
2463 4173 2476 4197 ,
2510 4133 2648 4187 alter
2678 4148 2810 4188 vero
2841 4145 2957 4201 post
2992 4149 3193 4203 paucos
3237 4134 3305 4188 ab
3351 4135 3579 4203 imperio
3627 4147 3855 4190 menses

2241 4226 2494 4291 abiisset,
2527 4228 2831 4296 persecutio
2863 4229 2948 4280 vix
2976 4229 3274 4299 interrupta
3310 4228 3477 4283 videri
3518 4239 3758 4298 poterat.
3785 4230 3858 4284 At

2240 4330 2429 4376 contra
2477 4320 2519 4374 si
2562 4336 2736 4376 annos
2778 4319 3036 4375 tredecim
3085 4336 3118 4374 a
3176 4321 3418 4376 Valentis
3465 4323 3855 4390 persecutione

2240 4433 2525 4473 munerare
2553 4417 2802 4472 volumus
2829 4460 2844 4482 ,
2879 4417 3022 4488 quod
3057 4417 3259 4486 placuit
3287 4416 3540 4486 scriptori
3571 4415 3711 4470 Vitae
3745 4417 3849 4470 Ba-

2239 4512 2376 4576 silii,
2411 4525 2532 4566 cum
2560 4525 2622 4565 ea
2650 4526 2753 4564 non
2776 4507 3006 4580 cceperit
3028 4519 3153 4565 ante
3184 4515 3384 4564 annum
3417 4510 3543 4574 567,
3573 4519 3626 4562 ut
3650 4509 3854 4579 Pagius

604 4602 668 4656 ll.
707 4602 971 4655 Dalilasus
1023 4599 1107 4654 his
1147 4597 1250 4655 sibi
1297 4600 1522 4654 reddilis
1565 4613 1594 4653 ἃ
1641 4599 1916 4654 DOI'OlheO
1945 4597 2138 4653 Ιίίῑθΐῖθ
2163 4583 2214 4646 Ῑ)
2245 4607 2472 4677 probat,
2505 4608 2618 4659 sive
2645 4613 2768 4659 ante
2795 4621 2993 4658 anmnu
3022 4601 3131 4660 365
3159 4646 3174 4670 ,
3205 4613 3259 4657 ut
3290 4604 3410 4657 aliis
3437 4603 3651 4656 videtur
3672 4644 3687 4666 ,
3736 4602 3854 4657 inec

537 4696 803 4766 synodum
833 4705 1114 4749 convocat.
1139 4693 1272 4763 Ejus
1303 4694 1517 4747 unicum
1550 4690 1909 4762 fragmentum
1939 4705 2134 4758 super.

539 4799 654 4852 est,
688 4780 829 4857 quod
879 4785 1187 4842 llolstenius
1220 4788 1272 4840 in
1303 4785 1476 4841 lucem
1517 4785 1769 4854 protulit,
1801 4787 1864 4838 ac
1913 4795 2011 4838 nos
2041 4797 2141 4838 suo

539 4881 662 4936 loco
681 4879 1087 4934 collocavimus.
1113 4878 1228 4932 Hoc
1257 4887 1436 4932 autem
1466 4892 1658 4932 omnes
1689 4884 1816 4931 tunc
1849 4877 1897 4929 in
1919 4873 2140 4932 Oriente

539 4981 853 5046 grassantes
883 4971 1121 5026 haereses
1163 4971 1486 5042 proscriptus
1513 4981 1638 5024 sunt
1658 5011 1674 5036 ,
1703 4971 2002 5026 Sabelliana
2031 4970 2138 5025 sci-

539 5069 700 5135 licet,
729 5075 784 5122 et
816 5064 1155 5130 Photiniana,
1185 5065 1409 5129 Ariana,
1435 5065 1548 5119 sive
1578 5064 1929 5129 Eunumiana,
1963 5063 2138 5118 Pneu-

541 5161 1002 5219 ma‘tomacltorum
1031 5199 1047 5225 ,
1105 5167 1161 5212 et
1208 5157 1714 5226 Apttllinaristarum
1743 5197 1758 5222 ,
1805 5167 2132 5226 quamquam

541 5261 810 5329 posterior
853 5258 968 5312 [nec
997 5256 1102 5312 levi
1147 5254 1370 5337 brac'bio
1401 5256 1562 5322 petita
1592 5261 1710 5318 est,
1743 5269 1805 5308 ac
1837 5253 1998 5306 veluti
2052 5250 2131 5305 fu-

540 5350 808 5417 gientibus
835 5350 998 5405 armis
1024 5391 1039 5418 ,
1072 5347 1197 5420 quia
1251 5345 1485 5401 nondum
1516 5343 1690 5416 palam
1723 5351 1996 5413 eruperat.
2029 5343 2134 5399 Eas

541 5457 729 5498 omnes
757 5459 864 5499 una
899 5443 1278 5515 episcoporum
1319 5439 1743 5496 Occidentalium
1775 5441 2134 5492 consensione

541 5532 844 5590 concidisse
873 5535 1132 5591 Damasus
1171 5536 1276 5602 ait,
1312 5531 1480 5590 veluti
1511 5521 1726 5589 Hierico
1752 5529 2022 5585 communi
2052 5526 2133 5584 ls-

539 5627 850 5683 raelitarum
874 5629 1006 5685 voce
1021 5629 1378 5698 conclamata,
1402 5628 1655 5701 prolapsa
1699 5633 1802 5683 est;
1838 5623 1972 5691 Quia
2003 5638 2137 5681 vero

615 5741 694 5807 (α)
734 5739 834 5809 Ep.
863 5739 1016 5809 2457.7
1038 5757 1094 5796 n.
1128 5743 1180 5798 5.

544 5863 561 5885 ,λ
617 5809 692 5884 (ιφ)
722 5808 893 5882 Epist.
927 5808 1049 5866 129.

2247 4700 2506 4769 temperis
2538 4703 2662 4752 nota
2694 4714 2792 4753 nos
2835 4697 3073 4754 traheret
3096 4699 3162 4752 ad
3191 4701 3392 4752 annum
3422 4697 3528 4752 578
3571 4709 3665 4751 aut
3695 4694 3808 4753 580
3832 4737 3849 4764 ,

2243 4791 2384 4862 quod
2412 4791 2603 4845 falsum
2633 4790 2832 4860 Oppido
2856 4802 2960 4845 est.

2317 4882 2404 4940 ιν.
2434 4882 2514 4937 Ad
2549 4882 2688 4937 banc
2731 4884 2907 4952 itaque
2941 4881 3208 4953 synodum
3259 4887 3388 4949 puto
3433 4881 3623 4937 referri
3682 4893 3856 4950 posse

2246 4977 2416 5045 legem
2440 4975 2512 5030 ΞΟ
2532 4971 2667 5029 Cod.
2699 4973 2908 5028 Tbeod.
2941 4973 3035 5028 lib.
3069 4979 3122 5028 XI
3157 4975 3240 5027 tit.
3273 4973 3367 5038 36,
3410 4975 3516 5043 qua
3547 4972 3856 5040 Cecropius

2246 5083 2274 5120 a
2306 5069 2536 5122 concilio
2563 5069 2897 5135 septuaginta
2929 5066 3310 5135 episcoporum
3343 5067 3629 5120 damnatus
3671 5081 3700 5118 a
3745 5065 3856 5118 Va-

2242 5160 2540 5214 lentiniano
2569 5160 2786 5222 dicitur,
2836 5169 3000 5228 atque
3030 5159 3097 5211 ad
3133 5157 3446 5225 praefectum
3486 5157 3644 5214 Urbis
3676 5158 3750 5212 ab
3784 5172 3854 5212 ea

2241 5252 2516 5307 sententia
2581 5264 2921 5318 provocans,
2973 5251 3282 5321 pecuniaria
3325 5267 3479 5320 pmlla
3530 5251 3852 5305 mulctatus.

2241 5346 2349 5401 Lex
2386 5345 2473 5398 illa
2506 5344 2629 5397 data
2661 5355 2744 5398 est
2778 5342 3164 5398 Valentiniano
3193 5343 3258 5398 N.
3311 5343 3372 5398 Β.
3407 5343 3471 5399 Ρ.
3521 5353 3578 5398 et-
3629 5344 3856 5398 Vielore

2239 5453 2382 5494 coss.
2413 5478 2429 5504 ,
2459 5453 2603 5492 anno
2648 5438 2855 5494 scilicet
2883 5439 2989 5495 369
3013 5482 3028 5506 ,
3066 5455 3160 5493 vm
3189 5437 3270 5493 id.
3300 5436 3444 5504 Jul.;
3495 5448 3682 5494 eontra
3717 5453 3852 5494 cum

2242 5527 2501 5600 inscripta
2546 5529 2616 5584 sit
2652 5527 2877 5586 Claudio
2906 5530 2967 5584 P.
3007 5528 3068 5584 V.
3099 5532 3324 5601 ejusque
3363 5529 3584 5587 Urbana
3614 5531 3852 5602 praefec-

2242 5629 2361 5679 tura
2390 5637 2513 5677 cum
2559 5624 2615 5678 in
2656 5637 2855 5678 annum
2901 5622 3058 5679 cadat
3103 5624 3211 5681 574
3239 5623 3365 5695 (ιι),
3398 5639 3505 5696 quo
3552 5625 3689 5684 banc
3739 5626 3852 5684 sub

2333 5741 2385 5808 e)
2414 5739 2538 5796 Vid.
2567 5741 2782 5798 Tillem.
2811 5739 2867 5797 in
2899 5741 3089 5808 Basil.,
3113 5750 3238 5808 not.
3261 5741 3354 5797 67.

2333 5758 2363 5796 e
2414 5741 2538 5796 Vid.
2567 5741 2782 5798 Tillem.
2811 5741 2867 5797 in
2899 5741 3063 5808 Basil.
3113 5757 3148 5808 In

2307 5741 2388 5884 ili
2416 5810 2636 5869 Reines.
2665 5813 2825 5883 epist.
2858 5811 3028 5884 19,1).
3057 5781 3148 5871 λδ.
