4150 6176
308 264 416 332 £08

1686 258 2229 333 PROLEGOMENA.

3508 278 3609 341 166

304 384 538 441 Damaso
566 380 835 458 synodum
876 379 1117 440 habitam
1160 379 1422 447 dicimus,
1460 383 1647 440 vitium
1697 385 1749 440 in
1778 400 1910 441 con-
1940 394 1993 462 Α
2019 385 2374 444 Luciferianis
2417 389 2517 442 sub
2547 388 2933 459 imperatorum
2974 391 3153 447 edicto
3182 392 3247 448 ad
3277 393 3613 465 Simplicium

305 479 542 533 sulatum
572 480 858 544 irrepsisse
874 478 1119 533 dicamus
1142 480 1374 549 Oportet.
1399 478 1551 546 Quod
1586 481 1629 533 si
1650 496 1803 536 error
1820 525 1833 545 ,
1858 490 1913 535 ιιι

305 574 432 627 aliis
464 573 636 643 magis
665 573 870 642 placet,
894 570 958 627 -in
1002 574 1353 642 inscriptione
1389 572 1541 639 latet,
1574 584 1637 629 ac
1660 572 1913 644 Olybrius

236 660 257 673 ’
313 670 446 723 loco
476 667 679 723 Claudii
711 667 1057 735 reponendus
1083 677 1197 733 est,
1228 667 1521 737 Geel-opius
1548 682 1578 721 a
1614 669 1781 736 prima
1813 668 1913 723 sub

314 761 553 815 Damaso
582 757 812 831 synodo,
848 775 989 813 anno
1012 760 1223 814 scilicet
1243 761 1351 815 396
1372 802 1385 821 ,
1420 762 1703 815 damnatus
1740 760 1911 816 videri

315 858 534 925 poterit.
564 854 681 923 Ipsa
714 870 844 909 vero
890 853 977 909 lex
1007 855 1260 925 pracfecm
1300 855 1456 910 Urbis
1504 856 1756 926 inscripta
1806 875 1911 912 non

311 946 543 1001 obscure
592 944 826 1009 indicat,
860 948 1321 1001 vernsimilliutam
1383 963 1503 1003 esse
1552 950 1764 1003 Baronii
1799 949 1909 1022 (a),

308 1037 645 1108 aliorumque
676 1038 1048 1108 conjecturam
1078 1040 1508 1093 existimantium
1530 1083 1542 1105 ,
1593 1040 1913 1111 Cecropium

306 1131 456 1186 illum
482 1132 552 1186 ab
590 1132 906 1203 episcopatu
934 1132 1238 1204 depositum
1266 1176 1279 1199 ,
1314 1135 1454 1203 quod
1486 1122 1684 1190 Ursino
1731 1132 1915 1190 adita:-

306 1226 461 1281 serit.
499 1224 873 1280 Factiosorum
901 1226 1043 1280 enim
1072 1227 1264 1279 horum
1300 1224 1577 1281 hominum
1621 1238 1912 1282 Contuma-

306 1316 390 1371 cia
414 1358 429 1381 ,
460 1330 525 1371 ac
564 1318 831 1385 protervia
878 1332 1023 1388 szepe
1055 1318 1254 1373 factum
1284 1327 1397 1382 εει,
1434 1324 1491 1372 ιιι
1518 1321 1909 1388 imperatbres,

309 1407 851 1479 Urhaniquejndices
872 1406 997 1463 huic
1020 1411 1095 1465 rei
1125 1425 1244 1464 sese
1274 1410 1580 1465 immiscere
1604 1408 1909 1476 debuerint,

307 1516 637 1571 quamquam
666 1503 714 1557 id
760 1502 1233 1558 Schismaticnrum
1268 1505 1412 1559 malo
1442 1520 1659 1575 semper
1701 1506 1915 1562 accide-

307 1596 418 1661 rit,
452 1604 508 1648 ut
536 1597 644 1664 jam
677 1594 829 1663 dixi,
863 1603 1022 1667 atque
1053 1598 1245 1651 iterum
1280 1598 1477 1651 dicam.

383 1687 449 1742 ν.
491 1688 604 1743 Hoc
647 1702 792 1743 anno
832 1690 1036 1744 vicario
1086 1688 1247 1746 Urbis
1298 1689 1546 1747 Ursicino
1599 1690 1911 1770 Simplicius

2017 482 2141 536 dato
2168 483 2545 551 enmprcltensi
2579 486 2748 540 videri
2783 495 3049 555 poterant.
3092 487 3373 542 Novatiaui
3414 491 3614 559 quippe

2019 592 2125 629 nou
2152 592 2307 631 secus
2348 594 2409 632 ac
2442 580 2558 633 Don
2581 581 2777 639 ιιίδιίιι.
2812 584 3246 651 anabaptismum
3283 584 3617 650 proﬁteban-

2019 676 2127 736 tur,
2157 680 2317 738 atque
2347 684 2491 725 arcta
2531 684 2647 726 erat
2679 674 2819 726 intct‘
2847 690 2941 727 eos
2971 675 3318 743 conjunctio,
3347 686 3398 729 ut
3434 692 3500 731 ex
3530 676 3619 731 ln-

2020 765 2253 817 nocentii
2305 764 2495 817 litteris
2523 766 2588 835 (f)
2634 778 2844 819 Constat
2892 775 3053 837 atque
3107 785 3175 823 ex
3224 770 3530 838 Cypriano.
3564 780 3620 825 et

2018 849 2417 909 Amln-osiastro
2451 856 2527 927 (g)
2554 875 2565 909 :
2597 873 2754 924 quant
2808 857 3047 925 proiecto
3093 860 3338 913 harrcsim
3384 861 3621 916 Hilarius

2020 944 2484 999 Lucifcrianorum
2526 949 2788 1002 diac0nus
2833 950 2972 1003 inter
3032 965 3157 1004 suos
3202 966 3416 1022 queque
3460 950 3618 1006 iuve-

2018 1047 2201 1102 xerat,
2251 1045 2308 1091 ut
2353 1038 2538 1093 Roma:
2570 1039 2823 1103 haberet,
2855 1042 3049 1110 quibus
3086 1058 3206 1096 cum
3240 1044 3620 1099 communione

2014 1130 2167 1199 jungi
2202 1140 2404 1200 pessct.
2446 1133 2708 1187 Damasus
2742 1136 2919 1204 itaque
2953 1136 3164 1190 videtur
3190 1150 3384 1192 auctor
3418 1140 3618 1205 fuisse,

2021 1231 2076 1275 ut
2109 1222 2509 1277 Valentinianus
2532 1266 2545 1289 ,
2578 1234 2632 1278 et
2662 1226 2954 1282 Gratianus
2988 1228 3124 1282 hanc
3164 1239 3352 1284 eontra
3387 1228 3623 1298 rebapti—

2018 1323 2203 1369 zantns
2252 1315 2420 1385 legem
2473 1318 2675 1372 ferrent
2708 1360 2721 1383 ,
2768 1330 2928 1387 atque
2958 1321 3023 1373 ad
3075 1321 3412 1390 Simplicium
3456 1322 3618 1379 Urbis

2020 1410 2281 1462 viCarinm
2308 1410 2618 1475 mitterent,
2648 1421 2705 1465 ut
2728 1412 2929 1481 junctis
2966 1414 3189 1477 viribus,
3222 1431 3285 1469 ac
3309 1418 3617 1486 sententiis,

2019 1502 2264 1571 religioni
2298 1504 2697 1558 consuleretur.
2736 1506 2869 1560 Hinc
2892 1507 3215 1562 Lucileriani
3250 1500 3538 1565 Fausdnus
3566 1521 3621 1567 et

2018 1594 2363 1650 Marci-“inus
2386 1608 2707 1665 queruntur,
2746 1600 3029 1653 Damasmn
3056 1600 3228 1669 ipSnm
3256 1614 3463 1672 accepta
3496 1621 3620 1657 auc-

2019 1688 2223 1742 toritate
2250 1691 2409 1760 reguli
2437 1690 2717 1744 catholicos
2750 1695 3072 1763 presbyteros
3100 1734 3112 1758 ,
3146 1704 3193 1746 et
3226 1696 3383 1748 laicos
3411 1694 3614 1750 insecu-

303 1792 593 1837 suc‘cessor
622 1792 703 1836 est
734 1783 891 1837 datus
944 1782 1043 1852 (b).
1098 1782 1385 1838 Gratianus
1433 1784 1590 1853 hujus
1645 1785 1907 1855 Simplicii
1944 1794 1989 1858 Β
2019 1792 2160 1850 tum,
2193 1785 2245 1837 in
2278 1784 2514 1837 exsilium
2555 1784 2977 1850 misisse;Urbis
3008 1796 3187 1839 autem
3216 1786 3428 1856 judices
3458 1803 3619 1842 accu-

305 1876 556 1931 meminit
588 1876 638 1929 in
670 1878 933 1945 rescripto
955 1876 1020 1930 ad
1053 1876 1364 1947 Aquilinum
1395 1879 1676 1943 vicarium,
1708 1879 1774 1931 de
1804 1894 1911 1947 quo

305 1969 508 2023 iterum
538 1976 638 2023 suo
667 1969 810 2035 luco,
845 1979 1005 2039 atque
1035 1968 1082 2024 ei
1115 1971 1338 2023 niissum
1385 1986 1414 2024 a
1444 1986 1501 2025 se
1533 1972 1767 2025 edictum
1799 1974 1908 2037 ait,

304 2079 426 2134 quo
472 2063 774 2134 jubebatur,
802 2075 854 2119 ut
879 2081 1072 2129 omnes,
1100 2068 1186 2137 qui
1211 2068 1395 2137 impios
1433 2077 1589 2121 coetus
1631 2069 1908 2137 profanata

304 2160 568 2231 religione
610 2169 885 2226 tentarent,
929 2161 996 2213 ad
1036 2163 1364 2216 centesimum
1402 2162 1464 2215 ab
1515 2161 1651 2217 Urbe
1693 2163 1913 2217 milliure

306 2252 725 2322 expellerentur,
779 2252 864 2305 ubi
913 2254 1151 2321 pertinax
1196 2253 1343 2323 furor
1404 2253 1466 2307 ab
1528 2254 1914 2326 obsrquentibus

306 2346 587 2400 destitutus
606 2390 619 2411 ,
650 2347 704 2400 in
742 2350 854 2419 ejus
880 2349 1153 2419 perniciem
1182 2358 1381 2413 rueret,
1413 2350 1501 2418 qui
1528 2350 1669 2403 solus
1700 2358 1910 2403 erraret.

310 2440 407 2492 llis
434 2439 595 2510 igitur
620 2441 738 2508 ejus
765 2441 1013 2511 rescripti
1042 2441 1221 2495 verbis
1242 2485 1256 2508 ,
1294 2441 1435 2511 quod
1476 2441 1754 2510 Simplicio
1788 2452 1914 2495 tunc

315 2532 478 2589 Urbis
502 2532 704 2587 vicario
729 2536 1131 2599 transmissum,
1164 2542 1219 2587 et
1251 2533 1314 2586 ad
1344 2531 1713 2588 Valentiniani
1744 2533 1915 2602 impe-

313 2625 456 2679 rium
490 2627 741 2693 pertinet,
774 2624 1221 2696 rebaptizantium
1251 2624 1493 2679 omnium
1525 2635 1703 2680 sectas
1728 2625 1913 2695 desig-

314 2724 474 2772 natas
511 2718 874 2787 intelligamus
924 2732 1147 2773 necesse
1171 2725 1283 2780 est,
1333 2718 1454 2785 quia
1503 2716 1916 2773 Valentinianus

320 2818 493 2878 pater,
520 2812 564 2861 si
587 2823 701 2871 eos,
733 2820 783 2863 et
810 2807 1133 2863 Mauichaaos
1162 2808 1401 2877 excipias
1427 2807 1641 2863 caeteris
1664 2810 1916 2862 ttlllllibtlS

317 2900 456 2969 quod
488 2900 657 2953 animo
682 2899 1013 2966 imbibissent,
1044 2899 1247 2954 colendi
1290 2897 1573 2953 libertatem
1599 2908 1755 2953 antea
1786 2914 1917 2953 con-

315 3004 563 3047 cesserat
598 2990 691 3065 (c).

387 3085 532 3140 Sunt
572 3085 753 3152 itaque
796 3082 898 3138 viri
927 3081 1103 3147 docti,
1135 3083 1224 3153 qui
1253 3082 1316 3136 ad
1350 3081 1490 3136 hunc
1532 3097 1729 3137 annum
1778 3081 1920 3137 refc-

2018 1886 2171 1941 sant,
2203 1875 2347 1946 quod
2397 1877 2783 1945 imperatorum
2818 1877 2987 1946 legem
3025 1893 3303 1945 perperam
3356 1878 3623 1950 interpre-

2019 1969 2113 2025 tati
2134 2012 2147 2035 ,
2180 1971 2407 2023 Damaso
2439 1970 2556 2040 ipso
2591 1971 2815 2025 nimium
2847 1971 3300 2041 obsequerentur.

2090 2062 2400 2128 Caeterum,
2433 2074 2487 2115 ut
2542 2063 2653 2131 ipse
2702 2078 3022 2132 cognoscas,
3073 2062 3444 2134 detiniasque,
3501 2080 3623 2134 qua:

2019 2154 2377 2211 Luciferianis
2400 2152 2759 2211 schismaticis
2785 2158 2867 2209 his
2894 2158 3227 2228 presbyteris
3246 2200 3259 2222 ,
3286 2175 3405 2212 cum
3434 2146 3625 2213 Dama-

2020 2263 2172 2312 sum,
2197 2248 2441 2317 aliosque
2482 2250 2724 2317 egregios
2770 2249 3069 2303 eatholicos
3106 2249 3392 2317 episcopos
3419 2250 3627 2304 calum-

2023 2339 2127 2394 niis
2158 2352 2470 2409 aspergunt,
2506 2340 2639 2393 ﬁtles
2671 2340 2854 2394 haberi
2884 2341 3069 2407 possit,
3106 2357 3214 2395 uno
3244 2342 3345 2396 hoc
3378 2357 3486 2410 prae
3518 2358 3626 2397 ca:-

2021 2432 2152 2488 teris
2177 2435 2425 2503 exetnplo
2448 2444 2724 2489 ostensmu
2753 2449 2837 2487 eo.
2876 2424 3108 2489 Maximo
3140 2444 3256 2503 post
3281 2435 3629 2490 Ariminense

2022 2528 2311 2581 concilium
2342 2526 2409 2579 ab
2436 2525 2565 2581 sede
2594 2527 2768 2597 puISn,
2796 2525 3074 2580 Zosimum
3100 2527 3167 2581 ab
3195 2522 3409 2581 Ariauis
3433 2528 3627 2581 subro-

2023 2630 2203 2689 gatum
2229 2628 2497 2679 asserunt,
2533 2635 2691 2685 quem
2735 2627 2995 2687 prasterea
3028 2620 3247 2671 honoris
3270 2620 3439 2688 gratia
3475 2617 3543 2673 ad
3572 2634 3631 2674 se

2026 2708 2331 2764 venientem
2365 2728 2392 2763 a
2424 2708 2671 2764 Lucifero
2703 2726 2768 2764 ex
2798 2709 3021 2763 Oriente
3052 2708 3249 2763 reduce
3284 2725 3388 2763 non
3428 2706 3632 2765 admis-

2026 2820 2141 2858 sum
2176 2804 2341 2859 aiunt.
2378 2806 2445 2858 At
2492 2803 2636 2859 hunc
2668 2802 2955 2857 Maximum
2989 2848 3000 2869 ,
3034 2802 3418 2873 Zosimumquc
3445 2844 3459 2869 ,
3492 2804 3634 2859 inter

2026 2899 2409 2967 Neapolitanos
2438 2897 2723 2966 episcopos
2755 2898 2805 2950 in
2854 2896 3126 2951 Chronico
3156 2894 3382 2952 Joannis
3408 2896 3632 2951 Diaconi

2027 2993 2241 3061 alioque
2270 3008 2297 3044 ιι
2329 2990 2621 3061 Blancltino
2643 2990 2788 3045 edito
2821 2988 3017 3044 frustra
3046 3006 3279 3060 quaeras.
3303 2991 3442 3057 Quin
3472 3006 3630 3057 vero,

2028 3086 2072 3139 si
2101 3086 2218 3151 ejus
2247 3084 2496 3138 ecclesia:
2530 3086 2895 3139 monumentis
2925 3085 3057 3137 ﬁdes
3080 3094 3180 3149 est,
3204 3085 3384 3138 nullus
3412 3083 3639 3139 omnino

317 3184 471 3242 runt,
500 3190 617 3245 qua:
651 3174 937 3229 Faustinus
961 3183 1015 3229 et
1038 3174 1377 3230 Marcellinus
1402 3189 1597 3228 vesana
1628 3174 1823 3243 capita,
1851 3189 1919 3229 ex
1946 3196 1992 3257 ρ
2028 3180 2181 3232 locus
2230 3176 2336 3231 illis
2384 3193 2505 3233 esse
2558 3176 2789 3246 poterit;
2826 3194 2947 3231 nam
2999 3176 3251 3241 Severus,
3305 3179 3388 3231 cui
3447 3178 3639 3232 scribit

319 3267 542 3322 Damasi
580 3268 834 3321 mandato
876 3276 1024 3337 gesta
1075 3266 1242 3321 fuisse
1281 3275 1504 3321 narrant
1530 3273 1719 3321 contra
1767 3266 1923 3320 Luci-

323 3362 581 3416 lerianos.
610 3361 721 3417 Hac
749 3363 890 3415 cnim
922 3362 1042 3429 lege
1085 3361 1344 3416 Damasus
1374 3376 1535 3431 agere
1559 3403 1572 3425 ,
1613 3377 1709 3431 per
1736 3360 1923 3415 Eccle-

322 3457 418 3511 sia:
446 3455 792 3511 defensorem
839 3458 1045 3525 yotuit,
1086 3472 1151 3509 ne
1181 3453 1648 3510 Lttcil‘erianorum
1677 3497 1691 3521 ,
1736 3469 1799 3510 ac
1838 3470 1925 3509 re-

323 3551 712 3621 baptizantium
744 3560 915 3605 coetus
938 3548 1159 3614 tierent,
1189 3558 1348 3620 atque
1372 3548 1492 3611 hac,
1524 3548 1732 3616 aliaque
1786 3547 1926 3601 forte

329 3644 691 3699 Valentiniani
721 3641 1111 3697 constitutione
1138 3651 1327 3696 eontra
1372 3641 1773 3709 rebaptizantes
1810 3642 1928 3708 epi-

326 3751 522 3807 scopos
563 3735 708 3791 edita
743 3733 824 3807 (ά)
852 3748 1043 3789 curare
1082 3743 1140 3788 ut
1178 3733 1425 3787 Aurelius
1462 3730 1925 3787 Lucileriannrum

331 3840 461 3883 tunc
500 3831 552 3882 in
603 3826 748 3884 Urbe
808 3825 1333 3897 pseudoepiscopus,
1395 3823 1563 3879 veluti
1622 3823 1930 3879 sacerdotio

330 3920 581 3991 indignus
609 3920 718 3973 alio
747 3918 1149 3973 amandaretur.
1339 3973 1345 3979 ,

406 4014 561 4068 Hanc
583 4025 710 4066 vero
730 4010 1100 4080 conjecturam
1142 4006 1468 4063 conﬁrmare
1503 4007 1719 4062 videtur
1746 4007 1931 4063 Theo-

332 4107 586 4179 phanes,
616 4121 733 4161 cum
764 4105 954 4161 scribit
999 4103 1067 4158 ad
1114 4117 1313 4157 annum
1355 4102 1551 4155 divina!
1600 4100 1933 4156 incarnatio-

331 4202 421 4256 nis
450 4200 574 4266 377,
608 4199 898 4253 Damasum
925 4196 1287 4253 Sabhatianos
1315 4195 1382 4248 ab
1409 4193 1654 4248 Ecclesia
1679 4193 1929 4263 ejecisse.

332 4303 526 4353 Aunus
568 4298 713 4352 enim
756 4295 846 4350 ille
884 4292 1022 4364 apud
1054 4290 1448 4347 Alexandrinos
1476 4332 1488 4352 .
1523 4288 1714 4356 incipit
1763 4303 1789 4339 a
1832 4286 1932 4342 ka-

333 4392 514 4448 lendis
535 4390 845 4446 Decembris
871 4390 994 4442 anui
1016 4387 1143 4454 574,
1174 4395 1229 4439 ιιι
1251 4389 1411 4438 etiam
1437 4383 1629 4453 Pagius
1661 4387 1812 4435 notat
1834 4381 1934 4453 (ε).

335 4483 530 4539 Nullos
558 4486 657 4537 sub
704 4484 936 4536 D.unaso
966 4480 1322 4535 Sabbatianos
1367 4477 1532 4530 luisse
1561 4485 1771 4528 eertum
1803 4485 1885 4527 est
1915 4489 1932 4526 :

2030 3272 2349 3326 Ambrosius
2375 3273 2658 3342 epistolam
2690 3273 2779 3339 59,
2806 3284 2859 3326 et
2888 3272 3041 3340 cujus
3072 3270 3213 3339 apud
3244 3269 3633 3342 Symmachum

2033 3367 2235 3419 mentio
2264 3382 2385 3419 cum
2419 3366 2575 3420 laude
2602 3374 2685 3418 est
2712 3364 2813 3436 (It),
2841 3363 3226 3433 Episcopatqu
3254 3363 3399 3416 illum
3436 3354 3639 3430 tenuit,

2032 3471 2096 3511 ac
2146 3467 2334 3508 sancte
2397 3456 2801 3510 aduiiniSIravit
2855 3457 2922 3510 ab
2976 3472 3118 3509 anno
3170 3456 3361 3510 saltem
3413 3452 3521 3509 542
3568 3451 3638 3509 ad

2043 3548 2272 3602 1111.587.
2290 3547 2424 3600 lliﬁc
2448 3551 2527 3601 vir
2548 3546 2918 3601 clar.Alexius
2948 3546 3307 3618 Symmachus
3332 3545 3638 3601 Mazochius

2034 3640 2086 3693 in
2141 3648 2253 3692 not.
2310 3639 2691 3693 eruditissimis
2735 3638 2799 3691 ad
2851 3650 3003 3692 vetus
3054 3654 3417 3693 marmoreum
3469 3630 3638 3707 Neap.

2035 3730 2185 3786 Eccl.
2218 3729 2621 3787 Kalendarium,
2653 3729 2719 3783 ad
2751 3730 2891 3784 diem
2924 3729 2989 3784 21
3038 3728 3318 3784 Februarii
3351 3738 3501 3783 recte
3527 3727 3643 3781 col-

2036 3827 2152 3897 ligit
2182 3828 2321 3880 inter
2349 3824 2557 3879 fabulas
2586 3822 2736 3893 rejici
2770 3833 3025 3893 oportere
3053 3812 3465 3892 Neapolitanum
3491 3812 3644 3876 Ursi-

2035 3919 2142 3975 cini
2173 3920 2565 3987 episcopatnm,
2588 3931 2747 3979 quem
2774 3916 2846 3969 cl.
2873 3915 3198 3970 Muratorius
3224 3924 3350 3967 ante
3376 3913 3638 3968 Severum

2037 4012 2216 4082 ipsum
2257 4011 2308 4065 in
2356 4010 2502 4065 notis
2547 4008 2615 4063 ad
2643 4008 2889 4078 ejusdem
2920 4007 3146 4062 Joannis
3171 4005 3385 4060 diaconi
3414 4005 3649 4060 Chroni-

2038 4120 2140 4161 con
2171 4147 2184 4171 ,
2214 4105 2485 4159 collocare
2514 4103 2661 4156 visus
2693 4099 2888 4154 fuerat.
2940 4100 3278 4169 Quamquam
3308 4096 3506 4153 deinde
3538 4110 3648 4152 non

2039 4195 2199 4253 video
2220 4240 2235 4265 ,
2264 4213 2361 4251 cur
2391 4196 2499 4249 alio
2550 4195 2670 4248 loco
2700 4192 2981 4247 Zosimum
3035 4190 3178 4245 hunc
3200 4232 3214 4255 ,
3245 4200 3300 4243 et
3354 4187 3648 4243 Maximum

2040 4290 2181 4343 inter
2212 4287 2452 4357 ejusdem
2486 4284 2648 4340 Urbis
2695 4286 2983 4353 epis‘COpOS
3025 4290 3310 4337 recensere
3339 4280 3431 4335 ille
3464 4286 3654 4359 potae:

2041 4381 2133 4442 rit,
2165 4394 2368 4449 eosque
2418 4378 2714 4433 Ecclesium
2765 4376 2912 4431 illam
2970 4376 3038 4429 ab
3085 4390 3229 4430 anno
3284 4373 3391 4429 359
3442 4373 3509 4427 ad
3556 4386 3654 4425 an-

2044 4488 2172 4527 num
2221 4473 2324 4528 36l
2366 4471 2777 4525 administraSse
2809 4467 3088 4537 scripserit
3122 4468 3183 4536 (i)
3216 4480 3355 4535 quos
3403 4480 3558 4533 mque
3586 4474 3652 4519 ac

340 4580 455 4633 hoc
481 4578 673 4645 quippe
702 4588 898 4629 nomen
926 4571 1097 4625 audiri
1128 4571 1292 4640 coepit
1342 4579 1462 4638 post
1497 4567 1701 4622 nbitmu
1748 4564 1932 4619 Theo-
1966 4577 2016 4636 ι)
2044 4567 2355 4623 Ursicinum
2389 4566 2623 4622 Severus
2652 4576 2777 4617 tunc
2805 4562 2923 4632 ejus
2951 4560 3113 4617 Urbis
3140 4562 3429 4630 episcopus
3451 4558 3648 4629 rejicit.

339 4667 487 4725 dosii
514 4668 711 4737 Magni,
745 4681 867 4721 eum
892 4664 1182 4720 Sabbatius
1223 4679 1249 4713 a
1280 4659 1591 4714 Novatianis
1620 4657 1938 4712 secessione

340 4764 508 4826 facta,
538 4772 737 4816 sectam
766 4758 1007 4815 condidit
1040 4757 1106 4810 ab
1143 4770 1210 4811 eo
1241 4754 1473 4816 dictam;
1522 4766 1587 4807 ex
1615 4767 1722 4820 quo
1749 4760 1937 4817 aperte

339 4856 673 4927 colligimus,
716 4854 1003 4923 septimum
1061 4845 1646 4914 Coustantinopohtaui
1691 4857 1939 4898 secume-

342 4950 451 5004 nici
474 4947 690 5003 concilii
716 4958 979 4999 canonem
1007 4983 1020 5008 ,
1056 4942 1108 4995 in
1138 4956 1247 5011 quo
1276 4952 1531 5008 expressa
1570 4936 1934 4992 Sahbatiano-

341 5058 465 5098 rum
494 5040 700 5094 mentio
727 5046 841 5102 est,
870 5034 1092 5088 alterius
1111 5035 1180 5088 ab
1204 5032 1295 5086 illo
1318 5030 1611 5099 temporis,
1641 5040 1695 5082 et
1721 5025 1941 5082 concilii

338 5149 487 5192 esse.
515 5134 844 5188 Novatianos
887 5129 1068 5198 itaque
1095 5140 1285 5181 omnes
1311 5166 1326 5190 ,
1357 5126 1459 5180 sub
1499 5136 1560 5177 ea
1601 5136 1732 5177 voce
1761 5120 1944 5175 Theo-

339 5229 555 5300 phanes
591 5223 878 5292 intelligit,
918 5235 1120 5289 eosque
1149 5219 1217 5271 ah
1249 5217 1486 5272 Beclesia
1520 5216 1781 5269 Damasus
1816 5229 1943 5283 pro-

342 5320 635 5391 scripsisse
686 5317 894 5389 potuit,
946 5313 1111 5368 veluti
1155 5310 1247 5383 qui
1288 5325 1410 5365 cum
1456 5309 1829 5366 Montensibus
1876 5322 1941 5362 ac

532 5438 690 5495 Anno
716 5430 845 5491 569.

420 5441 479 5510 (α
532 5438 690 5495 Anno
716 5438 845 5491 569.
1583 5496 1593 5507 .

425 5438 502 5585 (bi
530 5506 749 5585 Gothof.
774 5501 1079 5585 ,_§hronol.
1102 5499 1170 5556 ad
1198 5494 1341 5555 hunc
1363 5492 1747 5564 auu.,TIllem.
1764 5488 1950 5547 deVa-

339 5578 542 5643 lentio.
570 5581 621 5648 Ι,
654 5589 756 5634 art.
786 5578 879 5634 29.

428 5656 499 5871 ἓξ)
529 5648 1052 5781 ἓυὲἒὲἓεοῖιῗιξέξῗ
1083 5648 1318 5783 ltiti“.

455 5726 513 5870 ei
537 5794 621 5853 Ad
649 5807 772 5851 ann.
804 5793 934 5864 375,
964 5807 1020 5848 ιι.
1048 5790 1105 5844 2.

455 5726 489 5782 ὀ
546 5726 684 5781 Cod.
714 5726 923 5778 Theod.
954 5726 1050 5777 lib.
1083 5733 1105 5774 1

455 5726 513 5870 ei
537 5794 621 5853 Ad
649 5807 772 5851 ann.
804 5793 934 5864 375,
964 5807 1020 5848 ιι.
1048 5790 1105 5844 2.

1349 5706 1410 5783 6,
1442 5710 1475 5783 l.
1514 5726 1550 5767 ι.

2694 4718 2923 4777 CAPUT
2962 4719 3029 4774 Χ.

2156 4816 2282 4883 575,
2325 4815 2530 4871 Damst
2571 4814 2671 4876 lt),
2714 4800 2844 4867 deosr
2883 4824 3235 4867 coasuuruu
3274 4808 3549 4866 Gnarum

2556 4923 2683 4963 we.
2726 4923 2785 4961 ιιι
2823 4922 2893 4961 ετ
2934 4906 3165 4971 Εουιτιι.

2051 5028 2093 5084 1.
2140 5026 2215 5081 De
2253 5025 2408 5080 Vitali
2443 5026 2832 5095 Apollinarista,
2864 5027 3076 5097 ejusque
3098 5021 3165 5076 ad
3197 5019 3385 5077 Urbem
3412 5020 3651 5085 necessu,

2124 5128 2170 5177 et
2213 5118 2487 5175 accedendi
2535 5135 2693 5173 causa
2722 5116 2824 5171 :de
2872 5117 2992 5186 ﬁdei
3028 5115 3256 5188 formula
3300 5112 3363 5167 ab
3392 5129 3449 5166 eo
3485 5111 3658 5165 oblata

2092 5236 2096 5240 Α
2123 5214 2373 5280 Damaso,
2400 5222 2446 5268 et
2490 5213 2848 5267 communione
2878 5227 2968 5277 per
3000 5210 3239 5279 fraudem
3263 5212 3481 5265 extorta.
3506 5218 3569 5256 ac
3594 5202 3659 5257 de

2120 5309 2282 5362 tribus
2327 5309 2389 5362 ab
2435 5308 2612 5362 eodem
2648 5306 2878 5361 Damaso
2920 5303 3125 5373 scriptis
3167 5317 3229 5355 ea
3274 5297 3542 5353 occasione
3587 5295 3658 5351 ad

2159 5422 2213 5495 Ῑ)
2242 5424 2397 5493 Apud
2429 5424 2730 5495 Const._ep.
2764 5421 2908 5495 5,-11.Δ
2933 5418 2989 5495 2,
3016 5432 3102 5486 ep.
3130 5415 3186 5481 2,
3218 5431 3272 5495 ιι.

2159 5423 2213 5495 Ῑ)
2242 5424 2397 5493 Apud
2429 5424 2615 5478 Const.
2643 5437 2730 5489 ep.
2764 5423 2822 5485 5,
2848 5435 2901 5472 ιι.
2933 5423 2989 5483 2,
3016 5432 3102 5486 ep.
3130 5423 3186 5481 2,
3218 5431 3272 5469 n.
3311 5423 3398 5473 11.

2132 5423 2209 5569 i9)
2242 5489 3099 5569 Cypriun.,_epist.haddu_bttiall.,
3126 5504 3181 5543 ιι.
3214 5488 3269 5554 8;
3290 5485 3659 5545 Ambrosiast.
3708 5476 3727 5501 ‘

2059 5568 2114 5623 in
2136 5558 2257 5636 cap.
2290 5558 2494 5634 i'epist.
2522 5558 2664 5636 Iliad
2692 5558 2938 5617 Corinth.

2060 5704 2063 5707 γ
2136 5633 2217 5710 (ἢ)
2249 5633 2420 5710 Epist.
2454 5636 2545 5710 51,
2571 5633 2782 5710 lib._vu.

2135 5675 2551 5780 ἰὲἵιιῖιῗιῗιὶἓηῗᾋ
2562 5675 2795 5777 ρὶἷὶιέἶξ.
2818 5702 2942 5775 188,
2967 5710 3023 5762 ct
3045 5700 3114 5762 ad
3145 5703 3205 5763 tt
3230 5702 3399 5774 Junii,
3429 5712 3559 5762 tom.
3598 5699 3663 5757 ιι.
