4150 6176
498 244 604 304 167

1741 196 2053 303 sanctus
2092 243 2416 304 DAMASUS
2455 246 2655 304 pars.

3715 257 3816 317 168

569 369 856 425 Paulinum
877 367 1254 424 Antiochenam
1294 365 1526 435 epistolis
1570 366 1761 436 agitur.
1795 367 1856 419 ll.
1902 366 2100 420 "arum
2127 368 2180 427 A
2207 367 2326 420 nius
2345 366 2413 420 ait
2431 368 2517 435 (ἱ),
2543 384 2606 422 ex
2632 367 2801 436 ipsius
2828 366 3043 421 ofﬁcina
3068 366 3351 438 prodierit.
3376 366 3513 423 Hinc
3534 368 3819 428 Nestorius

568 472 822 531 postrema
842 463 971 515 inter
996 459 1288 514 Catholicos
1319 457 1663 511 Antiochcnos
1692 469 1857 509 motus
1881 459 2093 522 excitat,

566 555 655 622 qui
699 554 990 621 referuntur
1028 566 1089 604 ea;
1123 549 1339 604 Basilio.
1390 550 1476 604 Ill.
1520 548 1812 603 Dorotheus
1857 550 1921 603 tle
1949 552 2099 603 tertio

570 646 805 700 Romano
834 644 1017 698 itinere
1044 642 1105 696 ob
1141 659 1253 696 eam
1285 659 1493 696 causam
1525 643 1744 713 cogitat,
1775 658 1834 695 ac
1872 642 2099 695 eumdem

568 735 823 790 Basiliam
880 735 1122 789 consulit.
1166 733 1254 789 IV.
1303 734 1718 805 Simplicianus,
1776 734 1866 803 qui
1920 732 2102 785 deinde

566 828 836 883 Ambrosio
886 828 1164 894 successit,
1202 827 1451 881 Romana:
1503 825 1751 880 Ecclesia:
1801 825 2102 895 presbyter;

566 920 829 975 Baronius
859 931 1240 992 propugnatur.

564 1015 607 1070 Ι.
646 1013 858 1068 Damasi
887 1014 1083 1068 litterae
1113 1053 1127 1076 ,
1155 1025 1382 1078 quarum
1427 1009 1707 1064 dumtaxat
1744 1008 2103 1079 fragmentum

494 1122 740 1177 superest
767 1107 945 1181 (a),ac
981 1106 1284 1161 Dorotheus
1307 1105 1475 1160 redux
1506 1103 1864 1159 Orientalium
1895 1103 2107 1172 episco-

495 1219 686 1277 porum
716 1203 927 1257 animos
956 1210 1278 1266 erexerunt,
1310 1198 1381 1251 ob
1412 1197 1693 1262 auxilium,
1727 1195 1881 1262 cuius
1912 1196 2105 1248 Roma-

496 1314 598 1354 nus
648 1296 923 1369 pontifex,
954 1309 1018 1350 ac
1056 1292 1372 1364 cuiigregati
1418 1292 1657 1361 episcopi
1702 1299 1810 1342 tum
1854 1304 1911 1341 re
1943 1288 2057 1355 ipsa
2092 1327 2106 1351 ,

499 1390 676 1462 quoad
702 1398 971 1460 poterant,
1005 1396 1115 1441 tum
1147 1386 1353 1448 verbis,
1379 1398 1440 1437 ac
1467 1383 1669 1452 prolixa
1701 1381 1994 1434 voluntatis
2016 1379 2109 1432 de»

495 1485 799 1539 claratione
846 1496 994 1551 spem
1028 1482 1285 1533 fecerant.
1318 1475 1371 1530 Id
1417 1475 1690 1544 colligitur
1736 1489 1806 1527 ex
1857 1473 1922 1525 iis
1946 1513 1960 1537 ,
1989 1486 2110 1540 qua:

495 1575 730 1631 Basilius
774 1585 900 1628 tunc
929 1572 1147 1639 scripsit
1193 1569 1260 1623 ad
1302 1568 1653 1638 presbyteros
1684 1562 2058 1618 Antiochenos
2091 1604 2108 1629 ,

494 1669 563 1726 ad
588 1670 859 1739 Pelagium
901 1666 1314 1729 Laudicensem,
1348 1672 1404 1718 et
1430 1661 1607 1717 Vitum
1633 1661 1962 1716 Charrorum
1992 1658 2111 1730 epi-

2201 460 2401 531 Cyrillo
2428 462 2740 530 exprobrat,
2766 462 2910 531 quod
2961 464 3275 517 testimonio
3304 461 3495 517 Vita!is
3542 466 3821 533 Apollina-

2202 555 2368 619 ris-tae,
2402 556 2550 609 velut
2575 556 2798 609 alterius
2824 558 2890 608 ab
2919 556 3011 609 illo
3040 554 3255 618 Vitalis,
3288 571 3419 609 usus
3440 556 3510 609 sit
3536 556 3639 629 (j).
3670 558 3819 613 Vita-

2203 647 2269 700 lis
2298 648 2439 701 enim
2476 664 2579 700 non
2614 662 2772 701 secus
2801 662 2864 700 ac
2894 646 2988 700 alii
3014 646 3131 716 ejus
3159 654 3324 701 secta:
3352 646 3624 713 homines,
3653 650 3819 705 ratio-

2205 741 2287 794 nis
2307 782 2319 802 ,
2353 740 2554 794 mentis
2579 782 2592 805 ,
2623 750 2677 795 et
2721 754 2913 795 sensus
2941 755 3104 805 voce,
3136 756 3294 809 quem
3338 739 3558 795 Christo
3586 740 3818 797 Domino

2205 830 2505 886 concedere
2536 832 2838 897 videbatur,
2864 831 3004 886 aliud
3036 832 3163 885 nihil
3189 830 3480 897 intellexit,
3508 831 3819 903 Epiphanio

2209 933 2343 978 teste
2369 966 2382 989 ,
2420 940 2578 994 quam
2622 924 2861 978 divinum
2906 926 3081 993 ipsum
3116 923 3393 990 Verbum,
3426 924 3567 995 quod
3619 908 3819 981 mentis

2208 1017 2483 1085 suppleret
2517 1017 2679 1070 vices.
2713 1017 2847 1070 Cum
2876 1017 3055 1087 itaque
3079 1016 3212 1071 fides
3248 1018 3383 1083 haec,
3418 1033 3576 1088 quam
3608 1019 3820 1088 scripto

2209 1110 2502 1172 obtulerat,
2535 1109 2705 1178 prima
2734 1108 2911 1163 fronte
2943 1124 3094 1173 sana,
3120 1124 3181 1164 ac
3204 1122 3348 1164 recta
3374 1110 3484 1164 visa
3515 1122 3676 1175 esset,
3714 1113 3818 1166 Da-
3896 1130 3899 1133 ί

2215 1218 2397 1256 masus
2429 1218 2575 1270 eum,
2607 1202 2780 1271 quoad
2816 1202 2998 1255 [totum
3030 1201 3128 1255 fuit
3158 1202 3223 1256 ad
3254 1205 3690 1258 communionem
3721 1206 3818 1259 ad-

2215 1294 2390 1359 misit;
2420 1296 2561 1364 quod
2588 1304 2859 1348 versutum
2893 1295 3185 1364 nequitiam
3238 1306 3403 1367 atque
3452 1297 3729 1365 abditam,
3764 1308 3819 1354 et

2212 1390 2475 1442 occultam
2509 1388 2753 1442 fraudem
2786 1389 2886 1442 sub
2919 1390 2986 1442 iis
3018 1388 3274 1443 latentem
3306 1391 3486 1445 verbis
3516 1432 3530 1455 ,
3558 1399 3686 1446 tunc
3718 1395 3819 1447 mi-

2216 1480 2360 1533 nime
2390 1480 2836 1549 deprehendisset
2867 1500 2878 1532 :
2913 1490 2966 1533 at
2999 1497 3097 1551 pro
3148 1497 3213 1536 eo
3241 1483 3423 1551 ,quod
3469 1484 3535 1537 ad
3576 1486 3815 1539 futurum

2216 1582 2454 1643 tempus,
2487 1583 2543 1630 el.
2587 1576 2885 1630 Ecclesiam
2914 1576 3308 1631 Antiochenam
3354 1579 3574 1643 attinet,
3602 1580 3820 1650 scripsit

2217 1666 2445 1721 Paulino
2466 1711 2479 1731 ,
2511 1679 2566 1721 ut
2598 1669 2686 1723 ille
2714 1711 2727 1733 ,
2752 1670 2837 1724 cui
2885 1686 2945 1724 ea
2987 1670 3322 1737 exitloratior
3364 1688 3484 1727 esse
3514 1672 3816 1739 debuerat,

497 1778 721 1834 seopum
754 1760 852 1833 (b).
889 1760 1087 1815 Verum
1118 1758 1278 1828 paulo
1322 1768 1442 1825 post
1487 1763 1690 1808 mutata
1719 1768 1901 1807 rerum
1947 1752 2109 1805 facies
2140 1759 2188 1819 B
2214 1774 2429 1813 causam
2456 1763 2757 1829 expediret,
2791 1780 2850 1817 se
2880 1773 3051 1817 ratum
3083 1764 3409 1829 habiturum,
3436 1765 3692 1835 quidquid
3725 1780 3821 1835 op-

500 1866 605 1921 est,
629 1856 699 1910 ob
726 1870 787 1909 ea
815 1869 935 1923 qua:
968 1864 1218 1907 recenter
1248 1846 1551 1904 Antiochia:
1578 1847 1935 1915 contigerant.
1967 1842 2114 1897 Vita-

499 1948 567 2004 lis
613 1948 899 2018 presbyter
939 1960 1003 2000 ex
1038 1942 1238 1999 Meletii
1263 1942 1409 1996 clero
1441 1940 1647 2005 fuerat,
1677 1942 1766 2009 qui
1805 1954 1927 1993 cum
1969 1952 2113 2007 aegre

503 2041 671 2097 ferret
694 2044 979 2111 praelatum
998 2037 1099 2092 sibi
1132 2036 1473 2098 Flavianum,
1496 2042 1746 2087 causatus
1777 2047 1836 2086 se
1866 2041 2112 2084 contem—

501 2136 615 2207 ptui
643 2135 713 2191 ab
744 2135 835 2189 illo
860 2134 1124 2198 habitum,
1147 2129 1214 2185 ad
1247 2129 1639 2198 Apollinarium
1672 2143 1730 2182 se
1758 2126 2057 2191 transtulit,
2084 2141 2114 2180 a

503 2244 612 2300 quo
653 2227 902 2300 regendis
940 2225 1199 2294 iis,quos
1237 2222 1336 2276 sibi
1381 2222 1435 2275 iu
1479 2235 1542 2274 ea
1586 2220 1719 2274 urbe
1769 2218 2112 2287 adjunxerat,

446 2370 449 2375 .
504 2321 829 2393 praepositus
867 2328 952 2375 est
979 2318 1075 2391 (ε).
1103 2315 1375 2371 Credibile
1404 2323 1488 2369 est
1514 2330 1625 2368 rem
1656 2328 1853 2367 omnen
1884 2312 2115 2365 delatam

508 2416 740 2472 Damaso
759 2431 852 2483 per
865 2413 1173 2476 Paulinum,
1190 2410 1376 2480 augeri
1399 2408 1608 2463 scilicet
1631 2406 1933 2462 Antiochia:
1952 2405 2117 2474 Apol-

510 2508 692 2565 Iinarii
724 2518 955 2574 sectam,
986 2506 1111 2560 huic
1142 2520 1312 2574 nuper
1349 2501 1644 2557 accessisse
1676 2500 1905 2554 Vitaleni
1938 2497 2116 2567 magni

512 2603 568 2659 in
598 2620 658 2658 ea
690 2603 825 2657 urbe
855 2603 1122 2667 nominis,
1150 2609 1311 2663 atque
1338 2596 1486 2651 illum
1513 2597 1580 2649 ab
1616 2596 1807 2650 eodem
1839 2594 2119 2665 Apollina-

513 2696 597 2753 rio
624 2694 848 2765 agendis
880 2692 1254 2749 haereticorum
1297 2690 1595 2762 synaxibus
1624 2687 1899 2742 admotum
1924 2726 1937 2750 ,
1963 2683 2117 2753 :haod

512 2790 709 2860 exiguo
753 2787 1020 2843 damnatae
1072 2786 1141 2841 ab
1182 2783 1581 2845 Alexandrina,
1614 2789 1670 2837 et
1712 2780 1953 2835 Romana
1994 2789 2120 2833 ante

514 2892 631 2937 acta
654 2880 866 2953 synodo
890 2880 1114 2935 haeresis
1144 2878 1396 2949 praesidio
1418 2919 1431 2942 ,
1466 2888 1517 2930 ct
1553 2874 1835 2930 catholicae
1866 2872 1990 2926 fidei
2027 2873 2120 2926 de-

2219 1855 2406 1907 tinium
2458 1854 2761 1909 censoiSSet
2794 1897 2807 1919 ,
2870 1867 3031 1926 atque
3079 1873 3202 1911 eas.
3226 1857 3430 1911 litteras
3472 1856 3630 1912 Vitali
3692 1866 3822 1912 tunc

2216 1949 2435 2002 abeunti
2482 1950 2721 2017 tradidit,
2763 1960 2819 2004 ut
2877 1951 2954 2004 illi
3004 1951 3378 2007 redderentur.
3414 1951 3613 2008 Verum
3661 1954 3821 2022 paulo

2219 2052 2339 2110 post
2379 2042 2496 2107 ejus
2518 2041 2584 2094 ab
2626 2041 2769 2097 Urbe
2819 2042 3149 2112 discessum,
3187 2044 3388 2112 scripto
3432 2046 3628 2101 iterum
3670 2045 3822 2100 brevi

2218 2133 2467 2202 epistolio
2506 2150 2601 2203 per
2650 2135 2962 2190 Petronium
3010 2139 3386 2208 presbyterum
3419 2136 3718 2203 all‘erendo,
3749 2138 3825 2192 si-

2217 2224 2487 2297 gniﬁcavit
2522 2228 2755 2296 aliquem
2785 2232 3066 2285 snhOrtutn
3088 2232 3186 2285 sibi
3222 2234 3271 2286 iu
3292 2247 3353 2286 ea
3385 2249 3443 2287 re
3465 2234 3776 2303 scrupulum
3804 2251 3819 2298 ;

2218 2328 2271 2372 at
2295 2321 2415 2388 quia
2442 2320 2638 2375 deinde
2665 2323 2929 2391 prmvidit,
2957 2323 3072 2379 fore
3101 2334 3155 2377 ut
3185 2325 3440 2380 Paulinus
3464 2327 3532 2381 ob
3553 2343 3668 2380 eam
3697 2341 3825 2380 rau-

2220 2427 2333 2465 sam
2363 2414 2572 2466 consilii
2606 2414 2845 2468 incertus
2876 2415 3003 2469 nihil
3027 2427 3209 2486 ageret
3232 2418 3460 2482 interea,
3489 2433 3550 2472 ac
3579 2435 3689 2473 rem
3708 2434 3826 2472 om-

2222 2522 2345 2561 ncm
2397 2507 2689 2570 detineret,
2720 2524 2997 2579 quousque
3049 2510 3171 2563 alite
3216 2510 3389 2563 allata:
3419 2521 3601 2566 essent
3640 2527 3669 2565 a
3714 2511 3827 2565 lto-

2221 2617 2380 2655 mano
2411 2604 2665 2672 poutilice
2689 2604 2905 2669 littera‘,
2930 2605 3124 2669 quibus
3148 2619 3213 2659 eo
3236 2604 3396 2658 dubio
3421 2605 3823 2669 absolveretur;

2222 2710 2291 2748 ne
2322 2704 2534 2765 tempus
2564 2697 2757 2749 Irostra
2794 2697 3119 2757 traheretur,
3148 2712 3211 2750 ac
3240 2713 3307 2749 ne
3331 2695 3538 2755 Vitalis.
3566 2697 3831 2750 aliorum-

2221 2808 2326 2860 que
2375 2792 2439 2844 ad
2487 2792 2783 2845 Ecclesiam
2816 2794 3147 2846 venientium
3195 2791 3434 2861 receptio
3484 2793 3685 2846 diutius
3724 2791 3831 2845 dif-

2223 2884 2347 2937 l'crri
2390 2894 2611 2953 posset,
2642 2884 2782 2938 hanc
2828 2884 3167 2938 Antiocheno
3222 2884 3461 2953 pra-soli,
3492 2901 3612 2954 qua:
3665 2885 3828 2941 tertia

512 2975 791 3032 trimento.
835 2975 1007 3043 Quam
1044 2975 1188 3029 enim
1220 2972 1381 3025 aliam
1428 2983 1622 3037 praeter
1654 2968 1791 3023 hanc
1832 2966 2141 3022 :iﬂeretiius‘
2224 2988 2327 3042 est,
2374 2976 2656 3046 epistolam
2705 2977 2955 3045 scripsit,
3008 2992 3110 3046 qua
3155 2976 3314 3030 veluti
3363 2977 3597 3046 quodam
3644 2994 3827 3032 rerum

516 3071 695 3141 magni
726 3070 869 3125 illius
889 3111 905 3136 ,
932 3070 1074 3139 quod
1098 3079 1389 3137 utrumque
1415 3064 1743 3135 obtinuerat,
1768 3063 1975 3117 dissidii
1994 3078 2120 3116 cau-

2225 3070 2548 3139 agettdarutti
2608 3070 3025 3123 commonitorio
3078 3068 3418 3131 conditiones
3488 3070 3719 3140 adjicit,
3765 3086 3829 3124 ac

516 3179 632 3220 sam
674 3163 782 3235 (d)?
813 3162 1038 3219 Romam
1080 3162 1261 3232 itaque
1293 3159 1484 3214 Vitalis
1513 3158 1777 3221 accessit,
1806 3164 1866 3210 ut
1908 3173 1966 3211 se
2000 3172 2123 3224 por-
2148 3146 2193 3210 C
2228 3175 2537 3228 expreSSam
2569 3161 2622 3213 in
2654 3176 2715 3215 ea
2747 3160 2869 3214 fidei
2908 3160 3195 3214 formulam
3228 3159 3300 3229 (k)
3343 3161 3547 3228 mittit,
3575 3179 3677 3215 non
3723 3171 3826 3216 tam

516 3270 671 3332 garet
696 3301 709 3319 ,
742 3268 867 3314 ante
909 3266 1103 3328 Sponte
1141 3271 1236 3310 sua
1256 3297 1270 3321 ,
1302 3270 1368 3308 an
1400 3268 1527 3308 vero
1567 3254 1802 3315 accitus,
1833 3251 2121 3304 obscurum

517 3360 622 3409 est.
664 3351 1041 3407 Tillemontius
1082 3349 1238 3404 illum
1282 3354 1477 3415 spoote
1506 3360 1603 3399 sua
1650 3344 1945 3398 accessisse
1977 3350 2126 3412 putat

519 3457 577 3502 ut
605 3445 1044 3503 communionem
1068 3483 1082 3508 ,
1112 3457 1271 3511 quam
1303 3439 1505 3494 frustra
1537 3455 1565 3490 a
1599 3438 1823 3492 Paulino
1856 3441 2125 3506 rogitave-

520 3550 629 3604 rat,
657 3554 687 3591 a
722 3539 950 3591 Damaso
977 3536 1252 3590 obtineret
1281 3531 1375 3605 (e).
1406 3534 1475 3587 At
1502 3546 1625 3586 cum
1656 3530 1797 3585 idem
1829 3531 2121 3594 Damasus,

519 3641 576 3687 ut
599 3629 971 3686 Nazianzenus
997 3628 1090 3689 ait,
1120 3626 1243 3697 ﬁdei
1269 3627 1337 3680 ab
1354 3640 1421 3681 eo
1441 3622 1830 3693 profeSs-iouem
1859 3620 2121 3692 eiu-gerit,

518 3740 641 3781 cum
687 3736 947 3795 praterea
986 3724 1041 3777 in
1079 3736 1145 3777 eo
1176 3719 1360 3775 libello
1383 3762 1397 3785 ,
1428 3736 1586 3791 quem
1630 3719 1877 3774 Pontilici
1904 3720 2126 3776 ἀπαιτη-

516 3820 618 3880 Osi;
669 3818 885 3883 obtulit,
919 3814 971 3871 id
1001 3825 1124 3885 agat
1162 3814 1442 3870 dumtaxat
1466 3855 1481 3879 ,
1503 3824 1665 3884 atque
1693 3813 1745 3867 in
1778 3816 1879 3867 hoc
1910 3814 2121 3866 incum-

519 3912 632 3979 bat,
660 3923 715 3966 ιιι
740 3909 1057 3980 Apollinarii
1083 3909 1334 3963 haeresim
1357 3909 1585 3961 alienam
1608 3923 1635 3959 a
1664 3922 1723 3960 se
1749 3906 1928 3970 faciat,
1957 3919 2123 3974 sisque

523 4004 593 4060 ab
622 4019 685 4058 ea
729 4002 1039 4071 suspicione
1066 4000 1283 4063 liberet,
1315 3999 1468 4054 facile
1497 3998 1799 4069 colligimus
1819 4039 1834 4064 ,
1859 4014 1981 4053 eum
2016 4015 2121 4053 non

521 4111 715 4167 sponte
761 4111 856 4151 sua
882 4137 896 4158 ,
923 4094 1017 4150 sed
1063 4095 1290 4149 accitum
1318 4135 1331 4156 ,
1356 4101 1560 4148 tantum
1609 4092 1911 4147 confecisse
1961 4092 2121 4147 viam.

518 4190 755 4264 Cyrillus
792 4188 1199 4246 Alexandrinus
1238 4188 1526 4259 quamdam
1558 4187 1680 4242 ﬁdei
1720 4186 2121 4243 cenfessiouem

519 4286 713 4342 reeitat
743 4284 928 4340 Vitalis
951 4284 1190 4355 episc0pi
1220 4283 1304 4339 his
1330 4292 1645 4353 conceptam
1671 4283 1849 4337 verbis
1874 4300 1886 4336 :
1920 4283 1981 4338 Si
2009 4284 2125 4353 quis

516 4379 703 4434 dixerit
734 4378 1035 4444 Dominum,
1069 4394 1130 4432 ac
1162 4377 1485 4434 Salvatorem
1517 4386 1767 4439 nostrum,
1795 4376 1883 4446 qui
1911 4392 1973 4430 ea:
2000 4376 2127 4447 Spi-

515 4472 619 4526 ritu
651 4480 850 4539 sancto,
874 4480 919 4527 et
963 4469 1137 4526 Maria
1171 4468 1384 4543 Virgine
1427 4469 1707 4523 secundum
1736 4484 1941 4523 carnem
1974 4478 2124 4522 natus

512 4574 607 4629 est,
642 4567 836 4632 animo,
869 4575 958 4619 aut
1002 4574 1168 4619 mente
1187 4607 1201 4629 ,
1227 4574 1315 4619 aut
1344 4566 1563 4628 ratione,
1598 4574 1685 4617 aut
1725 4579 1876 4619 sensu
1906 4563 2123 4615 destitu-
2151 4534 2204 4595 Ῑ)

517 4669 628 4715 tum
656 4678 784 4727 esse,
815 4664 1089 4715 anathema
1117 4661 1183 4714 sit
1205 4659 1301 4731 (Ῑ).

591 4752 841 4809 Petavius
878 4753 1048 4809 haeret
1078 4768 1144 4807 an
1169 4768 1293 4809 eam
1318 4752 1475 4807 Vitali
1506 4760 1694 4805 nostro
1731 4748 1989 4805 attribuat
2020 4748 2118 4822 (g).

518 4840 720 4900 Verum
759 4845 804 4898 si
834 4845 954 4914 quis
983 4860 1101 4900 eam
1133 4846 1267 4913 piis,
1299 4858 1362 4899 ac
1387 4858 1568 4898 veram
1602 4843 1759 4897 fidem
1789 4842 2122 4913 spirantibus

516 4936 847 4996 dictionibus
873 4937 1235 5007 conscriptam
1272 4936 1485 4999 videat.
1513 4936 1555 4989 si
1586 4935 1706 5005 quis
1738 4950 1857 4991 eam
1890 4950 2012 4991 cum
2043 4935 2123 4989 al-

518 5042 632 5091 tera
664 5030 943 5093 conferat,
974 5044 1133 5099 quam
1161 5030 1229 5083 ab
1255 5029 1444 5085 eodem
1470 5029 1623 5083 Vitali
1653 5042 1960 5097 expressam
1996 5026 2122 5096 Epi-

516 5125 750 5200 phanius
779 5125 1008 5195 retulit(
1038 5124 1115 5196 Ii),
1148 5124 1236 5179 vix
1264 5124 1613 5189 dubitaverit,
1646 5125 1777 5194 quin
1801 5136 1856 5179 ιιι
1888 5123 2123 5193 Lequie-

616 5255 676 5317 a‘,
703 5251 821 5307 Vid.
851 5260 991 5319 post.
1024 5248 1182 5319 epist.
1213 5250 1267 5311 1,
1296 5264 1443 5301 num.
1477 5251 1529 5302 l.

620 5316 671 5390 ὁ)
709 5325 807 5395 Ep.
835 5316 961 5389 955,
990 5320 1124 5395 254,
1149 5318 1291 5385 2355;
1326 5319 1429 5395 \lit.
1460 5318 1650 5385 Basil.,
1698 5331 1816 5389 cap.
1847 5316 1941 5385 56,
1974 5335 2027 5373 ιι.
2063 5318 2115 5375 6.

617 5396 665 5460 c)
698 5390 912 5450 Sozom.
949 5394 1041 5449 lib.
1080 5408 1159 5460 vt,
1188 5408 1303 5460 cap.
1338 5390 1430 5445 ‘25.

618 5462 673 5537 ά)
702 5466 817 5520 Vid.
852 5467 1071 5537 Epinh.,
1108 5466 1248 5537 llaer.
1282 5464 1372 5528 77,
1397 5478 1543 5537 quin.
1576 5462 1667 5517 20.

623 5534 672 5605 ε)
700 5538 772 5591 De
803 5534 998 5605 Apoll"
1031 5547 1134 5591 art.
1165 5535 1219 5599 9,
1256 5545 1387 5590 tom.
1414 5534 1527 5589 VII.

625 5607 670 5678 ο
698 5607 777 5678 ᾼιι
808 5607 1078 5677 Reg.cap.
1112 5609 1202 5670 10.
1232 5617 1363 5663 ιοηι.
1400 5606 1483 5661 \tl.

701 5676 1043 5751 'l‘_hietil.;t_iint.
1072 5694 1142 5737 Iv.
1168 5680 1260 5733 lib.
1282 5678 1383 5751 7V1,
1412 5694 1531 5751 cap.
1562 5678 1616 5745 I,
1649 5676 1676 5749 ᾗ
1708 5676 1793 5733 18.

625 5748 680 5821 Ιι)
713 5748 855 5804 liter.
884 5748 974 5816 77,
1002 5761 1069 5803 ex
1100 5765 1248 5805 num.
1270 5750 1362 5805 20.

597 5536 619 5825 ἓ

2228 3256 2338 3319 tibi,
2373 3265 2429 3309 ut
2466 3256 2539 3309 ait
2588 3256 2869 3320 Damasus,
2906 3257 2993 3324 qui
3036 3256 3265 3326 ejusdem
3305 3255 3425 3321 ﬁdei
3473 3257 3830 3310 communione

2227 3350 2462 3414 sociaris,
2487 3365 2640 3417 quam
2664 3348 2742 3399 Itis
2769 3387 2781 3409 ,
2813 3350 2898 3416 qui
2938 3348 2991 3400 in
3031 3365 3089 3401 ea
3119 3346 3505 3411 subscribentes,
3542 3348 3649 3409 tibi,
3677 3348 3731 3399 id
3750 3357 3827 3402 est

2228 3442 2372 3495 nobis
2399 3457 2487 3508 per
2519 3451 2564 3493 te
2590 3441 2840 3493 voluerint
2867 3440 3075 3492 sociari.
3111 3439 3245 3493 lliuc
3278 3454 3405 3493 vero
3432 3437 3776 3508 intelligimus
3807 3479 3823 3505 ,

2230 3534 2519 3586 Damasum
2550 3546 2669 3585 cum
2704 3531 2819 3584 haec
2860 3532 3149 3593 scriberet,
3183 3533 3444 3585 iuccrtmu
3479 3546 3715 3599 prorsus,
3745 3539 3829 3585 at-

2227 3641 2331 3695 que
2358 3625 2410 3678 in
2439 3616 2815 3693 expectatione
2846 3623 3013 3677 futuri
3042 3624 3343 3678 Antiochia:
3374 3634 3596 3677 eventus
3618 3622 3783 3678 fuisse
3810 3640 3823 3678 :

2226 3720 2577 3791 quamobrem
2620 3720 3099 3774 anathematismum
3122 3720 3295 3782 illum,
3330 3734 3437 3789 quo
3458 3718 3827 3773 Nazianzenus

2228 3818 2527 3885 captiosum
2559 3814 2680 3867 Iidei
2709 3830 2737 3865 a
2771 3811 2968 3867 Vitalio
2994 3813 3190 3867 oblatae
3226 3812 3467 3866 libellum
3496 3826 3741 3866 eversum
3772 3818 3829 3866 et

2235 3910 2507 3963 sublatum
2537 3910 2614 3961 ait
2643 3908 2732 3981 (ι),
2764 3906 2930 3961 alium
2967 3922 3089 3961 esse
3128 3908 3196 3962 ab
3242 3922 3307 3961 eo
3334 3947 3349 3973 ,
3379 3908 3470 3977 qui
3507 3906 3607 3960 hac
3630 3904 3826 3960 eadem

2228 4004 2453 4074 epistola
2501 4003 2840 4071 exprimitur,
2873 4011 3033 4071 atque
3081 4002 3187 4055 alio
3234 4010 3477 4069 tempore
3521 3999 3827 4071 promulga-

2228 4106 2362 4160 tum,
2387 4105 2663 4165 postquam
2687 4095 2893 4149 scilicet
2917 4095 3181 4149 intellexit
3206 4092 3430 4148 Vitalem
3459 4093 3631 4161 ipsum
3664 4105 3827 4161 atque

2230 4187 2663 4259 Apollinarianos
2712 4186 2765 4240 in
2797 4186 3039 4254 priSIinis
3083 4194 3325 4256 perstare
3370 4185 3824 4254 expositionibus,

2229 4296 2292 4334 ac
2341 4289 2622 4350 postquam
2655 4278 2843 4331 rectius
2873 4279 3082 4331 edoctus
3111 4319 3124 4340 ,
3157 4275 3336 4330 fucum
3384 4276 3485 4331 sibi
3520 4276 3717 4331 factum
3748 4276 3829 4331 vi-

2229 4374 2325 4439 dit,
2360 4384 2412 4428 ct
2442 4372 2743 4442 permoleste
2769 4372 2905 4437 tulit,
2936 4379 2994 4425 ut
3022 4371 3161 4425 idem
3208 4372 3369 4424 etiam
3400 4372 3467 4425 de
3496 4384 3554 4425 se
3599 4369 3827 4424 Nazian—

2231 4481 2397 4522 zenus
2424 4466 2616 4537 inquit.

2306 4559 2365 4613 ll.
2400 4560 2509 4614 Hac
2539 4561 2714 4628 itaque
2744 4558 2957 4613 Damasi
2987 4558 3051 4611 ad
3084 4557 3365 4612 Paulinum
3388 4556 3641 4628 epistola,
3665 4573 3824 4628 quam

2231 4652 2471 4707 secundo
2515 4652 2633 4705 loco
2681 4666 2779 4718 ego
2826 4665 3107 4717 recenseo,
3162 4649 3361 4704 factum
3407 4660 3511 4717 est,
3562 4660 3619 4704 ut
3661 4666 3826 4704 causa

2231 4746 2404 4817 ipsum
2440 4746 2583 4800 inter
2621 4761 2683 4799 ac
2730 4746 3001 4802 Meletiuin
3044 4746 3135 4801 diu
3191 4745 3410 4815 agitata,
3457 4747 3700 4801 confecta
3730 4747 3829 4801 ali-

2230 4839 2447 4907 quando
2472 4837 2581 4890 visa
2609 4837 2787 4903 fuerit,
2820 4849 2878 4892 ut
2901 4838 3082 4892 statim
3113 4838 3312 4892 dicam.
3342 4837 3450 4893 Cur
3480 4854 3611 4895 vero
3635 4840 3828 4894 Dama-

2229 4946 2320 4985 sus
2355 4931 2585 4986 Paulino
2635 4933 2812 5000 potius
2847 4948 3007 5001 quam
3049 4930 3266 4985 Meletio
3314 4934 3826 4988 communicandum

2229 5029 2540 5093 censuerit,
2591 5029 2772 5099 plures
2850 5038 2975 5083 sunt
3004 5070 3018 5094 ,
3068 5044 3131 5084 ac
3178 5028 3507 5099 gravissima:
3562 5031 3823 5086 rationes.

2230 5123 2427 5188 Prima,
2465 5124 2605 5193 quod
2633 5123 2822 5178 vitalis
2880 5124 3162 5194 presbyter
3200 5139 3230 5177 a
3278 5124 3534 5183 Flaviano
3577 5136 3829 5183 contem-

2299 5251 2364 5315 (i)
2396 5251 2619 5304 Dissert.
2648 5250 2702 5312 2.
2738 5249 2764 5321 §
2793 5250 2845 5303 7.

2298 5322 2368 5392 (j)
2395 5323 2625 5397 Epistol.
2656 5323 2747 5397 15,
2774 5323 2910 5397 apud
2932 5322 3160 5397 Lup.ad
3186 5324 3387 5389 Ephes.
3412 5324 3622 5381 Cnncil.
3654 5329 3821 5397 Oper.

2224 5401 2375 5468 tom.
2398 5393 2623 5468 Vll_3_est
2656 5394 2839 5449 Vitatis
2860 5396 2946 5463 qui
2974 5396 3289 5449 ortltodoxus
3322 5398 3415 5463 fuit
3435 5393 3726 5468 episc0pus',
3752 5409 3825 5453 est

2223 5474 2270 5518 ct
2308 5465 2441 5519 alius
2482 5465 2702 5535 Vitatis,
2725 5468 2814 5537 qui
2854 5468 2916 5521 ab
2948 5468 3104 5538 impio
3140 5469 3237 5538 fuit
3279 5465 3616 5540 Apollinario'
3644 5487 3826 5525 conse-

2224 5549 2421 5592 cratus.

2294 5609 2371 5750 Ek)
2407 5607 2524 5663 Vid.
2548 5624 2635 5680 cp.
2659 5609 2713 5663 2.

2327 5679 2373 5750 l)
2397 5680 2522 5736 Vid.
2542 5681 2713 5737 Nazia;

2327 5679 2373 5751 ι)
2397 5680 2522 5736 Vid.
2542 5679 2995 5753 Nazianz.,epist.
3024 5684 3060 5739 2
3080 5725 3095 5751 ,
3126 5682 3192 5739 ad
3220 5680 3446 5740 Cledon.
