4150 6176
323 284 428 339 109

1724 291 2261 350 PROLEGOMENA.

3513 316 3624 387 .170

312 399 430 470 ptui
464 398 681 454 habitus
715 398 914 456 .‘lleletii
946 401 1312 457 conuuuuioni
1358 406 1792 471 renuntiaverat,
1824 424 1925 464 nec
1953 413 2002 472 Α
2031 410 2138 464 lino
2187 414 2249 465 ab
2281 412 2555 470 Occidente
2597 416 2796 472 litteras
2844 424 3089 488 quasdam
3136 426 3289 479 veluti
3347 431 3623 502 cujusdam

314 495 458 550 alter
486 495 1096 564 supereratAutiochia:
1126 496 1429 552 catholicus
1456 499 1766 570 episcopus,
1792 518 1926 571 quo-

315 604 445 643 curn
491 603 620 660 spes
671 599 813 646 esset
842 601 905 644 ut
952 589 1355 646 communicare
1384 594 1565 653 vellet,
1592 608 1752 663 quam
1786 593 1927 648 Pau-

314 683 490 739 linus.
523 684 785 749 Secunda,
829 684 974 752 quod
1031 685 1301 752 Meletius,
1332 688 1422 757 qui
1476 688 1634 757 longe
1679 688 1866 743 aberat
1894 703 1925 743 a

318 793 427 833 suo
466 793 646 849 grege,
678 780 730 834 in
776 779 1033 835 exsilium
1080 781 1291 850 pulsus,
1320 780 1640 851 gravissimo
1668 781 1792 837 huic
1831 798 1926 838 ne-

319 871 470 942 gotio
494 886 577 937 ea,
605 887 710 942 qua
760 887 856 941 par
877 882 1011 941 erat,
1046 872 1321 944 diligentia
1370 875 1709 945 expediendo
1732 874 1927 931 adesse

320 978 432 1018 non
486 972 712 1033 poterat.
774 963 995 1031 Tertia,
1046 966 1170 1035 quia
1218 964 1473 1021 Paulinus
1540 977 1747 1035 contra,
1809 975 1929 1022 erat

318 1057 618 1114 Antiochia:
652 1074 916 1129 praesens,
944 1070 999 1115 et
1026 1068 1174 1115 recte
1206 1058 1329 1114 ﬁdei
1360 1060 1594 1115 studium
1628 1076 1738 1130 pra:
1764 1075 1824 1115 se
1843 1068 1926 1115 tu-

318 1153 455 1207 lerat
483 1153 536 1207 iu
566 1169 628 1208 ea
652 1154 809 1218 urbe,
845 1169 1110 1224 suumque
1160 1157 1399 1224 regimen
1431 1154 1662 1209 Damaso
1685 1153 1795 1223 jam
1825 1169 1925 1224 ap-

315 1249 675 1319 probaverat.
710 1250 866 1305 Illum
919 1250 1004 1303 his
1092 1250 1391 1331 rationibus
1443 1249 1758 1304 inclinatum
1813 1250 1923 1318 jam

315 1359 451 1414 erga
500 1343 821 1408 Paulinum,
880 1358 1198 1413 promovere
1264 1344 1424 1398 etiam
1476 1352 1769 1412 potuerunt
1815 1353 1923 1397 tum

320 1435 634 1505 exemplum
674 1434 982 1501 Athanasii,
1016 1435 1108 1505 qui
1157 1434 1336 1506 quoad
1388 1435 1541 1498 vixit,
1588 1432 1929 1489 communio-

321 1543 453 1583 nem
482 1542 602 1583 cum
634 1542 697 1583 eo
725 1527 1069 1583 retinendam
1094 1527 1328 1591 censuit,
1365 1536 1477 1581 tum
1508 1525 1792 1581 consilium
1824 1524 1927 1579 Pe-

319 1621 391 1676 tri
421 1619 770 1676 Alexandrini
793 1619 912 1690 ejus
941 1618 1191 1688 discipuli
1219 1633 1282 1672 ac
1327 1618 1682 1682 successoris,
1713 1616 1804 1687 qui
1833 1630 1930 1685 per

317 1712 374 1767 id
405 1720 615 1781 tempus
641 1711 828 1765 Romae
872 1710 1103 1775 aderat;
1147 1720 1259 1764 tum
1310 1710 1473 1763 etiam
1523 1707 1662 1763 haud
1706 1708 1931 1762 laudan-

2029 503 2344 575 principatus
2401 516 2645 561 tesseram
2694 510 3106 579 allatas-fuisse,
3160 518 3407 589 valdeque
3449 520 3626 588 efferri

2028 594 2187 662 huius
2218 599 2376 665 partis
2404 600 2573 665 duces,
2607 610 2651 655 et
2680 604 2897 673 gloriari
2924 605 2987 659 de
3018 605 3223 672 litteris,
3257 610 3441 664 deinde
3466 614 3621 667 etiam

2027 687 2182 755 ﬁdem
2236 706 2542 759 praponere,
2573 709 2632 746 ac
2668 710 2729 747 ea
2759 696 3050 752 conditione
3095 711 3303 770 paratos
3353 720 3461 759 esse
3506 722 3622 760 cum

2029 789 2207 833 nostra
2268 782 2501 837 Ecclesia
2563 788 2809 859 conjungi
2863 788 2996 861 (b).
3056 793 3137 846 An
3186 809 3320 848 vero
3384 798 3624 866 apertius

2028 870 2294 943 designari
2321 885 2591 944 pateram,
2643 894 2762 947 quae
2798 879 3065 937 Damasus
3086 884 3151 938 ad
3181 885 3461 943 Paulinum
3484 892 3624 946 scri-

2029 975 2230 1033 pserat,
2257 982 2319 1023 ac
2346 968 2458 1037 ipsa
2514 970 2817 1026 litterarum
2875 976 3060 1040 verba,
3093 994 3213 1046 qua:
3241 995 3269 1033 a
3301 982 3455 1038 nobis
3488 986 3627 1040 reci-

2027 1064 2135 1112 tata
2161 1066 2307 1126 sunt,
2332 1059 2527 1116 clarius
2568 1063 2837 1133 exprimi?
2862 1069 2942 1121 An
2972 1083 3100 1123 vero
3127 1086 3232 1125 non
3280 1074 3344 1127 iis
3370 1073 3629 1131 Paulinus

2028 1151 2298 1220 quoddam
2330 1155 2497 1209 veluti
2553 1158 2869 1225 apostolicae
2898 1164 3292 1219 communionis
3328 1166 3378 1219 in
3407 1166 3629 1225 Oriente

2027 1242 2331 1311 symbolum
2381 1262 2441 1300 ac
2479 1258 2643 1317 caput
2676 1254 3126 1322 constituebatur,
3185 1272 3305 1312 cum
3362 1259 3628 1318 Damasus

2029 1334 2181 1389 illum
2213 1353 2313 1392 suo
2342 1339 2462 1395 loco
2485 1346 2657 1412 ponit,
2679 1354 2841 1414 atque
2863 1361 2977 1410 eos,
3009 1349 3099 1418 qui
3127 1350 3353 1407 Paulino
3379 1368 3629 1410 commu-

2028 1430 2327 1486 nicaveriut
2363 1475 2377 1500 ,
2448 1450 2634 1491 secum
2698 1440 3081 1497 communione
3148 1443 3367 1513 junctus
3418 1448 3631 1503 censeri

2024 1520 2227 1593 jubet?

2105 1614 2215 1670 Bas
2256 1625 2433 1672 autem
2488 1618 2699 1676 litteras
2749 1622 2853 1679 hoc
2894 1638 3038 1679 anno
3067 1640 3097 1679 a
3130 1627 3361 1683 Damaso
3402 1630 3634 1701 scriptas

2032 1712 2253 1768 omnino
2297 1711 2494 1769 fuisse.
2524 1715 2715 1784 probat
2767 1721 3206 1779 accuratissimus
3264 1723 3399 1779 Vitae
3452 1726 3637 1782 Basilii

324 1803 428 1858 dus
473 1801 677 1858 Meletii
728 1803 781 1857 in
826 1800 1127 1857 Ecclesium
1186 1801 1580 1857 Antiochenam
1625 1801 1924 1870 ingressus,
1958 1794 2266 1873 Bscriptor
2299 1845 2313 1869 ,
2366 1820 2567 1877 easque
2614 1809 2885 1865 immerito
2930 1828 2959 1866 a
3013 1815 3185 1869 sodali
3235 1831 3336 1872 suo
3385 1820 3445 1872 ι).
3471 1819 3636 1875 Petro

326 1897 753 1967 frequentesque
783 1896 901 1967 ejus
928 1896 996 1952 de
1035 1895 1273 1951 Ecclesia
1305 1895 1372 1951 ad
1401 1896 1698 1952 Ecclesiam
1733 1896 1929 1966 migra-

325 1994 527 2057 tiones,
553 2006 878 2060 quamquam
931 1989 1126 2044 deinde
1180 2004 1298 2044 eam
1347 1999 1528 2043 notam
1574 1989 1698 2041 vitae
1733 1987 1933 2042 sancti-

326 2093 448 2139 tate
502 2099 567 2139 ac
593 2084 713 2139 fidei
760 2082 1074 2155 integritate
1122 2081 1365 2136 cluisset.
1418 2081 1780 2147 Quamobrem
1824 2096 1930 2133 non

329 2178 500 2248 longe
545 2193 572 2231 a
633 2177 936 2233 temeritate
979 2176 1201 2238 abeunt,
1231 2173 1324 2245 qui
1356 2173 1604 2244 injuriam
1661 2172 1873 2228 Meletio
1902 2186 1933 2226 a

331 2275 566 2330 Damaso
591 2273 811 2340 factam,
845 2272 1003 2342 eique
1027 2286 1138 2341 prae
1168 2270 1394 2325 Paulino
1424 2260 1723 2325 Ecclesiam
1746 2269 1936 2324 Antio-

326 2367 559 2423 chenam
584 2364 880 2435 adjudicari
903 2364 1158 2419 debuisse
1183 2361 1446 2417 scribunt.

402 2459 712 2513 Dorotlieus
771 2458 950 2528 itaque
991 2456 1308 2529 presbyter,
1354 2456 1444 2527 qui
1499 2456 1785 2511 commode
1835 2455 1938 2511 sub

327 2552 703 2609 antecedentis
750 2551 875 2607 anui
906 2561 1222 2607 autumnum
1273 2565 1524 2606 reversus
1545 2551 1612 2605 ab
1629 2549 1774 2607 Urbe
1816 2550 1936 2605 fue-

330 2655 441 2709 rat,
474 2660 537 2701 ac
566 2647 836 2717 legatione
881 2646 970 2701 illa
999 2644 1247 2702 Confecta
1275 2644 1576 2700 Antiochiae
1600 2645 1934 2711 substiterat,

332 2736 589 2792 Basilium
620 2737 767 2793 illico
817 2736 885 2793 de
934 2739 1021 2805 iis,
1048 2753 1167 2805 quae
1196 2737 1268 2791 ibi
1299 2736 1615 2807 agebantur.
1648 2736 1938 2792 certiorem

332 2828 502 2885 fecit:
537 2832 754 2885 venisse
801 2829 1008 2885 scilicet
1053 2830 1123 2884 ab
1147 2828 1439 2901 Occidente
1484 2828 1713 2896 litteras,
1743 2829 1940 2899 quibus

333 2923 563 2979 Paulino
619 2923 965 2994 episcopatus
1038 2921 1375 2992 adjudicatus
1431 2919 1671 2997 fuerat,.
1724 2920 1939 2990 illisque

335 3026 601 3085 prmterea
640 3015 836 3069 litteris
884 3014 1232 3069 Paulinianos
1261 3014 1357 3079 uti,
1389 3022 1445 3069 ut
1485 3014 1795 3069 Terentium
1841 3014 1941 3069 du-

334 3125 479 3193 cem\
506 3109 575 3165 ad
623 3109 1058 3179 conjunctionem
1099 3124 1219 3163 cum
1253 3107 1554 3163 Meletiauis
1603 3116 1939 3178 pertractan-

2033 1895 2351 1953 Constautio
2382 1899 2575 1955 referri
2604 1901 2671 1956 ad
2699 1919 2829 1958 aun.
2863 1905 2969 1960 578
2991 1905 3082 1976 (ε).
3116 1910 3490 1979 Argumentis,
3517 1927 3639 1982 qua:

2037 1989 2117 2042 vir
2141 1988 2487 2045 doctissimus
2512 1992 2689 2058 aﬂ'crt,
2723 1997 2983 2050 nonnulla
3007 2014 3107 2068 ego
3134 2010 3337 2054 tantum
3360 2001 3633 2072 adjiciam,

2037 2090 2095 2136 ut
2119 2097 2206 2136 res
2238 2083 2461 2137 onmiuo
2489 2093 2632 2139 certa
2664 2085 2834 2141 videri
2879 2090 3066 2155 possit.
3098 2089 3337 2146 Primum
3360 2105 3465 2159 est,
3495 2094 3638 2164 quod

2036 2175 2217 2228 statim
2247 2190 2311 2230 ac
2364 2175 2667 2231 Dorotheus
2694 2179 2762 2234 ab
2810 2174 3105 2237 Occidente
3154 2198 3406 2239 reversus
3445 2194 3549 2251 est,
3576 2201 3642 2243 ac

2038 2262 2245 2321 litteras
2282 2267 2458 2323 attulit
2513 2267 2879 2324 Orientalibus
2934 2272 3224 2341 episc0pis,
3285 2276 3518 2331 Basilius
3544 2293 3638 2332 ex-

2039 2357 2241 2412 sultare
2300 2360 2501 2428 potius,
2544 2376 2607 2416 ac
2649 2361 2885 2417 fructum
2933 2364 3165 2434 aliquem
3194 2383 3261 2422 ex
3286 2384 3347 2422 ea
3371 2370 3641 2439 legatione

2040 2465 2237 2520 capere
2265 2451 2412 2506 visus
2457 2462 2572 2508 est:
2596 2470 2663 2508 an
2690 2470 2819 2511 vero
2845 2456 2899 2511 id
2941 2456 3056 2513 fieri
3083 2461 3369 2529 potuisset,
3404 2462 3449 2517 si
3478 2463 3644 2521 Mele-

2043 2544 2173 2598 tium
2205 2554 2333 2599 ante
2367 2545 2469 2601 hoc
2526 2557 2736 2617 tempus
2787 2565 2884 2618 spe
2927 2566 3023 2605 sua
3064 2552 3239 2621 palam
3267 2552 3537 2623 dejectum
3569 2557 3647 2612 vi-

2041 2635 2247 2691 disset?
2282 2637 2482 2693 Deinde
2508 2652 2631 2709 cum
2683 2640 2947 2696 Damasus
2992 2645 3057 2697 ad
3091 2644 3373 2701 Paulinum
3402 2649 3643 2718 scripsit,

2046 2725 2234 2782 Vitalis
2265 2728 2499 2783 nondum
2525 2729 2701 2785 fuerat
2730 2731 3008 2788 ordinatus
3038 2737 3346 2806 episcopus,
3373 2741 3497 2809 quia
3519 2756 3642 2796 eum

2045 2820 2166 2875 loco
2198 2822 2289 2876 lilii
2321 2821 2504 2887 habet,
2532 2839 2595 2879 ac
2621 2824 2767 2879 illum
2811 2842 2879 2882 eo
2902 2829 3120 2883 nomine
3152 2831 3204 2885 in
3231 2833 3460 2901 epistola
3492 2850 3644 2890 com-

2046 2913 2227 2981 pellat,
2259 2931 2588 2986 quamquam
2616 2918 2860 2975 Norisius
2886 2921 3029 2976 aliud
3072 2939 3238 2994 agens
3282 2926 3440 2981 aliter
3459 2942 3647 2985 sense-

2043 3006 2113 3061 rit
2141 3007 2243 3078 (d).
2275 3007 2379 3064 Sed
2427 3024 2489 3064 ea
2530 3010 2790 3082 dignitate
2834 3023 3025 3069 auctus
3069 3016 3272 3073 nefarie
3301 3019 3475 3076 fuerat
3502 3038 3650 3079 anno

2043 3099 2171 3164 576,
2224 3116 2331 3169 quo
2374 3103 2702 3172 colloquium
2758 3120 2879 3162 cum
2924 3107 3226 3178 Epiphanio
3267 3111 3475 3182 habuit,
3499 3117 3645 3186 quod

333 3186 479 3260 dam‘
520 3211 919 3274 permoverent.
948 3202 1177 3257 Basilius
1238 3203 1400 3273 igitur
1454 3211 1564 3255 tum
1596 3201 1808 3255 Meletio
1838 3202 1933 3255 de-
1963 3186 2009 3248 Ο
2045 3193 2135 3247 ille
2155 3196 2347 3249 recitat
2378 3195 2469 3265 (ε).
2514 3196 2641 3253 Haec
2688 3199 2867 3269 itaque
2921 3201 3146 3270 epistola
3196 3205 3393 3275 scripta
3442 3220 3554 3273 est,
3581 3224 3648 3265 eo

334 3298 602 3354 nuntiavit
628 3312 745 3352 rem
772 3312 1013 3362 onmem,
1048 3305 1160 3351 tum
1199 3294 1457 3350 Terentio
1484 3296 1664 3350 statim
1696 3294 1936 3363 scripsit,

336 3408 406 3448 ne
432 3406 552 3447 sese
580 3390 734 3446 daret
766 3392 992 3445 omnino
1020 3390 1173 3444 alteri
1207 3390 1366 3459 parti,
1400 3387 1493 3442 sed
1527 3402 1641 3442 rem
1672 3387 1935 3455 integram

335 3485 403 3539 ad
446 3484 644 3540 Mcletii
691 3482 924 3539 reditum
972 3490 1238 3538 servaret.
1282 3479 1362 3534 Ex
1394 3478 1460 3533 iis
1490 3488 1691 3542 autem,
1722 3494 1841 3548 quae
1871 3478 1937 3532 ad

334 3584 624 3646 utrumque
668 3574 898 3641 scribit,
930 3572 1136 3642 liquido
1189 3579 1419 3631 constat.
1473 3578 1585 3624 tum
1630 3569 1714 3640 agi
1747 3571 1833 3624 hic
1873 3569 1941 3625 de

337 3666 553 3731 litteris,
575 3680 710 3737 quas
740 3665 1006 3720 Damasus
1061 3665 1115 3718 in
1172 3662 1365 3719 Vitalis
1394 3663 1610 3732 negotio
1665 3662 1730 3716 ad
1765 3662 1942 3717 Pauli—

338 3777 466 3816 num
492 3760 743 3823 dederat,
768 3766 881 3813 tum
911 3768 1037 3813 ante
1065 3756 1167 3811 hoc
1217 3765 1431 3826 tempus
1476 3757 1609 3809 alias
1658 3756 1834 3810 nullas
1873 3755 1941 3810 ad

338 3870 464 3911 eum
521 3855 775 3924 scriptas.
810 3851 917 3907 Sed
964 3849 1249 3905 audiamus
1299 3849 1590 3903 Basilium:
1631 3848 1829 3903 Rumor
1874 3848 1943 3901 ad

341 3966 434 4003 nos
462 3948 691 4020 pervenit
719 3946 915 4000 uersari
938 3956 984 4000 te
1009 3943 1296 3999 Antiochia:
1318 3982 1336 4010 ,
1388 3952 1435 3996 et
1463 3958 1578 4011 qua:
1606 3943 1661 3995 in
1703 3941 1942 3995 manibus

338 4054 459 4099 sunt
511 4043 716 4114 negotia
744 4057 863 4095 cum
887 4040 1100 4095 summis
1145 4037 1476 4107 potestatibus
1523 4037 1883 4090 administrare
1924 4052 1943 4090 :

342 4144 535 4202 praeter
557 4133 689 4188 hunc
735 4148 996 4186 rumorem
1024 4130 1163 4207 illud
1181 4137 1334 4185 etiam
1356 4131 1667 4200 accepimus,
1692 4137 1883 4182 stantes
1911 4144 1945 4181 a

344 4225 573 4280 Paulino
600 4228 789 4298 fratres
814 4224 1067 4279 nonnulla
1108 4232 1277 4277 tecum
1324 4222 1572 4275 disserere
1625 4221 1688 4274 de
1728 4224 1945 4292 conjun-

344 4323 512 4375 ctione
557 4321 825 4374 nobiscum
876 4317 1210 4383 ineunda,'id
1234 4327 1307 4371 est
1338 4332 1459 4395 cum
1484 4315 1568 4379 iis,
1597 4315 1685 4382 qui
1720 4324 1837 4368 sunt
1882 4329 1946 4368 ea:

346 4424 489 4484 parte
520 4413 743 4468 hominis
792 4410 891 4467 Dei
934 4410 1132 4465 Meletii
1176 4410 1426 4481 episcOpi,
1451 4425 1579 4477 quos
1608 4407 1760 4461 etiam
1780 4416 1829 4462 et
1860 4406 1947 4459 lit-

348 4508 485 4561 tera's
543 4506 698 4560 audio
746 4520 882 4561 nunc
930 4518 1357 4561 OCCIDBNTALIUI
1412 4501 1745 4569 circumferre
1772 4542 1787 4565 ,
1831 4514 1947 4570 quae

347 4600 697 4667 episcopatum
750 4598 890 4651 urbis
932 4596 1263 4652 Antiochena:
1302 4596 1401 4666 ipsi
1439 4597 1746 4659 attribuunt,
1782 4570 2022 4649 .Ileie-D

348 4691 481 4743 tium
530 4705 647 4744 vero
682 4694 1003 4760 frustrantur
1048 4688 1150 4759 (a).
1209 4686 1397 4742 Nullas
1447 4688 1629 4756 itaque
1668 4697 1796 4741 ante
1843 4686 1945 4742 hoc

351 4794 566 4853 tempus
612 4799 643 4837 a
689 4783 924 4839 Damaso
988 4783 1197 4838 litteras
1242 4782 1538 4836 Pauliniani
1599 4789 1942 4851 acceperant,

348 4893 487 4948 quas
510 4878 947 4943 circumferrent,
981 4875 1453 4947 adjudicatumque
1484 4874 1708 4929 Paulino
1734 4874 1947 4943 episco-

348 4982 530 5042 patum
586 4972 905 5041 probarent.
934 4968 1042 5025 Cur
1088 4985 1216 5024 vero
1243 4968 1469 5022 Basilius
1524 4966 1686 5031 dicat,
1723 4966 1948 5020 Paulino

349 5066 667 5122 attributam
692 5066 885 5122 iisdem
929 5065 1123 5121 litteris
1149 5064 1542 5134 episcopatum.
1600 5060 1951 5131 intelligimus

351 5174 417 5213 ex
465 5159 573 5227 bis,
602 5174 724 5230 quae
776 5157 967 5214 eodem
1024 5167 1270 5227 tempore
1301 5154 1366 5210 ad
1394 5154 1667 5210 Meletium
1717 5152 1949 5207 scribit:

350 5248 636 5321 Postquam
657 5252 956 5319 redirimus,
985 5268 1048 5305 ea:
1096 5250 1341 5303 imbribus
1370 5258 1415 5303 et
1458 5248 1701 5303 molestiis
1728 5246 1952 5319 plurima

348 5343 654 5412 infirmitate
682 5342 923 5408 collecta.
962 5343 1134 5397 statim
1174 5359 1267 5395 nos
1313 5340 1376 5394 ab
1406 5341 1613 5394 Oriente
1641 5337 1951 5411 (Antiochia

349 5436 573 5509 nempe)
587 5438 775 5494 litteris
798 5445 1126 5510 exceperunt,
1157 5436 1338 5508 quibus
1367 5432 1778 5509 significabatur,
1811 5431 1955 5486 Pau—

425 5600 502 5739 ἔτι)
525 5600 630 5671 Ep.
660 5600 791 5666 2H,
824 5599 955 5683 alias
981 5597 1108 5656 559.

449 5673 503 5736 b)
530 5672 633 5738 Ep.
654 5671 931 5735 2I6,altas
964 5670 1090 5725 272.

449 5670 503 5736 bl
530 5670 633 5738 Ep.
654 5671 931 5735 216,,alias
964 5670 1090 5725 272.

449 5745 498 5814 c)
527 5743 685 5797 Tum.
721 5744 807 5807 Ill,
837 5759 955 5813 cap.
989 5743 1079 5807 55,
1114 5758 1171 5796 tt.
1199 5741 1252 5796 6.

452 5815 507 5889 d)
541 5814 768 5871 Dissert.
797 5814 865 5869 de
889 5826 1064 5869 sanet.
1096 5813 1255 5869 Siric.
1290 5826 1441 5884 oper.
1477 5820 1610 5869 tom.
1643 5808 1751 5886 IV.

786 5909 1066 5970 Ps'rnos.
1112 5905 1291 5969 XIII.

2044 3288 2364 3343 iutermedio
2388 3298 2656 3360 tempore,
2680 3293 2823 3361 quod
2853 3294 2921 3348 ab
2951 3295 3067 3364 ejus
3093 3296 3159 3351 ab
3198 3296 3343 3353 Urbe
3366 3299 3541 3355 reditu
3570 3302 3637 3357 ad
3662 3283 3676 3290 ⁸

2043 3394 2243 3433 annum
2283 3381 2389 3435 576
2442 3381 2650 3450 lapsum
2706 3384 2900 3439 fuerat.
2932 3386 3117 3441 Tertio
3162 3404 3284 3444 cum
3314 3391 3507 3448 litterae
3538 3394 3647 3451 illa:

2043 3472 2384 3527 Antiochiam
2437 3474 2656 3543 perlata
2698 3487 2845 3544 sunt,
2869 3490 2924 3533 et
2964 3480 3165 3550 vulgari
3202 3494 3415 3553 emptae,
3443 3486 3647 3542 Teren-

2046 3567 2152 3620 tius
2180 3567 2312 3632 dux,
2340 3568 2429 3637 qui
2487 3569 2714 3637 publicis
2766 3573 2911 3626 curis
2967 3574 3399 3643 valedixerat,ut
3451 3582 3646 3638 anima:

2043 3667 2282 3719 vacaret,
2327 3658 2395 3712 ad
2441 3660 2652 3729 negotia
2692 3661 2889 3717 iterum
2950 3664 3129 3720 redire
3177 3678 3417 3731 coactus.
3444 3671 3646 3728 Basilio

2044 3755 2206 3815 teste,
2238 3764 2359 3805 cum
2391 3752 2621 3807 summis
2664 3755 3021 3822 potestatibus
3057 3760 3441 3821 rempublicam
3473 3766 3647 3819 admi-

2048 3842 2309 3898 nistrabat
2334 3846 2386 3897 in
2413 3844 2603 3899 eadem
2652 3845 2804 3900 urbe.
2840 3846 3198 3915 Quaerendum
3230 3851 3410 3923 itaque
3432 3862 3646 3925 tempus

2046 3944 2151 4002 est,
2187 3952 2294 4006 quo
2318 3936 2408 3992 ille
2429 3937 2545 3993 otio
2567 3953 2626 3993 se
2648 3953 2713 3993 ac
2733 3940 2895 4009 quieti
2924 3939 3155 4007 dederit,
3189 3951 3299 3999 tum
3323 3961 3431 4015 quo
3457 3947 3522 4002 ad
3551 3964 3647 4004 ne-

2044 4028 2187 4099 gotia
2218 4029 2525 4085 accesserit.
2552 4029 2707 4085 Aliud
2740 4047 2870 4087 vero
2898 4048 3004 4087 nou
3036 4038 3291 4098 occurrit.
3311 4054 3470 4109 quam
3503 4041 3645 4109 quod

2046 4122 2188 4177 inter
2212 4139 2409 4178 annum
2433 4123 2539 4179 575
2560 4134 2613 4179 et
2632 4123 2738 4179 575
2766 4126 3000 4181 medium
3024 4140 3127 4183 eat.
3155 4128 3313 4186 Anno
3342 4133 3483 4187 enim
3512 4135 3640 4203 573,

2046 4216 2281 4287 negotiis
2326 4216 2477 4271 illum
2533 4218 2808 4274 vacavisse
2865 4230 3081 4277 constat
3104 4238 3167 4277 ex
3204 4223 3384 4280 Basilii
3416 4228 3643 4296 epistula

2046 4311 2113 4367 ad
2167 4327 2289 4367 eum
2338 4327 2405 4367 ex
2436 4313 2692 4367 Armenia
2724 4313 2921 4382 scripta
2962 4312 3054 4387 (f).
3093 4316 3246 4371 Putat
3272 4327 3449 4374 autem
3478 4320 3644 4378 Tilleé

2048 4404 2288 4459 montius
2330 4402 2433 4461 hoc
2460 4403 2579 4474 ipso
2627 4415 2870 4473 tempore
2912 4406 3100 4462 ducem
3143 4409 3293 4464 illum
3329 4412 3380 4465 iu
3414 4413 3641 4470 Iberiam

2052 4501 2273 4555 missum
2314 4500 2599 4556 duodecim
2630 4503 2929 4573 legionibus
2961 4508 3332 4576 praepositum,
3366 4522 3421 4565 ut
3443 4513 3646 4569 Sauro-

2048 4594 2271 4649 matium
2314 4594 2366 4648 in
2416 4609 2638 4665 regnum
2691 4596 3019 4652 restitueret.
3072 4599 3151 4655 Be
3191 4601 3375 4671 itaque
3417 4604 3644 4663 feliciter

2047 4684 2315 4750 confecta,
2348 4699 2412 4739 ac
2440 4684 2666 4740 devictis
2696 4686 2739 4740 si
2766 4688 2853 4757 qui
2884 4687 3116 4755 fuerant,
3137 4690 3381 4748 hostibus
3420 4709 3541 4750 cum
3569 4712 3638 4753 ex

2048 4779 2302 4831 Armenia
2331 4778 2695 4843 Antiochiam,
2752 4778 2839 4832 tibi
2871 4777 3065 4835 Valens
3099 4780 3292 4857 sedem
3324 4784 3535 4853 ﬁxerat,
3560 4804 3646 4845 re—

2048 4884 2240 4924 versus
2284 4877 2449 4936 esset,
2492 4869 2558 4923 ad
2600 4870 2771 4925 otium
2815 4872 3067 4940 secessit,
3105 4883 3255 4930 ratus
3279 4891 3339 4933 se
3362 4889 3641 4953 contemp-

2050 4970 2161 5017 tum
2208 4961 2277 5015 ab
2319 4977 2386 5016 eo
2443 4962 2789 5032 imperatore,
2833 4965 2924 5035 qui
2952 4965 3053 5021 sibi
3107 4970 3267 5025 anxie
3324 4975 3524 5040 petenti
3578 4990 3648 5031 ne

2056 5070 2214 5110 unam
2244 5054 2461 5125 quidem
2496 5055 2783 5111 ecclesiam
2826 5071 2925 5128 pro
2967 5050 3247 5117 eatholicis
3278 5076 3645 5134 concesserat,
3740 5086 3751 5095 ο

2054 5150 2181 5221 quin
2240 5150 2419 5221 potius
2476 5149 2717 5207 libellum
2765 5151 2833 5208 ab
2886 5168 2952 5210 eo
2994 5156 3234 5212 oblatum
3290 5158 3647 5232 laceraverat,

2054 5260 2215 5315 quem
2241 5243 2524 5301 Terentius
2547 5245 2600 5300 in
2622 5245 2787 5302 frusta
2818 5247 3146 5318 discerptum
3174 5265 3295 5305 cum
3318 5252 3654 5329 collegisset,

2060 5340 2243 5396 Ilabeo
2294 5340 2511 5411 inquit,
2558 5342 2701 5412 quod
2760 5344 2910 5411 petii.
2942 5344 3227 5413 Egregium
3274 5344 3377 5401 hoc
3425 5348 3645 5424 factum,

2058 5435 2201 5507 quod
2225 5435 2598 5492 Theodoretus
2637 5445 2824 5492 narrat
2848 5435 2951 5509 (9),
2971 5436 3164 5509 Pagius
3195 5439 3391 5499 merito
3420 5445 3653 5507 collocat

2134 5595 2207 5742 ξε)
2237 5597 2377 5681 liter.
2407 5596 2498 5679 77,
2531 5610 2651 5666 cap.
2683 5594 2775 5649 20.

2160 5667 2203 5738 t)
2227 5668 2349 5742 Ytd.
2385 5676 2544 5739 epist.
2573 5667 2775 5742 99_,_apt

2160 5665 2203 5738 Ι)
2227 5668 2349 5724 Vid.
2385 5668 2544 5739 epist.
2573 5665 2666 5739 99ἔ
2682 5665 2831 5739 apud
2853 5665 2959 5722 BB.

2141 5738 2218 5811 l9)
2241 5739 2359 5795 Lib.
2376 5738 2452 5810 tv,
2482 5753 2602 5809 cap.
2635 5738 2726 5792 52.
