4138 6178
510 290 604 342 171

1676 290 1991 347 ΒᾹΝΟΤΗΞ
2031 289 2354 350 DAMASUS
2393 295 2591 352 PAPA.

3698 314 3796 371 172

502 407 571 462 ad
603 418 800 459 annum
828 404 934 459 573
961 402 1061 477 (a).
1114 405 1172 459 Si
1202 404 1383 474 itaque
1423 421 1489 460 eo
1536 418 1679 461 anno
1702 407 1812 478 jam
1847 420 2103 478 provecto
2129 413 2178 472 Α
2209 413 2447 470 ordinari
2488 431 2549 472 se
2595 430 2783 487 passus
2811 428 2911 484 est,
2944 433 3003 475 ea
3046 420 3257 492 adjecta
3288 424 3621 496 conditione,
3642 440 3698 487 ut
3738 430 3797 488 li-

501 499 729 554 secessit
757 498 864 551 dux
901 497 989 551 ille
1017 496 1081 549 ad
1123 496 1321 561 otium,
1350 497 1417 552 ad
1462 499 1639 554 aulam
1680 512 1735 556 et
1779 504 1991 573 negotia
2017 506 2103 558 vix

2208 508 2394 565 berum
2424 511 2523 566 sibi
2557 511 2697 568 foret
2728 514 2889 570 eundi
2935 531 3042 583 quo
3068 516 3230 573 vellet
3260 516 3328 591 (fl
3349 561 3362 583 ,
3393 535 3457 576 ac
3486 508 3555 577 de
3576 536 3635 578 se
3662 522 3795 581 idem

503 592 686 648 redire
716 593 888 659 potuit
932 598 1058 644 ante
1087 600 1426 660 sequentem,
1451 608 1682 665 eumque
1710 596 1776 650 ad
1802 596 1961 653 linem
1986 613 2105 653 ver—
2207 604 2405 659 factum
2458 604 2655 661 asserit
2700 617 2919 663 sanctus
2966 608 3220 666 Paulinus
3251 608 3513 683 Nolanus,
3567 618 3687 672 eum
3734 620 3795 676 ad

506 692 707 739 tentem
750 696 951 736 annum
984 699 998 736 :
1042 696 1106 737 ac
1138 683 1366 753 proinde
1415 686 1632 753 litterae,
1662 703 1784 758 quae
1814 704 1841 742 a
1873 690 2103 745 Damaso

505 775 849 831 Antiochiam
872 785 1154 841 venerant,
1175 775 1429 833 Terentio
1452 780 1642 835 lterum
1672 796 1734 836 ac
1756 782 1918 852 paulo
1943 796 2100 838 antea

502 869 733 941 negotiis
757 868 997 932 admoto,
1024 878 1175 925 extra
1208 869 1372 940 hunc,
1419 871 1488 928 de
1528 888 1633 943 quo
1663 874 1873 945 agimus
1897 889 2097 932 annum

500 963 850 1033 praetergredi
877 978 983 1017 non
1015 972 1257 1033 possunt.

570 1054 659 1111 Ill.
714 1054 1017 1111 Dorotheus
1062 1055 1268 1126 itaque,
1310 1057 1397 1113 cui
1448 1074 1551 1115 non
1590 1072 1749 1116 secus
1791 1075 1854 1116 ac
1896 1060 2098 1117 Basilio

497 1146 694 1202 Meletii
722 1162 883 1203 causa
912 1148 1064 1203 cordi
1093 1147 1287 1217 fuerat,
1318 1165 1439 1205 cum
1498 1152 1614 1207 lucc
1666 1154 1902 1223 scripsit,
1931 1154 2099 1224 signi-

497 1239 676 1294 ficavit
704 1240 866 1295 etiam
912 1239 1015 1294 sibi
1046 1239 1099 1294 in
1142 1241 1324 1296 animo
1350 1256 1472 1297 esse
1498 1242 1724 1299 Romam
1749 1244 1940 1299 iterum
1969 1260 2096 1315 pro-

494 1331 685 1399 ficisci,
711 1341 765 1387 ut
795 1346 913 1388 eam
956 1332 1187 1399 scilicet,
1228 1334 1422 1404 quibus
1455 1345 1635 1405 posset
1659 1336 1958 1393 rationibus
1981 1346 2096 1394 tue-

492 1436 664 1494 retur,
711 1428 1023 1499 rogavitque
1072 1436 1131 1481 ut
1197 1426 1519 1498 Gregorium
1560 1429 1863 1500 Nysseuum
1895 1429 1961 1484 ad
1991 1430 2095 1485 hoc

490 1520 596 1577 iter
634 1535 817 1575 secum
860 1520 1264 1592 suscipiendum
1311 1521 1637 1590 impelleret.
1694 1522 1818 1577 llaec
1886 1530 1951 1578 ex
1976 1522 2093 1592 ipso

490 1613 694 1668 Basilio
725 1615 987 1670 discimus
1016 1613 1116 1685 (ὁ),
1163 1614 1253 1684 qui
1296 1616 1573 1684 rescripsit
1618 1615 1720 1671 iter
1743 1616 1873 1671 illud
1898 1617 2091 1686 hyeme

488 1708 710 1763 omnino
744 1709 935 1764 confici
966 1723 1073 1764 non
1105 1723 1289 1779 posse,
1317 1723 1380 1763 ac
1421 1709 1536 1763 vias
1565 1723 1754 1765 omnes
1803 1717 2087 1780 praeterea,

2204 696 2463 753 Severum
2516 696 2630 755 haec
2661 701 2849 757 scribit
2879 698 2957 775 (g)
2989 721 3002 758 :
3046 703 3122 759 Ea
3168 704 3459 763 Condilioue
3509 711 3563 765 in
3593 712 3800 770 ecclesia

2205 788 2576 847 Barcinonensi
2613 794 2901 849 consecrari
2921 795 3174 853 adductus
3195 815 3330 866 sum,
3360 811 3415 855 ut
3444 802 3546 876 ἱρξί
3580 790 3799 862 ecclesia:

2204 886 2305 935 n‘on‘
2336 882 2599 954 alligarer,
2624 885 2679 939 in
2708 887 2992 943 sacerdotio
3018 896 3215 944 tantum
3253 889 3489 961 Domini,
3520 898 3623 949 non
3652 898 3800 953 etiam

2204 975 2259 1029 in
2308 974 2479 1030 locum
2522 979 2747 1034 ecclesia:
2787 979 3054 1037 dedicatus
3078 999 3095 1050 ;
3117 983 3258 1053 quod
3282 1001 3403 1040 cum
3427 984 3595 1043 abbas
3626 988 3798 1046 Flori-

2200 1067 2303 1124 dus
2346 1068 2642 1140 retulisset,
2675 1069 2823 1130 recte
2871 1073 3035 1131 etiam
3090 1076 3311 1145 adjecit,
3360 1076 3501 1134 inter
3528 1080 3699 1151 priora
3729 1082 3795 1137 li-

2200 1160 2345 1216 berte
2375 1161 2732 1220 ordinationis
2762 1165 3009 1236 exempla
3044 1165 3233 1223 referri
3265 1181 3517 1241 oportere
3540 1171 3642 1243 (lt).
3662 1172 3793 1229 Cum

2200 1252 2381 1323 itaque
2408 1248 2791 1324 Simplicianus
2841 1257 3029 1314 Romae
3062 1261 3438 1333 presbyterum
3469 1274 3671 1336 ageret,
3703 1283 3800 1323 an-

2199 1355 2416 1416 tequam
2463 1347 2823 1406 Mediolanum
2875 1353 3201 1420 accederet,
3229 1344 3491 1411 Romana:
3540 1358 3797 1415 Eaclesite

2197 1439 2485 1511 presbyter
2528 1440 2649 1511 jure
2681 1443 2983 1516 tneritoqde
3024 1456 3053 1500 a
3085 1445 3317 1505 Baroaio
3345 1438 3521 1507 dictus
3561 1462 3667 1508 est.
3692 1452 3799 1508 Cur

2198 1546 2328 1588 vero
2356 1544 2384 1587 a'
2429 1531 2662 1591 Damaso
2714 1534 3070 1595 Mediolanum
3115 1540 3313 1597 missus
3345 1544 3555 1599 censeri
3580 1544 3796 1614 debeat,

2196 1626 2393 1698 duplex
2416 1636 2501 1685 est
2532 1631 2669 1687 ratio
2695 1648 2709 1697 ;
2733 1634 2905 1689 altera
2952 1634 3095 1705 quod
3127 1637 3427 1709 presbyteri
3457 1640 3574 1695 sine
3599 1634 3797 1696 forma-

2195 1718 2265 1775 tis
2296 1736 2358 1775 ac
2408 1723 2577 1778 invito
2604 1724 2860 1796 episcOpo
2904 1726 3159 1784 deserere
3187 1730 3473 1787 stationem
3508 1748 3615 1788 non
3645 1742 3799 1804 pote-

489 1814 610 1870 quae
637 1799 1164 1870 Constantinopolim
1202 1801 1484 1864 ducerent,
1519 1800 1781 1857 militibus
1824 1801 2095 1872 intercep—
2198 1823 2360 1881 rant;
2392 1815 2561 1871 altera
2590 1816 2734 1889 quod
2784 1816 3047 1876 Damasus
3080 1822 3351 1878 Ambrosii
3398 1799 3798 1883 ordinationem

490 1902 573 1949 tas
617 1910 739 1950 esse
764 1911 780 1961 ;
808 1909 916 1964 quo
961 1894 1307 1965 intelligimus
1329 1895 1427 1951 has
1471 1895 1677 1950 litteras
1711 1896 1939 1966 scriptas
1970 1908 2095 1951 esse

487 1996 751 2044 autumno
805 1989 1060 2044 inchoato
1092 1992 1203 2059 jam
1245 1998 1299 2044 et
1326 1989 1603 2044 inclinato.
1637 1988 1792 2055 Quod
1843 1989 1887 2043 si
1920 1990 2093 2045 Doro-

484 2082 645 2140 theus
677 2083 1019 2152 navigatione
1048 2084 1123 2138 uti
1148 2084 1299 2150 velit,
1340 2096 1446 2137 non
1492 2092 1650 2153 negat
1681 2083 1935 2151 Basilius,
1959 2084 2091 2154 quin

488 2187 703 2247 tempus
753 2176 985 2231 abeundi
1036 2176 1379 2241 commodum,
1424 2187 1478 2230 et
1521 2184 1885 2246 opportunum
1918 2177 2007 2244 sit,
2039 2184 2093 2233 et

481 2270 609 2340 quin
660 2270 843 2323 statim
888 2270 1069 2335 abeat,
1094 2267 1390 2323 dummodo
1432 2266 1729 2338 Gregorius
1778 2267 1947 2325 frater
1979 2274 2090 2324 tum

484 2360 922 2432 navigationem,
973 2370 1085 2415 tum
1144 2359 1469 2430 legationem
1520 2370 1625 2414 nun
1671 2369 1905 2428 recuset.
1957 2360 2090 2429 ρηω

477 2450 671 2508 deinde
718 2451 868 2506 addit
922 2450 989 2505 de
1010 2450 1437 2507 Occidentalium
1487 2453 1798 2521 supercilio,
1849 2454 2087 2508 animum

479 2547 719 2619 produnt
741 2548 812 2603 ob
840 2546 1036 2601 Meletii
1064 2561 1280 2601 causam
1305 2547 1781 2613 exulceratum,ac
1807 2548 2088 2603 sanctissi-

483 2655 631 2696 mum
662 2642 959 2710 creteroqui
990 2640 1163 2693 virum
1196 2639 1398 2711 aliquid
1426 2638 1646 2693 humani
1680 2654 1915 2709 passum.
1951 2640 2085 2696 Nam

481 2738 716 2790 Damaso
766 2734 962 2789 fastum
1015 2747 1285 2800 omnem,
1342 2746 1406 2788 ac
1452 2732 1799 2802 supercilium
1849 2731 2087 2790 abfuisse

480 2826 732 2896 probant,
763 2834 875 2880 tum
902 2824 1019 2895 ejus
1041 2823 1262 2894 scripta,
1288 2837 1412 2895 qua:
1432 2833 1654 2879 exstant
1675 2823 1742 2879 ad
1773 2824 2080 2890 Paulinum,

477 2917 866 2990 Hieronymum
898 2926 1059 2987 atque
1088 2916 1528 2983 Acholium,tum
1559 2916 1922 2989 Hieronymus
1944 2917 2083 2988 ipse,

474 3011 569 3081 qui
593 3009 862 3065 mitissimi
888 3024 1011 3065 eum
1052 3009 1253 3079 ingenii
1286 3011 1462 3064 virum
1489 3010 1769 3079 praedicat.

550 3102 640 3159 lV.
669 3101 959 3157 Annalium
991 3114 1188 3172 parens
1219 3101 1286 3156 ad
1333 3102 1478 3156 hunc
1522 3116 1722 3156 annum
1751 3102 1832 3174 (ο)
1863 3101 1921 3158 S.
1947 3101 2081 3157 Am-

2195 1908 2631 1979 conlirmaverat,
2684 1922 2853 1982 quare
2893 1913 3057 1969 etiam
3113 1931 3208 1985 per
3237 1908 3673 1986 Simplicianum,
3706 1934 3807 1974 cu-

2190 1998 2280 2070 jus
2329 2001 2607 2067 sanctitas,
2650 2003 2920 2073 doctrina,
2953 2021 3017 2063 ac
3047 2023 3166 2062 cum
3201 2009 3489 2065 Ambrosio
3516 2004 3804 2066 familiari-

2196 2101 2277 2159 tas
2329 2096 2607 2165 perspecla
2653 2106 2792 2164 erat,
2825 2114 3020 2156 cavere
3047 2100 3252 2166 debuit,
3279 2119 3346 2159 ne
3376 2104 3477 2159 sub
3508 2105 3653 2161 novo
3682 2105 3802 2175 epi-

2194 2199 2358 2255 sc0po
2409 2190 2510 2242 etsi
2567 2188 2919 2261 integerrimo
2976 2192 3028 2247 in
3089 2196 3260 2251 sacris
3292 2203 3470 2252 tamen
3499 2196 3805 2253 canonibus

2193 2280 2432 2336 nondUm
2464 2282 2750 2352 instructo,
2777 2285 2982 2357 aliquid
3030 2288 3347 2345 detrimenti
3366 2300 3589 2363 caperet
3626 2286 3806 2348 eccle-

2192 2372 2406 2429 siastica
2432 2375 2736 2445 disciplina.
2768 2368 2897 2434 Erat
2924 2380 3071 2435 enim
3127 2383 3397 2453 prtecipua‘
3442 2386 3594 2452 cura,
3630 2386 3685 2438 tit
3718 2399 3806 2438 re-

2192 2474 2324 2522 cens
2353 2466 2609 2535 ordinati,
2646 2469 2736 2525 vel
2765 2470 3072 2539 ordinandi,
3106 2475 3174 2530 ab
3203 2473 3267 2529 iis
3315 2477 3509 2546 quibus
3539 2479 3807 2533 Suberant

2191 2564 2247 2614 et
2273 2574 2301 2613 a
2329 2562 2442 2617 suis
2481 2560 2958 2621 consecratoribus
3002 2564 3422 2634 instruerentuf,
3473 2574 3535 2625 a‘c‘
3593 2570 3807 2639 scripto

2191 2666 2336 2724 saepe
2387 2657 2547 2711 etiam
2581 2658 2891 2729 acciperent
2942 2661 3250 2731 regularum
3303 2661 3805 2717 ecclesiasticarum

2190 2746 2434 2801 codice'm
2475 2748 2559 2820 (i).
2603 2748 2875 2805 Ambrosii
2915 2767 3042 2807 vero
3073 2752 3469 2808 ordinatiOnem
3500 2758 3529 2808 a
3561 2755 3813 2809 nnmaso'

2192 2850 2361 2892 causa
2383 2836 2594 2909 cognita
2618 2842 2990 2896 canlirmatam
3025 2841 3191 2898 fuisse
3221 2848 3434 2898 constat
3460 2848 3524 2899 es
3554 2842 3804 2899 Ambro-

2189 2931 2272 2985 sio
2305 2932 2445 3001 ipso,
2473 2933 2562 3003 qui
2596 2928 2713 2989 haec
2760 2936 2826 2989 ad
2852 2930 3225 2991 Vercellenses
3272 2936 3533 3007 scripsit:
3564 2936 3808 2992 Ordina-

2189 3024 2378 3079 tionem
2405 3034 2569 3079 meam
2593 3020 2950 3084 Occidentales
2977 3032 3204 3103 episcopi
3222 3038 3451 3099 woicro,
3499 3032 3805 3087 Orientales

2187 3122 2359 3170 a'utem‘
2401 3121 2635 3189 exemplo
2677 3123 2960 3191 probarunt
3128 3116 3240 3180 [loc
3268 3130 3453 3180 autem
3478 3126 3545 3179 ad
3578 3126 3807 3180 ordina-

478 3194 685 3257 brosio,
713 3196 803 3264 qui
853 3194 955 3248 sub
979 3193 1182 3248 exitum
1242 3193 1599 3261 pracedentis
1630 3192 1753 3246 anni
1784 3208 1849 3248 ex
1879 3192 2015 3248 laico
2036 3204 2081 3249 et

2200 3208 2337 3263 rium
2369 3209 2595 3264 Romani
2623 3177 2860 3283 cpiSCOpi
2902 3177 3146 3283 jus\lunc
3175 3216 3501 3284 pertinuisse
3522 3206 3807 3287 colligitur"

476 3286 754 3357 neophyto
780 3284 1058 3341 ordinatus
1080 3283 1255 3339 fuerat
1276 3284 1687 3339 Mediolanensis
1709 3286 2017 3356 episcopus,
2046 3298 2077 3339 a

478 3378 715 3433 Damaso
764 3379 989 3434 missum
1033 3377 1222 3432 scribit
1250 3376 1657 3446 Simplicianum
1688 3374 1947 3431 Romanae
1978 3376 2080 3432 Ec-

475 3473 657 3529 clesiae
698 3473 1100 3543 presbyterum,
1132 3472 1409 3526 doctorem
1440 3482 1496 3527 et
1542 3475 1887 3527 monitorem.
1918 3470 2083 3527 Tille—

478 3564 717 3620 montius
772 3563 872 3618 hac
901 3563 970 3618 de
997 3577 1060 3617 re
1091 3564 1263 3632 majus
1291 3562 1511 3632 aliquod
1540 3565 1910 3619 testimonium
1932 3579 2080 3635 quae-

476 3657 586 3724 rit;
618 3671 743 3712 nam
785 3657 958 3726 primo
985 3656 1251 3710 incertum
1300 3669 1420 3710 csse
1465 3657 1561 3724 ait,
1592 3670 1657 3710 an
1688 3655 2077 3727 Simplicianus

476 3750 737 3807 Romanae
756 3750 1012 3807 Ecclesia:
1038 3750 1319 3821 presbyter
1349 3749 1529 3813 fuerit,
1560 3764 1681 3803 cum
1714 3758 1922 3804 tantum
1949 3765 2079 3805 con-

474 3854 601 3909 stet,
627 3845 781 3898 illum
810 3845 912 3899 sub
937 3842 1259 3898 Constantio
1296 3843 1473 3909 egisse
1502 3841 1709 3904 Romae,
1762 3855 1825 3895 ac
1852 3841 2079 3896 Victori-

474 3952 603 3990 num
626 3936 693 3990 ad
725 3937 1028 3991 Christiana
1061 3948 1214 3988 sacra
1244 3935 1546 3987 traduxisse
1573 3932 1674 3986 sub
1700 3932 1935 4000 Juliano,
1960 3942 2072 3991 tum

473 4026 625 4080 illum
657 4024 945 4080 Mediolani
998 4025 1165 4078 fuisse
1194 4024 1296 4077 sub
1348 4023 1638 4078 Ambrosio
1684 4024 1959 4095 episc0po,
1994 4036 2075 4082 at-

476 4133 581 4187 que
606 4116 675 4170 ab
707 4129 777 4171 eo
821 4117 991 4183 patris
1030 4115 1329 4185 spiritualis
1355 4115 1475 4170 loco
1504 4114 1741 4171 habitum
1769 4117 2073 4187 Augustino

472 4216 648 4275 teste;
676 4217 737 4264 at!
785 4208 911 4264 inde
945 4208 1226 4263 contendit
1266 4224 1375 4262 non
1419 4207 1587 4273 eflici,
1621 4223 1743 4265 eum
1775 4224 1805 4263 a
1844 4211 2071 4267 Damaso

471 4301 603 4357 illuc
655 4300 901 4368 missam,
934 4308 1096 4371 atque
1143 4314 1265 4357 eum
1323 4303 1374 4356 in
1402 4302 1585 4367 linem,
1614 4319 1774 4374 quem
1808 4305 2070 4362 Baronius

471 4396 739 4453 memorat
767 4395 873 4469 (ἀ).
930 4393 1127 4451 Verum
1182 4410 1306 4451 cum
1356 4395 1738 4467 Simplicianus
1784 4400 2070 4471 presbyter

470 4491 670 4556 fuerit,
721 4504 844 4546 cum
895 4489 1220 4544 Ambrosius
1270 4499 1530 4559 praeterea
1581 4503 1705 4545 eum
1754 4491 1875 4547 loco
1903 4496 2069 4561 patris

2186 3308 2253 3355 ex‘
2277 3302 2365 3366 iis,
2385 3310 2502 3371 quae
2516 3303 2791 3359 disserunt
2819 3305 3149 3360 Bacchinius
3168 3321 3229 3361 ac
3257 3298 3494 3365 .loa‘nn‘es
3522 3309 3803 3365 Antonius

2186 3391 2440 3460 Blancus,
2470 3395 2560 3465 qui
2587 3395 2821 3452 conferri
2858 3404 3111 3467 poterunt
3141 3398 3241 3472 (k).

2810 3530 3041 3590 CAPUT
3081 3532 3174 3590 XI.

2185 3624 2322 3691 576,
2372 3627 2577 3683 υΑιΑει
2610 3628 2696 3696 Η,
2746 3628 2960 3687 Vsesus
3010 3646 3136 3687 suo.
3171 3646 3205 3687 v
3257 3646 3325 3687 ar
3364 3643 3806 3691 VALENTINMNUS

2838 3740 2961 3781 AUG.
2991 3740 3135 3785 GOSS.

2183 3831 2225 3888 1.
2272 3833 2562 3890 Dorotlteus
2598 3835 2825 3891 Romam
2847 3841 3104 3909 profectus
3130 3852 3247 3894 cum
3274 3842 3599 3898 sanctissimo
3620 3844 3804 3901 altera

2254 3927 2586 3984 Antiochena:
2619 3929 2869 3986 Ecclesiae
2910 3933 3204 4004 presbytero
3254 3934 3452 3990 litteras
3499 3935 3665 4004 dfert
3730 3940 3804 3993 ad

2251 4019 2541 4077 Damasum
2575 4041 2607 4077 a
2657 4023 2859 4079 Basilio
2903 4036 2953 4079 et
2994 4026 3348 4082 Orientalibus
3382 4030 3643 4099 scriptas,
3680 4047 3804 4102 quae

2251 4116 2640 4182 expenduntur,
2684 4134 2744 4171 ac
2772 4128 2879 4173 tota
2909 4118 3195 4177 Damasum
3225 4123 3355 4176 inter
3376 4131 3422 4177 et
3449 4122 3712 4179 Basiliam
3725 4128 3805 4181 rei

2250 4217 2406 4278 gesta:
2432 4211 2590 4263 series
2619 4213 2927 4281 exponitur.
2972 4212 3038 4267 ll.
3082 4212 3233 4268 Idem
3278 4216 3515 4287 pontifex
3544 4222 3669 4271 cum
3708 4234 3802 4289 sy-

2250 4301 2409 4365 nodo,
2440 4302 2524 4354 cui
2559 4301 2745 4357 Petrus
2780 4304 3169 4360 Alexandrinus
3198 4305 3417 4372 aderat;
3443 4320 3637 4362 morem
3660 4310 3801 4382 gerit

2251 4390 2593 4448 Orientalium
2622 4397 2770 4460 votis,
2804 4411 2865 4450 ac
2890 4397 2955 4451 iis
2984 4400 3233 4465 rescribit,
3258 4401 3408 4466 cujus
3438 4411 3558 4455 tunc
3580 4404 3799 4473 scripta

2232 4488 2509 4555 ‘synodicw
2536 4493 2888 4563 fragmentum
2910 4494 3218 4559 adducitur,
3242 4500 3299 4549 et‘
3338 4495 3648 4564 explicatur.
3696 4496 3791 4553 ΙΙΙ.

466 4586 767 4653 spiritualis
789 4584 1060 4648 habuerit,
1093 4584 1212 4638 sive
1242 4584 1389 4654 quod
1403 4599 1527 4639 eum
1554 4584 1740 4639 “hunc
1784 4585 2069 4640 instruxis-
2094 4576 2155 4644 Π
2216 4576 2364 4633 -Παο
2391 4583 2567 4635 eadem
2605 4585 2804 4653 synodo
2842 4587 3075 4641 damnati
3104 4588 3467 4658 Apollinarius‘
3516 4599 3564 4644 et
3605 4589 3794 4646 Timo-

468 4686 577 4739 set,
604 4680 717 4731 sive
737 4677 819 4732 ob'
851 4676 1013 4730 aliam
1068 4689 1309 4742 causam,
1342 4691 1464 4729 eum
1499 4676 1873 4746 presbyterum
1904 4676 2069 4733 fuisse

467 4780 687 4837 oportet
731 4770 889 4839 longe
939 4778 1066 4825 ante
1118 4769 1509 4825 ordinationem
1556 4768 1862 4840 Ambrosii,
1922 4775 2064 4844 quod

467 4862 849 4921 Tillemoutius
901 4863 1016 4931 ipse
1071 4876 1179 4917 non
1236 4872 1415 4931 negat.
1468 4860 1659 4917 Nullus
1709 4875 1888 4920 autem
1939 4877 2066 4924 tunc

468 4958 751 5030 presbyter
802 4970 922 5010 esse
955 4964 1185 5025 poterat,
1218 4958 1307 5025 qui
1340 4972 1448 5011 non
1477 4965 1629 5013 certo
1674 4957 1793 5014 loco
1821 4960 1935 5017 sive
1975 4977 2067 5018 ec-

464 5052 645 5109 clesia:
667 5047 1093 5113 adscriberemr,
1116 5062 1274 5117 quem
1321 5050 1577 5119 episcopo
1619 5052 1787 5107 invito
1808 5053 2063 5110 deserere

461 5162 569 5202 non
604 5152 832 5216 poterat,
866 5152 923 5196 ut
951 5140 1055 5194 alio
1105 5139 1379 5209 migraret.
1416 5142 1550 5197 Rem
1594 5144 1929 5198 notissimam
1978 5154 2061 5200 at-

461 5254 567 5309 que
594 5256 625 5295 a
674 5237 1035 5295 't‘homassino
1077 5233 1292 5302 egregie
1341 5243 1720 5302 pertractatam
1760 5235 1833 5305 (e)
1865 5237 2058 5293 iterum

462 5345 569 5386 non
596 5349 768 5404 agam.
814 5332 951 5387 Hinc
998 5329 1407 5399 Hieronymusa
1435 5326 1662 5383 Paulino
1717 5330 2059 5391 Antiocheno

534 5450 623 5520 (a)'
642 5451 876 5508 Adamn.
908 5448 1031 5518 375,
1078 5462 1134 5505 n.
1171 5450 1224 5505 3.

530 5523 611 5590 (ὁ)
644 5524 742 5590 Ερ.
764 5523 891 5576 2ι5.

558 5525 585 5575 b
644 5525 742 5590 Ep.
764 5525 891 5576 2l5.

557 5525 611 5664 εἰ
640 5595 781 5664 Αιιη..
812 5592 938 5664 575,
970 5608 1024 5645 n.
1047 5593 1138 5646 22.

557 5592 606 5664 ε)
640 5595 781 5645 Ann.
812 5592 938 5658 375,
970 5608 1024 5645 η.
1047 5593 1138 5646 22.

531 5592 711 5737 ldum
741 5660 1015 5737 Ambros,
1038 5672 1140 5717 art.
1169 5664 1267 5737 10,
1282 5664 1431 5737 aeide
1457 5663 1729 5736 Simplic.,
1765 5674 1804 5722 t.
1836 5664 1905 5723 Χ.

528 5731 602 5808 (ε)
628 5735 781 5808 Tum.
813 5731 1190 5808 Il,lib_._14_cum
1204 5735 1465 5808 pluribus

529 5800 594 5880 (ί)
626 5806 748 5861 Bar.
787 5817 915 5881 ann.
959 5800 1085 5865 378,
1113 5817 1166 5855 n.
1198 5803 1287 5857 65.

2248 4673 2415 4727 tltens.
2445 4674 2539 4728 IV;
2575 4675 2651 4729 De
2682 4676 2879 4732 Meletii
2908 4680 3101 4751 agitata
3119 4690 3293 4733 caram
3323 4678 3554 4736 Damaso
3583 4699 3753 4738 causa
3774 4726 3789 4751 ,

2246 4766 2457 4835 ejusque
2498 4767 2639 4835 apud
2689 4784 2806 4823 eum
2849 4772 3141 4841 pontiﬁcem
3180 4782 3345 4839 statu,
3372 4783 3419 4827 et
3465 4774 3590 4845 quid
3620 4776 3686 4830 de
3726 4791 3792 4829 eo

2231 4858 2483 4928 ponti/ica:
2528 4863 2737 4916 senserit
2762 4878 2780 4927 ;
2810 4862 3073 4933 Dupinius
3109 4868 3379 4938 refellitur.
3416 4867 3479 4922 V.
3514 4866 3790 4939 Anonymi

2242 4949 2730 5010 Amstelodamensis
2759 4964 2849 5010 aut
2877 4958 3007 5011 mira
3034 4959 3490 5027 inconsiderantia,
3522 4969 3610 5015 aut
3639 4961 3793 5016 maia

2243 5043 2395 5112 ﬁdes.

2242 5148 2281 5211 Γ.
2326 5159 2618 5228 Gregorius
2654 5161 2964 5234 Nyssenus,
2995 5181 3156 5238 quem
3182 5168 3282 5223 sibi
3314 5170 3525 5225 socium
3548 5168 3789 5243 adjungi

2172 5248 2480 5305 Domtheus
2529 5263 2830 5323 optaverat,
2884 5256 2953 5314 de
3003 5252 3251 5316 Romano
3307 5263 3502 5319 itinere
3550 5262 3787 5320 minime

2168 5341 2409 5412 cogitare
2434 5344 2581 5400 visus
2612 5358 2718 5415 est,
2751 5349 2866 5407 sire
2893 5351 3036 5424 quod
3068 5357 3435 5424 recusaverit,
3471 5352 3588 5413 sive
3624 5344 3791 5427 quod‘

2159 5433 2175 5443 .
2239 5462 2319 5535 (g)
2343 5454 2443 5535 Ep.
2479 5468 2674 5533 l,Ver.
2706 5472 2837 5528 edit.

2240 5535 2468 5612 (ausit).
2505 5554 2614 5612 six,
2644 5557 2763 5612 cap.
2807 5545 2897 5600 57.

2257 5600 2312 5712 ρ’
2329 5600 2875 5712 ἔιάᾖρυέὶιδέιὶίἀ
2905 5617 2965 5675 s.
2997 5618 3194 5687 Leon.,
3220 5622 3309 5691 ep.
3336 5600 3424 5712 ιιξ.

2329 5750 2416 5838 [ξεῖ
2441 5753 2585 5838 E9“-
2624 5750 2778 5838 "ieﬁ-
2808 5758 2982 5838 Qrisp
3032 5778 3083 5833 ρ·
3135 5777 3193 5830 ηρ
3224 5775 3345 5835 cap-
3401 5762 3593 5838 ficum
3643 5779 3773 5838 seq.

2252 5679 2563 5875 ggp.&5,l
2588 5686 2729 5768 apud
2768 5686 2874 5743 BB.

2302 5857 2317 5875 .
2348 5766 2441 5875 uel).
2476 5770 2543 5875 ιιῗ
2565 5756 2780 5875 etiam?
2808 5758 2874 5875 (ξ’

2301 5857 2317 5889 ,
2348 5819 2441 5878 lib.
2476 5832 2535 5893 ιι,
2819 5810 2984 5901 loti:
