4138 6178
394 295 492 360 £73
1774 289 2310 351 PROLEGOMENA.

3584 297 3687 354 174

382 436 508 478 eum
536 415 644 474 alia
673 414 924 488 negotia,
957 428 1021 470 ac
1049 413 1245 483 quibus
1275 411 1432 484 paulo
1458 417 1578 482 post
1607 413 1836 465 vexatus
1865 409 1985 476 fuit,
2015 417 2071 479 Α
2093 411 2337 481 adeoque
2363 410 2642 480 prteclaris
2665 409 2862 466 sinceri
2892 425 3020 482 erga
3047 410 3351 468 Romanum
3381 413 3690 484 pontiﬁcem

387 513 716 570 Arianorum
751 507 1164 579 persecutiones
1193 503 1550 560 detinuerint.
1582 502 1651 557 At
1686 501 1993 556 Dorotheus

390 608 543 678 ipse,
591 603 676 659 cui
728 601 1104 657 sanctissimus
1151 600 1288 653 alter
1328 595 1686 652 Antiochense
1738 593 1994 651 Ecclesiae

397 701 678 774 presbyter
703 689 956 754 comitem
985 709 1108 750 sese
1138 693 1431 760 obtulerat,
1467 691 1594 746 illud
1625 689 1846 760 urgebat
1874 687 1997 743 dili-

397 805 588 867 genter
622 795 779 862 eique
809 806 933 846 sese
962 788 1184 859 parabat
1214 787 1358 841 circa
1403 785 1562 854 hujus
1599 782 1724 837 anni
1756 781 1991 837 ittitiunt.

400 887 524 943 Haec
550 890 801 940 constant
832 898 896 938 ex
933 877 1116 936 Basilii
1141 879 1369 949 epistola
1396 876 1462 932 ad
1494 877 1783 932 Eusebium
1809 877 1998 929 Samo-

399 987 640 1034 satenum
663 1019 678 1042 ,
710 975 868 1045 cujus
893 975 1010 1028 haec
1036 981 1164 1027 sunt
1193 970 1354 1027 verba
1378 989 1390 1024 :
1425 965 1504 1024 De
1529 965 1678 1023 rebus
1701 977 1868 1022 autem
1899 967 1999 1020 0c-

392 1069 735 1126 cidenlalibus
767 1067 915 1138 prius
937 1069 1049 1135 ipse
1074 1063 1334 1131 didicisti,
1366 1072 1609 1117 narrante
1638 1063 1811 1114 omnia
1840 1062 1999 1131 fratre

387 1162 700 1228 Dorotheo,
738 1151 820 1214 cui
863 1158 1041 1230 quales
1079 1155 1266 1212 dandae
1306 1173 1485 1212 rursus
1525 1151 1710 1210 littera:
1754 1149 2000 1208 abeunti?

391 1254 648 1310 Fortasse
670 1254 805 1308 enim
831 1268 884 1305 se
909 1251 1111 1305 itineris
1137 1251 1330 1304 socium
1350 1250 1535 1322 junget
1565 1249 1755 1320 Optimo
1782 1248 2001 1301 sanctis-

393 1348 525 1402 simo
544 1389 558 1412 ,
587 1345 675 1415 qui
706 1359 895 1414 magno
925 1344 1071 1397 ardet
1099 1341 1293 1407 studio',
1333 1358 1393 1395 ac
1439 1341 1698 1396 Orientem
1738 1350 1998 1411 peragrat,

398 1449 449 1495 et
496 1438 557 1492 ab
603 1431 971 1509 insignioribus
1017 1435 1422 1505 quibuscumque
1493 1433 1894 1505 subscriptiones
1955 1440 2004 1486 et

399 1533 648 1606 epistolas
668 1529 861 1601 colligit
886 1515 987 1602 (α).
1017 1527 1474 1583 Accuratissitnus
1497 1526 1758 1598 postremi
1779 1540 2002 1596 Operum

396 1625 528 1680 tomi
563 1623 772 1691 editor,
805 1625 895 1694 qui
928 1623 998 1678 ab
1029 1622 1133 1676 hoc
1160 1637 1306 1676 anno
1349 1628 1601 1676 numerat
1633 1619 1879 1690 primum
1901 1618 2006 1673 Do-

391 1719 573 1776 rothei
619 1717 930 1789 presbyteri
972 1712 1277 1770 Romanum
1309 1713 1447 1777 iter,
1499 1712 1842 1783 primamque
1886 1712 2005 1781 ejus

2097 502 2343 574 obsequii
2369 503 2853 575 significationibus
2880 504 3080 560 referta
3106 517 3218 573 est,
3248 518 3305 562 ut
3346 508 3692 565 verissimum

2097 595 2190 664 sit,
2221 598 2362 667 quod
2391 614 2616 669 magnus
2643 598 2908 653 Baronius
2933 597 3002 669 (c)
3032 599 3129 665 ait,
3159 612 3374 656 sanctos
3397 604 3542 656 viros
3571 601 3692 672 capi

2099 690 2330 746 humana
2363 693 2541 763 aliqua
2572 693 2738 748 animi
2763 693 3168 763 perturbatione
3193 695 3482 765 aliquando
3509 713 3691 769 posse,

2101 784 2326 838 minime
2367 793 2546 838 autem
2591 782 2842 838 detineri.
2891 784 3015 854 Agit
3050 785 3229 855 itaque
3257 786 3489 844 Damaso
3518 791 3694 860 primo

2101 877 2221 932 loco
2246 877 2448 946 gratias
2469 919 2482 941 ,
2511 877 2580 932 ob
2624 893 2742 932 eam
2763 919 2778 944 ,
2810 893 2968 946 quam
2999 876 3200 934 fecerat
3245 881 3299 936 in
3331 885 3697 941 anterioribus

2099 969 2325 1038 alicujus
2347 971 2532 1025 auxilii
2560 985 2735 1041 spem,
2765 985 3092 1042 operamque
3119 973 3288 1040 illam,
3317 993 3474 1046 quam
3501 995 3698 1048 posue-

2100 1073 2204 1129 rat,
2238 1080 2304 1118 ne
2332 1080 2394 1118 ea
2442 1062 2818 1119 frustraretur.
2870 1063 2984 1119 Huc
3031 1065 3175 1121 enim
3230 1069 3492 1137 pertinet,
3525 1086 3697 1142 eoque

2100 1155 2321 1228 respicit
2365 1158 2467 1210 hoc
2509 1157 2628 1224 ejus
2661 1156 2904 1226 epistolae
2949 1155 3205 1213 initium:
3260 1159 3514 1216 Dominus
3558 1162 3698 1218 Deus

2101 1257 2304 1313 noster,
2350 1248 2402 1302 in
2441 1265 2592 1317 quem
2637 1249 3001 1319 speravimus,
3026 1261 3221 1304 tantam
3249 1253 3429 1320 cuique
3477 1263 3700 1308 vestrum

2101 1339 2323 1410 gratiam
2351 1341 2635 1410 largiatur,
2670 1348 2724 1393 ut
2751 1342 2819 1394 ad
2853 1343 3173 1412 propositam
3196 1360 3338 1411 spem
3370 1347 3698 1413 perveniatis,

2101 1442 2294 1502 quanto
2329 1433 2428 1501 ipsi
2475 1432 2664 1503 gaudio
2708 1433 2868 1487 corda
2908 1444 3084 1488 nostra
3115 1436 3449 1504 implevistis,
3492 1447 3598 1491 tum
3639 1454 3702 1493 ex

2104 1524 2568 1591 commiseratione,
2589 1541 2744 1595 quam
2770 1527 3013 1581 (erumnis
3039 1529 3230 1581 nostris
3256 1528 3608 1595 impendistis,
3644 1541 3703 1584 ut

2103 1620 2276 1674 induti
2320 1621 2515 1674 viscera
2555 1621 2953 1688 misericordiae,
2996 1623 3422 1692 quemadmodum
3469 1625 3704 1696 praedicti

2107 1713 2200 1765 viri
2228 1712 2663 1767 annuntiaverunt
2693 1714 3201 1784 nobis,_Dorotlteus
3228 1716 3438 1772 scilicet
3462 1718 3530 1772 ab
3555 1717 3705 1773 Urbe

390 1814 460 1868 ad
496 1813 786 1867 Damasum
813 1810 1142 1880 legationem
1162 1850 1176 1874 ,
1208 1808 1326 1862 haec
1349 1808 1511 1861 allata
1542 1807 1706 1861 verba
1729 1806 2001 1874 interpre-
2030 1801 2078 1864 Β
2109 1814 2232 1861 tunc
2260 1804 2426 1862 redux
2450 1848 2464 1873 ,
2509 1814 2565 1862 et
2605 1807 2694 1876 qui
2725 1808 2958 1862 comites
2987 1807 3034 1862 ei
3085 1809 3320 1862 fuerant.
3380 1809 3709 1880 Quapropter

393 1915 559 1972 tatur,
595 1920 659 1960 ac
685 1907 728 1960 si
761 1895 994 1959 Basilius
1021 1910 1236 1974 quaerat
1267 1918 1381 1972 qua:
1399 1918 1583 1956 rursus
1610 1900 1797 1954 danda:
1818 1899 2002 1953 littera:

395 1993 715 2066 Dorotheo,
761 2013 868 2053 non
903 1997 969 2052 ad
998 1995 1233 2062 Urbem,
1267 1995 1363 2052 sed
1396 1996 1448 2050 itt
1479 1993 1760 2050 Orientem
1793 1993 2002 2046 abeunti

399 2109 471 2148 ex
499 2091 868 2162 Cappadocia,
902 2101 996 2144 aut
1035 2090 1144 2143 alio
1185 2087 1547 2158 Cappadociae
1581 2087 1811 2142 finitimo
1853 2087 1997 2151 loco,

399 2186 470 2240 ad
499 2201 655 2256 quem
682 2184 772 2239 ille
805 2183 949 2238 forte
981 2183 1199 2239 venisse
1222 2190 1435 2252 poterat
1463 2181 1532 2235 ab
1559 2179 1818 2244 Eusebio,
1843 2193 2004 2249 quem

398 2279 698 2343 inviserat,
757 2276 930 2332 redux
981 2277 1074 2349 (b).
1122 2267 1192 2331 At
1242 2276 1286 2330 si
1345 2275 1466 2344 quis
1515 2272 1804 2344 epistolam
1854 2271 2002 2326 illam

392 2384 607 2429 attento
649 2374 832 2426 animo
861 2372 1087 2442 legerit,
1137 2369 1296 2423 facile
1333 2367 1742 2438 deprehendet,
1787 2381 1853 2420 eo
1882 2365 2005 2419 loco

391 2465 662 2524 sciscitari
698 2453 886 2528 illum,
921 2461 1051 2533 quid
1084 2462 1280 2516 iterum
1315 2458 1664 2514 scribendum
1697 2473 1792 2526 per
1832 2456 2003 2510 Doro-

393 2563 582 2616 thcum
607 2559 840 2614 Romam
869 2559 993 2611 eum
1020 2555 1367 2610 sanctissimo
1399 2554 1806 2622 profecturum;
1839 2548 2008 2618 siqui-

392 2655 517 2709 dem
543 2653 727 2706 statim
753 2652 1123 2721 prosequitur,
1144 2663 1259 2717 quae
1279 2647 1437 2716 igitur
1465 2662 1554 2712 per
1578 2647 1716 2717 ipsos
1737 2642 2006 2698 scribenda

390 2745 528 2811 sint,
571 2755 661 2798 aut
690 2743 944 2813 quomodo
975 2759 1096 2796 cum
1138 2740 1481 2796 scribentibus
1527 2739 1745 2792 consilia
1791 2738 2009 2808 conjun-

392 2837 590 2911 geuda,
624 2837 865 2907 equidem
905 2835 1109 2888 dubito.
1155 2833 1261 2888 Sed
1300 2834 1345 2886 si
1392 2833 1492 2886 cito
1534 2832 1792 2902 reperias,
1824 2830 1909 2899 qui
1941 2829 2009 2881 ad

395 2946 492 2983 nos
517 2928 922 3000 proﬁciscantur
941 2967 955 2992 ,
985 2926 1128 2980 nobis
1157 2940 1415 2994 exponere
1443 2938 1546 2976 non
1579 2922 1810 2991 graveris
1835 2937 1852 2974 :
1884 2920 2010 2973 mihi

300 3075 306 3078 .
395 3025 534 3077 enim
561 3022 698 3074 venit
725 3020 777 3072 in.
805 3028 1023 3072 mentem
1046 3018 1181 3072 illud
1215 3016 1477 3070 Diomedis
1501 3030 1778 3086 usurpare,
1812 3014 2009 3066 utinam

399 3123 637 3184 precatus
666 3129 768 3166 non
798 3128 930 3165 esses
951 3153 965 3175 ,
1000 3112 1276 3182 quoniam,
1321 3111 1506 3178 inquit,
1536 3109 1614 3162 vir
1633 3116 1707 3161 est
1735 3107 2004 3176 superbus.

2103 1915 2284 1953 rursus
2314 1903 2464 1953 etiam
2491 1915 2581 1970 per
2603 1899 2837 1966 dilectos,
2864 1909 2912 1954 et
2937 1901 3241 1964 salutamus,
3267 1912 3312 1955 et
3342 1902 3703 1970 adhortamur,

2106 2001 2160 2045 ut
2187 1992 2230 2045 si
2263 1989 2510 2045 Dominus
2538 1992 2744 2063 quidem
2775 1993 3076 2060 facultatem
3116 1993 3253 2048 vobis
3285 1994 3481 2050 dederit
3507 1997 3578 2049 ad
3615 2014 3706 2052 nos

2107 2084 2496 2154 proﬁciscendi,
2531 2102 2593 2139 ne
2621 2085 2896 2156 pigremini
2941 2103 3034 2140 uos
3062 2087 3297 2153 invisere,
3335 2129 3349 2143 .
3382 2129 3394 2141 .
3423 2128 3436 2141 .
3473 2089 3625 2154 Quod
3665 2091 3710 2145 si

2107 2177 2269 2231 bonus
2299 2178 2464 2242 Deus,
2497 2195 2559 2232 ac
2585 2179 2791 2246 sapiens
2817 2179 2933 2234 vita:
2961 2192 3151 2235 nostra:
3177 2182 3468 2237 moderator
3494 2185 3590 2239 hoc
3619 2185 3707 2239 be-

2108 2272 2348 2342 neﬁcium
2368 2273 2423 2326 in
2451 2272 2595 2327 aliud
2623 2283 2820 2344 tempus
2841 2283 3081 2339 reservat,
3110 2275 3290 2330 saltem
3314 2277 3457 2331 nobis
3485 2277 3708 2342 scribite,

2108 2380 2436 2434 quacumque
2456 2383 2487 2420 a
2517 2365 2654 2421 vobis
2676 2368 2830 2422 scribi
2851 2370 2993 2425 decet
3024 2370 3092 2423 ad
3117 2369 3342 2424 solamen
3370 2371 3707 2441 afﬂictarum,

2109 2467 2156 2512 et
2185 2459 2488 2513 erectionent
2525 2464 2903 2531 confractorum
2929 2505 2942 2518 .
2979 2504 2992 2517 .
3020 2504 3032 2517 .
3069 2480 3159 2536 nec
3188 2463 3402 2518 aliunde
3423 2466 3710 2533 expectatio

2109 2550 2222 2604 ulla
2246 2553 2451 2618 auxilii,
2473 2554 2572 2608 nisi
2594 2553 2844 2611 Dominus
2867 2573 2956 2626 per
2983 2572 3092 2622 vos,
3109 2574 3140 2609 a
3166 2556 3350 2626 quibus
3373 2558 3569 2612 sincere
3584 2559 3685 2612 coli
3700 2591 3714 2602 -

2112 2651 2216 2708 tur,
2241 2645 2435 2698 miserit
2459 2647 2725 2702 medelam.
2748 2648 2883 2704 Tum
2901 2647 3096 2705 deinde
3111 2665 3224 2704 rem
3243 2651 3576 2721 aggreditur,
3593 2667 3714 2706 cau-

2111 2750 2308 2806 sasque
2333 2737 2696 2808 gravissimas,
2714 2741 2784 2796 ob
2811 2757 2947 2812 quas
2976 2743 3289 2811 apostolica
3311 2745 3458 2801 sedis
3479 2745 3714 2801 auctori-

2115 2838 2278 2884 tatem
2310 2829 2603 2902 efﬂagitat,
2634 2849 2697 2888 ac
2726 2849 2894 2904 pauca
2917 2835 2984 2889 de
3011 2835 3208 2890 Ariana
3235 2837 3430 2892 haeresi
3453 2839 3618 2895 veluti
3648 2839 3717 2895 ab

2111 2921 2373 2978 Ecclesiae
2399 2941 2630 2996 corpore
2660 2928 2898 2982 abscissa
2925 2969 2939 2992 ,
2977 2939 3138 3000 atque
3172 2929 3294 2985 ideo
3318 2931 3493 2985 minus
3518 2931 3584 2986 ad
3614 2947 3713 2988 no-

2114 3017 2344 3072 cendum
2386 3028 2509 3088 apta
2541 3034 2662 3073 cum
2708 3020 3012 3088 attigisset,
3061 3023 3131 3077 ita
3165 3023 3375 3092 pergit:
3412 3023 3514 3091 Qui
3541 3035 3714 3078 autent

2113 3111 2246 3182 pelle
2293 3112 2442 3166 ovina
2485 3113 2654 3167 induti
2684 3124 2832 3179 sunt,
2866 3131 2927 3168 ac
2975 3118 3196 3188 speciem
3232 3116 3472 3171 blandam
3514 3134 3623 3188 pra:
3661 3135 3716 3172 se

401 3205 611 3260 Etenim
639 3206 683 3258 si
714 3205 859 3258 nobis
884 3205 1118 3276 placetur
1152 3203 1400 3256 Dominus
1420 3244 1434 3267 ,
1464 3219 1684 3272 quonam
1712 3202 1817 3254 alio
1844 3201 2011 3252 admi—
2035 3199 2082 3263 C
2116 3206 2288 3273 ferunt
2311 3220 2371 3256 ac
2396 3204 2580 3269 leuent,
2621 3206 2758 3259 intus
2784 3221 2903 3260 vero
2933 3206 3188 3261 dilaniant
3215 3208 3495 3264 crudeliter
3516 3206 3710 3263 Christi

400 3301 574 3354 niculo
603 3297 938 3369 indigemus?
971 3295 1068 3352 Sin
1097 3308 1266 3350 autem
1295 3306 1580 3366 perseverat
1609 3297 1687 3348 ira
1710 3293 1832 3361 Dei,
1857 3293 2008 3364 quale

397 3393 546 3447 nobis
568 3391 869 3464 prmsidiunt
893 3391 1160 3458 supercilii
1190 3386 1541 3443 Occidentalis
1561 3389 1585 3440 ?
1608 3387 1816 3441 Recens
1838 3386 2007 3440 animi

398 3486 560 3542 dolor
597 3483 670 3540 ob
714 3485 997 3555 praalatum
1039 3482 1262 3538 Meletio
1305 3482 1625 3547 Paulinum,
1671 3479 1784 3534 haec
1829 3494 1858 3532 a
1888 3480 2008 3532 viro

401 3578 753 3636 sanctissimo
774 3577 994 3632 duriora
1017 3577 1319 3646 expreSsit;
1352 3585 1406 3630 at
1428 3591 1493 3630 ex
1519 3573 1588 3628 iis
1609 3581 1794 3644 aperte
1817 3573 2005 3643 liquet,

401 3663 472 3729 ile
503 3671 829 3742 quibusnam
861 3672 1060 3726 litteris
1087 3670 1368 3725 Dorotheo
1411 3669 1609 3723 dandis
1631 3711 1644 3733 ,
1688 3682 1864 3739 quove
1892 3667 2010 3737 ejus

403 3767 766 3823 itinere'tunc
799 3761 1030 3819 Basilius
1058 3771 1264 3834 ageret.
1299 3757 1533 3817 “Minime
1567 3763 1746 3831 itaque
1787 3775 2012 3815 necesse

404 3869 509 3923 est,
539 3869 596 3914 ut
617 3855 959 3913 Dorotheum
984 3858 1182 3926 ipsum,
1211 3857 1504 3912 Eusebium
1538 3857 1589 3910 in
1617 3854 1844 3910 Thracia
1874 3854 2010 3926 Scy-

399 3951 520 4009 this
543 3947 688 4007 forte
709 3951 1394 4021 proxiinioreexsulantem
1418 3950 1718 4004 accessisse
1743 3950 2008 4012 dicamus,

408 4056 472 4099 ut
501 4043 578 4098 illi
623 4042 1062 4126 Occidentalium
1103 4058 1286 4098 rerum
1319 4050 1521 4097 statum
1575 4055 1812 4110 prmsens
1841 4054 2011 4108 expo-

411 4145 606 4203 neret,
640 4137 782 4205 quod
831 4134 1015 4190 facere
1059 4145 1165 4206 'per
1214 4136 1499 4203 epistolam
1557 4131 1712 4188 facile
1759 4143 2010 4203 poterat:

392 4233 788 4304 ’prastereaque
810 4230 1032 4284 minime
1049 4223 1310 4285 credibile
1328 4238 1428 4294 est,
1458 4228 1832 4298 presbyterum
1861 4227 2012 4280 illum

403 4319 614 4379 Meletii
643 4336 890 4388 causam,
919 4321 972 4375 in
1017 4335 1080 4376 eo
1102 4363 1116 4386 ,
1150 4321 1292 4390 quod
1331 4323 1658 4390 scripserat,
1705 4318 2015 4372 discrimine

411 4403 721 4471 ‘Antiochize
765 4413 996 4483 positam
1043 4413 1298 4467 deserere
1333 4411 1607 4485 voluisse,
1639 4419 1698 4464 ut
1742 4410 1842 4464 iter
1881 4405 2016 4464 nihil

417 4507 784 4577 profuturum,
817 4505 936 4560 slve
966 4506 1018 4558 in
1047 4503 1360 4572 Thraciam,
1394 4507 1508 4561 sive
1536 4506 1588 4559 in
1619 4502 2015 4574 Cappadociam

2112 3310 2336 3368 gregem,
2367 3305 2414 3350 et
2437 3306 2716 3367 pr0pterea
2734 3339 2746 3360 ,
2779 3300 2917 3367 quod
2939 3315 3002 3351 ex
3025 3297 3171 3352 nobis
3196 3299 3361 3352 exorti
3388 3309 3531 3363 sunt,
3559 3301 3713 3368 facile

2112 3390 2385 3456 perniciem
2407 3391 2637 3460 inferunt
2660 3390 3074 3460 simplicioribus,
3092 3391 3144 3443 lii
3162 3402 3298 3453 sunt,
3321 3390 3410 3460 qui
3430 3392 3713 3445 molestiam

2112 3481 2374 3547 exhibent,
2395 3498 2455 3536 ac
2475 3498 2609 3553 regre
2637 3484 2788 3537 vitari
2817 3495 3050 3553 possunt.
3080 3481 3193 3539 Nos
3206 3502 3448 3557 rogamus
3469 3494 3523 3539 ut
3544 3496 3715 3540 vestra

2111 3573 2382 3644 diligentia
2399 3575 2634 3630 omnibus
2659 3575 2920 3632 OntENTts
2941 3576 3190 3633 Ecclesiis
3211 3579 3475 3634 denuntiet
3501 3621 3513 3632 .
3535 3619 3548 3632 .
3566 3619 3579 3633 .
3605 3578 3715 3632 Ne-

2113 3681 2253 3720 cesse
2277 3676 2350 3720 est
2373 3677 2544 3721 autem
2580 3668 2764 3722 horum
2793 3670 3102 3723 nominatim
3132 3671 3440 3732 meminisse,
3466 3681 3521 3724 ut
3542 3672 3716 3740 etripsi

2113 3763 2434 3830 cognoscatis
2447 3764 2644 3831 eos,qui
2660 3763 2836 3816 turbas
2848 3765 2990 3835 apud
3003 3781 3094 3816 nos
3109 3774 3518 3834 ntovent,eosque
3529 3766 3716 3819 nostris

2117 3850 2364 3906 Ecclesiis
2393 3869 2723 3910 HANIFESTOS
2761 3856 2929 3926 facite.
2975 3855 3213 3910 Primum
3243 3855 3384 3910 inter
3410 3870 3502 3910 eos
3535 3856 3714 3910 locum

2116 3945 2355 4015 assignat
2391 3947 2674 4001 Eusthatio
2704 3947 3036 4012 Sehasteno,
3069 3948 3298 4003 alterum
3339 3946 3714 4016 Apollinario;

2117 4038 2310 4110 hisque
2335 4041 2554 4096 tandem
2578 4041 2861 4098 Paulinum
2885 4043 3149 4114 adjungit,
3169 4059 3492 4114 quamquam
3519 4043 3716 4098 minori

2118 4131 2261 4188 hunc
2301 4150 2422 4188 cum
2475 4134 2766 4201 libertate,
2815 4151 2877 4190 ac
2907 4136 3057 4191 velut
3106 4136 3463 4192 subdubitans
3512 4145 3716 4207 tangat.

2118 4227 2465 4282 Eusthatium
2487 4230 2665 4298 itaque
2688 4239 2802 4300 post
2821 4241 3080 4302 acceptam
3103 4230 3281 4285 Roma:
3299 4229 3520 4284 Patrum
3539 4229 3712 4299 ﬁdem,

2119 4332 2171 4377 et
2195 4323 2259 4376 ad
2289 4323 2730 4378 communionem
2760 4324 3054 4378 admissum
3076 4366 3089 4389 ,
3125 4341 3265 4380 nunc
3292 4326 3434 4380 inter
3463 4340 3556 4379 eos
3597 4339 3718 4380 esse

2120 4415 2222 4481 ait,
2255 4414 2347 4485 qui
2393 4415 2856 4470 consubstantiale
2900 4415 3296 4482 condemnant,
3329 4431 3392 4469 ac
3423 4417 3614 4470 ducem
3657 4432 3718 4471 se

2121 4507 2364 4576 przrhere
2385 4503 3009 4561 Pneumatomaehorum
3038 4507 3261 4561 hazresis
3283 4525 3294 4558 :
3320 4505 3714 4576 Apollinarium

401 4599 756 4664 institueret,
793 4597 1026 4669 hyemali
1068 4599 1413 4668 potiSsimum
1463 4611 1728 4668 tempore,
1761 4597 1904 4669 quod
1954 4596 2018 4652 iis
2044 4601 2099 4663 D
2124 4616 2274 4667 vero,
2304 4600 2683 4670 intemperanti
2707 4599 2978 4654 scribendi
3013 4599 3270 4655 facilitate
3304 4615 3481 4665 usum,
3515 4615 3578 4653 ac
3610 4614 3716 4654 non

401 4677 985 4762 'in'locisperdiflicile
1005 4732 1020 4758 ,
1069 4707 1132 4746 ac
1160 4692 1664 4761 perincommodum
1705 4708 1828 4747 esse
1857 4691 2016 4756 solet,

401 4783 630 4854 'quodve
659 4783 774 4854 jam
807 4797 980 4854 prope
1008 4785 1218 4851 aderat,
1252 4799 1375 4840 cum
1405 4783 1637 4839 Basilius
1661 4786 1727 4839 ad
1751 4800 1873 4839 eum
1903 4785 2016 4837 An-

405 4876 637 4932 tiochiae
664 4888 914 4948 agentem
943 4878 1256 4948 rescripsit,
1290 4890 1349 4932 ut
1377 4878 1642 4948 superiori
1671 4878 1845 4947 capite
1879 4876 2020 4931 vidi-

401 4971 562 5024 ‘Ynus.
592 4968 814 5024 Certum
872 4969 1054 5040 itaque
1096 4980 1384 5041 ratumque
1411 4972 1510 5034 sit,
1539 4970 1798 5024 Basilium
1844 4970 2017 5038 ipsum

417 5063 524 5119 hoc
550 5064 708 5130 loco,
741 5063 809 5118 ab
839 5063 1076 5120 Eusebio
1121 5080 1402 5135 qua‘rere,
1447 5081 1567 5135 quae
1614 5081 1803 5120 rursus
1828 5064 2020 5119 danda:

407 5154 616 5212 1ltter'a:
643 5155 1016 5222 Dorotheo,-in
1043 5153 1413 5226 Occidentem,
1441 5157 1587 5214 unde
1615 5173 1719 5212 non
1750 5156 1841 5212 diu
1865 5167 2022 5211 antea

399 5249 711 5303 ‘a‘dvenerat
730 5241 973 5311 ,‘iterum
1009 5251 1251 5305 abeunti.

492 5339 556 5395 ll.
589 5337 750 5396 ‘Abilt
781 5341 945 5411 igitur
987 5342 1292 5398 Dorotheus
1346 5343 1632 5415 presbyter
1677 5344 1870 5399 iterato
1917 5342 2024 5396 Ro-

407 5435 920 5502 :mm,‘secttmque
950 5433 1072 5488 tulit
1097 5434 1380 5505 epistolam
1411 5435 1769 5491 Orientalium
1803 5437 2024 5491 nomine

405 5523 968 5596 ‘a’Basilioscriptam
987 5569 1003 5596 ,
1032 5528 1087 5584 in
1119 5529 1292 5585 veteri
1331 5530 1571 5585 editione
1598 5529 1667 5584 74
1687 5569 1705 5597 ,
1733 5529 1788 5584 in
1819 5546 2022 5600 nupera

425 5617 554 5675 εδδ.
612 5618 740 5676 Haec
789 5635 922 5676 vero
973 5621 1230 5690 lenitate,
1280 5631 1442 5693 atque
1494 5621 1803 5680 humilitate
1855 5631 2023 5692 tanta,

528 5742 585 5810 a)
623 5742 750 5810 279,
780 5743 914 5800 alias
944 5745 1032 5802 10.

528 5759 558 5796 a
623 5742 750 5810 279,
780 5743 914 5800 alias
944 5745 1032 5802 10.

501 5740 602 5892 ξὺί
625 5813 734 5872 Vit.
760 5815 954 5886 Basit.,
984 5831 1106 5889 cap.
1135 5818 1226 5886 55,
1259 5835 1408 5877 num.
1441 5818 1494 5874 6.

2121 4693 2303 4763 petitis
2321 4709 2384 4747 ex
2410 4694 2691 4761 Scriptura
2716 4691 3142 4761 probationibus,
3163 4691 3256 4745 sed
3283 4691 3532 4747 humanis
3556 4691 3722 4746 ratio-

2124 4786 2282 4840 nibus
2314 4785 2587 4851 innixum,
2622 4786 2676 4840 in
2698 4786 2880 4841 varios
2907 4800 3121 4840 errores
3150 4784 3357 4854 lapsum
3392 4801 3536 4852 esse,
3570 4787 3622 4840 in
3657 4785 3722 4840 iis

2124 4886 2461 4952 praesertim,
2497 4899 2616 4953 quas
2646 4885 2713 4941 de
2756 4884 3131 4940 [incarnatione
3162 4884 3491 4948 tradiderat,
3525 4895 3581 4939 ut
3606 4885 3719 4954 jam

2123 4979 2300 5048 pauci,
2327 4979 2418 5048 qui
2463 4979 2531 5033 ah
2561 4995 2626 5034 eo
2664 4979 2866 5047 scripta
2913 4980 3191 5050 legerant,
3240 4980 3472 5049 pris-cam
3501 4978 3722 5049 pietatis

2130 5068 2357 5124 formam
2400 5081 2702 5125 servarent.
2733 5071 2977 5142 Denique
3017 5071 3160 5142 quod
3189 5071 3252 5126 ad
3287 5072 3564 5126 Paulinum
3593 5069 3721 5123 atti-

2130 5172 2242 5228 net,
2275 5161 2390 5217 ι]ωο
2419 5178 2586 5233 pauca
2613 5165 2894 5220 dumtaxat
2920 5166 3124 5222 scribit.
3153 5164 3405 5219 Paulinus
3428 5172 3599 5216 utrum
3627 5162 3728 5217 ali-

2132 5256 2256 5326 quid
2307 5267 2352 5310 et
2397 5259 2532 5310 circa
2581 5245 2961 5313 ordinationem
3009 5255 3394 5328 reprehensioni
3446 5251 3726 5309 obnoxium

2133 5349 2335 5415 habeat,
2365 5351 2465 5421 ipsi
2497 5351 2749 5405 dixeritis.
2785 5351 2897 5405 Nos
2919 5367 3043 5404 sane
3065 5361 3276 5403 nuerorc
3300 5345 3486 5416 afficit,
3511 5349 3652 5418 quod
3673 5349 3730 5402 in

2135 5439 2372 5499 Marcelli
2405 5442 2646 5513 dogmata
2683 5442 2995 5512 propendet,
3035 5455 3096 5493 ac
3137 5438 3276 5492 illius
3303 5447 3582 5494 sectatores
3621 5441 3731 5495 sine

2134 5533 2431 5589 discrimine
2476 5534 2544 5587 ad
2596 5551 2743 5587 suam
2791 5533 3197 5588 communionem
3245 5531 3472 5586 admittit
3514 5549 3532 5589 :
3583 5533 3728 5604 quod

2135 5634 2314 5683 tamen
2355 5642 2461 5682 non
2507 5625 2598 5682 diu
2627 5633 2812 5696 postea
2843 5625 2912 5684 ab
2953 5625 3146 5683 eodem
3179 5625 3354 5682 etiam
3384 5625 3616 5693 Basilio,
3669 5639 3728 5680 re

2211 5748 2285 5820 (c)
2325 5749 2408 5807 Ad
2438 5765 2565 5807 ann.
2593 5747 2720 5816 372,
2749 5763 2900 5806 num.
2928 5748 3010 5805 2.·
