4138 6178
420 237 523 294 175

1581 233 1896 292 SANCTUS
1936 233 2266 293 DAMASUS
2305 234 2505 291 PAPA.

3615 238 3718 294 HG

415 351 613 408 melius
640 364 906 420 perpensa
945 364 1009 404 ac
1035 349 1282 417 cognita,
1317 347 1518 403 factum
1565 348 1730 404 fuisse
1761 350 1867 405 alio
1891 351 2012 405 loco
2042 355 2091 413 Α
2119 351 2248 405 tium
2298 350 2692 412 Sebastenum,
2745 347 2987 417 aliosque
3040 347 3566 405 Pnetnnatomachos
3589 392 3602 416 ,
3657 367 3720 408 ac

410 445 762 516 probavi-nus
802 444 899 514 (a).
953 441 1112 497 Scitis
1161 441 1294 493 enim
1344 457 1486 507 spem
1534 451 1760 494 nostram
1813 459 2012 496 omnem

415 542 572 594 everti
598 538 834 592 Marcelli
865 537 1120 607 dogmate,
1153 533 1288 603 quod
1315 551 1472 604 neque
1499 533 1545 594 F
1548 535 1696 589 ilium
1724 544 1776 590 in
1807 539 2014 608 propria

417 633 682 704 Itypostasi
704 629 996 698 conﬁtetur,
1020 626 1109 681 sed
1136 627 1396 698 prolatum
1419 645 1546 687 esse.
1573 639 1619 682 et
1645 620 1824 683 rursus
1848 647 2015 684 rever—

415 741 531 777 sum
552 739 659 776 esse
686 720 754 775 ad
777 738 908 781 eum,
944 736 1006 773 ea:
1045 737 1143 791 quo
1169 731 1504 791 processerat.
1533 721 1738 789 Quibus
1771 721 2015 776 Romano

417 817 654 884 pontifici
685 815 1052 880 denuntiatis,
1099 815 1344 882 epistola:
1378 816 1536 870 finem
1585 817 1868 886 imponens
1899 815 2016 871 hzec

415 910 490 964 ait
516 927 528 962 :
562 910 602 962 Α
633 908 772 963 vobis
794 919 849 962 ut
884 910 1068 962 horum
1097 925 1276 962 curam
1298 909 1614 979 suscipiatis,
1645 909 2011 978 efﬂagitamus.

415 1002 723 1071 Suscipietis
746 1013 936 1066 autent,
960 1003 1004 1054 si
1028 1001 1260 1054 omnibus
1279 1000 1504 1054 Orientis
1533 999 1774 1054 Ecclesiis
1797 1000 2017 1054 scribere

413 1111 516 1147 non
540 1093 844 1164 gravemini,
873 1109 956 1146 eos
983 1093 1070 1160 qui
1099 1091 1208 1145 lucc
1239 1092 1517 1163 depravant
1537 1134 1550 1157 ,
1590 1092 1634 1146 si
1663 1097 2013 1164 corrigantur,

413 1190 760 1242 admittendos
791 1187 858 1240 ad
883 1188 1290 1240 communionem
1319 1202 1338 1240 :
1381 1187 1461 1240 sin
1494 1196 1660 1240 autem
1689 1186 2019 1257 pertinaciter

411 1280 723 1334 novitatibus
765 1276 1028 1334 adhaerere
1071 1280 1359 1345 voluerint,
1413 1277 1474 1332 ab
1525 1278 1770 1333 Ecclesiis
1813 1276 2018 1330 abscin-

417 1375 633 1429 dendos.

487 1468 612 1522 Ηίεο
662 1468 842 1538 itaque
892 1483 1072 1522 rerum
1124 1467 1265 1521 inter
1317 1466 1606 1520 Damasum
1655 1475 1708 1519 et
1757 1464 2020 1519 Basilium

414 1575 686 1633 gestarum
708 1603 722 1627 ,
756 1571 809 1615 et
840 1563 1143 1616 litterarum
1178 1560 1301 1614 hinc
1333 1559 1458 1613 inde.
1487 1559 1809 1628 scriptarum
1847 1560 2019 1613 series

416 1667 521 1712 est.
575 1656 804 1711 Basilius
848 1671 993 1709 anno
1029 1656 1123 1709 571
1167 1653 1496 1708 Dorotbenm
1544 1653 1828 1706 diaconum
1879 1652 2021 1722 legat

2121 443 2522 498 Marcellianum
2580 441 2810 511 dogma,
2862 441 3016 511 cujus
3070 441 3327 495 Paulinus
3380 442 3721 500 insimulatus

2117 535 2310 597 fuerat,
2338 535 2599 590 brevibus
2626 549 2748 589 sese
2777 533 3016 601 expedit,
3051 535 3150 586 hac
3178 537 3453 603 proposita
3481 535 3604 591 fidei
3638 553 3724 592 re-

2116 629 2240 698 gula
2271 647 2282 681 :
2310 627 2538 691 Ut__enint
2569 625 2773 680 Nicro-ni
2815 625 3020 680 concilii
3060 626 3216 695 ﬁdem
3245 627 3597 682 inviolabilem
3634 646 3725 701 per

2120 719 2290 772 omnia
2319 719 2616 783 retinemus,
2645 719 2754 771 sine
2783 719 3109 772 simulatione
3137 719 3424 786 verborum,
3453 733 3542 774 aut
3575 733 3722 778 sentu

2117 823 2391 882 corrupto,
2434 812 2576 865 nullo
2607 811 2760 864 modo
2804 812 3064 881 Spiritum
3103 823 3337 866 sanctum
3377 831 3720 882 separamus,

2117 903 2206 958 sed
2236 907 2511 974 perfectam
2541 903 2593 956 in
2624 903 2860 956 omnibus
2881 945 2893 967 ,
2927 905 3137 966 virtute,
3174 905 3397 970 honore,
3426 911 3718 979 majestate,

2119 983 2307 1048 dei‘tate
2329 1012 2445 1048 cum
2471 993 2629 1048 Patre
2660 1009 3060 1048 conveneramur
3089 1007 3135 1049 et
3167 994 3340 1058 Filio;
3371 999 3541 1067 itaque
3569 999 3721 1052 etiam

2120 1088 2488 1156 plenitudinem
2523 1088 2618 1142 Dei
2655 1089 2823 1151 Verbi,
2857 1105 2955 1142 non
2999 1089 3261 1158 prolativi,
3289 1091 3377 1144 sed
3404 1093 3527 1157 nati,
3560 1108 3720 1162 neque

2117 1182 2171 1234 in
2203 1181 2359 1236 Patre
2383 1185 2714 1249 remanentis,
2744 1193 2797 1236 ut
2825 1199 2925 1236 non
2957 1184 3042 1251 sit,
3073 1185 3162 1237 sed
3193 1200 3257 1238 ea:
3281 1194 3470 1239 wterno
3497 1188 3549 1239 in
3573 1197 3719 1241 teter-

2120 1292 2240 1328 num
2280 1277 2670 1344 subsistentem,
2703 1279 3017 1348 perfectum,
3053 1276 3109 1329 id
3148 1288 3221 1330 est
3256 1278 3509 1348 integrum
3551 1277 3719 1332 homi-

2120 1385 2233 1422 nem
2281 1371 2651 1435 assumpsisse,
2703 1369 2758 1423 id
2809 1380 2881 1423 est
2932 1371 3159 1425 salvasse
3207 1372 3538 1440 conﬁdimus.
3591 1373 3724 1427 Nam

2119 1460 2262 1529 quod
2307 1461 2374 1515 ad
2417 1462 2658 1530 ejusdem
2693 1462 2898 1516 Paulini
2931 1463 3329 1518 ordinationem
3365 1465 3593 1532 attinet,
3641 1464 3728 1520 cui

2122 1553 2354 1623 Basilius
2397 1553 2600 1620 aliquid
2641 1554 2756 1608 vitii
2801 1555 3108 1625 objecerat,
3151 1572 3272 1610 cum
3312 1571 3428 1612 eam
3463 1556 3729 1614 Damasus

2117 1646 2321 1716 judicio
2353 1664 2451 1702 suo
2477 1647 2586 1718 jam
2619 1650 2991 1717 probavisset,
3045 1666 3152 1704 non
3196 1659 3312 1705 erat
3365 1665 3462 1706 cur
3507 1651 3729 1722 aliquod

413 1752 480 1806 ad
527 1752 879 1819 apostolicam
927 1751 1111 1804 sedem
1145 1765 1266 1803 eum
1311 1749 1537 1817 epistola
1577 1750 1630 1800 in
1660 1760 1865 1814 nupera
1897 1746 2011 1798 edi-
2047 1742 2096 1801 B
2124 1741 2323 1796 addere
2357 1757 2581 1797 necesse
2607 1751 2772 1799 esset.

415 1844 562 1899 tione
593 1844 682 1898 70.
721 1843 992 1897 llesCt-ibit
1033 1842 1297 1895 Damasus
1335 1855 1478 1893 anno
1509 1839 1755 1906 sequenti
1787 1853 1883 1908 per
1922 1835 2020 1891 Sa-

414 1935 600 1990 binum
634 1935 921 1988 diacomnn
956 1931 1375 1987 Mediolaneusis
1406 1930 1696 1996 Ecclesiae,
1733 1930 1798 1982 ad
1829 1930 2022 1984 Orien-

413 2029 551 2084 tales
580 2029 824 2080 missum.
867 2025 1098 2079 Basilius
1134 2023 1324 2079 eodem
1360 2024 1478 2090 ipso
1503 2037 1646 2076 anno
1677 2021 1866 2076 scribit
1895 2037 2020 2076 rur-

412 2137 507 2176 sus
551 2119 836 2190 epistolam
878 2117 983 2181 90,
1029 2131 1260 2184 eamque
1308 2115 1512 2170 Sabino
1567 2116 1617 2167 in
1671 2113 2019 2169 Occidentem

413 2215 654 2269 redituro
688 2210 967 2266 ferendam
999 2210 1110 2263 dat.
1144 2211 1276 2263 Cum
1317 2224 1378 2263 ea
1422 2209 1562 2263 forte
1597 2223 1702 2262 non
1732 2207 2024 2276 placuisset

417 2310 679 2371 Damaso,
726 2305 867 2359 idem
901 2302 1251 2359 Caesariensis
1296 2302 1491 2372 praesul
1545 2301 1755 2371 Evagrii
1805 2300 2024 2354 monitis

415 2403 683 2459 excitatus
712 2399 901 2454 scribit
944 2400 1136 2455 iterum
1167 2413 1308 2451 anno
1335 2395 1441 2450 ’574
1477 2395 1732 2458 ineunte,
1762 2395 2024 2463 epistolas

414 2497 523 2551 242
559 2469 774 2559 @243,
809 2507 1009 2562 easque
1037 2491 1169 2544 'tulit
1219 2490 1270 2543 in
1318 2488 1666 2544 Occidentem
1714 2487 2025 2542 Dorotbeus

417 2587 702 2657 presbyter
735 2603 748 2638 :
787 2584 1090 2647 eodemque
1137 2596 1281 2636 anno
1321 2580 1386 2634 ad
1425 2578 1728 2634 Orientales
1775 2577 2027 2631 rescribit

416 2681 682 2735 Damasus
707 2693 802 2747 per
825 2676 1001 2746 ipsum
1037 2673 1389 2733 Dorothenm,
1417 2681 1473 2724 ut
1494 2678 1702 2725 constat
1733 2684 1797 2723 ex
1825 2667 2024 2721 Dama-

417 2777 573 2830 siano
603 2774 782 2846 primo
813 2772 1149 2843 fragmento,
1183 2779 1344 2841 atque
1384 2784 1449 2823 ex
1492 2768 1591 2821 hac
1625 2767 1794 2836 ipsius
1839 2762 2026 2818 Basilii

418 2867 488 2924 ad
510 2869 796 2922 Damasum
820 2865 1044 2934 epistola
1065 2863 1193 2919 c26?).
1216 2862 1341 2917 Haec
1358 2875 1488 2916 vero
1511 2860 1614 2914 hoc
1635 2873 1778 2911 anno
1799 2859 2023 2927 scripta,

419 2960 763 3028 Damasoque
795 2974 890 3029 per
919 2957 1119 3011 dictum
1153 2955 1488 3010 Dorotbeum
1521 2949 1754 3012 reddita,
1784 2949 2026 3002 omnium

416 3063 696 3122 postrema
728 3059 842 3116 est,
889 3051 1050 3118 eique
1086 3047 1154 3101 ab
1196 3046 1387 3101 eodem
1431 3045 1659 3098 Damaso
1706 3055 2025 3111 responsum

2196 1833 2349 1887 Nunc
2381 1849 2511 1888 vero
2539 1833 2760 1889 minime
2799 1834 3020 1890 difficile
3051 1846 3131 1890 est
3163 1843 3405 1892 statuere
3445 1837 3562 1906 ejus
3593 1852 3732 1894 con-

2124 1927 2231 1982 cilii
2278 1937 2509 1998 tempus.
2545 1928 2676 1982 Nam
2708 1930 2750 1981 si
2791 1927 2896 1984 hoc
2923 1946 3063 1982 anno
3108 1929 3342 1984 nendum
3371 1941 3624 1999 provecto
3652 1931 3734 1985 ci-

2127 2032 2234 2076 tata
2266 2022 2448 2077 Basilii
2481 2022 2711 2091 epistola
2735 2023 2934 2092 scripta
2959 2031 3063 2087 est,
3089 2023 3154 2076 ad
3181 2023 3428 2077 eumdem
3461 2023 3731 2092 profecto,

2125 2121 2219 2169 aut
2247 2113 2311 2167 ad
2342 2115 2623 2182 sequentis
2669 2114 2913 2180 initium,
2951 2125 3062 2168 tum
3110 2114 3213 2169 hoc
3244 2114 3601 2184 fragmentum
3648 2130 3738 2170 re-

2124 2205 2253 2261 ferri
2297 2205 2490 2273 debet,
2539 2218 2648 2261 tum
2682 2223 2742 2262 ea
2787 2207 3027 2278 synodus
3048 2250 3062 2274 ,
3093 2209 3176 2262 cui
3209 2223 3238 2262 a
3269 2225 3354 2262 me
3385 2208 3732 2263 adscribitur.

2129 2298 2240 2353 lluc
2265 2299 2418 2354 facile
2451 2311 2712 2369 praeterea
2742 2300 3089 2369 dijudicabit,
3131 2303 3220 2371 qui
3255 2301 3538 2370 epistolam
3587 2302 3736 2356 illam

2127 2406 2247 2445 cmn
2291 2392 2482 2445 eodem
2533 2391 2835 2463 fragmento
2864 2393 3140 2457 conferat,
3179 2394 3544 2464 observetque
3573 2395 3639 2448 ab
3667 2408 3738 2449 eo

2130 2483 2228 2537 tria
2260 2483 2346 2536 illa
2377 2483 2568 2538 confici
2593 2526 2608 2550 ,
2649 2501 2769 2554 qua:
2797 2485 3024 2541 Basilius
3052 2503 3081 2541 a
3131 2486 3360 2541 Datnaso
3391 2487 3737 2558 potissimum

2129 2575 2519 2644 pustttlaverat.
2552 2575 2794 2631 Accedat
2832 2579 3052 2647 insuper
3094 2579 3337 2634 Socratis
3369 2580 3738 2635 testimonium

2129 2668 2464 2734 scribentis,
2523 2669 2741 2723 Petrum
2775 2743 2778 2746 _
2814 2670 3238 2725 Alex:tndrinttnt
3297 2672 3362 2725 ad
3430 2672 3738 2727 Ecclesiam

2129 2775 2282 2814 suam
2302 2762 2413 2829 jam
2442 2777 2742 2830 reversum,
2769 2778 2889 2817 cunt
2916 2763 3112 2819 Valens
3135 2764 3422 2820 Antiochia
3451 2765 3740 2821 discedere

2130 2864 2352 2908 coactus
2397 2863 2509 2922 est,
2545 2856 2717 2910 iturus
2753 2869 2944 2912 contra
2975 2857 3182 2911 Gothos
3213 2855 3313 2930 (ὁ),
3358 2872 3502 2911 anno
3527 2857 3741 2912 scilicet

2131 2948 2234 3002 577
2263 2950 2373 3017 jam
2402 2950 2466 3003 ad
2501 2950 2658 3004 finem
2700 2951 2956 3004 inclinato
2988 2951 3085 3021 (c).
3122 2950 3175 3006 Si
3213 2965 3342 3005 vero
3370 2949 3510 3006 idem
3543 2950 3741 3006 Petrus

2133 3040 2530 3096 Alexandrinus
2556 3043 2632 3096 illi
2660 3043 2867 3113 synodo
2897 3044 3097 3108 adfuit,
3151 3059 3378 3100 necesse
3407 3053 3520 3112 est,
3567 3057 3626 3099 ut
3657 3047 3746 3100 in-

418 3143 589 3199 fuiSse
615 3151 829 3198 constat
859 3139 1090 3210 longiori
1117 3137 1342 3208 epistola
1374 3135 1655 3206 synodica,
1685 3132 1838 3201 cujus
1870 3131 2026 3184 dum-
2055 3129 2101 3193 C
2136 3134 2398 3188 termedio
2421 3133 2522 3188 hoc
2552 3147 2817 3201 tempore,
2851 3144 3010 3204 atque
3038 3135 3163 3190 ideo
3184 3136 3266 3189 vel
3295 3135 3397 3190 hoc
3425 3137 3545 3206 ipso
3573 3153 3740 3204 anno,

418 3247 570 3293 taxat
614 3237 974 3308 fragmentum
1024 3234 1254 3288 alterum
1306 3230 1374 3284 ab
1426 3228 1708 3284 llolstenio
1752 3236 2024 3281 servatum

420 3338 671 3402 superest
691 3371 706 3396 ,
737 3329 882 3400 quod
929 3341 1155 3382 numero
1187 3323 1427 3380 secundo
1457 3338 1485 3376 a
1535 3321 1710 3392 primo
1739 3319 2029 3390 distingui-

426 3440 565 3478 mus.
601 3421 878 3489 Duplicem
907 3434 1006 3490 ego
1029 3417 1168 3472 hanc
1189 3414 1457 3488 synodum
1488 3414 1688 3484 eolligo
1729 3427 1799 3468 ex
1847 3423 2028 3465 mutua

426 3517 711 3585 utriusque
758 3514 1042 3584 fragmenti
1084 3513 1392 3567 collatione.
1434 3508 1492 3564 lu
1540 3510 1716 3579 primo
1761 3507 2030 3579 siquidem

432 3610 698 3665 Damasus
733 3606 974 3675 pontifex
1008 3606 1227 3659 multam
1259 3605 1423 3659 futuri
1464 3603 1646 3658 auxilii
1672 3601 2034 3657 Orientalibus

429 3685 582 3774 spem
626 3701 749 3755 facit
771 3741 784 3763 ,
818 3699 888 3755 ob
918 3714 1077 3768 quam
1112 3698 1293 3752 Basilii
1324 3699 1535 3751 animus
1566 3695 1792 3751 mirifice
1817 3704 2034 3751 erectus

432 3806 538 3860 est,
562 3805 618 3852 et
638 3795 883 3852 exultare
908 3795 1076 3860 visus,
1103 3803 1163 3849 ut
1189 3803 1404 3850 constat
1424 3809 1488 3848 ex
1509 3793 1624 3862 ejus
1650 3791 1879 3860 epistola
1901 3791 2032 3858 253,

430 3890 559 3957 254,
590 3891 719 3946 255.
754 3890 812 3944 In
841 3885 1018 3942 altero
1052 3888 1255 3940 nullum
1288 3888 1402 3955 spei
1436 3887 1611 3938 locum
1643 3883 1753 3937 dat.
1787 3883 1918 3937 Nam
1957 3893 2037 3936 ta-

436 3981 595 4036 metsi
641 3978 1073 4047 sapientissimus
1122 3976 1362 4044 pontifex
1412 3973 1696 4042 episcopos
1732 3973 2038 4029 Orientales

435 4083 617 4129 certos
648 4087 768 4127 esse
794 4069 982 4139 jubeat
1006 4109 1020 4134 ,
1055 4083 1176 4122 esse
1203 4082 1260 4121 se
1293 4083 1390 4138 pro
1422 4066 1678 4121 membris
1709 4066 2000 4121 sollicitum
2021 4108 2037 4134 ,

437 4176 626 4237 aperte
659 4176 836 4220 tamen
868 4162 1088 4228 fatetur,
1120 4161 1323 4214 nullum
1355 4158 1498 4214 aliud
1533 4175 1771 4229 przesens
1817 4160 2041 4231 refrige-

441 4262 578 4315 rium
611 4256 888 4328 expectari
913 4270 942 4309 a
989 4269 1048 4310 se
1089 4268 1278 4323 p0sse,
1313 4269 1470 4323 quam
1501 4252 1647 4324 quod
1681 4269 1744 4308 ex
1776 4263 1958 4308 mutua
1987 4253 2041 4307 in

441 4351 728 4409 retinenda
774 4349 880 4406 fide
929 4347 1250 4414 concordia,
1298 4347 1418 4418 capi
1471 4356 1697 4416 poterat.
1754 4347 1810 4404 Si
1861 4347 2042 4416 itaque

444 4449 562 4504 ﬁeri
605 4463 711 4501 non
742 4452 949 4515 potest,
985 4452 1042 4497 ut
1091 4442 1206 4497 haec
1236 4443 1378 4497 inter
1408 4458 1466 4497 se
1496 4442 1766 4497 Contraria
1787 4484 1801 4507 ,
1833 4441 2044 4510 sibique

2129 3226 2212 3280 vel
2241 3226 2346 3279 alio
2377 3226 2616 3280 nondum
2649 3227 2835 3281 adulto
2863 3226 3167 3281 Confectatn
3192 3227 3341 3281 illam
3370 3228 3646 3295 dicamus,
3679 3243 3744 3284 ac

2132 3329 2398 3386 praeterea
2419 3334 2606 3373 errare
2629 3319 2774 3384 illos,
2801 3319 2887 3388 qui
2911 3319 3222 3385 concilium,
3247 3319 3428 3389 inquo
3452 3320 3744 3374 damnatus

2132 3411 2502 3481 Apollinarius
2543 3429 2666 3468 cum
2713 3413 3000 3469 Timotheo
3045 3411 3180 3481 fuit,
3225 3413 3277 3467 in
3310 3429 3509 3467 anntun
3555 3412 3746 3468 confe-

2133 3509 2410 3562 runt578.

2208 3599 2296 3654 iV.
2355 3599 2660 3655 Fatendum
2713 3602 2930 3672 quidem
2987 3613 3105 3670 est,
3161 3618 3234 3660 ex
3290 3604 3392 3661 hoc
3444 3604 3751 3676 fragmento

2136 3677 2467 3762 Apollinaris
2491 3709 2712 3760 nomen,
2742 3708 2807 3750 ac
2827 3695 3098 3751 Timothei
3129 3699 3177 3751 in
3203 3712 3265 3751 ea
3289 3698 3498 3770 synodo
3521 3699 3754 3754 damna-

2139 3794 2250 3840 tum
2281 3784 2472 3851 fuisse,
2505 3787 2729 3842 minime
2757 3789 2974 3857 probari
2997 3804 3183 3860 posse,
3205 3790 3302 3846 sed
3326 3790 3444 3861 ejus
3465 3792 3753 3848 dumtaxat

2138 3875 2362 3944 impium
2389 3876 2580 3948 dogma
2605 3881 2999 3949 proscriptum;
3030 3891 3086 3935 at
3109 3881 3210 3937 hoc
3237 3881 3432 3938 validis
3461 3900 3755 3955 argumen-

2143 3971 2209 4023 tis
2239 3969 2457 4026 aliunde
2487 3973 2669 4042 petitis
2695 3974 3002 4029 conficitur.
3040 3976 3196 4030 Enim
3229 3993 3356 4034 vero
3385 3978 3513 4048 quin
3557 3980 3755 4034 Dama—

2141 4076 2234 4116 sus
2286 4062 2336 4114 in
2387 4064 2652 4128 concilio,
2707 4059 2800 4119 cui
2848 4066 3038 4121 Petrus
3088 4067 3498 4125 Alexandrinus
3545 4071 3755 4138 adfuit,

2144 4165 2430 4225 utrumque
2458 4155 2828 4226 damnaverit,
2857 4160 3136 4232 graduque
3180 4165 3440 4233 moverit,
3469 4180 3626 4221 nemo
3654 4167 3759 4221 du-

2145 4246 2431 4311 bitaverit,
2467 4250 2561 4319 qui
2590 4251 2832 4322 ejusdem
2867 4253 3079 4309 Damasi
3109 4256 3175 4310 ad
3207 4256 3510 4315 Orientales
3541 4261 3758 4330 episto-

2146 4339 2253 4394 lam
2301 4353 2516 4396 sextam
2564 4343 2779 4414 legerit.
2816 4345 2927 4402 Hoc
2959 4357 3223 4416 praeterea
3261 4362 3450 4418 aperte
3494 4361 3753 4409 asserunt

2150 4432 2375 4489 Rufinus
2411 4435 2516 4506 (ά),
2552 4436 2889 4494 Sozomenns
2914 4439 3007 4514 (e),
3031 4456 3094 4496 ac
3120 4443 3363 4515 episc0pi
3388 4447 3634 4502 nonnulli
3686 4449 3747 4503 in

444 4555 750 4612 repugnans
791 4537 963 4594 oratio
1006 4537 1074 4592 ab
1123 4551 1227 4590 una
1281 4536 1580 4606 eademque
1624 4535 1851 4607 synodo,
1886 4547 2044 4604 atque
2071 4526 2124 4586 D
2151 4525 2343 4580 litteris
2370 4527 2434 4580 ad
2468 4526 2666 4582 Rufum
2697 4529 3240 4589 Thessalonicensem
3271 4536 3542 4606 Ephesino
3570 4540 3760 4595 eonci-

443 4648 552 4686 uno
605 4632 905 4700 eodemque
937 4639 1182 4697 tempore
1211 4628 1449 4698 profecta
1474 4628 1564 4692 sit,
1593 4643 1781 4680 eorum
1815 4625 2044 4680 alterum

443 4720 866 4791 fragmentornm
910 4720 976 4774 ad
1017 4735 1212 4784 unam,
1257 4719 1489 4772 alterunt
1537 4734 1665 4772 vero
1706 4717 1771 4772 ad
1820 4717 2046 4772 alteram

447 4814 717 4885 pertineat
747 4827 970 4867 necesse
997 4823 1079 4865 est
1099 4853 1112 4874 ,
1146 4811 1379 4879 primum
1412 4809 1715 4867 scilicetad
1744 4825 1894 4869 eam.
1927 4827 2047 4879 quae

449 4923 592 4960 anno
614 4904 718 4958 574
749 4913 1074 4973 eottgregata
1109 4901 1307 4960 fuerat.
1341 4917 1404 4956 ac
1433 4901 1631 4956 Basilio
1675 4912 1925 4973 pergrata
1953 4917 2044 4957 ac-

449 4999 599 5060 cidit,
629 4998 855 5052 alterum
888 5010 1016 5050 vero
1045 4994 1111 5049 ad
1136 5010 1274 5059 eam,
1308 4993 1376 5050 de
1403 5010 1504 5065 qua
1541 5011 1682 5049 nunc
1705 4997 1934 5066 agimus.

522 5092 609 5147 Ill.
658 5092 917 5145 Damasus
951 5089 1112 5159 igitur
1148 5088 1229 5142 his
1258 5091 1496 5158 acceptis
1525 5105 1553 5142 a
1592 5089 1792 5145 Basilio
1822 5091 2046 5157 litteris,

450 5193 742 5243 convocata
773 5181 1009 5255 synodo,
1043 5181 1129 5236 cui
1162 5180 1354 5235 Petrus
1397 5180 1796 5234 Alexandrinus
1843 5179 2046 5247 adfuit,

451 5295 515 5334 ac
548 5278 849 5334 Dorotbeus
881 5275 1164 5346 presbyter
1184 5271 1538 5328 Orientalium
1574 5273 1812 5342 legatus,
1848 5275 2050 5342 Apolli-

453 5373 661 5424 narium
685 5388 804 5426 cum
827 5369 1114 5424 Timotheo
1136 5366 1431 5432 damnavit,
1457 5373 1836 5436 amententque
1860 5382 2046 5422 eorum

450 5462 700 5517 haeresim
725 5465 791 5517 ab
815 5462 1054 5518 Ecclesia
1076 5459 1413 5532 proscripsit.
1437 5458 1555 5527 Quo
1579 5474 1704 5514 vero
1727 5458 1794 5514 ad
1818 5457 2048 5515 Enstha-

523 5599 604 5673 (α)
643 5598 764 5673 Vid.
799 5613 916 5666 cap.
950 5599 1001 5652 6.

544 5670 594 5744 υ)
636 5671 751 5744 Lib.
781 5685 853 5744 t_v,
879 5670 1110 5744 caper.

544 5675 594 5744 b)
636 5675 751 5725 Lib.
781 5685 853 5734 tv,
879 5687 995 5738 cap.
1021 5675 1110 5723 57.

519 5675 590 5818 ἒς)
635 5742 754 5798 th.
787 5741 916 5810 Pag.
946 5739 1012 5793 ad
1039 5754 1167 5794 ann.
1195 5739 1323 5807 378,
1351 5756 1501 5798 num.
1533 5739 1586 5809 5,
1615 5741 1670 5796 6.

2151 4621 2223 4674 lio
2253 4621 2471 4676 insertis
2499 4621 2593 4694 (ι’).
2630 4624 2699 4680 At
2727 4634 3012 4698 utrumque
3042 4629 3091 4682 in
3119 4629 3222 4685 hoc
3247 4631 3388 4701 ipso,
3417 4631 3485 4687 de
3511 4648 3617 4703 quo
3641 4633 3761 4704 agi-

2151 4729 2300 4778 mus,
2349 4717 2580 4771 eoneilio
2608 4717 2953 4784 damnatum,
3013 4721 3291 4789 graduque
3342 4734 3547 4780 motum
3594 4735 3650 4781 et
3687 4727 3760 4784 ab

2153 4808 2393 4862 Ecclesia
2429 4809 2728 4879 projectum
2748 4855 2762 4878 ,
2795 4829 2864 4868 ex
2897 4813 3096 4870 Basilio
3124 4816 3179 4870 ni
3203 4816 3381 4883 fallor,
3406 4821 3758 4876 manifestum

2152 4901 2229 4954 fit.
2266 4901 2448 4972 Neque
2487 4903 2630 4957 enim
2659 4905 3028 4974 Apollinarins
3078 4910 3324 4964 meritam
3358 4911 3498 4968 hanc
3535 4924 3760 4968 senten»

2155 4995 2281 5048 tiam
2329 5011 2519 5065 passus
2560 4996 2765 5064 fuerat,
2811 5014 2934 5054 cum
2965 4999 3107 5055 idem
3141 5001 3370 5058 Basilius
3408 5021 3529 5060 eunt
3561 5004 3763 5062 detulit

2152 5087 2218 5143 ad
2241 5091 2595 5158 apostolicam
2618 5093 2824 5154 sedem.
2851 5091 3111 5164 petiitque
3137 5104 3242 5151 tam
3266 5099 3425 5153 anxie
3447 5108 3504 5153 ut
3524 5098 3762 5155 damna-

2153 5190 2322 5235 retur.
2371 5181 2506 5235 Hinc
2537 5185 2589 5236 in
2633 5183 2825 5238 litteris
2863 5185 2929 5239 ad
2965 5186 3335 5258 l’atrOphilnm
3362 5188 3618 5262 Egensis
3654 5192 3764 5250 Ec-

2151 5272 2333 5327 clesia:
2363 5274 2676 5344 epist-epam
2707 5275 2850 5330 circa
2882 5276 2985 5334 hoc
3016 5288 3229 5350 tempus
3258 5281 3514 5352 scriptis,
3547 5285 3764 5355 Apolli-

2153 5369 2362 5421 narium
2391 5371 2465 5423 ait
2488 5386 2546 5424 se
2581 5387 2688 5425 non
2729 5371 2929 5428 habere
2962 5375 3234 5430 inimicum
3255 5417 3268 5440 ,
3299 5392 3626 5449 quamquam
3654 5393 3762 5435 nec

2152 5461 2222 5514 ita
2256 5462 2491 5518 amicum
2523 5461 2739 5533 habeat,
2772 5475 2830 5521 ut
2860 5466 2978 5537 ejus
3009 5468 3062 5523 in
3089 5483 3148 5523 se
3177 5472 3547 5528 accusationes
3583 5471 3762 5528 susci-

2217 5598 2299 5672 (d)
2344 5599 2459 5656 Lib.
2486 5617 2570 5668 x1,
2600 5617 2724 5672 cap.
2747 5603 2838 5660 20.

2226 5671 2297 5743 (e)
2339 5673 2457 5726 Lib.
2493 5691 2566 5740 vr,
2600 5671 2720 5743 cap.
2749 5674 2840 5727 25.

2220 5741 2288 5815 (Ῑ)
2329 5746 2496 5800 Cone.
2529 5741 2824 5802 Veniedit.
2851 5755 2983 5804 tom.
3019 5747 3106 5817 lll,
3139 5765 3194 5822 p.
3231 5751 3392 5808 ΗΠ.
