4138 6178
399 282 500 336 177

1761 275 2300 335 PBOLEGOMENA.

3607 280 3712 338 178

395 398 545 466 piat,
577 407 698 451 cum
727 393 910 466 potius
941 395 1084 458 sint,
1117 409 1237 464 quae
1271 393 1322 448 in
1353 406 1419 450 eo
1454 391 1819 463 reprehendat
1866 407 2003 448 non-
2033 400 2084 458 Α
2113 393 2503 463 impudentiam
2527 393 2592 450 iis
2618 402 2801 448 notam
2834 394 3055 462 faceret,
3083 393 3222 452 alter
3242 402 3301 450 ut
3324 409 3419 451 eos
3445 395 3712 464 laudaret,

395 491 561 546 nullis
591 489 741 543 lectis
786 489 957 558 ipsius
1005 488 1156 543 libris
1184 488 1288 558 (ο).
1323 489 1523 542 Contra
1553 503 1682 542 vero
1723 487 2007 555 Apollina-

396 586 543 641 rium
589 600 683 654 pro
711 584 1002 647 haeretica,
1039 582 1388 652 projeetoque
1434 583 1622 636 habuit
1653 582 1718 635 ab
1746 581 2008 636 Ecclesia:

401 694 652 749 corpore,
678 679 858 732 statim
887 693 950 732 ac
981 677 1281 732 Dorotheus
1311 679 1376 731 ab
1410 677 1552 732 Urbe
1584 676 1762 742 rediit,
1799 677 2007 730 attulit-

404 788 513 843 que
535 771 841 843 synodicant
871 770 1016 824 illam
1063 770 1273 824 Damasi
1299 769 1608 838 epistolam.
1639 769 1838 825 Scribit
1859 768 2006 823 enim

404 866 471 921 ad
504 867 815 936 Eulogium,
846 863 1216 919 Alexandrum
1258 875 1309 918 et
1358 863 1862 933 Harpocr‘ationem,
1913 878 2008 917 ex-

403 961 546 1017 Sules
575 974 671 1029 pro
699 958 806 1013 ﬁde
854 958 1176 1027 episcopos,
1207 955 1275 1011 de
1301 956 1496 1026 quibus
1541 957 1648 1009 alio
1678 956 1796 1009 loco
1827 965 2003 1009 actum

398 1071 425 1108 a
454 1053 606 1108 nobis
629 1061 734 1119 est,
773 1066 975 1121 eosque
1005 1050 1206 1116 laudat,
1237 1050 1378 1120 quod
1413 1046 1744 1118 Apollinaris
1765 1062 2007 1100 commu-

391 1147 613 1200 nionem
646 1144 951 1214 rejecerant
974 1185 988 1208 ,
1017 1153 1179 1210 atque
1218 1142 1486 1205 hortatur,
1531 1151 1584 1193 ut
1612 1157 1726 1193 eum
1761 1150 2006 1194 conentur

389 1241 458 1293 ad
489 1239 614 1292 bene
645 1237 981 1291 constitutum
1015 1233 1264 1288 Ecclesia:
1291 1235 1523 1287 ordinem
1553 1235 1823 1298 reducere,
1863 1233 2008 1302 eique

393 1335 594 1405 fortiter
615 1341 766 1386 recte
797 1331 920 1399 ﬁdei
946 1329 1189 1401 dogmata
1222 1337 1512 1398 praponant
1534 1369 1548 1392 ,
1589 1338 1642 1380 ut
1673 1328 1815 1381 illius
1835 1343 2008 1380 emen-

399 1427 544 1481 datio
573 1426 848 1495 manifesta
885 1425 1008 1491 ﬁat,
1042 1441 1102 1477 ac
1142 1422 1388 1492 fratribus
1417 1425 1697 1477 innotescat
1727 1424 1871 1477 illius
1902 1439 2007 1492 pae-

400 1519 618 1572 nitentia
643 1517 737 1588 (b).
769 1515 876 1570 Cur
904 1531 1034 1571 vero
1076 1514 1181 1569 alia
1209 1516 1276 1570 de
1303 1513 1638 1584 Apollinario
1679 1521 1803 1567 ante
1834 1513 2006 1568 Doro-

397 1612 507 1666 thei
541 1612 664 1676 iter,
695 1611 804 1665 alia
833 1625 964 1664 vero
995 1620 1116 1679 post
1150 1609 1266 1678 ejus
1311 1609 1543 1663 reditum
1587 1609 1787 1663 Basilio
1816 1624 2002 1675 mens,

395 1705 699 1778 agendique
745 1705 886 1759 ratio
932 1703 1101 1758 fuisse
1131 1705 1336 1773 potuit,
1386 1718 1543 1773 quam
1577 1705 1698 1773 quia
1733 1711 1851 1772 post
1882 1719 2002 1758 eam

2113 488 2256 558 quod
2284 503 2472 542 eorum
2499 489 2933 542 communionem
2964 498 3150 556 aperte
3173 489 3494 557 rejecerant.

2186 581 2248 636 V.
2285 582 2490 636 Praeter
2519 583 2654 645 lucc,
2687 598 2804 649 quae
2836 580 3066 636 feliciter
3122 582 3368 636 confecta
3414 583 3564 651 vidit,
3613 583 3717 638 Do-

2112 675 2360 728 rotheum
2391 690 2495 726 non
2530 674 2834 744 neglexisse
2862 675 3104 744 episcopi
3133 676 3214 729 sui
3249 675 3446 730 Mcletii
3467 691 3712 746 causam,

2114 775 2224 820 tum
2257 766 2556 821 verisimile
2587 779 2691 832 est,
2724 777 2834 821 tum
2860 767 3089 822 Basdius
3120 769 3306 837 probat
3338 770 3391 824 in
3425 772 3612 825 eadem
3645 771 3713 825 ad

2110 862 2326 916 Petrum
2356 861 2781 916 Alexandrinum
2810 862 3062 930 epistola,
3089 865 3218 932 quin
3255 866 3440 931 potius
3472 881 3592 920 eam
3621 880 3713 921 ve-

2112 955 2460 1020 hementiori,
2494 970 2652 1024 quam
2680 955 2818 1010 forte
2850 971 2944 1024 par
2973 967 3086 1010 erat
3116 997 3129 1020 ,
3182 957 3360 1010 studio
3400 959 3466 1010 ab
3507 974 3570 1012 eo
3602 967 3714 1012 tra-

2111 1058 2310 1103 ctatam
2343 1049 2604 1104 discimus
2627 1065 2694 1104 ex
2725 1051 2808 1104 his
2847 1049 3088 1119 ejusdem
3119 1049 3298 1104 Basilii
3331 1051 3510 1105 verbis
3540 1069 3552 1104 :
3599 1051 3714 1107 Nos

2110 1152 2280 1196 autem
2309 1145 2360 1196 in
2391 1145 2655 1197 tristitiam
2697 1145 2912 1214 conjecit
2959 1143 3118 1210 frater
3172 1153 3343 1197 noster
3395 1142 3712 1212 Dorotheus,

2110 1239 2246 1306 quod
2275 1248 2329 1290 ut
2357 1239 2467 1309 ipse
2494 1239 2768 1307 scripsisti,
2800 1254 2905 1290 non
2935 1238 3105 1291 omnia
3137 1237 3315 1292 leniter
3351 1248 3398 1291 et
3452 1249 3715 1293 mansuete

2110 1333 2296 1386 dixerit
2321 1332 2562 1403 dignitati
2593 1342 2711 1386 tum.
2770 1331 2828 1386 Is
2871 1348 3102 1386 reversus
3123 1332 3246 1385 mihi
3287 1333 3538 1398 narravit,
3590 1349 3716 1402 quos

2109 1441 2284 1477 coram
2309 1423 2538 1478 Damaso
2592 1423 3022 1478 reverendissimo
3058 1425 3295 1496 episcopo
3318 1440 3432 1477 cum
3461 1435 3549 1478 tua
3582 1440 3716 1494 pra:-

2109 1519 2299 1571 stantia
2321 1535 2598 1580 sermones,
2637 1518 3036 1588 disputationes,
3066 1517 3340 1582 habuisset,
3380 1535 3439 1570 ac
3482 1518 3715 1571 dolorem

2111 1612 2235 1663 mihi
2257 1610 2524 1678 afferebat,
2555 1627 2671 1664 cum
2703 1611 2889 1664 diceret
2921 1621 3217 1663 numeratos
3247 1611 3300 1662 in
3319 1610 3525 1663 Arionis
3553 1611 3714 1681 fuisse

2109 1707 2522 1776 religiosissimos
2551 1710 2741 1771 fratres
2764 1705 3141 1768 comministros
3192 1713 3393 1758 nostros
3445 1703 3713 1757 Meletium

395 1798 663 1871 synodum
709 1797 888 1852 nullus
930 1805 1216 1865 supererat
1258 1795 1325 1851 de
1370 1795 1612 1866 ejusdem
1658 1796 2008 1852 damnatione
2037 1799 2082 1858 B
2113 1811 2158 1853 et
2186 1799 2486 1852 Eusebium.
2523 1799 2684 1853 Forte
2716 1799 2894 1868 itaque
2925 1813 3048 1853 cum
3085 1799 3386 1852 Dorotheus
3413 1799 3712 1852 vehemen-

394 1892 708 1963 ambigendi
733 1892 921 1946 locus?

471 1988 608 2043 Huic
627 1989 810 2055 itaque
832 1986 1068 2042 Concilio
1091 1997 1286 2057 praeter
1310 1987 1528 2042 Petrum
1557 1987 2002 2054 Alexandrinum,

407 2095 472 2135 ac
513 2080 842 2136 Dorotheum
894 2081 1267 2152 presbyterum
1311 2079 1664 2135 Orientalium
1714 2083 2001 2151 episcopo-

408 2187 527 2225 rum
560 2171 772 2225 nomine
802 2179 1050 2240 agentem
1071 2212 1084 2237 ,
1119 2171 1436 2226 Timotheus
1465 2171 1703 2226 adfuisse
1729 2173 1918 2228 debuit
1940 2189 2006 2227 eo

409 2265 632 2330 missus,
681 2275 736 2319 ut
771 2265 1101 2334 Apollinaris
1131 2281 1348 2320 causam
1385 2274 1626 2320 tueretur
1659 2265 1754 2338 (c).
1803 2267 1872 2320 At
1917 2265 2005 2320 hic

405 2357 565 2412 etiam
601 2375 722 2412 cum
756 2359 1013 2428 magistro
1044 2374 1142 2412 suo
1189 2359 1508 2426 damnatus,
1555 2368 1612 2412 ut
1643 2359 1695 2412 in
1727 2361 2002 2414 Urientem

400 2449 585 2516 rediit,
617 2450 966 2505 simulatione
1007 2451 1152 2504 omni
1196 2452 1462 2520 depasita,
1487 2452 1538 2504 in
1568 2461 1812 2520 apertum
1843 2451 2006 2506 furio-

399 2559 629 2614 sumque
648 2543 882 2598 schisma
907 2545 1168 2613 prorupit,
1187 2559 1248 2598 ac
1270 2545 1486 2599 Petrum
1506 2545 1754 2600 eumdem
1773 2544 2007 2600 Alexan-

401 2635 649 2701 drinum,
682 2636 936 2689 Basilium
963 2647 1258 2705 prmterea,
1292 2637 1652 2708 Epiphaniam
1676 2680 1692 2706 ,
1737 2653 1801 2693 ac
1826 2639 2007 2693 Pauli-

401 2744 530 2783 num
565 2727 1003 2783 anathematizare
1041 2743 1202 2783 ausus
1232 2739 1348 2794 est,
1383 2729 1516 2784 alios
1560 2730 1768 2785 scilicet
1811 2741 1865 2784 ut
1908 2731 2007 2788 Sa—

401 2821 697 2886 bellianOs,
744 2821 879 2875 alios
920 2836 1095 2875 autem
1143 2831 1203 2875 ut
1245 2821 1567 2887 Tritheitas,
1611 2833 1668 2876 ut
1711 2839 1811 2893 ego
1855 2833 2002 2893 puto,

400 2929 526 2970 cum
561 2915 954 2984 Apollinariani
995 2917 1064 2970 de
1097 2926 1239 2970 recta
1274 2931 1387 2985 pro:
1417 2919 1630 2971 caeteris
1665 2919 1714 2970 in
1744 2918 2006 2972 Trinitate

405 3007 514 3063 fide
543 3024 666 3064 sese
692 3007 973 3075 efferrent,
998 3019 1160 3078 atque
1190 3009 1290 3063 alia
1335 3010 1478 3064 nulla
1512 3010 1804 3078 excogitari
1837 3012 2008 3079 possit

403 3115 590 3166 causa,
617 3115 716 3154 cur
737 3101 884 3154 viros
907 3100 1029 3155 illos
1052 3101 1426 3154 sant-tiSsitnos
1448 3111 1606 3170 atque
1631 3103 2007 3172 integerrimos

2111 1893 2214 1947 tior
2235 1901 2401 1955 esset,
2429 1907 2588 1961 quam
2619 1891 2856 1954 deceret,
2875 1905 2936 1944 ac
2963 1889 3159 1943 Meletii
3192 1905 3301 1959 prie
3330 1889 3537 1942 Paulini
3565 1903 3718 1943 com-

2109 1989 2419 2043 tnunionem
2477 1987 2812 2040 retinendam
2870 1983 3265 2050 contenderet,
3335 1981 3567 2047 Petrus,
3618 1980 3714 2052 qui

2109 2080 2389 2136 Athanasii
2417 2081 2656 2150 vestigiis
2685 2079 2954 2133 inhaerens
2980 2093 3010 2131 a
3042 2078 3262 2132 Paulino
3292 2076 3490 2142 stabat,
3544 2085 3604 2130 ιιι
3625 2075 3711 2130 di-

2108 2174 2400 2242 Sputatoris
2429 2173 2824 2228 vehementiam
2875 2171 3209 2237 retunderet,
3262 2169 3465 2238 objecit
3513 2171 3708 2226 iterum

2111 2277 2220 2321 tum
2251 2275 2514 2322 retentam
2547 2281 2576 2320 a
2604 2266 2820 2320 Meletio
2847 2276 2899 2320 ct
2929 2264 3164 2320 Eusebio
3198 2278 3320 2318 cum
3362 2263 3580 2326 Acacio,
3623 2271 3708 2319 at-

2108 2376 2212 2431 que
2243 2361 2456 2414 Arianis
2507 2363 2852 2425 societatem;
2900 2367 3012 2411 tum
3061 2365 3339 2425 praeterea,
3387 2355 3531 2426 quod
3584 2372 3707 2411 cmn

2109 2440 2448 2509 hommnsion
2477 2455 2826 2524 praeferrent,
2853 2453 2920 2507 ab
2951 2453 3234 2507 homousio
3275 2451 3532 2506 recedere
3557 2449 3713 2506 vide-

2111 2561 2318 2611 rentur,
2349 2557 2510 2614 atque
2533 2547 2597 2600 ad
2625 2548 2858 2602 Arianos
2882 2547 3028 2618 ipsos
3080 2546 3332 2600 transire.
3389 2544 3516 2600 Haec
3563 2547 3710 2598 enim

2110 2657 2228 2711 quae
2255 2650 2381 2695 tunc
2408 2641 2634 2694 invaluit
2672 2640 2930 2708 suspicio,
2963 2641 3221 2709 deinceps
3251 2639 3410 2694 etiam
3431 2676 3438 2683 κ
3461 2639 3551 2692 diu
3580 2654 3708 2708 per-

2111 2737 2294 2791 multis
2325 2737 2500 2801 ltzesit,
2520 2753 2582 2792 ac
2607 2737 2992 2808 Hieronymum
3025 2737 3254 2799 induxit,
3281 2748 3335 2791 ut
3369 2735 3710 2794 inChronico

2111 2829 2394 2894 scriberet,
2422 2827 2776 2893 Meletium,in
2800 2828 3135 2884 Antiochena
3161 2828 3392 2897 synodo,
3417 2829 3706 2896 liomonsio,

2109 2937 2438 2990 auoma'oque
2487 2924 2698 2993 rejecto,
2746 2919 2969 2974 medium
3027 2921 3160 2976 inter
3211 2924 3320 2974 hazc
3372 2920 3709 2985 homwusion,

2113 3012 2544 3068 Macedonianum
2573 3014 2761 3085 dogma
2789 3014 3123 3067 vindicavisse
3152 3030 3170 3067 :
3224 3029 3287 3068 ac
3313 3028 3528 3067 causam
3560 3011 3712 3067 dedit

2112 3105 2248 3162 libro
2273 3107 2410 3160 inter
2438 3106 2717 3160 Athanasii
2750 3122 2911 3176 opera
2947 3107 3230 3174 impresso,
3279 3106 3368 3177 qui
3398 3103 3710 3159 inscribitur

400 3198 887 3251 excommunicare
931 3211 1098 3251 ausus
1144 3195 1327 3251 fuerit.
1375 3196 1546 3265 Hujus
1594 3199 1670 3252 rei
1721 3199 1874 3253 testis
1923 3189 2080 3255 estC
2112 3197 2378 3269 Refutatio
2419 3198 2707 3268 hypocrisis
2760 3197 2976 3262 Meletii,
3007 3208 3056 3252 et
3109 3197 3318 3251 Eusebii
3356 3195 3705 3262 Samosateni,

403 3287 595 3343 Petrus
634 3290 750 3359 ipse
793 3288 846 3343 in
879 3283 1103 3359 epistola
1136 3290 1205 3342 ad
1243 3291 1538 3361 episwpos,
1574 3293 1922 3363 presbyteros,
1961 3304 2008 3348 et

400 3383 647 3435 diaconos
688 3399 782 3454 pro
831 3399 946 3436 vera
993 3383 1095 3450 ﬁde
1138 3383 1190 3437 in
1237 3384 1418 3437 exsilio
1469 3386 1800 3452 constitutos,
1855 3386 2009 3456 cujus

398 3473 766 3544 fragmentum
813 3475 1102 3529 Facundus
1135 3475 1216 3547 (d)
1265 3476 1476 3532 recitat.
1527 3480 1608 3530 An
1655 3493 1782 3532 νυνι»
1826 3477 2009 3533 Timo-

397 3568 560 3622 theus
587 3569 638 3622 id
668 3569 892 3623 sceleris
921 3585 1084 3624 ausus
1109 3571 1212 3634 sit,
1249 3580 1530 3639 postquam
1556 3571 1696 3624 idem
1729 3572 1918 3626 Petrus
1939 3572 2005 3627 ad

399 3657 702 3716 Ecclesiam
733 3676 886 3715 suam
921 3677 1177 3717 reversus
1221 3661 1423 3728 fuerat,
1467 3677 1534 3716 an
1578 3677 1708 3718 vero
1737 3679 1858 3717 cum
1893 3680 2008 3717 ma-

399 3770 513 3809 ratn
551 3755 739 3809 Romae
766 3755 942 3809 adhuc
976 3759 1247 3820 traheret,
1297 3756 1460 3809 statui
1488 3771 1592 3809 non
1623 3764 1820 3823 potest.
1851 3757 2006 3824 Quod

398 3849 663 3904 afl‘irmari
707 3865 736 3904 a
768 3865 853 3904 me
881 3863 1041 3918 posse
1073 3861 1223 3918 puto,
1256 3849 1381 3903 illud
1426 3858 1542 3915 est,
1590 3849 1690 3902 hoc
1719 3834 2004 3919 accidisse,

399 3951 688 4010 postquam
717 3940 1052 4010 Epiphanius
1077 3957 1199 3994 cum
1236 3940 1392 3994 Vitali
1419 3941 1722 3995 Antiochia:
1751 3956 2007 4012 Congres-

400 4046 498 4085 sus
531 4032 724 4101 fuerat,
753 4033 825 4085 ab
863 4048 1040 4103 eoque
1071 4037 1106 4086 Α
1120 4033 1455 4103 pollinarista
1487 4034 1702 4089 detecto
1723 4077 1736 4101 ,
1770 4041 1890 4090 sese
1920 4051 2008 4091 se-

404 4135 716 4195 paraverat,
749 4141 810 4180 ac
844 4139 1122 4196 p05tquam
1157 4127 1386 4180 Basilius
1425 4127 1490 4180 ad
1524 4128 1707 4183 sedem
1751 4129 2007 4198 apostoli-

401 4233 523 4272 cam
553 4219 946 4288 Apollinarium
977 4219 1264 4285 detulerat,
1291 4220 1642 4290 dan'tnarique
1664 4222 2001 4277 obtinuerat:

404 4325 582 4379 neque
611 4312 756 4365 enim
785 4322 902 4365 erat
930 4327 1088 4367 causa
1110 4355 1123 4376 ,
1168 4328 1264 4367 cur
1292 4314 1354 4366 iis
1382 4327 1509 4368 ante
1541 4313 1644 4367 hoc
1674 4322 1884 4383 tempus
1915 4329 2008 4370 ve-

404 4418 570 4457 sanus
600 4404 761 4457 homo
793 4405 1078 4460 anathema
1103 4405 1307 4460 diceret
1339 4423 1352 4459 :
1386 4406 1597 4460 videtur
1628 4416 1808 4460 tamen
1841 4422 2003 4461 vero-

409 4493 635 4549 similius
656 4537 670 4559 ,
720 4495 835 4550 ha-c
863 4511 892 4550 a
922 4496 1206 4550 Timotheo
1238 4507 1542 4566 perpetrata
1590 4498 1818 4567 flagitia,
1859 4507 2007 4570 post-

2110 3301 2157 3344 et
2184 3291 2438 3345 sociorum
2457 3294 2701 3344 adversus
2731 3288 3345 3345 Consubstantialitatem.

2182 3386 2251 3440 At
2275 3387 2535 3440 Damasus
2563 3401 2648 3452 ea,
2676 3401 2779 3455 qua
2805 3385 3061 3453 prmditus
3090 3395 3206 3437 erat
3232 3382 3516 3452 sapientia,
3546 3391 3709 3452 atque

2108 3476 2272 3530 animi
2303 3477 2631 3542 constantia,
2685 3477 2819 3530 nihil
2863 3476 3100 3531 dCC€S>il
3145 3491 3172 3528 ιι
3225 3484 3486 3545 coner-pta
3537 3475 3710 3530 semel

2110 3570 2441 3640 deﬁnitaque
2462 3571 2755 3624 sententia.
2775 3570 2960 3638 Neque
2991 3571 3133 3625 enim
3150 3554 3530 3625 ecclesiastica:
3549 3568 3710 3622 disci-

2110 3665 2270 3735 plina:
2291 3665 2427 3718 ratio
2446 3665 2764 3732 patiebatur,
2785 3663 3229 3730 ut'Paulinus,qui
3247 3662 3711 3732 legitime-ordina-

2110 3768 2196 3813 tus
2215 3758 2478 3822 fuerat,ac
2493 3757 2637 3811 nulla
2653 3774 2888 3825 unquam
2910 3755 3709 3817 haereticorum,communione

2110 3865 2170 3905 se
2203 3850 2491 3920 polluerat,
2511 3850 2599 3919 qui
2628 3864 2824 3918 magno
2849 3850 3028 3903 animo
3053 3862 3352 3918 magnaoue
3380 3847 3707 3912 constantia,

2111 3957 2285 4011 neque
2316 3941 2580 4003 Valentis,
2615 3956 2786 4010 neque
2817 3942 3139 3995 Arianorum
3175 3940 3335 3994 minis
3361 3940 3704 4008 perterritus,

2109 4037 2432 4093 catholicam
2489 4036 2648 4091 fidem
2703 4036 2877 4104 palam
2937 4036 3213 4104 professus
3273 4034 3472 4101 fuerat,
3548 4051 3708 4105 quem

2111 4131 2470 4202 Hieronymus
2497 4131 2860 4194 confessorem,
2891 4127 3116 4184 Rufinus
3155 4129 3320 4181 virum
3364 4139 3616 4192 sanctum,
3649 4145 3712 4182 ac

2111 4241 2202 4289 per
2231 4225 2402 4278 omnia
2433 4222 2717 4277 sacerdotio
2750 4223 2961 4294 dignum
2991 4221 3250 4290 appellat,
3304 4222 3714 4289 posthaherctur

2111 4318 2348 4385 Meletio,
2374 4318 2462 4387 qui
2491 4315 2883 4371 Antiochenam
2909 4315 3204 4369 Ecclesium
3235 4316 3398 4368 Veluti
3431 4315 3708 4383 pra-mium

2110 4411 2353 4467 criminis
2379 4410 2708 4474 obtinuerat,
2738 4423 3064 4477 quamquam
3110 4422 3297 4461 eorum
3343 4407 3587 4461 societati
3623 4421 3712 4459 re-

2110 4503 2432 4559 nuntiasset.
2459 4500 2658 4556 Contra
2685 4515 2832 4562 vero,
2855 4511 3014 4568 atque
3039 4499 3110 4553 ob
3138 4498 3278 4552 hanc
3304 4512 3544 4561 causam,
3568 4495 3715 4564 quod

410 4600 570 4654 quam
613 4587 802 4641 Petrus
839 4588 1218 4643 Alexandriam
1265 4603 1512 4643 reversus
1543 4589 1840 4645 Romanam
1868 4591 2006 4646 hanc
2029 4573 2083 4633 D
2113 4597 2243 4653 Atio
2269 4594 2555 4649 anathema
2589 4593 2833 4656 dixisset,
2864 4605 2928 4646 ac
2960 4604 3058 4659 pro
3082 4605 3205 4643 vera
3258 4588 3362 4642 fide
3403 4587 3557 4642 exsul
3583 4598 3709 4642 tunc

409 4679 704 4749 synodum,
753 4690 809 4733 ut
839 4680 1064 4736 Rufinus
1094 4684 1198 4746 ait,
1234 4684 1658 4750 conﬁrmaverat,
1710 4699 2008 4755 eorumque

408 4771 793 4828 haereticorum
844 4775 1246 4829 damnationem
1297 4777 1568 4845 episcOpis
1621 4788 1676 4831 et
1741 4778 2000 4834 Ecclesiis

405 4867 507 4920 sub
531 4881 590 4921 se
621 4867 811 4936 positis
839 4868 1270 4924 denuntiaverat.
1308 4869 1673 4939 Apollinarius
1700 4873 1842 4924 enim
1867 4872 2012 4943 ejus-

406 4973 512 5028 que
541 4959 802 5027 asseclas,
837 4971 962 5015 tttnc
992 4977 1238 5029 quaerere
1265 4962 1352 5030 qui
1382 4962 1480 5016 sibi
1523 4965 2005 5030 communicarent,

406 5065 592 5107 contra
651 5054 921 5123 praecipua
971 5050 1358 5109 catholicorum
1408 5058 1784 5125 episcoporum
1836 5059 2008 5126 capita

409 5147 706 5199 calumnias
736 5162 939 5211 serere,
975 5162 1037 5201 ac
1064 5147 1434 5202 dissensiones
1465 5149 1682 5218 ubique,
1713 5160 1766 5204 et
1792 5151 2012 5207 scissio-

410 5253 504 5292 nes
534 5239 896 5294 Ecclesiarutn
929 5241 1166 5295 excitare
1205 5250 1512 5310 coeperunt,
1550 5257 1610 5296 ac
1640 5241 1842 5297 nefaria
1865 5259 2012 5311 quae-

409 5345 533 5400 que,
560 5332 765 5401 pudore
796 5333 944 5387 omni
966 5333 1235 5403 deposito,
1281 5334 1502 5389 audere.
1536 5335 1670 5388 Hinc
1712 5337 1911 5406 quippe
1939 5336 2016 5390 fa-

411 5435 556 5480 ctum
577 5468 591 5491 ,
634 5436 691 5480 ut
736 5427 877 5481 idem
921 5428 1112 5484 Petrus
1133 5471 1146 5492 ,
1179 5439 1233 5483 et
1264 5429 1528 5495 Basilius,
1561 5445 1672 5485 uno
1714 5431 2013 5502 eodemque

414 5529 658 5588 tempore
687 5521 879 5576 iisdem
912 5524 1171 5577 exsulibus
1213 5523 1466 5594 episcOpis
1510 5523 1837 5587 scriberent,
1876 5525 2014 5581 alter

412 5621 473 5668 ut
500 5629 767 5668 summam
820 5614 1090 5670 Timothei
1136 5617 1472 5686 aliorumque
1503 5615 2007 5686 Apollinaristarum

485 5731 567 5803 (ct)
607 5729 780 5803 Epist.
809 5733 938 5802 244,
964 5733 1096 5788 alias
1127 5733 1220 5788 82.

486 5800 570 5874 (δ’)
610 5800 761 5873 Epist
804 5800 931 5874 265,
956 5814 1114 5861 antea
1138 5804 1265 5861 295.

2111 4701 2274 4753 esset,
2295 4707 2413 4762 qua:
2441 4706 2470 4744 a
2496 4691 2655 4744 Petro
2687 4685 3055 4742 Alexandrino
3081 4694 3205 4738 tunc
3231 4684 3366 4737 ferte
3397 4682 3557 4736 illam
3586 4689 3714 4737 sunt

2111 4793 2328 4838 veteres
2355 4781 2786 4845 criminatiOoes,
2830 4778 3055 4831 minime
3082 4775 3400 4840 effecerunt,
3454 4775 3580 4845 quin
3610 4774 3713 4827 Da-

2115 4891 2297 4930 masus
2325 4891 2447 4929 cum
2479 4874 2703 4937 Basilio,
2731 4873 2958 4940 aliisque
2989 4868 3185 4923 Meletii
3226 4878 3279 4922 et
3319 4867 3537 4922 Eusebii
3564 4879 3714 4920 com-

2117 4965 2539 5021 municatoribus
2590 4962 2903 5017 societatem
2951 4974 3227 5015 sacrorum
3289 4973 3531 5022 servans,
3588 4969 3712 5008 cum

2113 5059 2303 5116 eodem
2356 5059 2518 5111 etiam
2567 5056 2782 5109 Meletto
2836 5054 3274 5108 conuuuuionem
3330 5047 3713 5121 mysteriorum

2117 5166 2396 5206 sacrorum
2431 5150 2710 5203 retineret.
2742 5147 2877 5201 llinc
2916 5147 3243 5200 Dorotheum
3288 5142 3463 5210 ipsum
3490 5146 3545 5191 et
3587 5151 3713 5190 san-

2117 5246 2412 5300 ctissimum
2437 5243 2840 5299 Meletianarunt
2892 5241 3118 5310 partium
3153 5235 3494 5305 presbyteros
3543 5229 3716 5284 semel

2120 5340 2426 5402 iterumque
2465 5337 2531 5392 ad
2557 5353 2616 5392 se
2640 5338 2836 5390 missos
2894 5328 3297 5400 perhumaniter
3345 5325 3602 5393 suscepit,
3652 5337 3718 5378 ac

2121 5432 2186 5486 ad
2211 5447 2364 5486 sacra
2393 5431 2574 5482 omnia
2601 5429 2838 5482 admisit.
2877 5424 3098 5478 Ilabitus
3125 5421 3302 5488 itaque
3329 5417 3573 5472 Meletius
3619 5431 3721 5486 pro

2121 5521 2390 5583 Catholica
2420 5525 2677 5593 episcopo
2705 5521 2824 5586 fuit,
2857 5528 2912 5571 at
2965 5516 3187 5570 minime
3237 5528 3357 5568 cum
3389 5527 3455 5567 eo
3487 5513 3617 5566 inita
3664 5520 3722 5566 et

2121 5627 2331 5674 retenta
2354 5625 2500 5671 arcta
2533 5614 2621 5669 illa
2637 5610 2966 5682 conjunctio,
2986 5622 3051 5662 ac
3076 5606 3310 5662 fraterna
3335 5604 3590 5673 charitas,
3613 5616 3721 5671 qua

2188 5733 2263 5805 (c)
2305 5733 2427 5805 _V_id.
2453 5746 2572 5802 cap.
2601 5729 2692 5784 ea.

2194 5800 2273 5876 (ά)
2299 5803 2419 5859 Lib.
2456 5800 2533 5870 tv,
2561 5815 2678 5872 cap.
2705 5800 2760 5855 ἓ.
