4138 6178
422 252 523 311 179

1590 241 1904 299 SANCTUS
1946 237 2271 301 DANASUS
2310 237 2507 295 PAPA.

3608 234 3720 291 180

423 370 759 434 luit-bantur,
791 367 882 436 qui
910 366 1066 435 plena
1091 362 1319 417 Romani
1345 362 1585 430 episcopi
1632 359 2015 414 communione
2036 358 2094 419 Α
2120 358 2203 411 sio
2236 358 2538 426 postulasse
2594 364 2652 408 ut
2683 356 2748 408 ad
2782 354 3069 407 Damasum
3099 352 3213 422 ipse
3242 350 3528 415 scriberet,
3569 366 3723 422 pete-

423 464 647 517 minime
669 459 961 522 carebant,
992 466 1155 524 atque
1199 454 1312 507 haec
1361 470 1480 506 cum
1526 452 1782 507 Flaviano
1825 450 2021 505 Meletii

424 570 739 612 successore
792 544 982 621 agendi
1035 548 1173 603 ratio
1221 562 1252 601 a
1303 547 1431 602 sede
1473 545 1769 616 apostolica
1822 542 2022 598 deinde

427 651 590 704 etiam
625 654 833 699 servata
860 650 972 706 est,
1025 640 1200 694 donec
1226 654 1347 693 cum
1380 653 1569 693 eorum
1618 637 1816 701 altero,
1879 644 2024 689 tran-

429 739 692 803 sactione,
751 736 817 791 de
869 750 970 805 qua
1017 732 1214 787 redibit
1256 748 1460 795 sermo,
1510 746 1630 785 cum
1674 730 1847 782 altero
1897 741 2026 781 vero

426 833 729 901 TheOpltilo
746 828 1148 893 Alexandrino,
1182 836 1236 881 et
1287 825 1676 897 Chrysostomo
1716 822 2022 878 conciliato-

428 930 601 993 ribus,
626 924 995 980 controversia
1028 922 1187 975 linem
1228 920 1433 974 habuit.
1481 919 1617 973 Hinc
1666 932 1793 972 vero
1840 917 2026 986 liquet,

428 1035 593 1091 qnam
622 1017 796 1071 fallaci
842 1016 1187 1085 captiosaquc
1224 1013 1435 1067 ratione
1480 1021 1699 1065 utantur
1748 1010 2025 1079 Dupinius,

430 1112 631 1180 aliique
662 1110 779 1178 ejus
807 1106 1004 1177 ingenii
1040 1106 1306 1169 homines,
1336 1105 1426 1175 qui
1459 1103 1563 1159 hoc
1589 1103 1787 1157 Meletii
1827 1112 1878 1157 et
1908 1101 2031 1156 Fla-

431 1204 575 1257 viani
604 1201 855 1269 exemplo
884 1199 1200 1263 abutuntur,
1236 1198 1560 1268 utprobcnt,
1590 1197 1641 1251 in
1669 1196 1911 1251 Ecclesia
1943 1210 2033 1250 ca-

432 1294 629 1348 tholica
663 1307 783 1347 esse
836 1306 994 1357 posse
1045 1290 1372 1360 aliquando,
1434 1291 1522 1357 qui
1572 1298 1721 1343 extra
1772 1288 2032 1342 Romana:

431 1385 693 1440 Ecclesiae
718 1382 1156 1437 communionem
1179 1381 1264 1434 sit.
1296 1380 1427 1447 Qua:
1473 1381 1615 1435 enim
1664 1395 1788 1433 cum
1818 1379 2033 1433 Meletio

432 1488 488 1533 ct
516 1477 771 1532 Flaviano
798 1490 904 1530 non
936 1473 1235 1529 habebatur
1264 1474 1594 1537 communio,
1628 1489 1731 1525 non
1756 1486 1818 1537 ea
1848 1486 2037 1526 sacro-

434 1588 557 1627 rum
586 1569 966 1642 mysteriorum
981 1567 1210 1638 privatio
1234 1566 1352 1633 fuit,
1382 1564 1475 1620 sed
1507 1576 1670 1619 arcta:
1689 1565 1833 1619 illius
1856 1565 2035 1620 eccle-

435 1666 669 1722 siasticte
713 1664 989 1719 societatis
1019 1672 1071 1718 et
1099 1661 1601 1726 conlmdcratlonis,
1655 1673 1776 1730 qum
1805 1660 2033 1731 presby-

2126 462 2314 521 retque
2364 460 2423 504 ut
2469 450 2702 521 Legatos
2757 452 2807 504 in
2859 448 3137 504 Orientem
3215 448 3475 502 mitteret.
3523 446 3726 512 Quinto

2126 546 2435 603 Occidentis
2464 545 2746 617 episcopos
2785 544 3022 613 acceptis
3054 541 3237 597 Basilii
3284 540 3505 604 litteris,
3563 540 3728 595 Mele-

2130 642 2259 695 tium
2291 651 2478 695 contra
2511 638 2723 693 Damasi
2752 638 3079 691 sententiam
3122 634 3428 704 praetulisse
3474 632 3723 687 Paulino.

2128 734 2292 789 Sexto
2315 732 2689 803 presbyterum
2735 729 3138 784 sanctissimum
3185 728 3254 782 ab
3293 726 3731 782 Occidentalibus

2130 825 2345 889 iisdem,
2373 826 2423 878 iu
2457 824 2733 879 Orientem
2762 838 2883 877 cum
2916 820 3116 879 Sabino
3140 820 3370 887 aliisque
3394 820 3601 888 aliquot
3623 819 3732 873 cle-

2131 920 2261 976 ricis
2284 921 2519 990 legatum
2579 921 2822 973 missum.
2876 917 3005 971 Htcc
3054 916 3199 971 enim
3249 915 3457 979 om‘nia,
3486 928 3607 984 quae
3639 912 3732 968 ille

2130 1013 2340 1079 scribit,
2374 1027 2533 1083 quam
2566 1010 2701 1066 falsa
2731 1010 2865 1076 sint,
2918 1018 3029 1064 tum
3075 1024 3141 1061 ex
3188 1006 3453 1061 recensita
3500 1020 3531 1059 a
3572 1004 3732 1059 nobis

2134 1124 2313 1165 rerum
2366 1117 2637 1179 gestarum
2682 1106 2824 1161 serie
2875 1111 3108 1167 constat,
3161 1112 3273 1156 turn
3320 1110 3579 1171 prmterea
3631 1112 3730 1154 IlOS

2134 1201 2351 1265 docent,
2377 1217 2495 1269 quae
2523 1199 2780 1268 deinceps
2816 1196 3113 1266 indiligenti
3163 1194 3307 1259 huic,
3356 1191 3601 1247 mendaci
3662 1205 3731 1245 ac

2136 1294 2343 1351 insulso
2381 1294 2633 1363 scriptori
2658 1293 2715 1347 in
2750 1288 2965 1347 caeteris
3013 1288 3174 1344 etiam
3200 1284 3336 1342 tides
3376 1282 3568 1339 haberi
3608 1295 3735 1353 pos-

2134 1389 2231 1443 sit.

2743 1477 2971 1535 CAPUT
3008 1475 3121 1532 XII.

2140 1610 2478 1675 377,Dsusr
2505 1607 2871 1676 lamnarum
2900 1621 3023 1663 aue.
3054 1614 3107 1661 tv
3134 1612 3202 1661 ετ
3232 1603 3565 1661 Μειιοιιλυυε
3594 1615 3737 1657 coss.

440 1767 557 1812 tero
585 1774 706 1811 cum
732 1771 831 1810 suo
860 1754 1137 1823 cpiscotio,
1167 1754 1424 1823 episcopo
1456 1767 1577 1805 cum
1602 1767 1714 1804 sua:
1743 1752 2035 1820 provincia:

2175 1767 2187 1779 .
2235 1723 2538 1794 Hieronymi
2585 1722 2654 1776 ad
2705 1719 2985 1777 Damasum
3052 1721 3115 1775 de
3174 1720 3333 1773 tribus
3383 1718 3747 1788 hypostasibus

441 1851 745 1920 episcopis,
772 1865 836 1905 ac
851 1865 972 1902 cum
1004 1848 1247 1901 Romano
1276 1846 1615 1917 potissimum
1640 1844 2033 1909 intercedebat,

440 1945 731 2013 disjunctio
762 1961 771 1994 :
808 1942 1109 2011 cujusmodi
1138 1948 1283 2008 sunt,
1324 1952 1507 1994 mutua
1540 1940 1798 2007 visitatio,
1833 1938 2035 1993 forma-

442 2046 617 2089 tarum
674 2050 736 2089 ac
761 2033 1327 2089 commendatitiarum
1356 2032 1763 2098 commercium,
1805 2032 1855 2085 in
1905 2047 2039 2086 con-

442 2128 581 2182 ciliis
608 2141 916 2192 consessus,
951 2141 1015 2179 ac
1042 2126 1143 2179 alia
1174 2141 1296 2195 qua:
1343 2125 1410 2179 ad
1452 2133 1733 2179 externam
1782 2122 2041 2178 Ecclesiae

442 2222 684 2292 politiatn
713 2221 963 2285 attinent,
1012 2234 1075 2273 ac
1125 2220 1318 2288 quibus
1367 2233 1573 2285 carere,
1624 2219 1938 2287 gravissima
1978 2216 2045 2272 iis

447 2314 785 2384 temporibus
838 2328 994 2382 ptena
1037 2311 1513 2381 reputabatur(a).
1574 2310 1687 2365 Hoc
1734 2311 1877 2389 enim
1936 2318 2042 2377 est,

446 2408 589 2479 quod
621 2408 955 2463 Sozomenus
988 2405 1061 2477 (b)
1094 2406 1225 2461 scite
1254 2405 1474 2471 indicat,
1506 2421 1628 2460 cum
1659 2407 1734 2458 ait
1779 2403 2048 2459 Occiden-

446 2503 586 2557 tales
632 2502 702 2556 ob
760 2500 1002 2555 Flaviani
1058 2500 1229 2570 ipsius
1297 2499 1699 2553 ordinationem
1770 2514 1878 2553 non
1929 2513 2047 2553 me-

448 2593 708 2649 diocriter
734 2592 1062 2663 indignatos,
1110 2592 1178 2645 ad
1227 2590 1513 2659 Paulinum
1562 2592 1765 2661 quidem
1794 2600 2052 2660 tamquam

448 2687 745 2758 episcopum
775 2683 1059 2739 Antiochia:
1080 2693 1350 2737 consuetas
1378 2684 1644 2751 scripsisse
1693 2683 1958 2754 epistolas,
1986 2683 2054 2736 ad

450 2779 764 2834 Flavianum
796 2794 911 2833 vero
932 2779 1128 2833 nullas.
1162 2776 1291 2832 Haac
1319 2794 1449 2832 vero
1491 2788 1732 2833 externae
1779 2777 2056 2832 societatis

452 2873 767 2943 disjunctio,
823 2888 943 2943 quae
970 2872 1260 2942 aliquando
1310 2870 1471 2926 latius
1517 2870 1917 2942 porrigebatur,
1964 2871 2060 2925 ali-

456 2966 675 3038 quando
699 2965 1102 3038 angustiorihus
1134 2966 1333 3021 ﬁnibus
1359 2968 1762 3031 coarctabatur,
1797 2982 1901 3020 non
1932 2981 2061 3035 pro-

458 3062 702 3128 hibcbat,
757 3061 1046 3131 quominus
1095 3060 1194 3125 illi,
1243 3059 1331 3130 qui
1375 3058 1447 3113 ita
1498 3059 1729 3114 abstenti
1780 3068 1982 3127 essent,
2010 3060 2062 3114 in

2214 1818 2442 1889 epistolae
2494 1825 2848 1888 exponuntur,
2906 1825 2951 1868 et
2990 1815 3331 1885 explicantur.
3381 1808 3746 1880 Disquiritur,

2216 1927 2451 1982 quwnam
2483 1909 2637 1979 fuerit
2684 1925 2773 1977 per
2804 1907 2859 1961 id
2888 1917 3115 1976 tempus,
3150 1921 3208 1959 ac
3253 1915 3493 1974 prwterea
3523 1904 3575 1956 in
3606 1900 3748 1957 Con-

2221 2002 2674 2071 stantinopolitano
2743 1999 2960 2053 concilio
3034 1996 3433 2052 recrudescentis
3481 1997 3593 2067 ejus
3644 1994 3751 2047 litis

2219 2112 2399 2150 causa.
2430 2092 2492 2146 11.
2525 2090 2742 2145 Damasi
2780 2091 2847 2144 ad
2882 2088 3261 2161 Hieronymum
3310 2087 3634 2156 rescriptum.
3662 2082 3750 2139 111.

2224 2188 2445 2257 Antiqua
2490 2184 2912 2255 Hieronymiame
2957 2184 3185 2254 epistolae
3221 2182 3370 2235 lectio
3416 2179 3663 2233 retinetur
3707 2186 3754 2233 et

2223 2279 2491 2333 asseritur.
2522 2272 2613 2331 IV.
2640 2277 2717 2330 An
2758 2274 3105 2346 Hieronymus
3142 2272 3357 2327 l’italem
3389 2288 3483 2341 pro
3503 2268 3756 2325 catholico

2224 2369 2503 2425 habuerit?
2529 2366 2596 2422 ν.
2632 2367 2817 2422 Petrus
2851 2366 3065 2421 Damasi
3108 2366 3292 2421 litteris
3329 2365 3396 2418 ad
3439 2363 3609 2420 sedent
3650 2378 3757 2416 res-

2229 2466 2428 2529 titutus,
2463 2461 2834 2516 Alexandriam
2862 2460 3013 2514 redit.

2230 2603 2271 2656 Ι.
2313 2601 2548 2657 Sanctus
2589 2601 2975 2672 Hieronymus,
2998 2597 3090 2670 qui
3118 2598 3185 2653 ad
3212 2595 3488 2653 Chalcidis
3514 2607 3759 2650 eremum

2158 2708 2284 2751 ante
2307 2698 2544 2767 quinque
2582 2695 2802 2750 circiter
2831 2708 3005 2748 annos
3036 2707 3156 2747 sese
3181 2698 3486 2757 receperat,
3516 2687 3764 2742 celebres

2164 2789 2267 2843 hoc
2296 2803 2439 2843 anno
2464 2788 2673 2842 litteras
2702 2787 2931 2840 Damaso
2950 2785 3168 2854 scripsit
3208 2782 3279 2855 (e)
3302 2822 3316 2847 ,
3346 2780 3543 2851 quibus
3569 2778 3765 2849 quaerit

2163 2898 2233 2937 an
2263 2892 2374 2937 tres
2406 2882 2457 2935 in
2492 2881 2601 2935 Deo
2632 2881 2951 2951 bypostases
2981 2878 3223 2932 dicenda:
3263 2876 3371 2930 sint
3397 2916 3412 2939 ,
3443 2883 3499 2928 et
3529 2887 3762 2942 quocum

2164 2974 2675 3033 communicandum
2707 2973 2808 3027 sibi
2840 2971 3139 3027 Antiochiae
3171 2971 3260 3026 sit.
3293 2968 3401 3024 Cur
3428 2983 3521 3022 eas
3553 2965 3765 3020 litteras

2169 3070 2272 3124 hoc
2297 3084 2457 3133 anno,
2483 3080 2576 3121 aut
2598 3068 2770 3121 altero
2796 3067 3018 3121 ineunte
3049 3064 3263 3129 saltem,
3300 3077 3424 3117 cum
3450 3061 3523 3115 cl.
3556 3058 3766 3114 Vallar-

456 3154 725 3219 ecclesiis,
782 3158 833 3206 in
885 3152 1078 3223 quibus
1141 3152 1208 3207 iis
1250 3156 1564 3205 communio
1607 3166 1864 3206 concessa
1920 3160 2051 3213 erat,

2168 3164 2250 3218 sio
2280 3162 2508 3231 scriptas
2534 3175 2786 3215 censeam
2818 3159 2954 3213 ratio
2975 3173 3043 3214 ex
3069 3156 3262 3212 iisdem
3284 3162 3518 3209 constat.
3555 3150 3765 3207 Freme-

458 3265 579 3303 cum
610 3248 730 3302 aliis
760 3247 946 3311 etiam,
981 3262 1101 3300 cum
1144 3245 1341 3314 quibus
1387 3258 1502 3299 erat
1551 3248 1738 3311 vetita,
1793 3247 2061 3315 epiSCOpiS

459 3339 949 3395 communicarent.
976 3337 1114 3392 Hinc
1132 3335 1463 3409 Theophilus
1486 3338 1903 3404 Alexandrinus,
1937 3354 2059 3394 cum

462 3433 724 3487 Flaviano
752 3434 890 3502 ipso,
922 3448 950 3485 a
981 3446 1087 3501 quo
1113 3431 1383 3503 Egyptus
1405 3432 1671 3503 disjnncta
1712 3444 1827 3487 erat
1853 3435 2063 3505 synodo

462 3524 1076 3593 ϐυιιειειιιιὶηομοῑίιθηίε
1122 3525 1335 3579 cuidam
1381 3525 1571 3581 adesse
1624 3541 1729 3580 non
1774 3526 2057 3593 dubitavit,

465 3620 722 3689 nullaque
754 3627 838 3673 est
864 3619 1023 3682 ratio,
1076 3633 1173 3672 cur
1208 3617 1586 3673 Tillemontius
1615 3618 1710 3690 (ε),
1765 3620 1948 3674 mirari
2006 3634 2065 3672 se

462 3712 627 3777 dicat,
658 3712 930 3782 quomodo
957 3709 1086 3765 illud
1130 3710 1199 3764 ab
1228 3726 1294 3766 eo
1334 3711 1450 3767 ﬁeri
1483 3715 1738 3782 potuerit.
1792 3712 2064 3768 Caeterum

462 3815 521 3859 ut
546 3806 763 3860 redeam
790 3804 929 3859 unde
959 3804 1310 3872 diverteram,
1360 3821 1483 3859 cum
1515 3805 1779 3858 Damasus
1808 3806 2063 3860 Dorothei

461 3914 747 3953 sermones
792 3909 847 3952 et
870 3899 1110 3951 acriores
1137 3896 1301 3951 etiam
1333 3896 1887 3967 diSputationes,ipso
1919 3897 2067 3951 Basi-

463 3992 539 4044 lio
564 3997 723 4057 teste,
756 3990 1023 4058 patienter
1072 3988 1326 4053 audierit,
1380 3987 1599 4042 humani
1653 3988 1851 4059 aliquid
1879 4004 2069 4060 passus

463 4093 549 4137 est
582 4082 846 4136 Caesareae
896 4081 1181 4151 episcopus
1226 4081 1463 4151 alioquin
1515 4084 1890 4138 sanctissimus
1944 4100 2067 4139 cum

465 4173 706 4242 scripsit,
740 4174 927 4227 elatum
955 4173 1135 4238 illum,
1164 4174 1463 4241 sublimem,
1493 4184 1539 4227 et
1585 4175 1743 4228 altius
1789 4176 2065 4245 sedentem,

466 4268 647 4321 audire
673 4282 775 4320 non
801 4282 946 4337 posse
968 4267 1231 4320 veritatem
1262 4267 1401 4319 humi
1440 4268 1807 4337 praedicantem
1837 4269 1937 4342 (ιι).

545 4358 629 4411 Vl.
666 4357 948 4428 Haacuvero
972 4374 1093 4413 cum
1122 4359 1191 4411 ita
1224 4359 1353 4424 sint,
1398 4376 1539 4415 nunc
1590 4364 1844 4433 anonymi
1894 4369 2071 4416 trans-

465 4449 608 4521 fugae
636 4450 751 4506 sive
773 4452 1080 4517 oscitantia,
1124 4452 1239 4506 sive
1258 4451 1395 4506 mala
1420 4452 1616 4507 iterum
1649 4452 1784 4509 ﬁdes
1807 4454 2069 4509 lectorum

2165 3257 2246 3310 bat
2268 3256 2409 3308 enim
2441 3269 2563 3308 cum
2620 3252 2996 3307 scribebantur
3025 3292 3039 3315 ,
3083 3250 3216 3319 [ulta
3246 3248 3425 3302 mundi
3469 3245 3723 3317 prtesidiis
3749 3286 3763 3309 ,

2165 3350 2360 3403 Ariana
2397 3348 2597 3410 rabies;
2639 3360 2701 3400 ac
2748 3344 3141 3416 Hieronymus.
3192 3342 3409 3397 cuinam
3465 3338 3766 3393 Antiochiae

2166 3442 2617 3503 communicaret,
2652 3440 2889 3493 incertus
2910 3478 2923 3502 ,
2954 3435 3285 3505 sequebatur
3332 3431 3609 3503 Egyptios
3643 3444 3769 3484 con-

2165 3533 2385 3603 [essores
2418 3534 2469 3585 in
2512 3530 2799 3584 Palaestina
2829 3528 3066 3589 exsules,
3097 3542 3233 3597 quos
3282 3526 3333 3581 in
3377 3524 3590 3578 Damasi
3617 3538 3769 3577 cont-

2169 3625 2427 3678 munione
2461 3637 2581 3677 esse
2611 3628 2854 3685 noverat,
2878 3620 2946 3675 ab
2976 3620 3147 3690 iisque
3173 3619 3418 3675 Sanctum
3443 3617 3648 3673 Domini
3669 3630 3772 3672 es-

2169 3717 2406 3787 petebat.
2441 3714 2509 3769 At
2538 3716 2664 3768 anni
2696 3714 2974 3783 sequentis
3005 3718 3245 3783 Augusto
3277 3726 3497 3776 mense,
3531 3709 3771 3765 Valentis

2171 3809 2321 3863 obitu
2352 3807 2548 3861 Ariona
2578 3806 2744 3860 rabies
2774 3806 3027 3875 prresidiis
3056 3805 3168 3859 suis
3194 3804 3416 3860 omnino
3445 3802 3647 3858 decidit
3672 3818 3771 3857 nec

2174 3900 2264 3955 ulli
2291 3900 2401 3968 jam
2424 3898 2657 3968 amplius
2709 3908 2867 3953 erant
2890 3897 3128 3968 .‘Egyptii
3156 3895 3500 3952 confessor-es
3525 3894 3578 3948 in
3606 3893 3767 3964 Syria

2172 3997 2414 4063 exsules,
2440 4012 2469 4051 a
2492 3995 2685 4067 quibus
2718 3994 3075 4065 Hieronymus
3124 3991 3379 4047 Sanctum
3422 3987 3633 4045 Domini
3676 4003 3770 4057 pe—

2174 4098 2289 4147 tere
2316 4088 2549 4158 amplius
2578 4096 2783 4156 posset,
2809 4086 3061 4140 omnibus
3083 4084 3246 4140 exilio
3263 4082 3477 4137 solutis.
3504 4081 3773 4136 Constan-

2175 4186 2315 4251 tius,
2347 4183 2439 4253 qui
2494 4181 2592 4235 bas
2635 4180 2948 4251 Hieronymi
2990 4178 3197 4232 litteras
3241 4177 3433 4231 iterum
3480 4175 3774 4243 impressas

2173 4278 2343 4342 dedit,
2376 4292 2576 4347 easque
2601 4290 2744 4329 anno
2780 4274 2884 4329 580
2910 4274 3021 4342 jam
3065 4271 3275 4326 labente
3303 4278 3553 4324 exaratas
3586 4278 3771 4337 putat,

2176 4369 2551 4441 Egyptiorum
2595 4366 2964 4422 conlessorum
3004 4364 3221 4419 nomine
3266 4362 3484 4418 Petrum
3536 4363 3771 4417 Alexan-

2177 4461 2390 4516 drinum
2430 4458 2699 4529 intelligit.
2735 4458 2805 4512 At
2838 4457 2925 4527 qui
2958 4454 3156 4512 fuerint
3188 4454 3298 4519 illi,
3328 4470 3397 4510 ex
3429 4452 3630 4507 Basilio
3663 4452 3773 4521 jam

472 4545 647 4599 oculis
677 4545 999 4614 exponenda
1057 4553 1159 4599 est.
1195 4545 1290 4600 llic
1334 4546 1497 4619 igitur
1548 4548 1723 4618 primo
1764 4550 1885 4603 loco
1936 4548 2072 4603 nihil
2101 4528 2152 4590 D
2181 4553 2445 4617 vidimus,
2495 4528 2717 4621 ipsetwe
2759 4560 3017 4619 praeterea
3050 4547 3409 4617 Hieronymus
3446 4554 3634 4613 aperte
3674 4558 3779 4599 nos

472 4653 706 4706 unquam
733 4649 842 4693 tum
871 4636 1193 4704 Athanasio,
1241 4648 1352 4692 tum
1386 4639 1609 4706 Basilio,
1652 4656 1681 4693 a
1725 4640 1955 4695 Damaso
1980 4656 2068 4695 re-

467 4732 726 4799 scriptum
759 4734 924 4786 fuisse
946 4733 1160 4799 asserit,
1185 4733 1297 4786 sive
1325 4732 1452 4801 quia
1486 4733 1667 4787 litibus
1720 4732 1950 4802 propriis
1980 4749 2069 4789 oc-

468 4823 830 4893 cupatognihil
853 4833 997 4879 esset
1025 4840 1161 4893 opus
1211 4824 1427 4892 alienis,
1481 4826 1598 4880 sive
1640 4826 1764 4898 quia
1798 4826 1975 4881 timuit
2006 4844 2072 4883 ne

470 4919 714 4974 Valentis
747 4919 1447 4989 itnperatorisgrebus,suis
1485 4918 1617 4973 nihil
1659 4920 1992 4991 profuturam
2021 4923 2071 4975 in

469 5030 531 5069 se
558 5020 881 5084 provocarct
904 5011 1058 5064 iram.
1095 5011 1347 5065 Secundo
1379 5011 1619 5076 litteras,
1681 5026 1816 5082 quas
1844 5012 2075 5068 Basilius

470 5107 793 5175 scripserat,
824 5104 890 5157 ab
920 5103 1149 5172 Evagrio
1179 5102 1519 5157 Antioclteno
1550 5114 1660 5157 tum
1689 5104 1911 5159 Romam
1947 5105 2079 5158 alla-

472 5208 579 5265 tas,
613 5210 722 5252 tum
757 5184 824 5251 ab
853 5195 1044 5251 eodem
1073 5195 1139 5248 ad
1175 5194 1429 5249 Basilium
1485 5196 1704 5250 relatas.
1735 5197 1920 5251 Tertio
1953 5198 2079 5252 hinc

472 5291 676 5346 factum
702 5294 796 5358 ait,
833 5301 888 5345 ut
912 5290 1140 5344 Basilius
1168 5305 1382 5343 omnem
1406 5303 1529 5342 cum
1550 5287 1792 5343 Romano
1823 5291 2077 5361 episcopo

474 5383 779 5439 litterarum
806 5384 1258 5441 consuetudinem
1284 5384 1585 5453 abruperit.
1615 5382 1822 5450 Quarto
1851 5400 1919 5439 ne
1948 5387 2077 5455 quid

474 5478 831 5542 verointerea
864 5479 1051 5548 religio
1084 5478 1671 5551 detrirnenthaperet,
1715 5478 1783 5533 ab
1829 5477 2071 5533 Athana-

549 5615 627 5692 (ᾳ)
657 5616 778 5692 Yid.
811 5617 1003 5692 Morin.
1028 5621 1256 5677 euenit.
1285 5620 1323 5674 l.
1355 5635 1415 5688 ιι,
1458 5635 1577 5692 cap.
1606 5620 1692 5688 i7,
1721 5619 1810 5687 18,
1837 5617 1926 5675 i9.

576 5688 629 5758 b)
655 5690 872 5761 Sozam.
909 5690 1003 5743 lib.
1038 5708 1134 5759 vn,
1168 5706 1287 5761 cap.
1324 5692 1409 5747 11.

576 5690 629 5758 b)
655 5690 872 5744 Sozom.
909 5690 1003 5743 lib.
1038 5708 1134 5759 vn,
1168 5706 1199 5747 c

551 5690 623 5837 ἑο)
652 5761 725 5815 De
755 5760 996 5817 Flavian.
1022 5772 1125 5820 art.
1150 5763 1201 5816 7.

2180 4647 2358 4713 docet,
2379 4646 2467 4715 qui
2496 4644 2562 4699 ad
2594 4661 2687 4700 eos
2710 4644 2874 4699 veluti
2902 4643 3004 4699 sibi
3023 4644 3310 4698 viciniores
3340 4656 3435 4712 pro
3465 4649 3640 4694 sancto
3671 4637 3771 4693 Do-

2179 4741 2305 4793 mini
2333 4754 2543 4809 corpore
2573 4737 2888 4793 recurrebat
2915 4754 2928 4790 :
2960 4735 3313 4806 quamobrem
3340 4734 3428 4788 vix
3460 4744 3589 4802 puto
3621 4730 3738 4787 fore
3758 4772 3774 4797 ,

2182 4844 2238 4889 ut
2264 4832 2614 4888 Constantius
2652 4830 3155 4901 interpretationem
3188 4829 3324 4883 hanc
3350 4840 3527 4893 suam,
3551 4841 3578 4878 a
3602 4824 3653 4878 vi
3679 4838 3776 4893 ge-

2182 4927 2349 4982 nuina
2400 4926 2686 4981 verborum
2719 4933 2775 4978 et
2802 4933 3103 4994 temporum
3130 4923 3339 4977 ratione
3365 4921 3623 4983 alienam,
3650 4933 3779 4973 eru-

2182 5022 2311 5077 ditis
2333 5019 2549 5091 probet.
2598 5020 2703 5074 Cur
2746 5033 2875 5072 vero
2903 5025 3013 5071 tum
3046 5014 3338 5078 Meletiani,
3373 5024 3483 5068 tum
3526 5011 3777 5066 Vitaliani

2184 5114 2447 5181 dicerent,
2474 5115 2666 5167 haerere
2692 5127 2752 5166 se
2784 5112 3034 5174 Damaso,
3069 5126 3173 5164 non
3205 5123 3360 5163 secus
3392 5123 3455 5162 ac
3490 5106 3776 5171 Paulinus,

2183 5208 2322 5261 ratio
2346 5204 2566 5259 minime
2596 5219 2625 5257 a
2658 5204 2818 5272 longe
2846 5202 3078 5273 petenda
3118 5210 3219 5266 est,
3265 5209 3325 5256 ut
3353 5200 3526 5255 visum
3556 5198 3653 5253 fuit
3692 5199 3777 5252 ei-

2185 5298 2306 5353 dem
2347 5298 2462 5350 viro
2485 5296 2666 5362 docto,
2696 5296 2935 5364 opinanti
2966 5295 3355 5366 Hieronymum
3375 5293 3679 5362 respexisse
3707 5290 3784 5345 le-

2185 5405 2305 5462 gem
2328 5388 2395 5443 de
2418 5386 2770 5443 restituendis
2798 5387 3037 5442 basilicis
3066 5403 3096 5442 a
3119 5386 3429 5441 Theodosio
3450 5386 3785 5449 latam,con-

2188 5483 2593 5551 tentionemque
2619 5481 2761 5537 inter
2790 5480 3089 5546 Meletium,
3117 5479 3397 5538 Paulinum
3421 5521 3436 5545 ,
3468 5487 3524 5535 et
3555 5476 3781 5533 Vitalem

2214 5594 2219 5599 ’
2254 5622 2338 5692 (ά)
2378 5622 2474 5693 Ep’.
2506 5619 2633 5678 eis.

2256 5690 2327 5769 (e)
2369 5690 2539 5769 Epist.
2564 5693 2663 5759 .15,
2686 5692 2773 5761 is,
2798 5691 2926 5751 Ver.
2959 5690 3095 5751 edit.
