4138 6178
349 230 445 285 Ml

1756 229 2126 287 PROLEGOM
2136 230 2288 288 ENA.

3551 241 3654 295 182

341 360 527 403 coram
554 344 765 414 Sapore
793 360 852 400 ea
898 344 1181 400 occasione
1212 345 1478 411 habitam,
1505 360 1662 417 quam
1693 344 1945 403 Theodo-
1974 351 2024 411 Α
2052 362 2214 418 quam
2244 348 2425 415 Petro,
2450 350 2675 422 ejusque
2695 352 3209 425 cathedrse‘hmredi,
3238 373 3399 430 quam
3422 362 3649 430 proinde

343 449 496 494 retus
527 448 711 494 narrat
734 438 838 509 (α).
869 437 1027 493 Enim
1054 452 1182 492 vero
1203 440 1290 509 qui
1319 452 1503 494 secum
1527 450 1756 508 reputet,
1787 455 1950 510 opor-

346 542 469 589 tere
496 548 594 588 eos
614 574 630 598 ,
672 532 758 603 qui
790 547 849 587 se
878 531 1181 587 catholicos
1209 531 1395 587 haberi
1428 532 1634 601 volunt,
1675 534 1951 590 cathedrae

348 628 504 685 Petri
532 628 904 683 communione
915 626 1135 696 junctos
1156 642 1298 689 esse.
1325 627 1610 697 intelliget,
1636 627 1779 699 quod
1806 628 1949 683 idem

354 720 715 793 Hieronymus
758 721 867 775 ait:
896 721 987 791 qui
1036 735 1164 774 vero
1203 718 1273 774 ab
1316 734 1383 774 eo
1433 720 1722 775 indicatam
1756 729 1950 791 putant

356 814 753 871 contentionem
800 812 945 866 illam
976 852 991 875 ,
1052 811 1277 866 minime
1306 811 1635 875 advertunt,
1668 811 1841 882 legem
1883 811 1951 867 de

358 904 702 962 restituendis
727 902 967 958 basilicis
992 902 1079 958 die
1108 902 1169 957 10
1194 902 1434 957 Januarii
1468 903 1593 957 anni
1621 904 1720 958 581
1786 903 1950 959 fuisse

359 998 707 1068 prepositam,
733 996 997 1065 Saporem
1028 1010 1179 1061 vero,
1202 996 1287 1049 cui
1320 995 1629 1050 mandatum
1650 1013 1678 1050 a
1704 996 1951 1052 Theodo-

352 1090 433 1143 sio
473 1088 647 1143 fuerat
674 1128 690 1153 ,
739 1099 797 1142 ut
826 1103 945 1143 eam
977 1086 1280 1143 Antiochia:
1317 1099 1740 1159 exsequeretur,
1766 1090 1851 1143 vix
1882 1090 1950 1145 ad

348 1182 538 1237 urbem
583 1182 729 1236 illam
758 1190 883 1235 ante
915 1180 1163 1235 Martium
1208 1195 1453 1247 mensem
1477 1182 1660 1235 venire
1689 1182 1949 1250 potuisse.

347 1277 523 1331 Nemo
551 1284 728 1329 autem
784 1273 981 1328 dixerit
1014 1272 1403 1344 Hieronymum
1453 1284 1560 1327 tam
1602 1288 1724 1328 sero
1760 1272 1951 1329 Antio-

349 1370 476 1426 chia
502 1369 835 1433 discessisse,
869 1376 924 1420 ut
966 1366 1314 1435 disputationi
1346 1365 1418 1419 illi
1462 1364 1655 1420 adesse
1682 1367 1947 1436 potuerit:

354 1462 644 1534 siquidem,
675 1471 728 1515 ιιι
754 1460 959 1531 reliqua
1000 1476 1120 1530 qua:
1179 1458 1359 1514 all'erri
1387 1468 1605 1529 possent
1634 1468 1951 1530 argumenta

354 1566 695 1625 praeteream,
727 1568 849 1607 cum
882 1560 1027 1607 esset
1073 1553 1164 1607 ille
1214 1551 1665 1619 Constantinopoli
1713 1561 1757 1606 et
1811 1551 1952 1621 apud

349 1645 823 1715 eloquentissimum
869 1643 1177 1715 Gregorium
1216 1642 1608 1697 Nazianzenum
1642 1652 1768 1697 tunc
1806 1644 1952 1714 ejus-

2056 440 2271 505 cumdc
2286 440 2533 512 dogmate
2560 456 2651 499 res
2670 453 2778 511 est,
2795 445 2959 501 veluti
2989 463 3153 503 unmn
3182 449 3308 507 ﬁdei
3334 454 3648 524 magistrum

2057 534 2280 603 respicit
2318 545 2375 590 et
2401 538 2666 606 agnoscit.
2700 537 2797 594 llic
2822 554 2954 594 vero
2978 556 3104 597 eum
3135 542 3209 597 sit
3230 545 3423 602 obvius
3450 546 3644 603 horum

2058 625 2344 703 verborum
2377 641 2591 695 sensus,
2634 627 2837 685 frustra
2866 630 3244 688 Tillemontius
3289 638 3483 705 quarrit
3507 678 3521 700 .
3554 653 3651 694 cur

2056 715 2419 789 Hieronymus
2451 719 2730 775 Paulinum
2764 722 3012 791 ignorare
3041 740 3102 781 se
3126 725 3290 793 dicat,
3319 728 3413 799 qui
3436 729 3510 783 illi
3542 746 3649 786 non

2056 813 2302 882 cognitus
2356 822 2411 866 et
2452 812 2733 868 familiaris
2767 829 2887 871 esse
2935 834 3042 872 non
3089 830 3329 887 poterat,
3366 821 3649 878 Paulinum

2056 906 2200 957 enim
2218 903 2579 975 Hieronymus
2604 904 2814 975 ignorat
2842 924 2951 975 pra:
2981 910 3230 976 Damaso,
3254 912 3649 969 Antiochenam

2057 998 2267 1053 scilicet
2295 999 2651 1068 episcopum,
2680 1001 2773 1070 qui
2831 1002 2940 1056 falli
2992 1014 3203 1073 poterat
3247 1021 3358 1075 pra:
3407 1008 3653 1064 Romano

2060 1089 2311 1157 pontifice
2339 1090 2447 1143 falli
2473 1091 2679 1159 nescio,
2708 1092 2972 1159 siquidem
3010 1096 3190 1150 statim
3221 1098 3391 1163 addit,
3414 1100 3649 1169 quicum-

2057 1199 2153 1252 que
2179 1184 2406 1253 quisquis
2437 1184 2526 1238 ille
2554 1186 2618 1237 sit
2651 1195 2814 1238 tecum
2843 1203 2943 1239 non
2974 1189 3188 1259 colligit.
3216 1191 3430 1261 spargit.

2128 1276 2370 1345 Quaestio
2402 1278 2491 1331 illa
2512 1277 2580 1333 de
2633 1278 2803 1334 tribus
2829 1279 3232 1351 hypostasibus,
3285 1292 3406 1353 post
3434 1284 3656 1339 Alexan-

2058 1372 2267 1425 drinum
2293 1373 2468 1435 iuncto
2514 1371 2792 1426 Occidente
2845 1375 3141 1441 concilium,
3174 1375 3413 1430 Eusebio
3459 1392 3656 1446 nempe

2059 1464 2399 1519 Vercellensi
2442 1479 2507 1519 ac
2552 1464 2803 1519 Lucifero
2826 1463 3133 1519 Calaritano
3160 1467 3475 1536 aposmlicte
3506 1467 3653 1523 sedis
3705 1470 3713 1478 “

2060 1557 2249 1627 legatis
2283 1557 2581 1626 composita
2627 1556 2820 1611 fuerat.
2864 1556 3193 1612 Athanasius
3240 1561 3385 1613 enim
3434 1568 3656 1630 utraque

2059 1661 2203 1717 parte
2230 1648 2410 1703 leniter
2432 1665 2492 1701 ac
2528 1648 2739 1719 benigne
2782 1650 2967 1716 accita,
3014 1652 3378 1723 verborumque
3407 1655 3658 1708 sententia

350 1739 475 1795 tlem
506 1739 658 1793 urbis
681 1740 997 1809 episcOpum
1030 1739 1166 1810 (sive
1195 1738 1435 1807 episcopi
1463 1738 1584 1792 loco
1609 1752 1727 1792 eam
1756 1737 1949 1794 Eccle-
1982 1750 2031 1810 Β
2058 1741 2329 1811 diligenter
2351 1751 2397 1794 et
2448 1752 2681 1793 accurate
2702 1756 2973 1812 perpensa,
2996 1751 3172 1810 postea
3191 1760 3344 1812 quam
3370 1744 3654 1799 concordes

348 1837 481 1890 siam
504 1835 1001 1905 administrantem)
1032 1844 1325 1888 sanctarum
1348 1833 1740 1902 Scripturarum
1766 1835 1952 1890 studiis

349 1928 662 1990 erudiretur,
691 1925 891 1980 breuem
912 1926 976 1980 de
1007 1925 1283 1995 Seraphim
1314 1934 1587 1979 tractatunt
1617 1926 1826 1981 dictauit
1851 1925 1951 1999 (b),

349 2034 509 2089 quem
543 2017 738 2073 deinde
782 2017 1113 2087 publicatum
1152 2016 1353 2072 dicavit
1400 2017 1649 2072 Damaso.
1698 2018 1950 2072 Pamma-

356 2112 485 2168 chio
513 2122 689 2166 autem
710 2119 764 2166 et
789 2110 1006 2165 Oceano
1032 2110 1227 2165 librum
1255 2109 1403 2165 illum
1429 2121 1547 2164 ante
1584 2110 1762 2183 viginti
1788 2127 1951 2166 annos

354 2208 614 2261 dictatum
644 2206 830 2261 scribit
859 2204 955 2277 (c).
987 2205 1042 2261 Si
1067 2220 1197 2260 vero
1224 2220 1343 2259 eam
1373 2204 1442 2259 ad
1471 2204 1873 2260 Patnmachium
1898 2216 1954 2262 et

355 2299 625 2353 Oceanum
680 2298 964 2368 epistolam
1024 2313 1165 2351 anno
1215 2296 1320 2353 599
1387 2298 1641 2368 scriptam
1697 2312 1819 2353 esse
1872 2299 1953 2353 in-

354 2400 438 2447 ter
467 2390 710 2445 eruditos
736 2389 989 2445 convenit
1014 2388 1117 2461 (ά),
1152 2404 1374 2446 necesse
1401 2399 1503 2456 est,
1538 2399 1594 2445 ut
1631 2390 1783 2446 illum
1813 2405 1954 2446 anno

349 2484 546 2537 saltem
594 2483 700 2537 379
733 2497 937 2536 moram
966 2482 1020 2536 in
1054 2482 1197 2552 regia
1245 2482 1379 2537 urbe
1422 2483 1649 2537 traxisse
1688 2482 1949 2537 dicamus.

349 2574 622 2631 Caeterum
660 2592 779 2646 quae
810 2575 1185 2631 Tlteodoretus
1214 2575 1353 2631 dicta
1393 2576 1639 2646 factaque
1673 2576 1814 2632 inter
1844 2577 1955 2632 Me-

350 2668 565 2734 letium,
602 2668 879 2723 Paulinum
906 2683 969 2723 ac
990 2667 1219 2723 Vitalem
1249 2669 1300 2721 in
1326 2684 1387 2723 ea
1415 2669 1777 2736 disputatione
1820 2668 1955 2725 scri-

352 2761 453 2825 bit,
479 2761 563 2815 vel
593 2777 691 2830 pro
712 2761 829 2830 ejus
848 2776 971 2831 erga
998 2759 1315 2815 Flavianum
1345 2760 1523 2815 studio
1548 2759 1780 2816 conficta
1804 2771 1949 2828 sunt,

353 2865 409 2907 ut
435 2852 699 2907 Baronius
721 2860 909 2907 censet
932 2852 1026 2924 (ε),
1044 2853 1125 2907 vel
1148 2860 1203 2907 ut
1228 2853 1315 2906 alii
1342 2862 1551 2921 putant.
1599 2866 1687 2907 res
1713 2852 1955 2908 diversas

352 2944 679 3015 diversoque
706 2953 885 3016 gestas
916 2953 1159 3016 tempore
1182 2943 1521 3015 indiligenter
1550 2942 1783 2997 miscuit.

430 3036 536 3093 Sed
579 3046 636 3091 ut
680 3035 746 3091 ad
782 3036 1082 3092 institutum
1112 3036 1370 3103 redeam,
1416 3037 1461 3089 si
1502 3035 1623 3106 quis
1670 3034 1955 3105 epistolam

2056 1834 2269 1903 reperit,
2302 1850 2394 1887 nec
2437 1842 2684 1903 quantum
2713 1833 2782 1886 ad
2809 1834 3099 1888 doctrinam
3120 1836 3229 1888 ullo
3260 1837 3413 1890 modo
3434 1838 3567 1893 inter
3598 1855 3653 1893 se

2057 1928 2386 1992 dissidentes,
2426 1928 2498 1979 ita
2532 1943 2639 1980 rem
2670 1937 3013 1997 transegerat,
3070 1938 3124 1981 ut
3179 1930 3449 1983 nominum
3500 1946 3652 1984 usum

2056 2021 2341 2074 concedens
2384 2019 2532 2073 rebus
2561 2034 2645 2073 eos
2672 2020 3043 2089 constringeret
3074 2018 3183 2092 (h).
3215 2018 3323 2075 Cur
3376 2022 3540 2091 igitur
3587 2037 3651 2077 ea

2058 2112 2398 2182 potissimum
2421 2110 2806 2165 recrudesccre
2825 2110 2936 2164 visa
2965 2120 3049 2165 est
3073 2111 3215 2166 circa
3244 2110 3361 2165 haec
3390 2121 3651 2182 tempora,

2058 2203 2196 2258 ratio
2241 2202 2465 2257 minime
2507 2217 2537 2256 a
2589 2202 2749 2271 longe
2778 2200 3015 2271 petenda
3046 2212 3148 2256 est.
3208 2200 3341 2256 Nam
3371 2212 3657 2273 postquam

2060 2295 2324 2350 Damasus
2356 2294 2567 2349 Paulini
2610 2294 3044 2349 communionem
3071 2293 3312 2365 elegerat
3353 2295 3549 2350 litteris
3591 2296 3657 2351 ad

2056 2403 2181 2443 eum
2213 2389 2453 2459 scriptis,
2486 2388 2871 2444 Eusthatianos
2923 2388 3120 2458 quibus
3163 2389 3251 2444 ille
3300 2400 3554 2459 prmerat,
3591 2390 3660 2446 de

2057 2481 2441 2552 conjunctione
2470 2496 2591 2536 cum
2640 2481 2943 2536 Meletianis
2973 2481 3204 2536 ineunda
3248 2482 3550 2551 cogitasse,
3579 2492 3661 2537 at-

2057 2590 2163 2645 que
2196 2576 2247 2629 in
2293 2590 2415 2629 cum
2450 2574 2611 2628 linem
2666 2572 2905 2628 Terentii
2937 2573 3152 2629 comitis
3185 2583 3313 2628 tunc
3353 2575 3661 2630 Antiochiae

2057 2666 2327 2722 vcrsantis
2375 2680 2598 2737 operam
2647 2664 2960 2721 adhibuisse
2990 2664 3241 2719 vidimus.
3288 2665 3516 2720 Basilius
3556 2665 3661 2720 ita-

2058 2775 2184 2830 que,
2217 2759 2417 2824 aliique
2439 2758 2735 2825 Meletiani,
2759 2758 2849 2827 qui
2873 2758 3069 2811 merito
3101 2756 3361 2812 timebant
3392 2756 3511 2814 fore
3545 2769 3601 2813 ut
3622 2760 3657 2814 ii

2059 2852 2149 2922 qui
2176 2867 2204 2904 a
2227 2850 2445 2906 Meletio
2472 2850 2709 2915 stabant,
2732 2848 2800 2903 ab
2825 2863 2891 2903 eo
2917 2859 3044 2902 tunc
3065 2848 3350 2904 exsulante
3374 2847 3531 2906 facile
3556 2850 3657 2907 ah-

2060 2944 2367 3009 scederent,
2405 2957 2467 2997 ac
2497 2942 2719 2998 Paulino
2753 2943 3006 3014 praesenti
3050 2942 3408 3009 accederent,
3452 2952 3511 2999 ut
3539 2942 3663 3000 huic

2060 3035 2426 3105 conjunctioni
2456 3036 2570 3091 suis
2611 3034 2852 3104 partibus
2883 3036 3108 3089 minime
3152 3036 3450 3105 profutura!
3488 3035 3662 3106 impe-

353 3132 527 3202 ipsam
561 3129 771 3201 legerit,
803 3128 957 3184 facile
987 3129 1270 3200 intelliget,
1295 3144 1415 3198 qua:
1444 3128 1513 3181 sit
1553 3142 1618 3182 ex
1658 3126 1715 3183 S.
1762 3126 1949 3182 Hiero-
1981 3130 2029 3194 C
2059 3131 2356 3185 dimentum
2418 3130 2637 3201 aliquo’d
2677 3129 2972 3198 aﬂ‘errent,
3028 3130 3151 3185 totis
3217 3132 3411 3187 iterum
3457 3131 3664 3188 viribus

352 3224 503 3294 nymi
536 3220 802 3277 sententia
839 3222 1147 3292 apostolica:
1178 3220 1322 3275 sedis
1356 3220 1672 3285 auctoritas,
1694 3234 1758 3275 ac
1792 3234 1950 3289 quam

352 3314 675 3371 indeficiens
693 3316 743 3369 in
770 3314 889 3369 fidei
920 3314 1308 3384 quaastionibus
1330 3312 1649 3368 deﬁniendis
1666 3312 1951 3382 judicium.

351 3408 531 3463 Pauca
579 3406 849 3474 referam,
907 3415 963 3461 ut
1006 3406 1108 3461 hoc
1131 3415 1391 3461 constet:
1450 3405 1704 3473 Quoniam
1762 3415 1956 3459 vetusto

355 3498 543 3553 Oriens
573 3500 708 3552 inter
730 3515 785 3552 se
820 3500 1130 3570 populorum
1173 3502 1349 3569 furore
1374 3499 1602 3563 collisus,
1633 3497 1956 3551 indiscissant

355 3591 571 3645 Domini
596 3592 824 3645 tunicam
854 3591 1073 3663 desuper
1107 3600 1317 3659 textam,
1346 3592 1637 3645 minutatim
1666 3609 1759 3663 per
1790 3591 1958 3659 frusta

356 3688 625 3759 discerpit,
657 3686 774 3741 ideo
804 3684 929 3739 mihi
958 3685 1253 3740 cathedram
1286 3684 1451 3749 Petri,
1494 3696 1540 3740 et
1571 3684 1727 3753 ﬁdem
1753 3696 1961 3755 aposto-

357 3780 458 3834 lico
490 3795 580 3833 ore
616 3778 883 3832 laudatam
926 3778 1310 3853 consulendum
1349 3777 1544 3855 censui.
1593 3774 1707 3848 Ego
1755 3777 1960 3832 nullum

360 3873 607 3945 primum,
642 3874 741 3927 nisi
771 3870 1035 3925 Christum
1062 3870 1297 3942 ,sapiens,
1334 3868 1636 3924 beatitudini
1665 3880 1784 3936 tute,
1810 3869 1867 3923 id
1888 3880 1962 3925 est

359 3965 620 4021 cathedra:
667 3964 813 4020 Petri
856 3964 1212 4019 communione
1259 3964 1548 4018 consocior.
1590 3962 1761 4032 Super
1814 3963 1962 4016 illant

361 4061 661 4116 cathedram
692 4059 1005 4130 cediﬁcatam
1038 4058 1319 4113 Ecclesium
1350 4059 1477 4112 scio.
1514 4096 1528 4112 .
1555 4095 1570 4111 .
1600 4098 1613 4112 .
1642 4056 1743 4123 Qui
1784 4057 1965 4128 itaque

363 4153 520 4207 aiunt
563 4152 955 4225 Hieronymum
993 4151 1332 4207 consuluisse
1382 4151 1699 4215 Damasum,
1738 4149 1853 4205 sive
1894 4149 1965 4204 oh

367 4248 628 4303 Romanae
657 4246 939 4313 Ecclesiae,
974 4248 1025 4300 in
1060 4261 1161 4315 qua
1209 4245 1506 4315 baptizatus
1552 4242 1765 4307 fuerat,
1793 4242 1967 4313 digni-

368 4351 535 4397 tatem
589 4356 652 4395 ac
694 4338 1072 4409 majestatem,
1128 4337 1242 4393 sive
1287 4337 1428 4408 quod
1478 4350 1595 4391 eam
1647 4344 1968 4406 sequeretur

367 4434 656 4489 universus
683 4429 949 4488 Occidens
977 4430 1071 4505 (ί),
1104 4430 1157 4485 id
1187 4439 1355 4502 agunt
1397 4429 1694 4495 dumtaxat,
1742 4438 1798 4483 ut
1849 4428 1966 4483 ani-

2063 3225 2223 3279 trium
2266 3224 2627 3295 hypostaseon
2676 3222 3025 3278 dicendarum
3094 3225 3475 3279 necessitatem
3525 3223 3665 3279 tueri

2060 3327 2371 3386 coeperant,
2415 3333 2477 3372 ac
2510 3317 2671 3371 trium
2714 3331 3067 3387 personarum
3124 3315 3443 3372 vocabulum
3498 3316 3666 3373 veluti

2062 3410 2463 3464 Sabellianismi
2528 3409 2881 3464 vehementer
2947 3416 3258 3478 suspectum
3347 3408 3661 3479 explodere.

2062 3504 2200 3558 Hinc
2230 3503 2371 3557 idem
2403 3501 2755 3558 Caesariensis
2780 3504 2974 3574 praesul
2997 3542 3014 3570 ,
3044 3503 3134 3573 qui
3174 3503 3241 3557 de
3270 3502 3441 3557 tribus
3468 3503 3668 3575 ltypos-

2064 3595 2270 3649 tasibus
2289 3610 2357 3649 ne
2380 3594 2603 3649 verbum
2628 3594 2843 3662 quidem
2869 3594 3089 3661 iecerat,
3110 3610 3231 3649 cum
3258 3594 3326 3649 de
3343 3594 3665 3651 reducendis

2064 3689 2129 3743 ad
2161 3686 2433 3741 Meletium
2485 3687 2818 3743 Paulinianis
2868 3688 2933 3741 ad
2964 3688 3321 3742 Athanasium
3346 3688 3664 3757 scripserat,

2065 3790 2227 3851 atque
2254 3795 2350 3835 eos
2374 3780 2599 3850 proinde
2624 3790 2731 3834 tres
2762 3793 3041 3850 personas,
3064 3789 3118 3834 et
3144 3793 3303 3834 unam
3330 3777 3664 3850 hypostasitn

2066 3876 2366 3949 professos,
2388 3875 2637 3946 recipere
2663 3884 2880 3944 paratus
2902 3884 3041 3937 erat,
3074 3874 3125 3928 in
3155 3872 3345 3927 litteris
3371 3872 3439 3928 ad
3462 3872 3669 3928 Tereu-

2070 3974 2201 4023 tiunt
2232 3965 2427 4022 deinde
2446 3966 2653 4031 missis,
2684 3966 2757 4020 ait
2786 3983 2799 4017 :
2831 3964 3113 4019 Paulinum
3146 3964 3271 4017 dunt
3298 3980 3456 4018 unam
3477 3964 3671 4034 hypos-

2070 4062 2222 4115 tasim
2250 4077 2311 4113 ac
2355 4070 2456 4113 tres
2487 4062 2740 4131 perfectas
2790 4073 3037 4127 personas
3066 4057 3291 4110 odntittit
3316 4096 3331 4122 ,
3380 4074 3413 4112 a
3439 4056 3669 4112 Sabellio

2068 4156 2278 4208 mininte
2302 4154 2562 4207 discedere
2586 4194 2600 4217 ,
2661 4152 2749 4221 qui
2793 4167 2952 4205 unum
2992 4151 3190 4221 pariter
3234 4150 3556 4221 hypostasim
3611 4166 3676 4206 ac

2072 4257 2172 4301 tres
2204 4262 2449 4317 personas
2477 4244 2760 4298 admiserat
2788 4262 2800 4297 :
2831 4243 3162 4311 quastionem
3191 4254 3462 4315 propterea
3481 4243 3545 4298 de
3579 4244 3678 4298 tri-

2073 4343 2165 4395 bus
2196 4339 2555 4411 hypostasibus
2585 4340 2706 4393 leuis
2747 4340 2988 4394 momenti
3013 4338 3178 4393 uideri
3220 4354 3323 4392 non
3371 4354 3548 4409 posse,
3581 4338 3671 4392 sed

2074 4433 2381 4488 latissimum
2413 4432 2667 4486 haereticis
2709 4447 2947 4502 campum
2972 4432 3040 4484 ad
3061 4431 3433 4485 detrahendum
3462 4430 3528 4483 de
3573 4429 3676 4484 Ec-

370 4545 521 4587 mum
556 4527 879 4600 praejudiciis
914 4542 1047 4582 sane
1089 4534 1404 4595 occupatum
1463 4525 1712 4593 prodant.
1750 4523 1968 4578 Petrum
1995 4521 2049 4581 D
2076 4526 2231 4578 clesia
2251 4532 2488 4594 apertum
2516 4523 2597 4587 iri,
2615 4522 2766 4591 siqui
2788 4538 2945 4575 unum
2968 4538 3083 4575 cum
3106 4521 3337 4576 Sabellio
3354 4521 3673 4591 hypostasint

369 4625 511 4678 enim
546 4622 872 4693 peculiariter
901 4623 1031 4675 inter
1058 4631 1267 4674 cteteros
1296 4618 1448 4689 elegit
1477 4616 1729 4682 Christus,
1760 4627 1812 4672 ut
1856 4634 1971 4672 eum

367 4728 545 4789 gentes
572 4718 624 4769 in
651 4717 775 4788 fidei
799 4716 1157 4771 controversiis
1185 4730 1285 4768 non
1308 4713 1543 4767 audirent
1565 4713 1732 4766 solum
1757 4712 1969 4781 loquen-

370 4824 491 4878 tem,
522 4814 617 4866 sed
640 4814 791 4866 etiam
816 4809 1097 4864 crederent.
1127 4808 1152 4861 1
1162 4820 1214 4862 ta
1254 4807 1387 4861 enim
1409 4822 1525 4859 cum
1556 4803 1741 4859 Petrus
1771 4815 1972 4859 senten-

373 4910 495 4963 tiam
524 4908 789 4973 edixisset,
821 4906 979 4961 tacuit
1022 4904 1183 4959 omnis
1214 4901 1490 4956 multitudo
1519 4900 1677 4955 Petro
1708 4902 1974 4969 deﬁnienti

375 5001 738 5066 consentiens,
791 5008 849 5053 ut
893 4996 1010 5053 Act.
1058 5013 1126 5051 xv
1169 5012 1201 5049 α
1244 4994 1388 5049 Luca
1428 4996 1651 5064 refertur
1699 4993 1799 5065 (g).
1840 4994 1975 5049 Iliuc

377 5093 611 5149 Sanctus
644 5094 843 5148 Doctor
868 5091 1055 5146 addit:
1092 5088 1214 5143 Non
1261 5089 1377 5142 novi
1434 5086 1684 5153 Vitalem,
1709 5085 1976 5141 Meletium

379 5209 587 5264 respuo,
620 5191 905 5247 Paulinum
928 5192 1109 5261 ignoro
1135 5206 1154 5245 :
1182 5188 1315 5244 nulli
1342 5189 1507 5255 enim,
1541 5186 1866 5257 quicumque
1889 5182 1980 5236 ille

380 5284 474 5349 sit,
505 5300 533 5339 a
563 5284 675 5339 Deo
699 5297 1016 5339 concessum
1040 5294 1145 5351 est,
1175 5296 1243 5337 ne
1274 5282 1326 5336 in
1357 5279 1461 5336 fide
1488 5278 1723 5343 deﬁciat,
1750 5285 1977 5350 praster-

481 5450 534 5519 a)
574 5450 640 5507 Η.
671 5444 764 5517 Ε.,
794 5450 887 5505 lib.
917 5465 969 5517 v,
994 5463 1113 5519 cap.
1143 5448 1197 5502 3.

481 5470 512 5506 a
574 5455 640 5507 Η.
671 5455 764 5517 Ε.,
794 5455 887 5505 lib.
917 5465 969 5517 v,
994 5464 1039 5504 c:

458 5455 536 5595 ibi
578 5525 634 5578 In
664 5522 790 5595 lsai.
816 5535 934 5592 cap.
964 5536 1039 5595 vt.

459 5600 545 5720 (te?)
585 5590 1335 5720 .Sit’.ci§ii:r’:§i'ni~2ii.'
1359 5659 1428 5717 ad
1456 5657 1603 5717 Hier.
1636 5658 1717 5720 cpi

462 5655 545 5740 (ti)
586 5655 707 5721 Vid.
732 5655 813 5740 cl.
843 5655 1069 5719 Vallars.
1093 5664 1147 5740 i_n
1175 5660 1325 5733 praef.
1359 5659 1428 5717 ad
1456 5657 1603 5717 Hier.
1636 5658 1792 5729 epist.
1838 5655 1982 5717 Fon-

394 5736 601 5815 tanJS.
638 5740 699 5791 Α.
732 5737 824 5794 lib.
860 5752 913 5806 ν,
940 5750 1060 5809 cap.
1093 5736 1146 5800 5.

2080 4622 2367 4691 proﬁtetur,
2407 4617 2652 4672 Ecclesia
2691 4616 3019 4671 Antiochente
3050 4616 3414 4686 principatum,
3444 4624 3675 4671 content-

2080 4725 2167 4787 pto
2200 4713 2409 4768 Meletio
2439 4713 2662 4766 obtineat
2703 4710 2791 4783 (i).
2841 4710 2969 4765 Haac
3005 4712 3185 4765 omnia
3220 4719 3379 4765 acute
3404 4709 3680 4780 perspexit

2082 4820 2320 4877 nuperus
2348 4805 2691 4859 doctissimus
2722 4803 2864 4857 tertii
2909 4816 3134 4872 operum
3181 4801 3363 4858 Basilii
3395 4802 3525 4857 tomi
3574 4801 3684 4858 edi-

2083 4908 2184 4964 tor,
2230 4900 2321 4968 qui
2350 4908 2634 4969 propterea
2668 4898 2784 4951 lucc
2827 4897 3052 4955 scribit:
3086 4896 3206 4951 Non
3234 4897 3288 4950 id
3316 4900 3582 4968 agebatur,
3615 4912 3679 4950 ea

2082 4992 2277 5048 scilicet
2309 4990 2600 5054 concordia,
2639 5000 2692 5044 ut
2721 4992 2982 5044 schisntati
3028 4990 3345 5044 Antiocheno
3376 4990 3495 5059 ﬁnis
3519 4989 3684 5057 impo-

2085 5094 2314 5149 neretur,
2369 5093 2415 5136 et
2455 5083 2522 5134 ad
2575 5081 2860 5151 legitimum
2892 5083 2980 5151 (ut
3014 5082 3128 5152 ipse
3157 5082 3373 5151 quidem
3403 5077 3681 5149 opinatur)

2086 5154 2342 5249 pastorem
2384 5175 2648 5230 Meletium
2690 5190 2806 5229 ores
2850 5176 3095 5229 redirent.
3139 5174 3199 5230 Si
3244 5172 3373 5226 tanti
3424 5168 3682 5224 commodi

2088 5289 2204 5343 spes
2233 5269 2535 5338 aﬁ'ulsisset,
2597 5280 2732 5325 certo
2781 5270 2888 5325 scio
2926 5267 3183 5324 Basiliam
3230 5264 3403 5319 omnia
3448 5266 3565 5333 paci
3620 5277 3683 5316 ac

2160 5441 2233 5511 (ε)
2278 5440 2356 5494 Ad
2388 5438 2671 5511 ann._37§.

2186 5506 2231 5583 Ῑ)
2268 5511 2479 5583 Tillem.
2522 5509 2576 5583 i_n
2611 5509 2829 5583 Hieron.
2860 5506 3087 5583 πλείτω.

2186 5516 2231 5583 Ῑ)
2268 5511 2479 5565 Tillem.
2522 5511 2576 5561 in
2611 5511 2829 5574 Hieron.
2860 5514 2963 5561 art.
2994 5511 3087 5562 16.

2160 5511 2241 5651 ig)
2283 5579 2478 5635 Melch.
2515 5577 2649 5651 Cati.
2681 5578 2885 5651 deloc.
2918 5577 3013 5634 lib.
3050 5594 3121 5647 \‘t,
3152 5591 3273 5649 cap.
3301 5576 3355 5631 ὅ.

2169 5638 2250 5724 δι’)
2292 5650 2722 5724 Nazianz._0rat.
2753 5649 2844 5704 2i.

2165 5720 2239 5800 (ἱ)
2272 5724 2443 5794 Epist.
2467 5720 2592 5779 sit.
2630 5774 2631 5777 χ
