4138 6178
487 234 591 290 185

1658 230 1972 287 SANCTUS
2008 231 2332 289 DAMASUS
2371 232 2572 289 PAPA.

3689 242 3792 298 184

487 354 727 409 charitati
756 354 1161 419 posthabiturum
1183 352 1342 424 fuisse
1379 366 1439 404 ac
1466 349 1680 403 libenter
1725 356 2079 417 suscepturum
2105 348 2160 411 Α
2184 348 2338 403 sociis
2367 350 2741 405 criminantur?
2768 351 2828 407 Si
2853 352 2992 407 rivus
3017 352 3236 407 tenuiter
3264 352 3403 424 ﬂuit,
3429 367 3534 409 non
3561 364 3639 411 est
3663 356 3798 412 alvei

492 447 706 502 Paulini
728 447 942 516 plebem,
975 462 1034 498 ac
1071 444 1288 508 clerum,
1319 442 1518 495 etiamsi
1564 457 1720 494 unam
1765 440 2085 510 hypostasim

491 542 835 594 admitterent.
884 538 989 592 Sed
1018 534 1235 590 Paulini
1264 535 1543 587 amicorum
1580 533 1796 587 consilia
1822 533 1997 587 omnia
2025 548 2085 586 eo

490 631 808 699 spectabant,
831 637 887 681 ut
936 626 1196 681 Paulinus
1240 628 1446 681 excluso
1474 635 1653 680 sancto
1698 624 1906 679 Meletio
1946 626 2087 679 solus

492 720 778 773 Antiochiae
806 729 1063 790 pra'esset.
1110 717 1234 772 Non
1257 718 1510 772 immerito
1537 735 1657 789 ergo
1703 735 1819 771 cum
1856 716 2088 771 Paulino

491 812 897 866 communionem
922 812 1205 865 ineundum
1231 810 1467 881 negabat,
1494 812 1682 880 quippe
1706 826 1823 863 cum
1840 809 1963 862 iniri
1989 825 2090 862 non

492 915 685 974 posset,
714 907 834 976 quin
877 904 1115 960 Meletius
1152 906 1468 978 rejiceretur,
1501 905 1588 971 qui
1630 906 1770 959 solus
1802 904 2090 957 Antiochia:

489 999 749 1072 legitimus
771 1009 879 1054 erat
906 1000 1178 1070 episcopus
1208 998 1306 1071 (a).
1358 998 1416 1053 Id
1444 1014 1551 1069 quo
1581 1013 1704 1069 erga
1735 998 2088 1068 apostolicam

492 1094 677 1147 sedem
711 1109 775 1148 ac
806 1104 882 1147 tot
911 1096 1284 1149 sanctissimos
1330 1091 1638 1149 Occidentis
1667 1092 1954 1162 episcopos
1997 1091 2094 1147 ob-

492 1186 683 1254 sequio
730 1186 1001 1253 affirmet,
1036 1187 1304 1257 quibusve
1352 1196 1615 1256 praeterea
1660 1188 1926 1240 rationum
1976 1200 2093 1240 mo-

498 1282 695 1336 mentis
725 1283 839 1336 hmc
868 1281 1082 1352 probet,
1113 1282 1308 1336 viderit
1337 1281 1672 1335 clarissimus
1700 1291 1911 1334 auctor.
1938 1278 2093 1334 Nunc

495 1383 553 1429 ut
580 1388 646 1429 eo
678 1374 883 1442 redeat,
916 1376 1056 1430 unde
1106 1374 1403 1430 diverterat
1445 1375 1641 1439 oratio,
1675 1373 1966 1429 Flavianus
2030 1388 2093 1428 ac

498 1468 801 1536 Diodorus,
847 1471 1197 1524 Antiochenze
1245 1468 1652 1523 Meletianorum
1700 1483 1797 1521 seu
1825 1467 2093 1537 Campen-

490 1562 629 1617 sium
658 1563 915 1618 Ecclesia:
940 1562 1128 1627 duces,
1155 1562 1334 1617 Basilii
1363 1562 1591 1627 litteras,
1616 1569 1777 1631 atque
1799 1561 2092 1615 auctorita-

496 1665 633 1719 tem,
668 1666 791 1709 tunc
820 1656 1014 1709 iterum
1044 1656 1329 1709 ostendere
1360 1663 1668 1717 euenerant,
1704 1651 1913 1707 Paulini
1943 1667 2093 1707 asse-

2192 444 2367 511 culpa,
2396 445 2485 498 sed
2509 445 2686 514 fontis.
2719 445 3053 519 Hieronymo
3079 458 3344 517 praeterea
3369 448 3578 505 accedit
3614 452 3797 508 Acacii

2192 536 2377 590 Berea:
2418 538 2468 591 iu
2498 537 2655 609 Syria
2687 540 2928 609 episcopi
2962 541 3356 607 testimonium,
3377 558 3443 597 ex
3465 558 3574 613 quo
3594 545 3797 601 scimus

2191 630 2473 686 Paulinum
2504 649 2533 686 a
2564 633 2735 688 tribus
2760 633 3006 690 dicendis
3030 635 3413 706 bypostasihus
3438 638 3795 708 abstinuisse,

2193 730 2251 775 ut
2280 724 2549 791 piissimus
2576 723 2883 780 Occidentis
2904 727 3189 796 episcopos
3214 738 3514 784 sectaretur
3536 730 3635 802 (c).
3659 730 3796 786 Cum

2194 814 2374 883 itaque
2407 814 2668 871 Damasus
2699 832 2725 869 a
2751 817 2921 872 tribus
2948 818 3191 873 dicendis
3219 819 3604 891 hypostasihns
3634 822 3799 877 abSti-

2195 907 2394 972 nuerit,
2429 923 2653 977 magnus
2695 909 2962 964 Baronius
3012 910 3093 979 (ά)
3136 912 3333 966 merito
3390 912 3797 971 Theodoretum

2194 997 2369 1065 rejicit
2400 999 2752 1066 scribentem,
2779 1001 2996 1056 Meletio
3029 1018 3056 1055 a
3086 1002 3316 1073 Sapore,
3346 1005 3675 1061 Arianorum
3706 1024 3799 1065 ec-

2192 1090 2386 1144 clesias
2412 1092 2747 1159 adjudiCatas
2787 1108 2849 1149 ea
2890 1093 2958 1148 de
2985 1110 3170 1159 causa,
3219 1097 3362 1166 quod
3392 1098 3651 1154 Damasus
3680 1116 3795 1156 non

2194 1199 2353 1239 secus
2383 1199 2446 1238 ac
2477 1185 2723 1241 Meletius
2750 1186 2884 1257 ipse,
2922 1203 3080 1242 unam
3112 1188 3397 1244 Trinitatis
3436 1191 3795 1248 substantiam

2195 1278 2482 1344 eonlitens,
2515 1289 2622 1333 tres
2651 1278 2971 1351 bypOstases
2992 1279 3193 1335 diserte
3218 1282 3798 1356 przedicaret(e).Hinc

2196 1386 2315 1437 qua:
2358 1368 2411 1423 in
2442 1370 2564 1424 aliis
2596 1371 2811 1427 Damasi
2852 1373 2918 1427 ad
2968 1372 3253 1428 Paulinum
3310 1377 3505 1431 litteris
3538 1379 3792 1449 leguntur

2195 1464 2377 1529 verba,
2412 1479 2573 1517 unum
2599 1461 2766 1518 Deum
2806 1466 2859 1520 in
2890 1467 3049 1521 tribus
3078 1468 3446 1539 hypostasibus
3472 1469 3568 1542 (f),
3603 1488 3799 1542 purum

2197 1554 2436 1625 ejusdem
2456 1555 2778 1612 Theodoreti
2799 1568 3091 1627 putumque
3110 1561 3538 1616 additamentum
3559 1565 3797 1635 sapiunt,

2197 1664 2315 1717 qua:
2350 1659 2633 1719 pr0ptcrca
2673 1664 2700 1701 a
2744 1650 2923 1706 latinis
2965 1653 3217 1707 omnibus
3255 1654 3658 1723 exemplaribus
3700 1658 3798 1711 ab-

493 1747 606 1801 clas
635 1748 860 1801 cauterio
890 1749 1098 1801 unionis
1122 1749 1347 1813 inurere,
1380 1746 1699 1802 Sabelliante
1722 1745 1946 1800 haeresis
1966 1760 2091 1801 reos
2122 1743 2170 1803 B
2196 1749 2339 1794 sum.
2374 1740 2484 1796 Nec
2511 1757 2643 1797 vero
2682 1741 2734 1797 id
2765 1742 3006 1798 insolens
3048 1743 3176 1799 huic
3218 1746 3469 1815 scriptori
3518 1758 3640 1803 est:
3675 1764 3799 1804 nam

490 1841 797 1903 traducere,
831 1853 992 1911 atque
1038 1856 1107 1895 eo
1141 1852 1295 1911 pacto
1324 1854 1454 1895 suos
1483 1855 1511 1893 a
1543 1839 1922 1908 conjunctione
1965 1854 2086 1894 cum

490 1934 556 1986 iis
588 1930 821 1987 ineunda
865 1935 1167 1987 deterrere.
1234 1932 1359 1986 Haec
1398 1946 1527 1986 vero
1558 1941 1643 1986 est
1670 1946 1863 1997 causa,
1898 1945 1994 1985 cur
2024 1946 2088 1987 ea

490 2026 772 2081 contentio
800 2026 989 2080 iterata
1016 2024 1179 2080 fuerit
1208 2025 1259 2079 in
1302 2023 1903 2091 ConstantinOpolitano
1958 2038 2089 2077 con-

488 2119 612 2173 cilio
644 2130 767 2189 post
799 2118 998 2172 Meletii
1049 2117 1295 2183 obitum,
1348 2115 1513 2170 veluti
1556 2115 1622 2169 ad
1682 2115 1964 2169 Paulinum
2020 2115 2088 2170 ab

489 2212 801 2279 episcOpatu
852 2209 1191 2264 Antiocheno
1242 2208 1637 2277 repellendum,
1674 2215 1979 2278 comparata
2035 2218 2089 2264 et

488 2303 542 2357 in
578 2303 764 2372 primis
790 2302 1219 2367 accommodata,
1240 2310 1298 2355 ut
1327 2300 1503 2371 colligi
1534 2307 1712 2371 potest
1750 2316 1813 2354 ex
1840 2298 2086 2370 Gregorii

488 2395 833 2448 valedictoria
861 2393 928 2448 ad
954 2393 1057 2448 150
1087 2394 1275 2447 Patres
1304 2409 1316 2445 :
1351 2391 1625 2455 Desinant,
1671 2392 1744 2445 ait
1788 2391 1929 2447 enim
1954 2433 1969 2457 ,
2001 2394 2088 2461 qui

455 2477 462 2486 ’
489 2486 554 2539 de
583 2487 662 2539 Itis
691 2490 826 2539 inter
847 2502 900 2539 se
922 2487 1255 2551 contendunt,
1294 2486 1534 2557 ineptire,
1557 2486 1769 2557 perinde
1809 2503 1869 2539 ac
1895 2487 1940 2540 si
1966 2486 2089 2551 ﬁdei

490 2590 680 2635 nostra:
705 2584 868 2652 pietas
892 2583 949 2635 in
976 2582 1286 2648 nominibus,
1320 2598 1419 2635 non
1451 2583 1506 2636 in
1533 2583 1683 2637 rebus
1723 2583 2087 2650 consistat....,

489 2675 613 2743 quid
644 2676 802 2743 igitur
823 2675 962 2728 vobis
990 2675 1290 2745 hypostases
1310 2673 1507 2742 volunt,
1532 2685 1619 2728 aut
1645 2674 1782 2729 vobis
1814 2675 2090 2745 persona’?

493 2764 757 2821 Nimirum
785 2768 883 2819 tria
918 2783 1046 2833 esse,
1083 2782 1199 2838 qua:
1227 2767 1529 2821 dividantur
1569 2784 1672 2821 non
1707 2768 1907 2822 naturis
1934 2808 1948 2832 ,
1999 2767 2088 2821 sed

492 2859 887 2931 proprietatibus
927 2874 944 2911 :
983 2860 1216 2928 Optime;
1269 2876 1334 2912 an
1390 2860 1504 2928 ﬁeri
1542 2870 1709 2929 potest
1767 2870 1820 2913 ut
1878 2860 2087 2928 quidam

489 2953 654 3023 magis
678 2952 811 3005 inter
836 2968 944 3005 sese
972 2952 1309 3015 concordent,
1346 2961 1498 3022 atque
1528 2953 1663 3006 idem
1693 2953 1888 3017 dicant,
1934 2969 2088 3021 quam

488 3062 604 3099 cum
632 3046 703 3097 ita
730 3045 974 3109 sentiunt,
1028 3046 1229 3099 tametsi
1258 3045 1453 3115 alioqui
1502 3045 1716 3118 syllabis
1762 3046 2089 3117 discrepent?

2195 1848 2317 1888 cum
2351 1835 2401 1887 in
2425 1833 2711 1905 lllyricana
2737 1834 2968 1905 synodo,
3003 1835 3155 1905 cujus
3191 1836 3318 1891 alibi
3354 1853 3383 1891 a
3412 1838 3565 1894 nobis
3593 1843 3801 1897 mentio

2193 1926 2329 1981 facta
2355 1936 2457 1988 est,
2482 1927 2788 1997 congregati
2816 1927 3073 1997 praesules
3094 1936 3281 1998 aperte
3308 1929 3535 2000 professi
3568 1933 3801 1989 fuissent

2193 2036 2313 2076 cum
2344 2020 2568 2092 reliquis
2591 2021 2842 2075 omnibus
2867 2021 3037 2076 Latini
3070 2023 3281 2094 imperii
3322 2024 3615 2093 episcopis,
3641 2043 3783 2081 eam-

2194 2114 2308 2168 dem
2336 2114 2671 2168 substantiam
2711 2112 2887 2168 Patris
2917 2125 2966 2168 et
3004 2113 3131 2169 Filii
3183 2126 3231 2170 et
3282 2116 3513 2186 Spiritus
3541 2120 3705 2171 sancti
3737 2120 3795 2174 in

2194 2206 2356 2261 tribus
2383 2223 2491 2261 esse
2541 2211 2791 2276 personis,
2815 2206 3222 2275 Tlteodoretus,
3255 2192 3357 2280 qui
3379 2224 3472 2265 eas
3499 2209 3705 2264 litteras
3735 2212 3791 2267 in

2194 2297 2441 2354 Graecum
2471 2314 2656 2354 versas
2684 2300 2877 2355 recitat
2905 2302 3003 2371 (g),
3028 2302 3209 2356 statim
3229 2302 3381 2356 addit
3406 2303 3546 2358 τοῦτ’
3568 2302 3703 2360 ἔστιν
3738 2306 3794 2360 ἐν

2191 2394 2334 2469 τρισὶ
2360 2392 2575 2452 τελείαις
2604 2393 2973 2460 ὑποστάσεσιν,
3004 2393 3147 2464 quod
3179 2393 3361 2450 itidem
3387 2405 3631 2466 apertum
3653 2396 3799 2466 ejus-

2194 2484 2316 2539 dem
2342 2486 2611 2555 glossema
2638 2496 2742 2541 est.

2265 2575 2354 2630 Ill.
2382 2576 2696 2647 Priusquam
2728 2579 2795 2633 ab
2827 2578 2910 2634 his
2942 2578 3465 2652 Hieronymilitteris
3486 2582 3787 2651 discedam,

2195 2667 2370 2721 locum
2398 2684 2465 2723 ex
2496 2668 2563 2723 iis
2588 2669 2831 2736 afferam,
2876 2672 3022 2742 quod
3066 2672 3215 2727 illum
3246 2674 3384 2728 haud
3417 2684 3561 2729 recte
3590 2678 3795 2746 saepius

2192 2769 2477 2830 acceptum
2508 2761 2734 2816 viderim
2763 2779 2776 2817 :
2809 2763 2883 2817 ait
2908 2763 3109 2833 itaque,
3140 2763 3318 2818 Trium
3348 2765 3687 2835 [typostaseon
3728 2769 3800 2822 ab

2192 2854 2504 2909 Arianorum
2552 2857 2774 2928 prtesule
2804 2868 2851 2911 et
2897 2856 3296 2927 Campensibus,
3339 2860 3597 2915 novellum
3639 2878 3669 2913 a
3714 2878 3801 2917 me

2194 2947 2399 3001 homine
2429 2947 2665 3003 Romano
2696 2965 2877 3003 nomen
2904 2951 3145 3022 exigitur.
3179 2952 3316 3007 Sunt
3351 2952 3441 3022 qui
3471 2951 3800 3023 disjunctio-

2193 3055 2315 3093 nem
2344 3039 2489 3094 illam
2514 3050 2562 3095 et
2593 3041 2938 3096 omittendam
2968 3053 3244 3109 censeant,
3272 3060 3335 3100 ac
3358 3045 3458 3100 sub
3480 3046 3798 3101 Arianorum

491 3140 646 3194 Enim
674 3153 804 3193 vero
844 3139 929 3192 cui
961 3138 1105 3193 bono
1147 3137 1519 3193 Nazianzenus
1565 3154 1680 3193 rem
1711 3139 1858 3193 illam
1888 3140 2089 3210 egisset
2114 3135 2160 3198 C
2195 3135 2414 3205 praesule
2443 3134 2712 3190 Meletium
2745 3152 2906 3190 unum
2939 3137 3248 3209 intelligunt
3276 3180 3290 3205 ,
3338 3138 3429 3208 qui
3473 3139 3794 3197 eorumdem

486 3236 704 3297 iterum,
735 3234 780 3287 si
830 3248 936 3288 non
968 3243 1123 3287 erant
1170 3235 1260 3303 qui
1314 3233 1559 3288 eamdem
1587 3244 1775 3288 contra
1804 3234 2086 3288 Paulinum

489 3328 797 3383 cantionem
830 3326 1022 3381 iterum
1052 3329 1353 3381 canerent?

559 3419 628 3475 ll.
670 3419 808 3486 Quid
840 3411 1100 3474 Damasus
1154 3419 1483 3491 Hieronymo
1523 3420 1864 3490 responderit
1893 3462 1907 3484 ,
1938 3430 2088 3476 certo

490 3527 595 3566 non
627 3522 860 3574 constat,
888 3527 1007 3566 cum
1040 3514 1103 3567 ad
1135 3529 1233 3567 nos
1269 3514 1482 3569 Damasi
1522 3513 1717 3569 littera:
1750 3530 1855 3573 non
1902 3530 2091 3584 perve-

491 3607 690 3661 nerint.
724 3607 791 3661 At
819 3621 940 3661 cum
987 3607 1075 3662 ille
1120 3607 1219 3661 sub
1249 3608 1407 3676 hujus
1437 3609 1561 3662 anni
1596 3607 1755 3662 finem
1780 3650 1794 3670 ,
1827 3616 1921 3662 aut
1952 3607 2087 3661 alte-

496 3698 611 3753 rius
639 3699 847 3753 initium
880 3698 1079 3754 scribat
1111 3699 1304 3753 iterum
1328 3700 1394 3752 ad
1420 3699 1655 3754 Marcum
1690 3700 2086 3771 presbyterum,

492 3790 812 3846 hatreticum
857 3806 915 3847 se
961 3791 1217 3859 jutlicari,
1269 3807 1590 3862 quamquam
1645 3791 1784 3846 idem
1814 3793 1993 3855 dicat,
2025 3807 2088 3847 ac

488 3884 696 3947 credat,
752 3884 900 3954 quod
952 3883 1210 3938 Damasus
1258 3895 1304 3937 et
1385 3884 1569 3937 Petrus
1615 3884 1997 3939 Alexandrinus
2034 3893 2089 3940 et

491 3974 737 4036 credunt,
774 3984 829 4029 et
848 3989 944 4028 ore
980 3974 1323 4043 exprimunt,
1354 3990 1475 4028 cum
1510 3985 1766 4043 prmterea
1807 3977 2089 4046 presbyter

492 4076 522 4115 a
554 4062 779 4118 Paulino
812 4064 1150 4117 Antiocheno
1181 4063 1460 4118 ordinatus
1492 4065 1685 4120 deinde
1713 4064 1893 4130 fuerit,
1928 4067 2089 4137 idque

492 4170 591 4225 per
632 4155 746 4210 haec
793 4158 906 4225 ipsa
954 4166 1193 4223 tempora
1241 4157 1530 4227 contigerit
1574 4165 1631 4210 ut
1668 4158 1737 4212 el.
1790 4157 2090 4215 Vallarsius

490 4247 690 4301 invicte
736 4248 929 4316 probat
960 4246 1069 4319 (b);
1107 4248 1231 4303 hinc
1259 4260 1483 4318 apparet
1513 4259 1624 4303 tum
1678 4249 1873 4305 factum
1931 4251 2007 4305 illi
2058 4267 2088 4306 a

492 4341 727 4396 Damaso
756 4339 1087 4406 facultatem,
1120 4341 1451 4413 hypostasim
1483 4358 1647 4396 unam
1694 4358 1759 4397 ac
1802 4352 1913 4398 tres
1961 4359 2088 4414 per-

490 4449 653 4491 sonas
681 4434 988 4505 prolitendi,
1016 4444 1126 4489 tmn
1181 4436 1577 4506 praescriptum,
1602 4443 1664 4489 ut
1688 4450 1813 4490 cum
1865 4436 2088 4492 Paulino

2196 3229 2516 3284 Arianorum
2540 3246 2702 3285 manu
2722 3241 2942 3286 evecms
2967 3231 3033 3285 ad
3055 3231 3370 3287 cathedram
3394 3231 3790 3288 Antiochenam

2194 3309 2368 3377 fuerat
2397 3342 2410 3377 :
2444 3323 2563 3377 aliis
2589 3339 2718 3379 vero
2747 3324 2946 3394 placet,
2980 3334 3037 3379 ut
3068 3326 3306 3394 legamus
3337 3324 3430 3379 sub
3474 3325 3790 3380 Arianorum

2194 3416 2340 3484 prole
2365 3413 2756 3484 Campensibus,
2802 3417 3055 3487 aiuntque
3102 3416 3426 3472 Meletianos
3465 3418 3794 3474 Arianorum

2196 3506 2401 3576 prolem
2436 3521 2540 3561 non
2564 3508 2683 3562 sine
2712 3507 2978 3577 probabili
3009 3507 3221 3563 ratione
3250 3524 3279 3562 a
3310 3508 3640 3581 Hieronymo
3681 3509 3795 3564 dici

2194 3614 2375 3669 posse.
2402 3600 2513 3670 Ego
2536 3616 2664 3655 vero
2686 3602 2901 3670 opinor,
2929 3602 3072 3656 aliud
3099 3602 3228 3657 nihil
3252 3603 3498 3658 eumdem
3526 3604 3797 3675 Hierony-

2195 3708 2340 3746 mum
2376 3692 2477 3747 boc
2514 3693 2633 3749 loco
2674 3693 2832 3760 velle,
2862 3710 3022 3764 quam
3051 3710 3109 3749 se
3138 3711 3328 3751 revera
3371 3706 3479 3751 tum
3510 3697 3578 3751 ah
3599 3697 3795 3752 eodem

2192 3784 2518 3840 Arianorum
2550 3787 2802 3855 praesule,
2833 3787 2944 3842 sive
2966 3787 3200 3842 Euzoius
3222 3788 3309 3843 ille
3332 3788 3510 3859 fuerit,
3531 3788 3645 3844 sive
3687 3789 3797 3844 Do-

2194 3878 2436 3944 rotheus,
2470 3888 2579 3932 tum
2618 3895 2648 3932 a
2674 3880 3086 3949 Cantpensibus,
3120 3880 3421 3936 Meletianis
3466 3882 3695 3948 scilicet,
3717 3882 3791 3936 ob

2192 3987 2312 4026 eam
2342 3988 2559 4027 causam
2589 3984 2835 4029 vexatura
2863 3995 2878 4041 ;
2903 3975 3131 4045 ideoque
3156 3974 3287 4029 nihil
3311 3991 3338 4028 a
3361 3975 3531 4029 veteri
3561 3975 3793 4031 lectione

2192 4067 2542 4123 movendum.
2584 4067 2770 4138 Neque
2797 4070 2938 4123 enim
2987 4070 3209 4124 minoris
3253 4068 3579 4124 Arianorum
3626 4084 3790 4139 quam

2193 4163 2597 4217 Meletianornm
2627 4163 2885 4217 intererat
2908 4171 3015 4217 tres
3038 4161 3356 4234 hypostases
3396 4163 3524 4229 dici,
3564 4171 3792 4232 eratque

2196 4272 2300 4311 una
2340 4255 2638 4326 eademque
2667 4256 2906 4309 omnium
2938 4270 3122 4323 causa,
3153 4264 3480 4326 Quamquam
3511 4270 3617 4310 non
3646 4254 3792 4309 idem

2195 4351 2433 4405 omnium
2464 4351 2604 4404 linis.
2639 4350 2775 4405 Hinc
2808 4351 2859 4404 in
2903 4350 3007 4404 alia
3055 4349 3306 4419 epistola,
3340 4349 3646 4420 Campenses
3674 4366 3794 4403 cum

2198 4442 2535 4497 Tarsensibus
2565 4441 2818 4497 luereticis
2872 4443 3137 4509 copulatas
3166 4442 3262 4509 ait,
3309 4442 3434 4513 quia
3479 4442 3797 4497 Meletiaua-

490 4529 958 4583 communit-aret:
994 4543 1170 4599 neque
1215 4530 1396 4593 enim,
1441 4529 1532 4598 qui
1590 4527 1868 4584 Paulinum
1914 4531 2087 4597 ipsum
2117 4532 2170 4594 D
2198 4551 2314 4589 rum
2349 4536 2576 4605 partium
2611 4534 2798 4598 duces,
2830 4535 2975 4590 vires
3013 4551 3135 4590 cum
3166 4536 3436 4590 haereticis
3468 4534 3705 4601 Ariauis,
3738 4542 3797 4589 et

488 4622 732 4692 ignorare
772 4637 831 4677 se
872 4623 1033 4692 paulo
1065 4632 1222 4678 antea
1260 4622 1615 4693 profitebatur
1641 4639 1853 4677 sacram
1897 4623 1963 4677 ab
1994 4637 2089 4677 eo-

489 4711 614 4767 dem
646 4712 1041 4767 ordinationem
1071 4715 1369 4783 accepisset
1420 4716 1551 4769 citra
1582 4712 1683 4767 sibi
1722 4715 2089 4783 praescriptam

492 4818 521 4857 a
546 4804 793 4858 Romano
820 4803 1070 4873 pontiﬁce
1101 4807 1296 4876 legem.
1317 4805 1515 4859 Eorum
1536 4807 1713 4875 itaque
1739 4809 2087 4876 sententiam,

492 4898 583 4967 qui
622 4899 905 4951 Damasum
942 4900 1277 4968 hypostaseos
1304 4914 1439 4955 voce
1485 4900 1552 4954 ad
1579 4900 1941 4970 designandas
1966 4917 2091 4971 per-

490 5007 655 5047 sonas
680 5008 834 5047 usum
859 4993 1148 5062 aliquando
1172 4994 1335 5049 fuisse
1356 5004 1628 5062 asserunt,
1656 5013 1942 5052 erroueam
1968 5012 2091 5054 esse

493 5092 708 5140 constat
750 5101 818 5140 ex
862 5084 1190 5158 Hieronymo
1234 5088 1395 5156 ipso:
1430 5090 1693 5159 siquidem
1743 5091 1808 5144 ad
1854 5090 2113 5146 Marcum

491 5180 871 5248 presbyterum
931 5177 1126 5232 deinde
1176 5178 1280 5234 ait:
1312 5179 1626 5242 "melicam
1677 5197 1755 5234 me
1795 5198 1909 5235 cum
1940 5181 2090 5236 Occi—

491 5270 658 5338 dente,
702 5271 1001 5326 Ittereticum
1030 5288 1145 5324 cum
1198 5270 1449 5343 Egypto,
1493 5272 1548 5325 id
1578 5283 1652 5326 est
1681 5289 1797 5325 cum
1845 5272 2088 5341 Damaso,

410 5434 419 5437 _
492 5360 747 5435 Petroque
776 5366 1131 5422 condemnent.
1182 5365 1320 5431 Quid
1360 5382 1518 5422 unum
1562 5366 1822 5421 hominem
1861 5368 2090 5438 exceptis

562 5508 643 5583 (ᾳ)
686 5507 1087 5583 Brmf:_adtont.
1118 5510 1206 5579 lll,
1243 5510 1271 5583 ι
1304 5512 1358 5568 5.

490 5582 495 5615 ;
564 5577 644 5651 (b_)
690 5577 791 5651 Vit.
817 5578 1143 5651 _Hi_er.,cap.
1173 5577 1259 5637 ΗΣ

564 5645 636 5719 (cf)
679 5645 832 5719 Apud
859 5648 1045 5718 Cyrill.
1076 5645 1165 5719 ep.
1198 5654 1286 5708 15.

559 5714 639 5787 (tl)
680 5714 758 5770 Ad
792 5714 1069 5785 ann1378,
1101 5714 1249 5777 nunt.
1285 5726 1373 5779 '57.

2196 4627 2421 4682 consilia
2474 4627 2525 4681 in
2556 4642 2617 4682 ea
2649 4629 2997 4683 contentione
3038 4627 3452 4699 conjunxeraut.
3510 4627 3795 4682 Falluutur

2197 4719 2378 4790 itaque
2403 4734 2526 4774 meo
2550 4719 2779 4790 judicio,
2812 4721 2903 4792 qui
2935 4722 3066 4775 cives
3094 4719 3371 4776 Tarsenses
3413 4720 3516 4775 hoc
3560 4720 3681 4776 loco
3723 4720 3794 4774 ab

2197 4811 2527 4883 Hieronymo
2582 4816 2849 4868 hiereticos
2880 4815 3053 4869 dictos
3088 4824 3294 4884 putant,
3326 4829 3389 4869 ac
3421 4815 3472 4869 in
3523 4813 3684 4883 hujus
3711 4813 3795 4868 rei

2198 4905 2559 4975 perquirenda
2613 4921 2773 4960 eausa
2812 4907 3082 4961 laborant.
3139 4905 3445 4978 Campenses
3494 4907 3630 4960 enim
3676 4922 3797 4959 cum

2195 4998 2535 5055 Tarsensibus
2562 5001 2701 5055 idem
2737 5001 3091 5072 Hieronymus
3109 5001 3304 5071 jungit,
3350 5003 3470 5071 quia
3504 5000 3797 5055 Flavianus

2196 5101 2250 5147 et
2280 5092 2565 5158 Diodorus,
2594 5094 2681 5163 qui
2712 5092 2915 5147 Silvani
2956 5093 3237 5149 Tarsensis
3263 5092 3504 5163 episcopi
3540 5092 3798 5147 alumnus

2196 5183 2392 5252 fuerat,
2440 5186 2849 5240 Meletianarum
2881 5188 3111 5255 partium
3133 5185 3428 5244 Catbolicis
3459 5188 3797 5259 conjunctim

2196 5291 2495 5349 prmerant;
2532 5290 2757 5351 uterque
2795 5296 2924 5337 vero
2952 5296 3074 5337 cum
3127 5284 3377 5338 hwreticis
3408 5284 3683 5352 copulatus
3706 5285 3797 5340 vi-

2194 5371 2312 5427 deri
2347 5382 2576 5439 poterat,
2608 5382 2721 5429 tum
2749 5375 2891 5446 quod
2921 5392 3079 5432 unam
3110 5392 3231 5432 cum
3276 5377 3494 5435 Arianis
3514 5376 3795 5434 eamdem-

2264 5518 2336 5655 ἕο)
2377 5518 2495 5575 Lib.
2528 5536 2582 5583 v,
2614 5537 2735 5593 cap.
2768 5524 2819 5579 3.
2882 5595 2893 5607 .

2287 5592 2331 5655 Γ)
2371 5592 2525 5655 Apud
2552 5593 2825 5648 Theudor.
2860 5594 2893 5650 lt

2287 5592 2333 5667 η
2371 5592 2525 5667 Apud
2552 5592 2825 5667 Theudor.
2860 5594 2956 5653 lib.
2983 5610 3057 5665 IV,
3087 5610 3208 5667 cap.
3243 5596 3298 5653 8.

2262 5660 2341 5731 (ῃ)
2382 5663 2497 5719 Lib.
2532 5680 2605 5733 iv,
2637 5680 2756 5735 cap.
2783 5665 2838 5723 8.
