4138 6178
315 241 426 298 185

1690 239 2057 298 PROLEGOM
2067 241 2194 296 ENA
2208 281 2220 295 .
2269 229 2272 231 i

3513 249 3616 307 186

307 373 416 426 quc
444 368 663 413 causam
699 354 752 408 in
783 353 958 430 tribus
985 353 1363 425 Itypostasibus
1388 354 1526 410 tueri
1558 354 1908 422 videbantur,
1939 361 1994 420 Α
2018 359 2246 425 scriptas
2273 357 2436 415 fuisse
2463 369 2696 430 oportet.
2727 361 2924 416 Earum
2974 364 3180 421 mentio
3214 374 3297 423 est
3328 374 3440 423 tum
3469 371 3611 441 apud

312 456 423 505 tum
471 447 637 519 quod,
674 446 1127 518 Theodoreto(a)
1165 463 1229 502 ac
1269 447 1632 518 Philostorgio
1662 451 1909 516 testibus,

311 544 626 614 promiscua
660 550 777 597 erat
818 541 960 595 inter
985 540 1302 596 Meletianos
1339 551 1395 597 et
1425 542 1658 596 Arianos
1687 584 1701 607 ,
1735 558 1914 611 preca-

311 637 541 703 tionum,
593 635 931 706 hymnorum,
967 633 1418 696 consultationum,
1449 633 1768 705 aliorumque
1806 650 1916 687 om-

313 731 488 794 nium,
541 732 589 784 si
632 730 906 800 mysticum
948 729 1262 797 sacriﬁcium
1315 729 1554 800 excipias
1585 771 1601 795 ,
1649 745 1915 783 sacrarunt

317 822 651 878 eontmunio.
683 820 823 887 Quid
850 821 996 874 enim
1037 819 1355 882 Tarsenses,
1385 821 1430 875 si
1461 821 1548 890 qui
1580 819 1719 875 forte
1747 821 1916 874 Incre-

321 914 447 969 ticis
472 913 811 968 adhaeserant
840 927 966 968 cum
1023 912 1376 968 Antiochettis
1417 911 1732 977 Catholicis,
1762 928 1914 968 com-

321 1022 483 1062 mune
507 1006 770 1070 habuere,
797 1015 854 1060 ut
881 1021 977 1062 eos
1021 1005 1382 1077 Hieronymus
1406 1005 1508 1060 hoc
1531 1006 1650 1060 loco
1674 1021 1784 1075 prae
1811 1020 1917 1059 ca:-

319 1101 446 1156 teris
458 1100 712 1155 omnibus
730 1113 1023 1167 espressos
1037 1099 1186 1154 velit.
1207 1099 1318 1154 Hoc
1342 1101 1533 1153 iterum
1556 1099 1914 1170 Hieronymus

312 1195 431 1265 ipse
471 1193 676 1248 iudicat
707 1235 723 1259 ,
753 1193 806 1248 in
844 1192 1071 1262 epistola
1103 1192 1170 1246 ad
1217 1193 1454 1247 Marcum
1496 1195 1867 1264 presbyterum
1896 1231 1912 1255 .

310 1301 436 1340 cum
491 1286 590 1350 ait,
642 1283 954 1339 Sabelliame
1021 1284 1303 1352 impietatis
1350 1301 1575 1356 arguor,
1637 1284 1915 1338 subsisten-

311 1388 416 1445 tes,
432 1395 603 1444 ueras,
634 1379 878 1448 integras,
905 1381 1258 1446 perfectasque
1274 1393 1520 1447 personas
1539 1378 1878 1449 pronuntians
1894 1393 1912 1430 :

313 1473 364 1527 si
391 1473 456 1526 ab
487 1473 709 1535 Arionis,
732 1472 912 1525 merito
937 1487 951 1524 :
981 1471 1025 1524 si
1050 1471 1114 1524 ab
1133 1472 1432 1526 ortltodoxis
1455 1514 1469 1536 ,
1496 1473 1584 1541 qui
1611 1471 1914 1544 hujusmodi

312 1574 544 1635 arguunt
586 1564 738 1632 [idem
770 1605 786 1629 ,
829 1562 1109 1618 orthodoxi
1153 1580 1260 1617 esse
1309 1563 1590 1618 desierunt.
1623 1564 1914 1632 Utramque

309 1658 458 1714 enim
485 1659 773 1713 factionem
807 1667 980 1724 notat,
1015 1673 1045 1710 a
1070 1673 1172 1728 qua
1206 1658 1483 1713 molestias
1514 1659 1632 1713 illas
1661 1658 1802 1713 ferre
1822 1674 1915 1712 co-

2016 449 2294 505 Socratem
2321 491 2335 514 ,
2384 463 2493 506 tum
2539 454 2680 524 apud
2722 455 3082 512 Sozomenum
3125 460 3197 533 (c)
3225 502 3240 525 ,
3283 463 3373 534 qui
3417 465 3610 521 eodem

2021 547 2294 610 ten'tpore,
2338 560 2457 614 quae
2489 546 2702 600 illarum
2755 550 2833 603 vis
2861 560 3042 616 esset,
3091 567 3189 607 nos
3217 553 3452 622 docent,
3487 571 3609 612 cum

2017 650 2204 690 eorum
2245 637 2380 693 alter
2422 650 2477 694 et
2515 642 2998 699 consubstantialis
3044 647 3237 716 tidem,
3273 656 3329 706 et
3362 650 3509 707 Petri
3556 653 3610 708 in

2017 730 2201 785 sedem
2251 734 2671 791 Alexandrinam
2732 739 3144 797 collocationem
3193 759 3207 808 ;
3278 745 3420 801 alter
3479 762 3610 802 vero

2018 823 2415 880 ordinationem
2447 824 2738 883 a'Damaso
2778 831 3150 888 conﬁrmatam
3197 835 3402 903 scribit,
3451 847 3612 910 atque

2018 914 2089 968 ita
2126 924 2351 988 uterque
2374 918 2512 988 ejus,
2541 937 2658 990 qua:
2688 922 2933 978 Romano
2961 928 3198 994 pontiﬁci
3228 928 3388 996 inest,
3423 943 3610 986 aucto-

2018 1008 2188 1063 ritatis
2217 1013 2490 1080 specimen
2513 1013 2801 1070 Damasum
2825 1016 3040 1074 dedisse
3067 1017 3286 1076 fatetur.
3337 1023 3456 1078 Hoc
3477 1039 3610 1080 sane

2018 1105 2322 1172 respexisse
2359 1107 2525 1177 liquet
2557 1108 2875 1165 Eutlterium
2901 1113 3290 1180 Thianeusem.
3335 1126 3387 1172 et
3428 1118 3611 1174 Hella-

2016 1195 2161 1250 diutn
2191 1196 2513 1254 Tarsensem
2559 1205 2876 1275 episcopos,
2919 1208 3007 1276 qtti
3041 1207 3112 1262 ita
3141 1209 3205 1263 ad
3234 1210 3447 1267 Xistttm
3476 1215 3612 1270 scri-

2017 1289 2189 1346 bunt:
2241 1291 2310 1346 Et
2339 1295 2461 1348 olim
2504 1313 2695 1368 smptus
2724 1316 2786 1354 ex
2814 1300 3136 1357 Alexandria
3169 1307 3426 1361 Itazreticis
3468 1309 3609 1362 ziza-

2018 1382 2119 1436 niis
2150 1383 2536 1456 insurgentibus
2577 1389 2779 1456 suffecit
2811 1403 2972 1446 vestra
3018 1397 3304 1464 apostolica
3341 1399 3486 1454 sedes
3523 1416 3617 1469 per

2017 1478 2313 1532 universum
2351 1490 2552 1551 tempus
2599 1484 2741 1537 istud
2773 1526 2788 1552 ,
2841 1489 2910 1539 ad
2947 1489 3274 1544 mendacium
3309 1494 3610 1547 convincen-

2018 1570 2138 1623 dum
2156 1611 2171 1637 ,
2206 1573 2614 1646 impietatentque
2643 1579 3022 1648 reprimendum
3047 1623 3061 1650 ,
3095 1593 3142 1637 et
3172 1585 3475 1655 corrigenda
3499 1603 3613 1657 qute

2015 1666 2358 1717 necessarium
2401 1667 2521 1736 fuit,
2563 1670 2996 1740 muniendumque
3039 1675 3210 1728 orbem
3241 1685 3497 1731 terrarum
3541 1677 3611 1732 ad

308 1749 560 1821 gebatur.
611 1749 747 1804 Ilinc
776 1764 904 1804 vero
929 1749 1112 1819 colligi
1153 1750 1314 1804 etiam
1355 1758 1543 1819 aperte
1569 1759 1766 1816 potest,
1800 1749 1912 1804 hate

2019 1759 2242 1828 gloriam
2269 1759 2488 1826 Christi,
2537 1771 2643 1816 tam
2670 1765 2762 1818 sub
2807 1768 2899 1820 illo
2929 1778 3006 1822 ter
3047 1770 3192 1825 beato
3233 1774 3474 1843 episcopo
3507 1773 3614 1828 Da-

310 1843 621 1900 Antiochia:
645 1853 797 1914 gesta
831 1842 1016 1908 fuisse,
1037 1853 1324 1912 antequam
1354 1843 1602 1898 Meletius
1623 1859 1688 1898 eo
1720 1844 1911 1897 iterum

312 1948 568 1990 reversus
589 1942 760 2000 esset,
779 1942 941 2004 atque
963 1935 1086 1989 ideo
1109 1934 1206 1989 has
1231 1934 1510 2004 epistolas,
1536 1950 1601 1989 co
1621 1950 1780 2005 quem
1802 1935 1913 1989 dixi

312 2043 461 2082 anno
487 2027 720 2096 scriptas
746 2040 866 2082 esse
897 2037 1168 2094 Oportere.

392 2118 484 2174 IV.
527 2116 672 2173 Nunc
723 2121 1076 2187 quaerendum
1135 2127 1346 2184 restat,
1407 2135 1504 2174 cur
1552 2121 1910 2192 Hieronymus

321 2212 558 2268 Vitalem
586 2228 681 2284 pro
704 2211 976 2268 catholico
1007 2213 1289 2280 habuerit,
1319 2223 1480 2283 atque
1511 2230 1635 2268 eum
1664 2224 1916 2271 numeret

319 2305 473 2360 inter
511 2306 813 2375 episcopos,
853 2306 942 2375 qtti
973 2306 1200 2360 Damaso
1230 2308 1420 2360 Itazrere
1445 2323 1504 2362 se
1532 2307 1793 2361 dicerent.
1829 2308 1911 2361 An

313 2413 452 2454 vero
478 2397 723 2452 Romano
752 2399 996 2468 pontilici
1027 2399 1221 2454 Itwrere
1250 2400 1581 2469 llieronymo
1610 2400 1778 2455 videri
1822 2417 1916 2468 po-

314 2500 479 2555 terat,
523 2492 617 2562 qui
658 2493 988 2563 Apollinario
1031 2493 1276 2562 parebat,
1324 2505 1485 2560 atque
1524 2493 1806 2548 ordinatus
1846 2494 1914 2550 ab

316 2582 410 2638 illo
476 2581 692 2649 fuerat,
758 2585 826 2639 ab
880 2583 1122 2638 Ecclesia
1168 2583 1278 2653 jam
1326 2585 1610 2654 projecto?
1676 2585 1790 2655 Ego
1835 2585 1915 2640 sic

313 2676 606 2738 existimo,
650 2675 882 2732 Vitalem
924 2676 1232 2732 ordinatum
1267 2677 1336 2730 ab
1373 2678 1709 2746 Apollinario
1747 2679 1914 2733 fuisse

315 2786 425 2826 non
466 2770 556 2824 diu
594 2779 878 2839 postquam
916 2785 946 2824 a
977 2771 1209 2824 Damaso
1235 2771 1392 2824 rediit
1428 2787 1547 2824 cum
1573 2770 1914 2826 communio-

317 2865 401 2919 nis
443 2865 680 2930 litteris;
727 2863 890 2935 idque
916 2864 1042 2920 dolo
1082 2867 1246 2928 malo.
1293 2875 1454 2935 atque
1481 2883 1603 2920 eum
1645 2866 1911 2934 in'ﬁnem,

317 2973 386 3012 ne
425 2972 456 3011 a
483 2956 712 3012 Paulino
751 2959 868 3028 cogi
908 2969 1091 3029 posset
1129 2958 1196 3012 ad
1233 2959 1680 3014 subscribendum
1715 2962 1915 3014 l'ormu-

315 3050 446 3114 lam,
487 3065 648 3120 quam
697 3051 775 3105 illi
811 3065 840 3104 a
875 3051 1102 3106 Damaso
1145 3054 1514 3106 transntissatn
1551 3062 1794 3106 noverat.
1835 3052 1912 3107 Ne

2018 1867 2182 1914 maso,
2211 1869 2362 1923 quam
2390 1856 2624 1924 pluribus
2647 1861 2764 1914 aliis
2787 1859 2886 1932 (d).
2919 1863 3045 1918 llaec
3071 1875 3248 1920 autem
3277 1883 3398 1924 cum
3429 1869 3612 1940 Lupus

2017 1956 2329 2002 annotassct
2377 1951 2650 2018 pertinere
2699 1954 2764 2007 ad
2798 1955 2946 2010 Petri
2978 1957 3326 2015 Alexandrini
3375 1963 3428 2016 in
3479 1962 3613 2019 sedo

2017 2041 2508 2107 continuationem,
2545 2045 2800 2114 Luciique
2826 2047 3012 2103 Ariani
3047 2051 3470 2119 damnationem,
3505 2054 3610 2108 Ba-

2017 2131 2189 2186 luzius
2215 2149 2336 2187 eum
2368 2150 2554 2192 errare
2585 2138 2939 2195 vehementer
2969 2143 3161 2212 inquit,
3193 2160 3314 2199 cum
3345 2147 3605 2202 Damasus

2019 2240 2124 2279 non
2174 2229 2322 2282 solus
2351 2272 2364 2293 ,
2427 2229 2519 2284 sed
2569 2246 2689 2285 cum
2740 2234 2974 2288 concilio
3004 2234 3171 2291 Italia:
3212 2246 3266 2292 et
3313 2239 3475 2294 totius
3503 2239 3608 2296 Oc-

2017 2305 2244 2377 cidentis
2274 2323 2508 2380 Lucium
2529 2324 2873 2382 damnaverit
2902 2328 2997 2400 (e).
3057 2329 3211 2386 Unde
3239 2341 3417 2386 autem
3448 2347 3613 2404 syno—

2017 2415 2144 2469 dum
2178 2416 2318 2470 illam
2350 2417 2600 2473 Baluzitts
2624 2433 2690 2474 ex
2723 2421 2976 2475 omnibus
3005 2421 3314 2477 Occidentis
3344 2423 3612 2495 episcopis

2016 2513 2296 2569 Collectam
2358 2516 2576 2584 probet,
2631 2517 2745 2585 ipse
2799 2517 3040 2573 viderit:
3092 2535 3193 2590 ego
3225 2521 3370 2576 enim
3414 2532 3612 2591 printer

2024 2606 2240 2660 Petrum
2278 2609 2449 2676 ipsum
2471 2649 2485 2672 ,
2520 2624 2584 2662 ex
2625 2609 3034 2675 subttrbicariis,
3067 2620 3230 2681 atque
3263 2612 3348 2677 iis,
3382 2614 3471 2682 qtti
3506 2613 3614 2668 Ro-

2019 2717 2178 2755 mano
2207 2703 2447 2772 pontiﬁci
2480 2712 2680 2772 praesto
2711 2718 2832 2759 esse
2864 2705 3059 2768 solent,
3091 2706 3363 2775 episeopis
3389 2721 3613 2776 compo-

2017 2794 2173 2848 sitam
2224 2796 2388 2850 luisse
2434 2796 2780 2852 crediderim.
2825 2796 3095 2852 Caeterum
3148 2799 3327 2868 inepta
3379 2814 3604 2869 prorsus

2017 2888 2328 2942 observatio
2372 2899 2488 2952 est,
2531 2905 2854 2960 quamquam
2907 2890 3034 2956 alii,
3085 2891 3176 2959 qui
3223 2907 3328 2946 non
3361 2907 3516 2962 ecquo
3559 2893 3611 2946 in

2018 2981 2201 3035 sedem
2237 2983 2586 3050 apostolicam
2615 2983 2796 3037 animo
2825 2994 2970 3049 sunt,
3005 3000 3067 3038 ea
3100 2985 3172 3038 ιιιί
3201 2988 3430 3040 soleant.
3473 2985 3607 3041 Nam

2017 3089 2138 3142 qua:
2187 3072 2353 3128 fuerit
2400 3077 2453 3128 in
2487 3074 2725 3129 Romana
2778 3076 2987 3146 synodo
3031 3079 3410 3147 episcoporum
3441 3077 3609 3134 Italia:

311 3157 454 3239 νεξο
503 3142 822 3239 νδίετξίιημξ
883 3143 1045 3239 homo
1087 3145 1282 3199 "‘3'3'"
1331 3146 1399 3200 d0
1447 3161 1508 3201 se
1549 3148 1910 3216 susllicionem
1942 3149 1987 3212 C
2019 3173 2314 3222 auctoritas
2335 3211 2349 3232 ,
2403 3169 2502 3239 ipsi
2534 3179 2720 3239 aperte
2749 3142 3020 3236 explicant
3043 3211 3058 3234 ,
3111 3179 3168 3224 ut
3199 3187 3359 3226 nemo
3387 3171 3612 3239 melius,

309 3237 605 3307 injiceret,
656 3236 937 3291 Paulinum
976 3237 1376 3294 Sabellianistni
1419 3241 1666 3294 incusare
1694 3281 1708 3304 ,
1751 3252 1914 3310 atque

310 3332 437 3398 ejus
497 3331 933 3384 communionem
988 3331 1160 3400 palam
1212 3332 1428 3400 cjurare
1478 3332 1672 3392 deinde
1726 3345 1911 3404 coepit.

313 3420 454 3475 Rem
499 3431 683 3475 narrat
725 3406 1060 3491 Epiphanius
1113 3423 1223 3495 (b),
1285 3424 1372 3493 qui
1408 3424 1754 3480 Antiochiam
1796 3441 1917 3482 sese

319 3518 632 3572 contulerat
676 3531 820 3570 anno
849 3519 978 3585 576,
1021 3528 1079 3572 ut
1115 3529 1404 3585 utrumque
1446 3521 1588 3574 inlcr
1630 3536 1689 3575 se
1729 3523 1914 3576 conci-

313 3610 492 3666 liaret.
541 3609 749 3666 Interea
794 3627 922 3666 vero
981 3611 1346 3681 Apollinaritts
1389 3629 1452 3668 ac
1489 3615 1806 3671 Timotheus
1847 3617 1915 3673 ab

313 3702 558 3758 Ecclesia
597 3705 790 3773 ejecti,
859 3719 922 3758 ac
970 3720 1158 3760 eorum
1199 3709 1638 3779 asseclarumque
1688 3711 1913 3767 ltatresis

313 3811 343 3850 a
377 3798 608 3852 Damaso
653 3812 778 3852 cum
821 3798 1063 3854 Romana
1106 3801 1316 3872 synodo
1357 3805 1654 3873 proscripta
1691 3813 1793 3859 cst.
1842 3805 1915 3859 At

315 3889 509 3945 Vitalis
535 3889 770 3945 Damaso
809 3905 933 3947 sese
973 3892 1182 3948 hzerere
1217 3893 1459 3960 dicebat,
1507 3912 1614 3950 non
1657 3911 1816 3951 secus
1853 3911 1914 3952 ac

312 3981 607 4049 Melctius,
667 3998 732 4039 ac
769 3983 1073 4051 Paulinus,
1144 3986 1258 4040 sive
1300 3986 1424 4056 quia
1470 3988 1588 4057 ejus
1635 3989 1709 4042 rei
1772 3989 1912 4043 fama

312 4074 566 4129 nondum
592 4076 931 4130 Antiochiam
975 4089 1336 4146 pervenerat,
1387 4093 1508 4134 cum
1555 4080 1914 4150 Hieronymus

311 4166 608 4232 scriberet,
646 4170 762 4224 sive
797 4170 923 4240 quia
966 4170 1306 4234 nominatim,
1357 4179 1414 4224 ttt
1451 4172 1658 4237 caeteri,
1692 4172 1913 4226 minime

310 4259 642 4327 damnatus,
686 4259 852 4316 fultus
915 4270 1177 4331 praetcrea
1223 4263 1623 4318 communionis
1670 4263 1866 4317 litteris
1896 4306 1909 4329 ,

308 4371 451 4429 quas
477 4358 606 4412 olim
639 4373 667 4410 a
696 4357 930 4413 Damaso
956 4360 1312 4428 surripuerat,
1337 4375 1400 4413 ac
1433 4360 1774 4415 simulatione
1805 4361 1912 4414 vir-

311 4450 449 4505 tutis
487 4460 541 4504 et
580 4451 860 4520 religionis
887 4493 902 4516 ,
955 4466 1056 4520 pro
1085 4451 1356 4506 catholico
1399 4466 1523 4506 sese
1563 4461 1807 4520 gereret,
1857 4461 1912 4507 et

2016 3276 2136 3315 cum
2166 3262 2230 3315 ad
2261 3262 2492 3315 clericos
2547 3271 2603 3316 et
2669 3263 2964 3316 monachos
2995 3263 3296 3317 Orientales
3328 3264 3444 3317 haec
3473 3265 3613 3318 scri-

2017 3351 2150 3405 bunt
2194 3371 2205 3405 :
2267 3352 2476 3416 Quoties
2533 3355 2667 3407 intra
2714 3353 2926 3406 Italiam
2983 3365 3186 3426 propter
3237 3354 3610 3411 ecclesiasticas

2016 3459 2220 3509 causas,
2256 3445 2512 3514 praecipue
2540 3444 2687 3512 ﬁdei,
2720 3444 3034 3515 colliguntur
3057 3443 3268 3498 Domini
3295 3446 3607 3511 sacerdotes,

2016 3533 2328 3588 consuetudo
2378 3536 2670 3601 retinetur,
2727 3546 2782 3589 ut
2836 3553 3095 3591 successor
3142 3539 3423 3608 pra'sulum
3475 3539 3611 3596 sedis

2015 3630 2316 3698 apostolica:
2355 3645 2418 3681 ex
2457 3645 2676 3698 persona
2719 3641 3017 3684 cunctorum
3053 3630 3228 3685 Italia:
3262 3632 3604 3698 sacerdotum,

2007 3727 2166 3796 juxta
2195 3722 2595 3775 sollicitudinem
2629 3722 2724 3774 sibi
2753 3722 3101 3775 Ecclesiarum
3137 3725 3365 3776 omnium
3405 3740 3611 3791 compe-

2017 3825 2203 3869 tentem
2251 3823 2431 3867 cuncta
2477 3814 2787 3878 constituat,
2839 3815 2927 3882 qui
2967 3824 3121 3882 caput
3151 3824 3221 3867 est
3250 3816 3475 3867 omnium
3508 3813 3602 3886 (Ῑ).

2018 3909 2148 3963 Nam
2182 3909 2268 3978 qui
2299 3918 2491 3962 cuncta
2525 3908 2838 3974 constituit,
2887 3909 2953 3961 ad
2995 3908 3145 3962 illum
3176 3925 3244 3964 ex
3271 3924 3458 3964 eorum
3493 3910 3609 3978 epi-

2018 4017 2309 4070 scoporum
2344 4001 2616 4056 sententia
2647 4003 2879 4072 pertinet
2909 4002 3225 4068 decernere,
3249 4002 3376 4074 quid
3409 4001 3612 4058 facien-

2018 4099 2142 4154 dum
2175 4099 2242 4154 ab
2273 4099 2392 4153 aliis
2420 4100 2510 4154 sit.

2615 4213 2843 4271 CAPUT
2882 4214 3019 4271 XIII.

2016 4330 2152 4396 578,
2215 4329 2416 4384 Dsussr
2468 4329 2565 4395 15,
2627 4328 2885 4384 Vsnsurs
2927 4344 2976 4383 v1
3031 4343 3100 4384 ετ
3143 4328 3547 4384 VALENTINIANO
3573 4343 3615 4383 tt

2666 4423 2779 4476 AA.
2827 4436 2972 4477 coss.

311 4543 616 4599 Ecclesiam
659 4545 892 4600 falleret.
955 4544 1108 4600 Hunc
1151 4546 1390 4612 profecto
1427 4545 1607 4598 luduttt
1653 4545 1911 4615 deinceps
1939 4533 1989 4594 1)
2017 4535 2057 4591 Ι.
2085 4535 2346 4591 θναοειηιε
2410 4535 2508 4589 hoc
2549 4551 2683 4588 αηηο
2734 4534 2801 4588 Ρ·
2841 4532 2906 4588 U-
2942 4532 3153 4587 Μίιίηίε
3201 4533 3446 4602 δρειίειηη
3496 4531 3614 4585 ἀθε-

308 4636 484 4692 etiam
545 4636 636 4690 diu
696 4637 897 4693 lusisse
951 4637 1212 4712 discimus
1254 4653 1318 4692 ex
1365 4638 1636 4695 Ambrosii
1681 4638 1909 4708 epistola

307 4733 381 4786 ad
413 4730 775 4787 Theodosium
807 4733 1192 4799 imperatorem
1215 4773 1228 4796 ,
1277 4742 1438 4802 atque
1481 4749 1508 4783 a
1545 4732 1778 4786 secunda
1808 4733 1911 4786 Na-

307 4825 555 4881 zianzeni
585 4825 651 4880 ad
676 4825 996 4881 Clcdonium
1024 4840 1160 4895 quas
1187 4824 1415 4894 expendi
1442 4823 1602 4879 diatr.
1627 4825 1682 4890 2,
1716 4841 1833 4896 cap.
1851 4827 1906 4891 4;

305 4934 378 4976 ex
422 4921 600 4989 iisque
636 4934 742 4972 non
785 4920 1018 4973 obscure
1045 4919 1349 4988 colligimus
1391 4919 1734 4973 valerrimum
1779 4919 1909 4972 illttd

304 5027 472 5086 caput
499 5028 773 5083 nunquam
807 5012 976 5069 fuisse
1001 5014 1068 5068 ab
1093 5014 1328 5069 Ecclesia
1361 5025 1549 5083 aperte
1581 5013 1906 5083 projectum,

303 5120 471 5181 atque
511 5110 654 5164 inter
695 5107 982 5164 hzereticos
1024 5109 1438 5178 proclamatttm.

387 5201 448 5256 γ.
500 5201 744 5256 Diximus
784 5200 1004 5256 Petrum
1050 5189 1478 5256 Alexandrinum
1527 5201 1630 5256 hoc
1663 5217 1805 5256 anno
1844 5202 1910 5258 ad

302 5293 613 5349 Ecclesiam
640 5309 795 5349 suam
819 5309 1123 5349 reversum.
1167 5294 1352 5363 Itaque
1374 5296 1581 5350 litteras
1607 5295 1748 5361 illas,
1777 5312 1910 5366 quas

299 5403 333 5442 a
368 5387 602 5442 Damaso
625 5401 810 5443 secum
836 5387 1036 5455 attulit,
1061 5402 1291 5458 quisque
1317 5388 1618 5458 perierunt,
1643 5389 1744 5446 hoc
1767 5406 1911 5446 anno

339 5542 466 5627 “(0)
509 5539 780 5627 Theodor;
820 5539 981 5604 llist.,
1025 5535 1116 5604 E.,
1150 5535 1242 5592 lib.
1277 5551 1339 5603 ιι,
1379 5549 1498 5606 cap.
1529 5534 1635 5602 24;
1682 5535 1913 5592 Phtlost.

310 5609 422 5672 lib.
448 5609 538 5676 ἰιι,
563 5626 683 5684 cap.
716 5609 804 5666 I4.

397 5685 480 5822 (ll;
522 5683 648 5739 Her.
682 5683 774 5766 77_.
804 5696 924 5752 cap.
955 5677 1047 5736 20.

404 5757 454 5822 (c
523 5753 702 5821 Socr.,
731 5752 825 5809 ltb.
854 5766 934 5819 tv,
958 5766 1047 5822 car

404 5757 454 5824 (ο

523 5753 702 5821 Socr.,
731 5752 825 5809 lib.
854 5750 934 5819 tv.
958 5766 1079 5822 cap.
1096 5751 1186 5809 37.
1221 5751 1463 5817 Sozom.,
1490 5750 1583 5808 lib.
1603 5765 1677 5820 vt,
1697 5765 1815 5822 cap.
1832 5753 1920 5810 59.

2088 4632 2240 4696 truit,
2269 4647 2330 4684 ac
2357 4647 2470 4701 quia
2499 4629 2713 4684 Damasi
2740 4631 2790 4682 in
2824 4645 2881 4682 ea
2911 4645 2967 4682 re
3008 4638 3200 4699 partes.
3224 4626 3287 4681 II.
3326 4627 3614 4682 Romanum

2089 4722 2350 4791 quoddam
2371 4723 2665 4788 concilium,
2691 4724 2897 4794 ejusque
2922 4720 2989 4783 ad
3020 4718 3356 4787 Gratianum,
3387 4734 3500 4790 qua:
3525 4735 3614 4774 ea:-

2087 4824 2193 4869 tant
2215 4816 2411 4870 litteras
2438 4817 2506 4870 ad
2533 4815 2671 4869 ltunc
2699 4832 2892 4870 annum
2921 4830 3131 4869 errones
3152 4814 3468 4886 consignari.

2088 4929 2128 4983 I.
2174 4927 2272 4982 Hic
2314 4943 2488 4983 annos
2531 4929 2711 4983 clarus
2751 4939 2832 4983 est
2878 4933 2931 4984 in
2978 4927 3345 4984 ecclesiastica
3390 4928 3612 4984 historia

2018 5021 2088 5075 ob
2119 5031 2324 5090 partam
2358 5021 2617 5077 Ecclesia:
2647 5037 2831 5091 pacem
2860 5021 3105 5076 Valentis
3132 5020 3302 5075 obitu.
3345 5019 3607 5075 Caeterum

2016 5099 2158 5185 quod
2191 5114 2255 5168 ad
2292 5114 2507 5168 Damasi
2559 5132 2646 5169 res
2677 5126 2851 5180 gestas
2881 5103 3098 5180 attinet,
3124 5117 3240 5183 ejus
3273 5114 3609 5186 potissimum

2017 5206 2195 5260 studio
2225 5206 2412 5262 referri
2449 5217 2652 5274 potest,
2685 5206 2826 5280 quod
2859 5208 3136 5264 Gracchus
3155 5248 3170 5273 ,
3200 5222 3313 5259 cunt
3340 5204 3610 5274 praefectu-

2016 5317 2125 5354 ram
2157 5311 2350 5372 gereret
2382 5299 2666 5369 Urbunam,
2685 5302 2926 5372 spelwum
2961 5301 3186 5362 Mithraz,
3211 5306 3256 5349 et
3282 5294 3455 5349 omnia
3483 5308 3608 5363 por-

2019 5404 2219 5449 tentosa
2250 5393 2530 5449 simulacra
2555 5437 2568 5458 ,
2618 5395 2802 5463 quibus
2829 5393 3001 5448 Coram
3027 5433 3043 5459 ,
3093 5387 3333 5458 Gryphus
3357 5427 3373 5453 ,
3423 5385 3608 5455 Miles,

2094 5539 2172 5610 (di
2217 5539 2354 5610 an.
2385 5541 2436 5593 in
2468 5538 2724 5610 Synodic.
2759 5553 2877 5607 cap.
2909 5538 3032 5592 H7.

2104 5609 2178 5681 (ε)
2221 5609 2446 5666 Collcet.
2475 5609 2679 5665 Concil.
2711 5625 2948 5681 nov.,p.
2980 5609 3107 5674 817,
3141 5614 3255 5662 not.
3276 5623 3330 5681 Ac.

2103 5677 2170 5751 (0
2213 5681 2421 5737 Concil.
2456 5683 2613 5738 Rom.
2641 5698 2698 5748 ιι,
2722 5680 2822 5736 sub
2843 5677 3036 5751 Μία,
3060 5687 3234 5737 contr.
3259 5678 3422 5737 Acac.
3447 5677 3605 5734 Cone.

2029 5761 2158 5808 tom.
2184 5753 2252 5818 V,
2283 5752 2421 5810 Ven.
2450 5753 2582 5810 edit.
