4138 6178
537 196 639 267 487

1775 217 1995 275 SANCT
2004 217 2088 275 US
2127 219 2449 277 DAMASUS
2485 221 2573 277 PA
2582 221 2661 277 PA
2678 262 2690 277 .

3730 229 3830 284 188

538 326 675 395 Leo,
712 323 934 395 Perses,
967 327 1177 397 Helias,
1228 330 1468 388 Bromius
1495 343 1639 404 pater
1669 334 1940 391 initiantur
1961 376 1977 402 ,
2009 330 2131 389 διώ·-
2156 337 2209 398 Α
2236 343 2427 390 rentur
2461 334 2557 410 (e).
2624 336 2761 393 Hinc
2799 353 2923 394 cum
2967 339 3328 413 Hieronymus
3374 342 3577 400 scribat
3600 385 3615 413 ,
3656 345 3830 403 Grac-

536 422 714 485 ttertit,
753 422 942 494 fregit,
976 423 1197 477 excussit
1237 423 1346 493 (a),
1377 423 1670 492 Baronius,
1705 437 1762 481 ut
1792 425 1895 482 hoc
1924 425 2129 482 factum

537 504 784 569 Conferat
827 516 878 569 in
920 530 1124 571 annum
1171 507 1310 581 583,
1357 532 1464 587 quo
1492 516 1769 575 Gracchus
1817 520 1876 576 P.
1908 520 1967 576 P.
2004 520 2127 587 fuit,

537 606 924 677 Hieronymum
974 623 1225 674 errasse,
1280 610 1651 680 urbanamque
1702 612 1825 667 loco
1864 613 2131 683 praetorias

542 700 913 770 praefecturam
942 703 1229 771 scripsisse
1258 714 1449 774 putat.‘
1488 706 1556 759 At
1583 706 1950 763 Gothofredus
1972 750 1985 773 ,
2030 709 2131 763 Pa-

536 794 652 861 gius
681 808 746 849 ac
777 794 1153 851 Tillemontius
1202 814 1317 853 rem
1359 810 1581 855 narrant
1617 801 1683 856 a'd
1720 816 1918 857 annum
1947 801 2052 857 576
2077 811 2133 858 et

537 886 665 951 577,
708 902 817 956 quo
845 889 1146 945 Gracchum
1188 892 1448 946 urbanam
1476 895 1721 949 eamdem
1754 895 2130 962 praefecturam

538 978 774 1046 gessisse
812 980 1075 1049 colligunt
1117 998 1185 1037 ex
1228 982 1438 1039 duabus
1468 984 1543 1038 illi
1595 986 1867 1057 inscriptis
1918 987 2131 1056 legibus

539 1069 899 1124 Theodosiani
944 1068 1162 1129 Codicis
1202 1075 1301 1144 (b).
1366 1074 1548 1131 Altera
1580 1079 1729 1132 enim
1758 1079 1883 1132 data
1916 1089 2001 1135 est
2026 1080 2133 1135 Va-

538 1165 683 1221 lente
713 1181 745 1219 v
778 1176 831 1222 et
856 1166 1235 1223 Valentiniano
1256 1172 1369 1225 AA.
1392 1186 1561 1237 coss.,
1593 1187 1736 1227 anno
1764 1173 1973 1229 scilicet
1999 1174 2131 1242 376;

538 1257 713 1312 altera
741 1274 869 1313 vero
899 1249 1162 1316 Gratiano
1191 1274 1417 1333 augusto
1449 1278 1499 1316 IV
1530 1275 1585 1318 et
1612 1264 1930 1321 Merobaude
1960 1280 2129 1334 coss.,

538 1368 681 1407 anno
711 1369 903 1425 nempe
934 1354 1070 1423 377,
1121 1358 1380 1428 aluntque
1432 1373 1537 1413 non
1579 1359 1797 1416 obstare
1845 1361 1967 1416 huic
2008 1377 2133 1418 sen-

538 1447 724 1503 tentiae
749 1490 765 1514 ,
811 1450 954 1521 quod
999 1460 1226 1521 utraque
1256 1453 1320 1508 ad
1352 1452 1656 1509 Gracchum
1688 1457 1747 1510 P.
1778 1456 1837 1511 P.
1872 1453 2131 1528 inscripta

540 1541 649 1595 sit:
701 1541 1105 1612 inscriptionem
1148 1546 1293 1600 enim
1337 1547 1387 1601 in
1421 1550 1619 1602 mendo
1647 1550 1849 1606 cubare
1882 1566 2129 1623 censent,

540 1646 766 1711 eamque
792 1637 1166 1705 corrigendam
1194 1653 1259 1693 ex
1292 1639 1489 1695 Codice
1516 1640 1874 1709 Justinianeo,
1909 1660 2015 1716 quo
2046 1648 2129 1701 lett

543 1724 632 1779 illa
664 1726 831 1795 prima
871 1728 935 1781 ad
969 1727 1240 1784 Grachum
1274 1730 1334 1785 P.
1373 1731 1435 1787 U.
1463 1734 1667 1789 directa
1712 1736 1945 1807 legitur;
1990 1738 2132 1808 quod
2164 1722 2210 1782 Β

541 1820 705 1875 etiam
736 1823 994 1891 probatur
1031 1838 1095 1877 ex
1128 1840 1231 1879 ms.
1265 1824 1720 1898 Wurceburgensi
1754 1830 2136 1887 Theodosiano

540 1912 773 1981 Codice,
825 1918 913 1986 qui
970 1917 1041 1973 cl.
1092 1917 1305 1974 Rittero
1336 1929 1473 1976 teste
1495 1962 1508 1985 ,
1538 1923 1655 1979 loco
1684 1923 1745 1978 P.
1784 1924 1839 1979 Ρ.
1877 1926 2040 1981 habet
2069 1927 2135 1981 ad

542 1998 846 2063 Gracchum
877 2008 936 2064 P.
975 2009 1038 2065 U.
1111 2011 1181 2066 At
1230 2013 1511 2086 Philippus
1562 2031 1590 2069 a
1636 2015 1812 2073 Turre
1858 2019 2137 2076 Adriensis

542 2102 826 2173 episc0pus
876 2104 1030 2173 cujus
1083 2120 1184 2175 ego
1238 2109 1561 2163 sententiam
1615 2121 1853 2180 sequor,
1905 2112 2137 2169 Gracchi

544 2196 918 2264 praefecturam
948 2198 1245 2267 urbanam,
1276 2213 1337 2254 ac
1361 2200 1570 2255 Mithrae
1597 2202 1869 2258 excidium
1900 2205 1965 2259 ad
1997 2207 2139 2262 hunc

542 2304 744 2344 annum
791 2300 1011 2345 revocat
1060 2291 1157 2363 (ε).
1220 2293 1483 2349 Observat
1527 2296 1672 2351 enim
1717 2314 1861 2353 anno
1906 2300 2010 2356 376
2070 2315 2139 2367 ω

543 2384 857 2453 magistratu
906 2383 1145 2440 functum
1185 2385 1350 2443 fuisse
1392 2387 1686 2458 Rutinum,
1750 2392 1836 2446 cui
1878 2392 1931 2447 in
1979 2394 2139 2449 iunio

543 2490 731 2530 mense
776 2474 900 2539 data
941 2486 1026 2532 est
1070 2478 1154 2534 lex
1185 2480 1219 2535 5
1250 2480 1318 2536 de
1346 2481 1449 2536 Off.
1508 2482 1567 2536 Ρ.
1613 2482 1706 2549 U.,
1754 2500 1915 2555 quam
1957 2485 2139 2541 Codex

542 2568 911 2625 Justinianeus
956 2571 1166 2627 recitat.
1226 2573 1485 2643 Sequenti
1537 2589 1680 2629 anno
1724 2591 1787 2631 ac
1830 2587 1955 2647 post
1990 2577 2140 2632 Ruti-

545 2676 672 2717 ttum
696 2702 711 2727 ,
762 2661 923 2718 Urbis
952 2665 1323 2732 praefecturam
1355 2664 1681 2720 Probianum
1727 2666 2140 2725 administrasse

542 2762 757 2810 constat
800 2770 866 2810 ex
910 2755 1292 2812 'l‘hcodosiano
1341 2755 1542 2813 Codice
1583 2759 1619 2812 l.
1655 2760 1689 2815 5
1731 2761 1813 2814 tit.
1854 2760 1889 2814 2
1929 2760 2025 2815 lib.
2059 2776 2136 2826 ιι,

544 2863 665 2918 qua:
712 2850 1015 2918 Septembri
1071 2866 1257 2906 mense
1302 2851 1425 2905 data
1480 2852 1702 2923 legitur.
1775 2855 2139 2920 Quamobrem

545 2953 683 2998 unus
712 2937 957 2998 Graccho
986 2943 1138 2998 locus
1165 2954 1311 2999 esset
1336 2984 1351 3011 ,
1402 2946 1541 3001 inter
1567 2946 1884 3002 Januarium
1931 2948 2142 3004 scilicet

544 3045 601 3092 et
627 3037 1001 3107 Septembrem
1036 3054 1288 3105 menses,
1337 3040 1480 3109 quod
1527 3040 1728 3096 idcirco
1756 3042 2137 3098 intermedium

544 3129 775 3198 spatium
820 3128 1200 3184 Tillcmontius
1237 3130 1317 3184 illi
1358 3132 1601 3186 attribuit
1642 3132 1747 3203 (ά).
1816 3135 1885 3188 At
1930 3135 1974 3187 si
2009 3133 2141 3189 Pro-

544 3220 738 3275 bianus
767 3220 1013 3278 Graccho
1040 3230 1379 3277 successerat
1407 3223 1458 3277 in
1486 3224 1794 3292 Septembri
1822 3264 1837 3291 ,
1890 3236 1945 3280 ut
1977 3226 2141 3280 Tille—

546 3314 784 3369 montius
814 3323 984 3384 putat,
1009 3330 1105 3370 cur
1136 3314 1329 3371 iterum
1358 3316 1531 3372 eidem
1552 3315 1798 3373 Graccho
1824 3318 2138 3388 inscriptam

544 3410 774 3479 legimus
808 3412 859 3463 in
884 3410 1081 3465 Codice
1101 3410 1435 3466 Justinianeo
1460 3412 1656 3481 legem,
1681 3427 1743 3466 ne
1770 3412 1825 3467 in
1852 3428 1947 3467 sua
1975 3428 2134 3468 causa

545 3505 657 3573 quis
699 3504 899 3573 judicet
925 3546 939 3570 ,
983 3504 1161 3560 datam
1202 3505 1307 3560 kal.
1362 3506 1691 3569 Decembris,
1717 3506 1947 3562 Valente
1985 3522 2036 3561 Vl
2081 3516 2137 3562 et

554 3594 930 3651 Valentiniano
960 3611 998 3649 ll
1027 3610 1169 3651 coss.
1189 3636 1206 3664 ,
1248 3612 1392 3651 anno
1420 3613 1616 3667 nempe
1646 3598 1772 3653 578.
1821 3598 2009 3654 Restat
2040 3598 2140 3653 ita—

546 3704 653 3759 que
700 3697 757 3743 ut
804 3686 1048 3743 dicamus
1092 3704 1333 3744 errorem
1363 3687 1548 3744 Codici
1589 3689 1931 3746 Justinianeo
1969 3692 2142 3760 irrep-

546 3783 686 3837 sisse
712 3799 725 3834 :
771 3790 825 3837 at
854 3797 950 3837 cur
977 3797 1083 3837 non
1131 3783 1309 3853 potius
1338 3782 1525 3838 Codici
1554 3783 1936 3838 Theodosiano
1965 3784 2141 3838 conti-

545 3875 691 3944 gisse
733 3874 949 3943 potuit?
1008 3873 1065 3928 Id
1092 3889 1194 3943 ego
1221 3875 1477 3929 libentius
1528 3874 1755 3928 inducor
1797 3884 1859 3928 ut
1896 3871 2139 3940 credam,

547 3972 673 4037 quia
703 3983 804 4022 ms.
823 3967 1505 4037 Wurceburgensiskodex
1536 3968 1709 4036 legem
1742 3968 1884 4023 illam
1914 3968 2143 4025 Valente

547 4070 602 4114 et
631 4058 1006 4115 Valentiniano
1036 4074 1178 4114 coss.
1214 4062 1406 4117 lectam
1441 4062 1536 4127 ait,
1569 4062 1664 4117 sed
1690 4062 2008 4117 consulatus
2047 4077 2145 4117 an-

551 4166 680 4206 num
712 4152 931 4207 silentio
968 4153 1251 4222 prmterit',
1313 4168 1433 4223 quae
1479 4153 1702 4224 proinde
1746 4155 1812 4208 ad
1861 4162 2145 4223 utrumque

550 4245 739 4301 referri
802 4253 1026 4315 potest;
1080 4257 1253 4317 atque
1309 4246 1441 4301 nihil
1514 4247 1779 4315 impedit,
1852 4246 2144 4317 quominus

549 4337 828 4393 Gracchus
870 4339 1097 4410 implere
1135 4339 1364 4405 debeat,
1413 4355 1613 4395 annum
1660 4341 1845 4408 illum,
1889 4356 1996 4411 quo
2024 4339 2146 4395 nul-

548 4434 634 4489 lus
662 4434 802 4504 apud
834 4434 1150 4489 Panvinium
1184 4444 1236 4490 et
1264 4434 1619 4491 Blanchinum
1656 4436 1948 4506 przefectus
1985 4444 2142 4490 nota-

518 4572 523 4577 .
551 4538 638 4582 tus
680 4528 899 4596 legitur.

620 4619 687 4673 Il.
730 4620 863 4674 lluic
913 4619 1092 4690 itaque
1139 4621 1353 4692 egregio
1403 4620 1669 4685 facinori,
1719 4620 1849 4691 quin
1884 4620 2145 4674 Damasus

551 4726 741 4765 manus
792 4713 1130 4778 admoverit,
1173 4728 1274 4784 ego
1320 4713 1543 4767 minime
1574 4711 1801 4778 dubito,
1851 4719 1969 4766 erat
1999 4712 2143 4766 enim

2230 426 2388 481 chum
2437 430 2797 485 monstruosis
2839 430 3132 488 destructis
3180 435 3522 503 simulacris,
3572 435 3655 494 his
3684 440 3833 510 quasi

2229 524 2490 578 obsidibus
2535 526 2812 596 prmiasis
2856 516 3213 597 itnpetravisse
3261 529 3575 601 baptismum
3613 532 3829 601 Christi,

2229 616 2388 673 facile
2426 618 2781 688 intelligimus
2830 618 2969 675 hanc
3021 621 3097 676 illi
3142 636 3172 676 a
3212 623 3442 677 Datnaso
3492 626 3826 695 propositam

2230 711 2599 766 conditionem
2643 710 2809 768 fuisse
2854 728 2950 784 pro
2980 729 3047 769 eo
3078 717 3485 785 consequendo.
3541 717 3679 773 Nam
3706 734 3829 776 cum

2232 807 2485 873 praelecto
2520 802 2676 859 Urbis
2709 806 2849 860 inter
2877 814 3073 861 ctetera
3101 847 3116 872 ,
3171 807 3422 862 ludorum
3451 824 3517 865 ac
3545 821 3823 880 spectacu-

2232 895 2404 950 lorum
2434 910 2562 951 cura
2609 906 2673 952 ac
2699 897 2987 967 disciplina
3021 899 3380 963 incumberet,
3411 916 3532 971 quae
3552 901 3829 974 Cypriane

2234 1002 2371 1049 teste
2398 994 2466 1067 (f)
2494 1008 2616 1048 cum
2649 996 2734 1049 vix
2774 994 3095 1049 idololatria;
3144 996 3377 1051 crimine
3442 1005 3536 1051 aut
3584 1000 3830 1068 periculo

2232 1100 2421 1143 carere
2453 1096 2673 1156 possent
2699 1129 2713 1152 ,
2758 1102 2882 1142 eum
2922 1100 3021 1156 pro
3050 1098 3275 1157 recepto
3303 1086 3563 1144 Ecclesiae
3610 1106 3767 1147 more
3795 1107 3826 1147 a

2234 1180 2502 1250 baptismo
2572 1182 2833 1249 repellere
2886 1181 3252 1248 videbantur;
3297 1198 3510 1253 :eqnum
3560 1184 3820 1253 proinde,

2234 1285 2296 1325 ac
2327 1288 2357 1325 e
2386 1272 2530 1327 bono
2560 1273 2836 1343 religionis
2867 1272 3081 1339 fuerat,
3112 1285 3169 1327 ut
3199 1285 3487 1344 antequam
3519 1277 3831 1333 admitteret

2235 1364 2301 1418 ad
2331 1364 2557 1432 gratiam
2578 1405 2593 1428 ,
2626 1369 2799 1434 majus
2826 1365 3046 1436 aliquod
3066 1407 3078 1431 ,
3132 1380 3196 1420 ac
3221 1367 3524 1423 constantis
3554 1368 3605 1422 in
3636 1370 3832 1438 propu-

2235 1458 2342 1512 sito
2382 1458 2671 1513 voluntatis
2721 1469 3100 1529 argumentum
3129 1499 3145 1525 ,
3197 1460 3460 1516 Damasus
3505 1462 3561 1515 in
3587 1461 3834 1517 Graccho

2235 1559 2524 1620 quaereret.
2556 1551 2673 1617 Qun
2701 1552 2823 1605 loco
2848 1550 3004 1607 Urbis
3033 1552 3267 1622 positum
3300 1562 3445 1607 esset
3474 1552 3684 1607 Mithrae
3710 1568 3835 1624 spe-

2237 1643 2418 1707 hrum,
2444 1642 2587 1711 quod
2611 1642 2889 1699 Gracchus
2912 1644 3201 1711 destruxit,
3226 1645 3499 1701 afﬁrmare
3520 1648 3609 1700 vix
3634 1649 3832 1712 ausim,

2239 1753 2563 1809 quamquam
2596 1740 2816 1794 minime
2844 1740 3119 1805 dubitem,
3152 1740 3279 1810 quin
3310 1740 3530 1807 celebri,
3564 1751 3619 1795 et
3648 1742 3840 1810 praeci-

2242 1848 2368 1903 puo.
2401 1832 2565 1887 Forte
2592 1847 2721 1887 vero
2751 1833 2802 1886 in
2827 1832 3095 1902 Capitolio
3124 1832 3246 1900 ipso
3288 1843 3451 1903 atque
3482 1833 3533 1887 in
3564 1846 3627 1887 ea
3658 1840 3840 1902 parte,

2239 1942 2358 1995 qua:
2404 1926 2708 1994 aquilonem
2759 1934 3006 1995 spectat,
3061 1940 3170 1995 quo
3218 1925 3495 1980 Adriensis
3542 1927 3839 1995 episcopus

2239 2018 2654 2072 subterraneum
2694 2026 2969 2086 repertum
3015 2016 3300 2087 templum,
3332 2031 3394 2071 ac
3425 2015 3636 2070 Mithrae
3666 2016 3846 2070 simu-

2241 2110 2444 2164 lacrum
2474 2125 2538 2165 ex
2570 2107 2804 2165 Grntero
2836 2109 2996 2164 refert
3029 2109 3130 2182 (g),
3175 2123 3349 2178 eaque
3379 2109 3561 2163 omnia
3595 2116 3652 2163 ut
3676 2112 3732 2162 et
3760 2098 3843 2162 inl-

2241 2203 2597 2271 sc'riptionem
2643 2216 2702 2256 se
2750 2199 2952 2255 vidisse
2984 2200 3242 2270 Bicquitrs
3277 2211 3331 2255 et
3359 2200 3649 2269 Pignorius
3690 2198 3843 2254 affir-

2243 2304 2393 2351 mant
2423 2295 2527 2369 (h).
2586 2296 2856 2350 Cmterum
2894 2295 3156 2348 Damasus
3205 2294 3345 2349 hanc
3384 2309 3415 2349 a
3445 2293 3694 2350 Graccho
3725 2306 3844 2347 rem

2245 2396 2449 2459 petere,
2479 2403 2542 2442 ac
2569 2386 2848 2443 Gracchus
2876 2402 2943 2442 eo
2972 2387 3182 2442 facilius
3206 2394 3470 2456 praestare
3496 2387 3699 2449 debuit,
3726 2394 3846 2440 tum

2243 2484 2386 2553 quod
2416 2482 2685 2538 Constans
2714 2497 2836 2537 aras
2861 2524 2875 2548 ,
2920 2493 2974 2538 et
3020 2483 3159 2536 idola
3194 2481 3383 2536 Romae
3413 2480 3622 2537 destrui
3657 2481 3847 2549 jusse-

2244 2590 2322 2634 rat
2354 2578 2441 2650 (i),
2475 2588 2582 2632 tum
2608 2578 2751 2647 quod
2779 2575 3023 2632 Gentiles
3054 2579 3277 2631 Socrate
3304 2583 3441 2630 teste
3474 2573 3567 2648 (j),
3602 2573 3850 2628 Mithria-

2243 2670 2323 2726 cis
2368 2672 2538 2725 sacris
2566 2670 2633 2723 ad
2683 2670 2920 2739 magicas
2956 2675 3102 2722 artes
3131 2676 3186 2722 et
3232 2666 3622 2721 divinatiOnem
3649 2664 3850 2719 abute-

2244 2770 2475 2828 rentur,
2522 2776 2642 2832 qtne
2688 2760 3026 2831 gravissimis
3055 2758 3486 2813 Christianorum
3536 2758 3850 2825 principum

2245 2854 2722 2909 constitutionibus
2757 2851 3023 2921 prohibita
3058 2850 3269 2904 fuerant
3299 2848 3398 2919 (It).
3448 2848 3585 2902 llinc
3610 2847 3853 2901 Nazian—

2245 2962 2413 3002 zeuus
2443 2947 2496 3000 in
2527 2944 2781 3000 Carmine
2808 2943 2877 2998 ad
2907 2943 3239 3008 Nemesium,
3275 2940 3505 2995 Mithrem"
3541 2939 3654 3012 fani
3681 2939 3854 2994 scele—

2245 3057 2325 3105 ra,
2358 3040 2599 3109 orgiaque
2637 3035 2778 3089 haud
2806 3034 3136 3088 memoranda
3164 3044 3453 3088 execratur
3473 3074 3487 3098 ,
3519 3046 3583 3088 ac
3609 3030 3671 3088 ὃ.
3705 3032 3850 3087 Pau-

2166 3113 2212 3177 Ο
2247 3134 2387 3188 linus
2416 3146 2510 3187 eos
2533 3132 2655 3200 jure
2683 3129 2878 3185 merito
2911 3128 3283 3198 perstringens
3310 3127 3385 3180 ait
3416 3143 3431 3179 :

2306 3270 2431 3330 Quid
2455 3269 2581 3332 quod
2609 3275 2661 3317 et
2682 3268 2921 3336 Invictum
2944 3263 3717 3336 spelaeasub_antra_recondu_nt.

2305 3326 2564 3394 Quemque
2588 3334 2763 3394 tegunt
2786 3326 3022 3394 tenebris,
3042 3326 3227 3394 audent
3250 3328 3376 3375 hunc
3394 3326 3563 3375 dicere
3584 3326 3759 3377 solem.

2308 3392 2431 3456 Quis
2448 3392 2573 3445 colat
2597 3392 2786 3456 occulte
2812 3392 2993 3456 lucem.
3020 3392 3255 3453 sidusque
3278 3401 3561 3456 supernum,

2306 3447 2448 3510 Cclct
2474 3459 2523 3505 in
2547 3454 2772 3514 infernis,
2799 3454 2890 3504 nisi
2911 3466 3077 3502 rerum
3100 3447 3244 3502 causa
3269 3447 3501 3501 malarum
3531 3447 3623 3513 (l)?

2318 3584 2643 3641 Sirmondus
2711 3583 2765 3637 in
2824 3582 2999 3637 lucem
3067 3579 3289 3650 protulit
3345 3580 3576 3636 Romani
3628 3580 3853 3637 concilii

2245 3682 2457 3738 litteras
2503 3678 2794 3747 inscriptas
2841 3676 2905 3730 ad
2934 3674 3256 3730 Gratianum
3294 3685 3349 3729 et
3382 3674 3852 3742 Valentinianum,

2246 3789 2348 3831 nec
2380 3787 2483 3828 non
2507 3771 2749 3828 Gratiani
2778 3770 3021 3838 ejusdem
3049 3779 3103 3824 et
3129 3767 3495 3823 Valentiniani
3524 3769 3851 3837 rescriptum

2245 3868 2312 3922 ad
2345 3865 2652 3936 Aquilinum
2700 3864 2961 3917 vicarium
2989 3898 3005 3927 ,
3063 3861 3114 3915 in
3169 3874 3278 3931 quo
3333 3859 3524 3916 iisdem
3564 3859 3633 3914 de
3676 3861 3852 3915 rebus

2244 3960 2421 4029 agitur
2445 3999 2460 4021 ,
2506 3957 2574 4011 de
2604 3955 2800 4025 quibus
2834 3956 2885 4008 in
2938 3952 3183 4023 ejusdem
3227 3952 3444 4009 concilii
3493 3950 3686 4006 litteris
3716 3950 3845 4021 (nt).

2249 4053 2475 4123 Pagius,
2506 4049 2888 4105 Tillemontins
2917 4062 2982 4102 ac
3010 4046 3195 4101 caeteri
3229 4044 3341 4100 fere
3368 4059 3561 4102 omnes
3594 4054 3703 4099 tum
3737 4046 3853 4101 Ro-

2248 4163 2467 4203 manum
2519 4144 2622 4199 hoc
2661 4142 2992 4208 concilium,
3043 4142 3384 4210 scriptasque
3419 4138 3490 4193 ab
3515 4153 3582 4193 eo
3612 4139 3848 4203 litteras,

2249 4251 2361 4296 tum
2390 4237 2634 4295 Gratiani
2686 4234 3005 4303 rescriptum
3050 4233 3293 4288 referunt
3337 4231 3404 4286 ad
3444 4230 3587 4286 hunc
3618 4245 3848 4296 annum,

2250 4334 2396 4389 nulla
2417 4331 2526 4386 alia
2554 4342 2777 4399 prorsus
2806 4328 3038 4393 ratione,
3066 4323 3168 4379 nisi
3198 4325 3322 4393 quia
3345 4339 3467 4379 cum
3494 4324 3638 4378 nulla
3670 4338 3850 4392 neque

2250 4427 2304 4482 in
2334 4424 2563 4481 Romani
2605 4422 2819 4478 concilii
2872 4420 3105 4485 litteris,
3153 4434 3327 4487 neque
3359 4419 3410 4474 in
3458 4417 3848 4488 imperatorum

2170 4514 2223 4575 D
2250 4518 2513 4588 rescripto
2541 4524 2634 4572 aut
2655 4513 2900 4571 Valentis
2929 4521 3022 4567 aut
3049 4510 3343 4567 Theodosii
3372 4514 3576 4567 mentio
3603 4511 3716 4577 sit,
3757 4512 3841 4566 itt-

2252 4608 2518 4665 termedio
2554 4604 2779 4677 proinde
2826 4615 3104 4673 tempore,
3155 4601 3298 4672 quod
3338 4602 3406 4655 ab
3433 4602 3655 4656 alterius
3692 4602 3849 4657 obitu

2250 4703 2317 4756 ad
2348 4700 2569 4756 alterius
2600 4697 2925 4755 electionem
2954 4695 3197 4765 elapsum
3229 4702 3348 4761 est,
3401 4694 3517 4749 haec
3552 4695 3852 4764 contigisse

554 4804 797 4873 episcopi
855 4820 1049 4860 munus
1110 4814 1223 4860 ιυηι
1291 4806 1618 4876 baptismum
1682 4802 1967 4868 conferre,
2036 4808 2149 4857 tum
2250 4805 2548 4866 oporteat;
2608 4808 2728 4862 quae
2779 4790 3051 4847 levissima
3099 4802 3318 4858 prorsus
3367 4787 3682 4855 conjectura
3729 4795 3848 4855 est,

551 4895 906 4964 baptizandus
946 4897 1178 4966 probare
1218 4912 1312 4967 per
1349 4896 1567 4967 aliquod
1614 4906 1705 4951 aut
1753 4904 2007 4967 tempus,
2055 4903 2149 4951 aut
2253 4907 2373 4946 nam
2423 4903 2598 4959 neque
2624 4888 2849 4955 semper
2898 4882 3139 4939 omnium
3191 4882 3583 4951 imperatorum
3624 4882 3851 4936 nomina

549 4989 785 5055 factum,
837 4999 1126 5060 antequam
1172 4990 1207 5045 ii
1235 4989 1302 5044 ad
1339 4989 1591 5061 baptismi
1621 4987 1853 5060 gratiam
1897 4988 2149 5044 admitte-
2252 4984 2697 5056 exprimebantur
2743 4980 2799 5036 in
2847 4978 3043 5034 litteris
3070 5018 3084 5042 ,
3133 4990 3256 5046 quae
3298 4975 3364 5030 ad
3408 4990 3503 5030 eos
3533 4988 3630 5044 pro
3660 4990 3853 5031 rerum

642 5154 696 5228 a)
738 5156 885 5231 llier.
908 5157 1070 5231 epist.
1100 5159 1224 5223 107,
1248 5158 1388 5231 Ver.
1418 5159 1550 5213 edit.
1626 5228 1656 5231 _
1716 5230 1719 5231 ν
1976 5230 1981 5231 γ
2257 5227 2284 5231 _
2321 5158 2400 5226 (It)
2440 5152 2713 5231 itichDe
2739 5149 2972 5231 Capitol.
3004 5162 3122 5218 cap.
3150 5146 3260 5231 f3";
3304 5147 3522 5218 Pignor.
3553 5146 3741 5204 adnot.
3780 5147 3853 5202 ad

646 5216 695 5299 ὁ)
738 5228 797 5283 L.
830 5216 974 5283 ttttic.
1011 5230 1104 5284 lib.
1138 5245 1177 5293 ι,
1213 5216 1299 5283 ἰίι.
1334 5229 1462 5292 2,ct
1494 5231 1593 5299 leg.
1624 5228 1680 5295 5,
1712 5230 1803 5285 lib.
1837 5246 1912 5296 tx,
1948 5222 2136 5285 tit.55.
2247 5216 2455 5299 Cartftr:
2485 5216 2744 5299 de'Deor.
2781 5216 3027 5299 ituaginn.,
3065 5216 3271 5299 [£506.

645 5290 693 5369 ε)
735 5299 963 5355 Dissert.
997 5300 1063 5355 de
1092 5290 1272 5355 lllithr.
1304 5290 1424 5370 cap.
1456 5290 1631 5356 ulthn.
1668 5290 1677 5295 ⁷
1901 5290 1909 5296 ’
2071 5361 2078 5371 ε

645 5371 704 5439 d)
751 5372 828 5427 De
854 5371 1096 5428 Gratian.
1132 5382 1234 5427 art.
1267 5372 1321 5427 5.

2349 5299 2393 5364 i)
2434 5295 2494 5349 L.
2528 5294 2561 5348 5
2588 5293 2656 5347 de
2687 5292 2884 5360 Pagan.
2914 5290 3050 5345 Cod.
3085 5290 3185 5344 Th.

2318 5296 2388 5439 ii)
2433 5366 2548 5439 lgib:
2582 5380 2660 5439 ut.
2692 5361 2898 5439 saeﬁl-
2948 5432 2970 5439 _

645 5361 704 5447 ά)
740 5372 828 5447 pe
854 5371 1107 5447 Gratim.
1132 5382 1234 5427 art.
1267 5372 1321 5427 5.
1372 5361 1387 5370 '
1503 5444 1515 5447 Α
1556 5446 1563 5447 ί
1703 5445 1714 5447 _
2071 5361 2078 5371 ‘

2318 5361 2388 5447 (t2)
2433 5366 2548 5447 lat):
2582 5380 2660 5447 ἐει
2692 5361 2898 5447 930;}-
2948 5432 2970 5447 .
3031 5442 3041 5447 _
3101 5431 3133 5447 ..

648 5431 697 5519 ej
740 5442 1023 5519 Dittghattt.
1054 5445 1163 5519 lib;
1182 5460 1235 5513 ι,
1266 5459 1386 5513 cap.
1419 5461 1459 5509 ι,
1497 5444 1524 5517 §
1552 5446 1667 5519 Siet
2044 5515 2054 5519 _

2441 5437 2565 5519 Vid.
2607 5431 2772 5519 Vulp.
2797 5432 2917 5489 Vet.
2948 5432 3067 5519 Lat.
3090 5431 3197 5519 lib;
3225 5446 3313 5519 ιν..⁷
3332 5446 3453 5519 cap.
3483 5432 3546 5519 7.
3574 5501 3633 5519 In
3707 5500 3774 5519 Ψ

627 5500 709 5587 (‘fl
737 5500 993 5587 Cyprian.
1035 5517 1102 5570 de
1132 5500 1378 5583 Spectac.
1414 5500 1608 5587 ε’ᾳὶοά
1635 5500 1769 5572 enim
1796 5515 2144 5585 spectaculum
2329 5500 2395 5584 (ι)
2435 5511 2613 5587 tlarttt.
2678 5500 2851 5587 ultim.
2883 5518 3033 5587 vetes.
3088 5503 3224 5585 “:2,
3271 5502 3481 5587 Veron.
3526 5501 3671 5587 θῶες.
3707 5500 3857 5558 Vide

555 5573 833 5637 εἱηὲἶιίοῖό
855 5626 871 5650 ,
921 5590 1036 5657 quis
1064 5573 1217 5643 Indus
1247 5590 1357 5644 sine
1381 5573 1676 5662 saciiﬁcie,
1724 5573 1862 5661 quod
1890 5595 2142 5644 certamen
2253 5573 2642 5662 etiammvirum
2689 5578 2907 5662 doctum
2939 5573 3263 5631 Banuerium
3300 5573 3575 5645 Mitltolog.
3618 5573 3710 5629 lib.
3748 5588 3853 5641 νη,

552 5668 657 5727 non
683 5649 1033 5727 conieci-aiunt
1058 5662 1310 5718 mortuo!
1518 5649 1529 5662 ’
1662 5649 1674 5659 ’
1736 5649 1748 5661 ’
2253 5670 2372 5727 cap.
2406 5653 2493 5727 12,
2528 5649 2753 5727 tom._lll

632 5653 1033 5803 δςοὲεθεςζαέεξω
1058 5662 1310 5718 π¹⁰ν⁸²⁴⁰⁷
1518 5653 1528 5662 ’
1662 5653 1672 5659 ’
1736 5653 1747 5661 ’
2253 5653 2794 5807 ωιξίηέἰρΐέὲἆᾛ
2818 5718 2950 5780 Cod.
2979 5718 3189 5787 Thood.
3216 5726 3352 5797 tam.
3381 5717 3425 5790 ι.
3456 5733 3513 5798 p-
3537 5717 3665 5787 tas.
