4138 6178
276 236 388 297 189

1650 232 2174 296 PROLEGOMENA.

3474 235 3577 293 190

282 352 693 427 opportunitate
721 353 1135 421 scribebantur,
1186 368 1362 424 neque
1392 354 1444 409 id
1478 368 1701 410 necesse
1732 354 1879 409 vide-
1912 360 1955 417 Α
2058 352 2136 406 De
2168 350 2336 433 [cujus
2384 350 2566 423 synodi
2623 356 2849 421 tempore
2878 390 2891 417 ,
2928 358 3079 423 atque
3126 356 3261 407 anno
3308 354 3580 407 emortua“

282 449 482 515 batur,
537 461 659 501 cum
692 446 829 499 satis
880 457 1024 501 esset
1093 455 1152 501 ut
1198 448 1432 513 litterae,
1484 448 1580 501 aut
1619 446 1881 515 rescripta

277 554 479 597 eorum
512 540 812 612 principum
844 554 1043 593 nomen
1094 538 1451 607 prmferrent,
1498 552 1727 608 quorum
1768 546 1882 592 erat

188 684 191 689 λ
281 629 352 689 iis
383 635 441 689 in
471 634 601 688 locis
632 634 935 703 imperium,
968 645 1029 686 ac
1059 641 1320 701 potestas,
1354 633 1494 703 quod
1526 631 1618 702 (ne
1644 646 1745 701 ego
1774 644 1879 685 non

276 729 600 785 necessario
645 728 833 783 labore
879 726 1174 797 defungar)
1222 742 1287 780 ex
1333 725 1659 797 Symmacho
1699 724 1879 795 colligi

284 828 494 892 petest.
542 820 741 875 Deinde
771 828 906 889 quot
932 827 1057 873 sunt
1089 820 1142 872 in
1171 818 1370 874 Codice
1395 818 1775 873 Theodosiauo
1805 818 1883 873 le-

281 931 418 986 ges,
450 930 510 969 ac
536 915 707 969 edicta
740 913 954 982 publice
981 913 1206 967 recitata
1232 954 1247 977 ,
1296 928 1416 981 quae
1447 914 1608 967 unius
1636 922 1724 965 aut
1748 910 1881 965 alte-

284 1013 406 1067 rius
433 1026 494 1065 ea
539 1008 964 1079 imperatoribus
998 1008 1213 1062 nomine
1255 1022 1401 1075 sa-pe
1441 1006 1707 1061 careant?
1749 1006 1879 1060 Per-

285 1113 465 1160 cttrrat
539 1110 750 1155 tantum
824 1099 962 1171 apud
1006 1099 1399 1155 Gothofredum
1472 1098 1879 1169 chronologiam

282 1199 465 1270 legum
493 1198 598 1251 sub
630 1196 1007 1250 Valentiniano
1028 1236 1041 1260 ,
1078 1194 1302 1248 Valente
1328 1209 1390 1250 ac
1417 1191 1677 1249 Gratiano
1706 1192 1876 1248 edita-

283 1306 448 1359 rum,
498 1285 780 1361 videatque
826 1286 1065 1344 Reinesii
1117 1288 1515 1359 epistolam“),
1569 1287 1661 1358 qui
1710 1302 1871 1357 quam

284 1378 626 1441 imbecillum
655 1386 721 1437 sit
752 1382 855 1437 hoc
898 1382 1228 1452 probationis
1276 1395 1478 1452 genus,
1534 1380 1872 1450 exploratum

287 1478 505 1534 habere
534 1479 701 1547 cupit.
731 1475 889 1531 Plura
920 1477 1099 1545 itaque
1130 1485 1274 1537 sunt,
1307 1490 1429 1545 qum
1460 1488 1545 1528 me
1575 1473 1877 1543 impellunt,

285 1583 352 1627 ut
381 1574 683 1628 Romanum
712 1574 815 1626 hoc
844 1571 1131 1626 concilium
1158 1570 1224 1623 ab
1253 1568 1353 1623 hoc
1383 1584 1526 1623 anno
1550 1583 1879 1635 removeam,

283 1675 450 1734 atque
481 1676 535 1720 ut
568 1667 621 1720 in
650 1665 794 1719 aliud
827 1674 1041 1733 tempus
1069 1661 1412 1717 transferam.
1450 1661 1706 1722 Primum,
1736 1660 1879 1731 quod

280 1762 370 1814 vix
416 1760 531 1814 fieri
572 1758 784 1828 potuit,
827 1766 886 1811 ut
921 1767 1029 1811 tam
1074 1757 1224 1811 brevi
1269 1754 1556 1811 intervallo
1597 1755 1877 1824 temporis,

282 1854 425 1926 quod
474 1869 505 1907 a
537 1853 783 1907 Valentis
812 1851 966 1905 obitu
1000 1849 1067 1904 ad
1096 1846 1388 1904 Theodosii
1432 1846 1751 1903 electionem
1793 1849 1876 1901 iuv-

284 1949 554 2017 terjacet,
604 1946 909 2001 Romanum
950 1943 1082 1998 illud
1122 1942 1409 1998 concilium
1441 1942 1701 1998 Gratiano
1744 1942 1878 1998 seri-

278 2044 454 2106 bere,
498 2055 559 2095 ac
584 2039 874 2095 Gratianus
912 2038 1216 2095 rescribere
1259 2024 1520 2107 potuerit,
1567 2047 1671 2090 tam
1717 2037 1877 2105 longe

286 2136 411 2191 tum
447 2136 681 2204 positus,
729 2149 793 2189 ac
819 2135 937 2188 aliis
979 2134 1149 2203 iisque
1187 2130 1521 2203 gravissimis
1567 2129 1875 2200 reipublicae

282 2229 529 2299 negatiis
562 2227 846 2284 distentus.
899 2226 1151 2282 Prtelium
1192 2227 1363 2292 enim,
1411 2240 1517 2295 quo
1555 2225 1746 2281 Valens
1786 2239 1874 2289 oc.

276 2324 495 2386 cubuit,
536 2322 623 2377 die
651 2322 684 2378 9
712 2320 937 2391 Augusti
985 2320 1174 2375 initum
1207 2329 1310 2383 est,
1348 2324 1401 2372 et
1441 2326 1675 2387 accepta:
1705 2316 1875 2372 cladis

270 2416 501 2471 numius
553 2415 619 2469 ad
663 2414 982 2471 Gratianum
1027 2413 1240 2482 delatus
1280 2428 1310 2467 a
1340 2412 1558 2467 Victore
1599 2411 1734 2477 fuit,
1784 2412 1872 2481 qui

272 2509 400 2579 fuga
433 2509 678 2578 elapsus,
704 2522 797 2579 per
828 2506 1197 2563 Macedoniam
1229 2506 1295 2562 ad
1324 2522 1446 2561 eum
1480 2522 1536 2561 se
1567 2514 1871 2575 receperat,

276 2602 337 2656 in
365 2600 525 2655 Dacia
557 2615 681 2654 cum
718 2601 965 2655 exercitu
1010 2600 1265 2667 positum.
1316 2598 1585 2667 Quantum
1627 2610 1755 2652 vero
1787 2613 1874 2652 re-

273 2694 491 2749 siduum
522 2702 608 2748 est
640 2694 897 2763 temporis
924 2735 938 2758 ,
990 2702 1050 2747 ut
1078 2682 1299 2747 Romam
1341 2692 1408 2747 de
1440 2690 1682 2747 Valentis
1723 2689 1870 2746 obitu

278 2788 504 2843 nuntius
555 2786 776 2855 aﬂ'erri,
815 2802 879 2843 ac
904 2786 1101 2842 deinde
1146 2802 1207 2841 ea
1258 2787 1473 2851 omnia,
1516 2800 1634 2855 quae
1666 2786 1870 2855 reliqua

269 2892 425 2948 sunt,
466 2881 582 2935 fieri
626 2881 865 2950 potuisse
890 2881 1141 2935 credatur
1170 2888 1295 2934 ante
1320 2878 1609 2934 Theodosii
1643 2878 1868 2932 electio-

271 2987 431 3039 nem,
472 2981 590 3043 quzc
617 2974 704 3029 die
741 2974 807 3030 16
835 2982 926 3029 aut
958 2974 1027 3030 i9
1051 2972 1291 3029 Januarii
1333 2973 1711 3040 subsequentis
1742 2971 1871 3027 anni

270 3070 548 3140 publicata
581 3069 709 3123 est?
749 3068 998 3124 Secundo
1021 3066 1311 3123 Gratianus
1343 3076 1462 3135 post
1493 3066 1728 3122 Valentis
1760 3066 1872 3121 cla-

268 3166 399 3218 dem
430 3178 550 3218 cum
583 3164 766 3219 Sirmii
799 3162 1159 3228 constitisset,
1195 3172 1495 3228 temporum
1544 3162 1870 3216 necessitate
1899 3143 1941 3203 Ο

272 3267 503 3314 coactus
524 3300 537 3318 ,
571 3258 744 3327 legem
776 3257 952 3321 dedit,
985 3268 1089 3327 qua
1118 3256 1425 3311 Manichteis
1448 3296 1462 3321 ,
1494 3254 1865 3319 Eunomianis,

270 3365 341 3404 ac
374 3350 711 3404 Photioianis
742 3350 980 3418 exceptis
1006 3388 1019 3415 ,
1068 3350 1282 3404 caneris
1308 3349 1696 3416 cujuscumque
1739 3348 1868 3402 rell-

274 3442 460 3511 gioois
492 3441 801 3496 hominibus
832 3443 1114 3510 permisit,
1168 3451 1224 3495 ut
1262 3457 1435 3495 secure
1471 3450 1518 3494 et
1556 3440 1712 3493 libere
1748 3454 1867 3493 con-

271 3544 458 3588 ventus
485 3534 537 3585 in
582 3534 813 3587 ecclesiis
842 3534 1076 3603 propriis
1100 3542 1327 3606 agerent.
1364 3532 1533 3601 Hujus
1560 3533 1691 3603 legis
1723 3533 1873 3587 testis

272 3637 355 3679 est
392 3624 652 3679 Socrates
683 3626 791 3692 (at,
832 3624 1167 3681 Sozomenns
1196 3623 1304 3696 (ὁ),
1357 3640 1419 3679 ac
1455 3625 1680 3689 Suidas,
1719 3623 1873 3695 Cujus

273 3718 445 3772 verba
471 3716 836 3773 Gothofredus
888 3721 1080 3774 recitat
1112 3718 1185 3790 (ε)
1209 3759 1224 3782 ,
1274 3728 1597 3789 quamquam
1628 3734 1745 3773 eam
1788 3734 1875 3774 see

273 3812 462 3881 quenti
501 3827 647 3864 anno
679 3813 781 3866 iter
809 3810 1011 3866 faciens
1032 3852 1046 3877 ,
1071 3812 1377 3877 Atubrosii,
1426 3822 1480 3867 nt
1510 3802 1614 3883 'par
1643 3820 1726 3867 est
1751 3822 1872 3867 cre-'

280 3904 419 3959 dere
438 3945 452 3968 ,
480 3905 711 3960 consilio
740 3905 1031 3960 obsecutus
1063 3908 1402 3961 revocaverit
1432 3907 1531 3977 (ά).
1582 3908 1681 3974 Qui
1715 3907 1876 3978 igitur

279 3996 405 4051 ﬁeri
442 3999 629 4065 potuit,
659 4007 717 4051 ut
746 3997 906 4052 aliam
936 3998 1061 4053 huic
1087 3999 1308 4053 omnino
1328 4000 1651 4054 contrariam
1682 3999 1873 4054 eodem

277 4088 388 4142 hoc
434 4098 675 4158 tempore
703 4089 922 4145 dedisse
952 4089 1240 4145 videatur?
1296 4090 1427 4145 Nam
1473 4106 1591 4161 quae
1622 4089 1877 4163 Aquilino

274 4180 490 4236 vicario
516 4182 771 4253 inscripta
802 4193 909 4249 est,
936 4183 1166 4239 alteram
1196 4186 1337 4240 tollit
1362 4186 1602 4240 omnino.

353 4276 639 4330 Postremo
666 4290 847 4331 rerum
875 4277 1080 4348 aliquot
1101 4286 1377 4349 gestarum
1416 4279 1590 4334 series
1613 4320 1626 4343 ,
1670 4288 1791 4349 qua:
1821 4278 1876 4334 iit

274 4367 401 4436 ejus
430 4368 647 4423 concilii
684 4368 913 4438 epistola
962 4378 1234 4435 narratur,
1281 4371 1506 4425 minime
1537 4372 1769 4440 patitur,
1822 4366 1879 4426 ut

274 4463 415 4520 illud
456 4464 557 4520 hoc
589 4480 733 4519 anno
776 4466 1107 4522 celebratum
1140 4469 1349 4523 censeri
1393 4467 1583 4538 possit.
1618 4466 1695 4523 Ne
1745 4483 1878 4521 vero

276 4556 397 4610 alio
430 4556 549 4704 10;!)
576 4557 715 4614 dicta
745 4567 1009 4630 repetam,
1028 4560 1173 4628 vide,
1197 4562 1241 4615 si
1268 4560 1475 4631 placet,
1506 4559 1574 4616 ad
1595 4570 1723 4615 ann.
1755 4560 1880 4627 580,

276 4662 412 4704 can.
450 4648 472 4703 ί
521 4690 533 4703 .

276 4662 412 4719 cap.
450 4648 533 4704 t5.

884 4829 1113 4888 CAPUT
1154 4830 1291 4887 XIV.

420 4941 557 5011 579,
599 4942 801 5001 ῡΑιιΑςι
834 4943 903 5001 id
924 4987 939 5013 ,
969 4946 1207 5002 Αυεοκιο
1238 4940 1307 5002 Er
1337 4945 1571 5002 OLYBRIO
1599 4961 1743 5003 coss.

279 5076 325 5131 Ι.
358 5081 731 5135 Antiochenam
778 5084 999 5136 schisma
1046 5095 1226 5138 mutua
1270 5084 1403 5137 inter
1443 5093 1614 5154 partes
1675 5098 1890 5137 consen-

356 5175 505 5229 sione
538 5176 865 5249 depositum;
894 5176 1243 5231 Theodoretus
1274 5187 1499 5232 notatus.
1536 5176 1601 5232 ll.
1645 5176 1889 5248 Synodus

356 5266 451 5320 sub
485 5266 693 5321 Meletio
735 5270 1018 5323 Antiochia:
1058 5270 1271 5336 habita;
1302 5270 1426 5341 quid
1455 5280 1626 5324 actum
1667 5270 1721 5323 in
1769 5268 1886 5335 illa,

357 5360 734 5430 deﬁnitumque
762 5361 936 5431 fuerit.
990 5364 1118 5418 Acta
1148 5363 1216 5417 ad
1248 5363 1528 5418 Damasum
1568 5365 1746 5418 missa.
1795 5361 1887 5417 Ill.

355 5496 435 5581 (ᾳ)
626 5515 683 5563 v,
717 5515 836 5569 cap.
864 5500 919 5555 2.

387 5569 438 5652 θ)
480 5569 727 5652 ἶδίΡῑῘην
759 5574 964 5652 cep--1-

384 5638 433 5711 c)
478 5644 558 5693 Ad
589 5641 684 5696 lib.
715 5658 766 5698 tv
794 5638 862 5699 de
892 5643 1037 5701 HEBI'.

381 5712 442 5781 ά)
489 5711 609 5768 Vid.
643 5714 735 5770 lib.
763 5730 816 5778 ν.
849 5718 973 5773 eod.
1002 5718 1086 5774 tit.

365 5784 437 5859 (ι)
477 5782 758 5845 Theudor.
788 5787 855 5846 Η.
891 5788 965 5860 E,
994 5790 1091 5850 lib.
1122 5807 1187 5862 ν,
1220 5806 1341 5868 cap.
1369 5793 1424 5852 5.

2058 446 2119 501 8.
2151 443 2359 499 Basilii.

2057 602 2097 657 l.
2141 603 2304 658 Facta
2338 603 2548 675 itaque,
2584 611 2642 658 ut
2667 603 2939 674 diximus,
2975 603 3216 659 Gratiani
3244 604 3363 672 lege
3385 603 3577 660 catho-

1984 698 2101 753 licis
2130 698 2404 769 episcopis
2454 697 2521 751 ad
2570 698 2842 752 Ecclesias
2892 713 3017 752 suas
3071 698 3330 751 redeundi
3380 698 3575 767 capia,

1983 790 2038 846 S.
2070 792 2284 845 Meletio
2314 808 2374 845 ea
2417 791 2557 845 inter
2594 792 2797 860 primos
2831 790 2906 843 uti
2940 790 3118 855 licuit;
3148 790 3414 860 siquidem
3461 790 3577 860 ejus

1982 884 2153 939 essilii
2183 886 2336 939 locus
2366 887 2508 939 circa
2530 882 2829 952 Nic0polim
2858 886 3032 937 fuerat
3072 883 3349 937 Armenia:
3374 890 3578 937 metro-

1985 981 2172 1051 polim,
2205 996 2324 1051 qua:
2349 978 2634 1033 Antiochia
2658 995 2763 1033 non
2794 979 2952 1049 longe
2975 977 3180 1033 aberat.
3208 978 3401 1033 Statim
3448 992 3577 1034 vero

1982 1090 2044 1128 ac
2078 1089 2327 1128 reversus
2354 1082 2467 1139 est,
2499 1072 2806 1128 c0ticordite
2828 1072 3071 1135 studuit,
3104 1067 3488 1141 proposuitque
3510 1070 3577 1124 ad

1982 1182 2100 1221 eam
2148 1166 2522 1232 sarciendam,
2570 1177 2628 1220 ut
2672 1181 2864 1236 greges
2911 1163 3070 1220 ambo
3110 1165 3352 1235 episcopi
3385 1164 3579 1235 jungez

1983 1254 2133 1327 rent,
2176 1270 2339 1330 atque
2378 1261 2430 1315 in
2484 1276 2772 1315 commune
2816 1270 3135 1329 poscerent,
3182 1260 3297 1313 sive
3342 1265 3398 1312 ut
3429 1258 3577 1313 com-

1984 1356 2134 1410 muni
2162 1356 2484 1411 auctoritate
2508 1355 2807 1410 Ecclesiam
2834 1356 2983 1409 illam
3006 1354 3453 1408 administrarent
3478 1351 3573 1424 (e).

1982 1448 2131 1503 Hanc
2179 1448 2579 1513 conditionem,
2628 1463 2747 1501 cum
2793 1447 2999 1502 Paulini
3047 1461 3172 1517 pars
3214 1446 3408 1501 merito
3438 1446 3578 1514 reje—

1982 1543 2145 1598 cisset
2170 1584 2184 1608 ,
2211 1542 2311 1595 alia
2340 1541 2521 1596 oblata
2568 1551 2651 1597 est
2675 1582 2690 1609 ,
2723 1557 2841 1611 quae
2885 1554 3005 1595 cum
3045 1540 3298 1594 omnibus
3338 1540 3575 1607 placuis-

1982 1647 2096 1699 set,
2148 1644 2415 1690 transacta
2457 1648 2546 1689 res
2578 1633 2714 1697 fuit,
2763 1649 2827 1690 ac
2879 1633 3107 1703 populus
3156 1632 3221 1687 ad
3271 1633 3573 1699 unitatem,

1912 1746 1956 1806 Β
1985 1743 2371 1798 sacrorumque
2414 1728 2731 1782 societatem
2778 1724 2957 1780 rediit.
2987 1724 3238 1778 Conditio
3265 1740 3427 1791 vero,
3458 1738 3578 1793 qua:

1985 1834 2109 1876 tmte
2136 1822 2279 1892 pacis
2308 1820 2629 1876 beneficium
2662 1820 2870 1884 attulit,
2899 1818 3014 1872 huic
3044 1816 3142 1871 fuit
3171 1815 3243 1888 (Ῑ)
3280 1827 3369 1872 :ut
3400 1818 3435 1872 ii
3465 1817 3574 1873 sci-

1981 1914 2145 1981 licet,
2194 1914 2285 1983 qui
2337 1914 2403 1968 ad
2446 1914 2741 1982 regendum
2788 1912 3164 1981 episcopatum
3206 1909 3383 1963 idonei
3418 1907 3571 1962 vide—

1982 2008 2201 2071 bantttr,
2233 2005 2696 2075 sperabanturque
2721 2043 2737 2069 ,
2790 2000 3145 2072 jurejurando
3181 2015 3241 2053 se
3270 1999 3574 2069 adstringe-

1980 2112 2135 2166 rcnt,
2167 2114 2339 2168 neque
2381 2097 2685 2151 atnbituros
2716 2111 2806 2162 se,
2861 2110 3033 2163 neque
3082 2092 3323 2147 oblatum
3361 2092 3576 2159 episco-

1978 2205 2159 2263 patum
2207 2199 2555 2259 suscepturos
2582 2231 2597 2255 ,
2628 2186 2885 2258 quamdiu
2916 2187 3178 2240 alteruter
3238 2185 3352 2239 sive
3393 2184 3575 2238 Pauli-

1978 2300 2080 2341 nus
2102 2326 2117 2351 ,
2150 2285 2262 2338 sive
2307 2282 2554 2338 Meletius
2582 2282 2634 2335 in
2668 2282 2804 2335 vivis
2844 2287 3030 2335 essent
3054 2319 3067 2341 ,
3108 2277 3200 2331 scd
3231 2288 3286 2331 ut
3320 2278 3395 2342 is,
3427 2277 3519 2346 qui
3547 2291 3578 2332 e

1978 2380 2187 2434 duobus
2215 2387 2490 2447 superstes
2530 2386 2712 2443 esset,
2749 2375 2935 2430 sedem
2981 2375 3127 2428 illam
3177 2373 3330 2428 solus
3360 2371 3573 2427 obtine-

1977 2484 2079 2528 ret.
2124 2471 2501 2527 Theodoretus
2547 2470 2745 2541 igitur,
2779 2468 2869 2538 qui
2897 2465 3245 2522 concordiam
3293 2480 3322 2518 a
3363 2463 3578 2520 Meletio

1975 2568 2212 2623 oblatam
2241 2608 2255 2632 ,
2304 2581 2335 2621 a
2376 2566 2599 2620 Paulino
2642 2564 2899 2633 rejectam
2949 2561 3185 2627 scribit,
3239 2559 3403 2614 nimio
3443 2572 3575 2624 suo,

1977 2670 2033 2717 ut
2064 2677 2205 2730 δευρί)
2227 2661 2393 2726 solet,
2419 2674 2545 2729 erga
2571 2657 2887 2713 Flavianum
2912 2655 3094 2709 studio
3122 2653 3409 2708 indulsisse
3432 2653 3578 2707 visus

1975 2764 2087 2819 est,
2136 2752 2441 2819 frustraque
2482 2746 2857 2804 Tillemoutius
2900 2760 3090 2801 causas
3121 2745 3343 2814 qlliPJ‘il,
3383 2743 3578 2815 quibus

1975 2845 2126 2900 illtttu
2159 2855 2344 2914 purget
2367 2842 2465 2916 (ῃ).
2494 2841 2723 2911 Hujusce
2748 2838 3011 2910 siquidem
3043 2836 3259 2906 pactiac
3284 2824 3577 2906 juramemi

1975 2949 2157 3011 aperta
2180 2936 2418 3007 estapud
2449 2934 2851 2990 Nazianzenum
2883 2932 3086 2986 mentio
3117 2932 3168 2985 in
3192 2931 3440 2985 oratione
3462 2944 3573 2995 x1v,

1975 3048 2134 3104 quam
2170 3046 2265 3102 pro
2296 3045 2428 3101 pace
2454 3028 2639 3082 habuit
2677 3030 2729 3081 in
2768 3024 3364 3094 Coustantiuopolitana
3391 3024 3579 3079 Eccle-

1976 3128 2052 3181 sia
2077 3169 2091 3191 ,
2116 3126 2275 3196 paulo
2305 3133 2462 3178 antea
2492 3138 2651 3193 quam
2682 3121 2757 3177 illi
2795 3120 3069 3176 cathedrae
3096 3118 3423 3175 valediceret
3444 3160 3459 3184 ,
3500 3117 3577 3171 si-

1976 3219 2194 3291 quidem
2238 3219 2354 3274 haec
2384 3218 2502 3289 ejus
2552 3216 2718 3274 verba
2759 3231 2825 3271 eo
2868 3214 3207 3285 respiciunt:
3244 3211 3363 3266 Pax
3410 3211 3579 3265 amica

1976 3328 2078 3364 non
2102 3327 2157 3365 re
2186 3311 2492 3373 dumtaxat,
2541 3308 2630 3362 sed
2672 3308 2876 3362 nomine
2906 3322 3103 3376 quoque
3145 3305 3256 3377 ipso
3298 3302 3605 3371 jucunda,-

1975 3419 2128 3473 qnam
2154 3419 2288 3456 nunc
2315 3402 2505 3472 papula
2532 3401 2650 3455 dedi
2676 3442 2690 3466 ,
2738 3417 2801 3453 ac
2841 3399 3009 3468 recepi
3026 3413 3042 3460 ;
3074 3397 3216 3451 haud
3243 3396 3351 3451 scio
3375 3411 3442 3448 an
3471 3400 3578 3449 sin-

1975 3511 2144 3550 ceram
2176 3495 2236 3547 ab
2280 3492 2510 3547 omnibus
2539 3508 2738 3556 vocem,
2786 3492 3071 3562 spirituque
3098 3490 3309 3561 dignam
3331 3529 3347 3555 ,
3379 3505 3444 3543 an
3476 3505 3576 3543 non

1977 3590 2147 3658 potius
2176 3601 2395 3641 ronuca
2425 3602 2596 3641 racn
2626 3600 2728 3641 uno
2756 3600 2928 3641 TES'I‘E
2955 3600 3181 3639 VtttLATA
3203 3623 3216 3647 ,
3247 3599 3347 3652 quo
3374 3583 3578 3654 gravior

1977 3682 2042 3736 sit
2088 3690 2265 3735 nostra
2307 3680 2685 3734 condenmatio.
2736 3678 2966 3735 Socrati.
2999 3689 3258 3746 prmterea
3316 3685 3372 3730 et
3408 3676 3576 3730 Sozo-

1979 3789 2170 3841 meno,
2201 3789 2430 3842 quorum
2461 3773 2633 3841 major
2653 3810 2670 3836 ,
2709 3785 2868 3839 quam
2904 3769 3062 3823 unius
3089 3768 3416 3822 Theodoreti
3452 3781 3583 3821 auc-

1979 3866 2167 3921 toritas
2189 3875 2303 3934 est,
2327 3864 2487 3919 fidem
2511 3862 2744 3917 adstruit
2765 3862 2934 3917 sancti
2962 3860 3234 3915 Ambrosii
3266 3859 3578 3929 Aquilcicn~

1979 3962 2054 4016 sis
2075 3959 2289 4015 concilii
2313 3959 2530 4014 nomine
2557 3956 2846 4021 scribentis
2871 3955 3241 4011 testimonium
3260 3953 3448 4025 ,,quod
3473 3953 3581 4007 alio

1977 4053 2099 4109 loco
2130 4055 2456 4124 expendam.

2055 4148 2343 4221 ll.‘Rebus
2370 4152 2551 4219 itaque
2583 4148 2684 4203 hoc
2715 4158 2872 4216 pacto
2901 4145 3202 4202 Antiochiae
3226 4142 3540 4214 compositis
3563 4183 3580 4209 ,

1982 4241 2234 4298 Meletius
2262 4258 2333 4298 ex
2364 4243 2637 4312 episc0pis
2664 4241 3051 4298 communione
3079 4239 3183 4293 sibi
3209 4239 3411 4309 junctis
3432 4251 3585 4307 syno-

1981 4333 2109 4389 dum
2139 4336 2301 4404 cogit.
2341 4334 2435 4389 Cui
2460 4333 2670 4406 synodo
2711 4345 2909 4403 praeter
2948 4332 3242 4387 Eusebium
3273 4330 3583 4386 Samosate-

1983 4443 2109 4481 num
2129 4467 2145 4494 ,
2179 4427 2453 4497 Pelagium
2482 4426 2844 4480 Laodicenum
2866 4464 2881 4491 ,
2914 4422 3198 4494 Eulogium
3224 4423 3582 4484 Edessenum,

1911 4540 1962 4602 D
1998 4519 2272 4575 Zenonem
2304 4520 2475 4591 Tyri,
2523 4534 2587 4574 ac
2637 4519 2928 4573 Diodorum
2980 4517 3175 4584 Tarsi,
3218 4531 3447 4584 quorum
3495 4528 3586 4566 no-

1990 4615 2135 4668 mina
2160 4613 2212 4668 in
2233 4611 2563 4683 fragmento,
2589 4612 2731 4683 quod
2757 4610 3088 4674 Holstenius,
3117 4624 3179 4663 ac
3196 4606 3393 4663 deinde
3413 4606 3584 4661 Cons-

1991 4707 2193 4762 tantius
2215 4706 2416 4773 edidit,
2447 4719 2703 4775 expressa
2732 4712 2893 4771 sunt,
2926 4702 3013 4757 alii
3049 4699 3152 4756 H6
3196 4698 3436 4769 episcopi
3460 4698 3588 4753 sub-

1990 4798 2358 4868 scripserunt,
2407 4812 2635 4868 quorum
2664 4794 2920 4852 memoria
2965 4793 3161 4863 periit,
3204 4800 3401 4860 praeter
3427 4806 3586 4860 quam

1991 4889 2236 4959 Gregorii
2260 4888 2491 4960 Nysseni
2510 4931 2523 4954 ,
2549 4890 2636 4958 qui
2661 4902 2720 4943 se
2748 4887 2981 4942 concilio
3008 4884 3087 4940 illi
3136 4883 3375 4937 adfuisse
3401 4890 3590 4951 aperte

1992 4990 2220 5040 testatur
2260 4982 2471 5037 duobus
2515 4984 2568 5036 in
2613 4982 2778 5049 locis,
2821 4994 2958 5051 quos
3018 4978 3281 5033 Baronius
3324 4974 3406 5048 (lt)
3447 4974 3589 5029 reci-

1996 5086 2093 5133 tat.
2153 5077 2282 5147 Ejus
2311 5076 2502 5148 synodi
2546 5085 2665 5131 acta
2690 5118 2707 5143 ,
2740 5076 2939 5147 ingenti
2968 5074 3048 5129 rei
3071 5071 3452 5128 ecclesiastica:
3475 5069 3587 5136 jac-

1999 5182 2117 5228 tura
2144 5180 2357 5240 tempus
2397 5170 2651 5240 abripuit.
2697 5170 2811 5225 Hoc
2844 5180 3022 5223 tamen
3053 5175 3298 5227 Constat,
3334 5159 3587 5215 recitatas

1997 5267 2050 5322 in
2101 5284 2166 5322 eo
2200 5267 2363 5321 fuisse
2406 5266 2617 5321 Damasi
2652 5267 2899 5328 litteras,
2950 5272 3059 5316 ttun
3100 5272 3193 5314 eas
3246 5269 3364 5322 qum
3411 5250 3586 5320 primo

1998 5362 2063 5417 ad
2097 5361 2341 5434 Illyricos
2384 5364 2561 5416 missa:
2606 5360 2820 5415 fuerant
2853 5372 2921 5412 ex
2968 5354 3207 5409 Romana
3241 5349 3409 5418 prima
3437 5344 3585 5414 ejus-

2072 5501 2140 5570 (ί)
2180 5499 2306 5555 Soc.
2339 5497 2431 5570 libi.
2459 5512 2520 5570 ν’,
2549 5482 2667 5561 cap.
2691 5492 2724 5546 5
2732 5465 3586 5570 LSttzometthlib._\'n‘,.bap.5.

2182 5550 2536 5643 ῙῖἐΜεέΙ-θιὶὸ
2577 5550 2687 5620 not.
2724 5550 2828 5628 {2,
2859 5570 2993 5616 tom.
3039 5550 3187 5625 Vill;
3222 5555 3289 5613 de
3319 5550 3591 5627 Flavium,

1995 5638 2161 5708 arti?)
2182 5683 2196 5708 ,
2229 5651 2361 5697 tom.
2392 5638 2459 5695 Χ.
2488 5662 2500 5687 .

1998 5736 1999 5741 π
2066 5713 2152 5792 (It)
2190 5714 2272 5770 Ad
2299 5728 2429 5771 ann.
2454 5709 2578 5771 379.
