4138 6178
549 201 648 262 191

1763 197 2080 256 SANCTUS
2121 195 2445 256 DAMASUS
2485 196 2685 255 PAPA.

3753 193 3859 250 192

547 318 670 376 dem
700 316 910 392 synodo
933 359 948 385 ,
977 316 1051 386 ac:
1072 314 1270 373 deinde
1320 314 1388 371 ad
1417 313 1725 372 Orientales
1763 328 1862 385 per
1886 314 2147 370 Sabinum
2180 317 2225 378 Α
2254 315 2470 377 missus,
2503 313 2678 369 dicam
2701 312 2768 368 ad
2796 327 2995 368 annum
3019 320 3336 385 sequentem
3359 329 3372 368 :
3392 325 3538 369 nunc
3563 311 3709 370 enim
3732 327 3865 383 pau-

549 412 763 478 allatae;
800 423 910 465 tum
936 425 1073 480 quas
1096 424 1127 464 a
1157 408 1395 464 secunda
1439 423 1503 464 ac
1535 408 1693 464 tertia
1737 408 1948 480 synodo
2004 423 2149 464 anno

548 505 756 562 scilicet
781 505 887 560 ’574
913 517 975 557 ac
999 502 1105 559 376
1135 511 1374 557 exeunte
1403 511 1494 557 aut
1522 503 1693 556 altero
1719 501 1941 558 ineunte
1970 503 2146 573 scrip-

551 609 631 654 tas
663 597 965 653 DorOtheus
998 596 1280 669 presbyter
1306 595 1664 652 Orientalium
1697 597 1938 666 legatus,
1963 611 2147 651 secum

549 690 760 751 retulit,
797 699 854 742 ut
881 687 1136 742 diximus.
1165 687 1234 742 lis
1275 696 1452 742 autem
1497 687 1647 742 lectis
1687 686 1934 742 Meletius
1977 690 2148 755 primo

548 781 704 845 loco,
741 791 850 835 tum
899 780 1164 835 Eusebius
1212 779 1634 846 Samosatenus,
1701 780 1904 847 aliique
1949 779 2150 837 deinde

547 887 737 930 omnes
759 874 1201 944 subscripserunt
1225 873 1409 927 verbis
1439 873 1621 937 hisce,
1654 888 1776 942 qua:
1827 873 1989 943 digna
2021 883 2149 929 sunt

549 975 610 1021 ut
646 967 1008 1021 observentur
1034 983 1046 1018 :
1074 963 1352 1020 Consentio
1379 965 1613 1018 omnibus
1643 982 1802 1033 supra
1820 967 2045 1037 scriptis,
2075 969 2149 1022 ita

551 1061 795 1126 credens,
847 1071 893 1115 et
936 1060 1199 1125 sentiens;
1251 1071 1295 1112 et
1326 1060 1372 1113 si
1415 1061 1528 1130 quis
1578 1071 1765 1131 prater
1806 1061 1915 1115 haec
1958 1063 2142 1129 sentit,

551 1156 827 1209 anathema
856 1155 942 1207 sit.
979 1153 1055 1207 Ex
1084 1152 1168 1207 his
1199 1154 1343 1207 enim
1369 1162 1479 1206 tum
1508 1152 1804 1222 colligitur,
1837 1155 2024 1222 quanti
2052 1153 2149 1206 ha-

551 1247 723 1303 bitum
764 1256 1028 1318 perpetuo
1059 1245 1222 1300 fuerit
1260 1244 1400 1315 apud
1446 1261 1638 1300 omnes
1666 1243 1972 1301 Catholicos
2003 1246 2148 1302 sedis

549 1340 866 1409 apostolica:
899 1339 951 1392 in
983 1337 1143 1393 rebus
1173 1336 1296 1391 lidei
1343 1335 1666 1391 deﬁniendis
1703 1337 1998 1406 judicium,
2035 1346 2146 1392 tum

554 1445 812 1503 praeterea
843 1451 910 1489 an
944 1450 1129 1489 verum
1161 1436 1262 1501 sit,
1295 1434 1438 1504 quod
1469 1433 1793 1488 Bossuetius
1823 1435 2150 1496 ait,coutro-

551 1527 788 1584 versiam
832 1527 899 1582 de
929 1527 1102 1581 sancti
1146 1525 1381 1596 Spiritus
1427 1524 1750 1594 divinitate,
1782 1542 1940 1595 quam
1985 1526 2148 1582 Sozo-

551 1638 745 1678 manus
777 1620 854 1694 (a)
902 1620 1162 1676 Romana:
1196 1618 1452 1675 Ecclesia:
1496 1619 1701 1689 judicio
1745 1618 1952 1674 ﬁnitam
1993 1620 2145 1674 dixe-

2259 423 2319 463 ca
2348 408 2416 463 de
2446 407 2605 477 hujus
2631 409 2824 480 synodi
2857 417 3124 477 tempore.
3189 442 3194 446 -

2326 500 2416 555 ΙΙΙ.
2470 501 2619 556 Hanc
2668 503 2846 572 itaque
2886 501 3082 556 eruditi
3119 515 3312 557 omnes
3345 501 3631 556 conterunt
3678 500 3731 554 in
3763 515 3864 556 an-

2256 611 2384 649 num
2415 594 2542 650 579.
2587 594 2884 649 Enimvero
2911 605 3035 648 ante
3085 595 3186 649 hoc
3235 604 3447 662 tempus
3493 592 3736 661 profecto
3767 593 3862 648 ha-

2254 685 2370 741 beri
2402 700 2507 739 non
2541 687 2752 753 potuit,
2801 686 2924 754 quia
2960 685 3244 756 Eulogium
3275 686 3612 740 Edessenum
3653 687 3858 756 episco-

2258 795 2381 850 pum
2434 779 2501 833 ab
2553 779 2787 834 Eusebio
2818 778 3178 835 Samosateno
3220 778 3525 833 ordinatum
3565 778 3632 833 ad
3669 778 3861 834 Eccle-

2254 873 2388 926 siam
2415 914 2429 938 ,
2475 873 2616 928 unde
2657 874 2757 926 sub
2789 872 3016 927 Valente
3050 873 3233 942 pulsus
3265 873 3434 927 luerat
3457 916 3470 940 ,
3506 873 3608 928 hoc
3638 874 3858 928 ineunte

2253 978 2396 1018 anno
2427 979 2702 1018 reversum
2730 962 2896 1018 fuisse
2925 972 3140 1018 constat
3169 979 3234 1018 ex
3253 960 3525 1018 Chronico
3555 964 3858 1030 Edesseno,

2253 1055 2395 1126 quod
2443 1057 2523 1109 vir
2567 1056 2913 1111 doctissimus
2945 1055 3146 1125 Joseph
3180 1055 3509 1110 Assentanus
3553 1056 3721 1111 edidit
3768 1057 3862 1128 (f).

2254 1151 2325 1204 At
2354 1150 2444 1220 qtti
2473 1151 2846 1218 Septembrem
2877 1150 2947 1203 illi
2975 1161 3063 1203 aut
3091 1150 3380 1204 Octobrem
3415 1166 3652 1205 mensem
3681 1152 3862 1221 assig-

2253 1256 2406 1310 nant,
2442 1245 2571 1299 mihi
2602 1245 2853 1300 videntur
2881 1262 2993 1300 rem
3017 1260 3243 1316 prorsus
3269 1246 3554 1305 incertam.
3587 1261 3684 1316 pro
3711 1257 3861 1301 certa

2251 1353 2520 1392 asserere.
2555 1338 2888 1408 Quamquam
2932 1339 3077 1394 enim
3106 1339 3401 1409 Gregorius
3427 1339 3706 1410 Nyssenus
3736 1356 3859 1395 eam

2252 1440 2631 1498 coagregatam
2665 1431 2861 1485 scribat
2891 1430 2969 1504 (g)
3015 1447 3159 1486 nono
3205 1440 3298 1486 aut
3344 1432 3557 1487 decimo
3589 1442 3712 1504 post
3737 1433 3860 1488 obi-

2254 1532 2365 1579 tum
2399 1526 2578 1580 Basilii
2613 1541 2824 1593 mense,
2856 1542 2919 1582 ac
2942 1527 3125 1582 sedata
3151 1528 3261 1597 jam
3294 1530 3708 1597 persecutione,
3736 1530 3863 1600 quia

2253 1626 2434 1672 tamen
2459 1619 2762 1687 disputatur
2785 1619 2958 1674 adhuc
2981 1621 3046 1675 de
3075 1621 3257 1675 Basilii
3280 1622 3366 1676 die
3391 1623 3698 1682 emortuali.
3727 1623 3862 1678 nihil

551 1728 668 1783 rat,
705 1718 758 1771 in
806 1715 1407 1783 ConstantinOpolitano
1437 1714 1634 1769 deinde
1671 1713 1904 1769 concilio
1945 1725 2148 1769 retrac-
2183 1713 2231 1773 B
2257 1713 2388 1766 certi
2421 1712 2634 1780 exculpi
2663 1729 2726 1766 ex
2759 1728 2825 1767 eo
2847 1723 3044 1784 potest.
3099 1714 3153 1770 Si
3185 1714 3530 1770 Nazianzeno
3579 1715 3864 1770 credimus

553 1817 716 1864 tatam
747 1809 932 1863 fuisse.
965 1808 1099 1861 Nam
1147 1816 1204 1861 ut
1235 1822 1351 1861 mea
1397 1806 1584 1860 faciam
1617 1806 1784 1860 verba
1817 1806 1917 1860 viri
1957 1807 2147 1861 claris-

550 1903 671 1956 simi
700 1902 756 1956 P.
784 1900 903 1956 Orsi
925 1899 1035 1972 (b):
1063 1898 1193 1954 Cum
1227 1909 1362 1954 totus
1393 1898 1671 1961 Occidens,
1699 1901 1935 1955 universa
1984 1899 2152 1971 {Egy-

552 1996 874 2066 ptus,omnis
906 1993 1185 2055 Orientalis
1209 1991 1442 2046 Ecclesia
1474 2003 1519 2046 et
1543 2008 1716 2046 omnes
1748 2009 1838 2062 per
1858 1993 2151 2048 universam

553 2089 840 2143 Ecclesium
872 2087 1114 2141 catholici
1171 2085 1432 2155 episcopi,
1490 2084 1731 2151 Damasi,
1786 2096 1833 2139 et
1903 2083 2151 2140 Ecclesia:

557 2183 834 2247 Romanis,
875 2181 938 2235 de
979 2181 1210 2249 Spiritus
1241 2181 1406 2234 sancti
1445 2180 1713 2234 divinitate
1733 2181 1995 2254 judicium
2035 2199 2148 2234 am-

553 2274 927 2343 plecterentur,
971 2282 1016 2326 et
1063 2271 1465 2327 Macedonianos
1533 2283 1789 2343 tamquam
1842 2276 2148 2344 manifestos

553 2365 816 2420 ltit'reticos
843 2367 906 2419 ab
937 2363 1181 2420 Ecclesite
1218 2367 1571 2419 communione
1616 2367 1918 2436 repellerent
1946 2409 1960 2433 ,
1991 2369 2149 2421 diris-

555 2475 650 2528 que
681 2459 1018 2525 devoverent,
1061 2474 1120 2512 ac
1150 2459 1340 2528 saepius
1377 2460 1606 2528 repetitis
1640 2461 1979 2515 anathematis
1997 2464 2151 2533 jacu-

554 2553 810 2618 larentur,
842 2554 956 2622 quis
983 2567 1128 2623 (equo
1154 2553 1326 2606 animo
1353 2555 1518 2625 ferat,
1549 2563 1601 2607 ut
1628 2564 1729 2610 tam
1751 2557 1978 2610 solemne
1999 2558 2150 2629 judi-

555 2648 692 2700 cium
724 2663 825 2698 non
863 2644 1034 2699 adhuc
1076 2647 1284 2700 omnino
1321 2647 1580 2702 immobile
1630 2658 1676 2701 et
1728 2649 2106 2720 irreformabile
2131 2692 2146 2718 ,

555 2739 644 2794 sed
672 2737 841 2792 adhuc
871 2739 1216 2793 retractationi
1247 2739 1521 2794 obnoxium
1549 2740 1840 2795 videretur?

628 2831 940 2886 Blontlellus
969 2832 1032 2885 ad
1067 2832 1170 2886 hoc
1217 2831 1390 2902 ipsum
1437 2835 1725 2888 concilium
1774 2847 1987 2900 revocat
2021 2851 2143 2905 pac-

516 2943 518 2947 ·
556 2934 666 2980 tum
698 2923 851 2990 illud,
882 2923 1024 2994 quod
1048 2924 1329 2978 Paulinum
1381 2925 1520 2978 inter
1575 2937 1626 2982 et
1672 2927 1942 2982 Meletium
1990 2937 2150 2995 atquc

557 3019 835 3087 utriusque
864 3025 1070 3086 partem
1096 3057 1113 3082 ,
1164 3017 1350 3070 initum
1383 3016 1547 3072 fuisse
1575 3017 1808 3072 diximus
1831 3059 1844 3081 ,
1895 3018 2038 3088 quod
2073 3028 2150 3074 ta-

2255 1795 2358 1876 (h),
2392 1806 2622 1860 Basilius
2648 1815 2770 1861 octo
2801 1817 3007 1860 tantum
3037 1823 3212 1861 annos
3251 1809 3301 1862 in
3335 1809 3647 1880 episcopatu
3682 1810 3860 1864 vixit:

2253 1896 2335 1950 vel
2365 1904 2422 1949 ιιι
2459 1897 2733 1967 Nyssenus
2760 1898 2856 1962 ait,
2891 1913 3089 1952 nonum
3122 1899 3361 1969 incaspit.
3413 1900 3778 1965 Quamobrem
3814 1901 3864 1955 si

2253 2003 2425 2044 annos
2471 1990 2616 2060 ipsos
2646 2005 2996 2045 numeremus
3025 1991 3092 2046 ab
3121 1991 3237 2060 ejus
3265 1992 3604 2047 ordinatione
3629 2033 3644 2058 ,
3675 2009 3801 2061 qua:
3828 2008 3860 2049 a

2252 2080 2474 2136 Patavio
2498 2125 2513 2148 ,
2558 2081 2910 2138 Tilletnontio
2935 2125 2948 2146 ,
2981 2099 3044 2139 ac
3078 2100 3287 2154 nupero
3313 2101 3538 2154 operum
3563 2085 3772 2141 editore
3801 2086 3855 2140 in

2252 2176 2358 2250 vita
2391 2175 2571 2230 Basilii
2609 2177 2960 2246 consignatur
2991 2179 3057 2233 ad
3109 2194 3308 2234 annum
3361 2180 3466 2235 570
3517 2179 3610 2253 (et
3656 2184 3700 2235 si
3750 2196 3855 2249 quo

2253 2286 2462 2334 mense,
2497 2285 2674 2338 quove
2703 2271 2789 2326 die
2817 2272 3109 2327 obscurum
3142 2272 3479 2344 sit),vivendi
3501 2275 3658 2329 linem
3694 2273 3856 2329 iecis-

2253 2377 2311 2417 se
2338 2361 2525 2417 debuit
2554 2365 2634 2417 vir
2658 2365 3034 2420 sanctissimus
3065 2381 3204 2419 anno
3232 2367 3338 2421 578
3365 2409 3379 2432 ,
3411 2377 3498 2433 et,
3534 2378 3588 2420 ut
3620 2367 3748 2421 mihi
3776 2367 3857 2420 vi-

2251 2454 2411 2508 detur
2437 2495 2449 2518 ,
2501 2469 2610 2509 non
2653 2455 2742 2510 ditt
2773 2466 2895 2525 post
2928 2456 3170 2512 Valentis
3200 2457 3404 2511 obitum
3432 2499 3448 2522 ,
3495 2473 3556 2512 ac
3597 2458 3856 2514 Gratiano

2253 2547 2376 2612 solo
2403 2547 2730 2616 imperante,
2763 2550 2864 2603 sub
2887 2565 2994 2620 quo
3023 2563 3076 2605 et
3116 2550 3475 2622 Hieronymus
3500 2551 3617 2622 ejus
3647 2540 3853 2607 obitum

2252 2640 2484 2695 collocat
2516 2641 2601 2714 (i).

2327 2735 2473 2789 Hanc
2501 2752 2633 2791 vero
2661 2739 2985 2792 sententiam
3013 2780 3026 2803 ,
3083 2738 3184 2792 alia
3213 2740 3374 2794 etiam
3406 2740 3722 2810 gravissima
3750 2781 3765 2805 ,
3800 2738 3857 2794 ni

2254 2825 2432 2892 fallor,
2465 2831 2772 2898 conjectura
2800 2833 3103 2884 conﬁrmat.
3148 2829 3285 2884 Nam
3317 2846 3436 2884 cum
3473 2831 3563 2884 ille
3589 2831 3655 2884 ad
3685 2847 3857 2898 supe-

2252 2935 2344 2975 ros
2377 2922 2670 2976 translatus
2714 2932 2830 2986 est,
2862 2922 3232 2977 Nazianzenus
3257 2963 3272 2987 ,
3302 2923 3446 2994 gravi
3475 2940 3535 2976 ac
3565 2923 3856 2992 periculoso

2253 3016 2429 3068 morbo
2457 3056 2471 3080 ,
2501 3031 2606 3083 qtto
2629 3015 2986 3069 alllictabatur
3010 3057 3026 3082 ,
3060 3027 3289 3086 ereptum
3320 3017 3418 3070 siht
3448 3015 3616 3071 fuisse
3644 3016 3851 3084 doluit,

557 3126 679 3166 men
722 3119 847 3164 ante
889 3108 1227 3163 Blondellum
1283 3123 1507 3178 magnus
1549 3110 1813 3165 Baronius
1858 3113 2151 3180 scripserat
2178 3102 2223 3165 C
2257 3117 2311 3159 ut
2350 3118 2585 3160 sanctum
2631 3109 2849 3161 cinerem
2889 3111 3318 3174 exoscularetur,
3365 3123 3427 3163 ac
3471 3108 3713 3181 Nysseno
3763 3109 3854 3163 cui
3895 3130 3898 3132 ·

555 3201 652 3274 (c),
680 3203 769 3258 cui
793 3201 1033 3256 Valesius
1054 3202 1215 3256 etiam
1243 3205 1527 3256 consentit.
1558 3205 1623 3256 At
1645 3202 2024 3258 Tillemontius
2047 3204 2148 3277 (ά),

555 3299 642 3369 qui
677 3312 783 3350 non
813 3304 991 3365 potest
1017 3295 1210 3349 adduci
1244 3305 1300 3348 ut
1322 3282 1523 3350 'credat
1547 3337 1561 3360 ,
1611 3297 1958 3351 concordiam
2004 3298 2148 3352 illaut

559 3400 665 3443 tam
697 3387 962 3458 frequenti
1008 3387 1448 3458 gravissimorum
1495 3389 1873 3458 episcoporum
1926 3405 2150 3444 numero

556 3481 952 3545 confirmatam,
986 3480 1038 3533 in
1067 3480 1666 3548 Constantinopolitano
1695 3480 1892 3535 deinde
1920 3482 2150 3536 concilio

555 3572 764 3628 irritam
819 3569 974 3637 ﬁeri,
1030 3571 1281 3640 nulloque
1325 3571 1379 3626 in
1424 3571 1596 3641 pretio
1638 3571 1820 3628 haberi
1873 3575 2146 3642 potuisse,

555 3665 824 3722 Blomlelli
853 3666 1160 3734 opinionem
1194 3651 1367 3735 rejicit
1393 3707 1407 3731 ,
1436 3666 1531 3720 sed
1569 3665 1682 3720 haec
1707 3667 2031 3722 ’l‘illemontii
2067 3683 2147 3720 ra-

555 3761 629 3816 tio
682 3759 892 3813 intirma
936 3773 1157 3828 prorsus
1207 3769 1260 3814 et
1305 3759 1502 3815 nullius
1550 3761 1804 3814 momenti
1851 3771 1972 3825 est;
2025 3776 2146 3814 nam

555 3853 752 3923 primo,
775 3851 1055 3921 graviores
1083 3865 1145 3904 ac
1172 3851 1415 3906 seniores
1443 3852 1684 3920 episcopi
1709 3892 1722 3915 ,
1759 3855 1846 3920 qui
1875 3853 2146 3908 Constan-

554 3944 923 4012 tinopolitana:
951 3942 1158 4012 synodo
1187 3942 1431 4006 aderant,
1464 3943 1597 3996 nihil
1632 3943 1992 3998 innovande
2025 3960 2144 3999 cunt

551 4035 889 4090 Nazianzeno
920 4035 1241 4101 censebant,
1283 4044 1340 4087 ut
1373 4035 1479 4087 alio
1512 4036 1630 4089 loco
1655 4035 1868 4092 dicam:
1917 4038 2141 4102 deinde,

551 4132 596 4184 si
631 4143 692 4183 ea
725 4126 1009 4182 concordia
1043 4127 1110 4179 ab
1139 4141 1326 4181 eorum
1361 4127 1601 4196 pluribus
1631 4131 1856 4198 probata
1884 4140 2062 4192 antea,
2095 4140 2151 4185 ct

550 4218 869 4275 conﬁrmata
903 4233 1008 4272 non
1040 4217 1242 4282 fuerat,
1272 4233 1368 4273 cur
1394 4217 1686 4289 Gregorius
1717 4221 1831 4291 ipse
1862 4237 2047 4291 pacem
2079 4224 2148 4277 ab

551 4314 619 4370 iis
661 4312 885 4367 fractam
913 4353 928 4378 ,
977 4326 1040 4366 ac
1090 4312 1332 4381 publicas
1363 4313 1579 4383 Deoque
1624 4322 1760 4370 teste
1801 4317 2148 4372 conﬁrmatas

550 4404 828 4476 pactiones
854 4403 1080 4457 violatas
1100 4403 1314 4458 doluit?

2253 3200 2440 3255 scribit
2465 3242 2478 3266 ,
2507 3202 2827 3270 «uerisque
2855 3203 3232 3257 communibus
3260 3203 3448 3258 amicis
3474 3245 3490 3272 ,
3523 3203 3856 3258 consolando

2254 3293 2470 3348 adesset
2499 3293 2590 3366 (j).
2624 3295 2738 3349 Non
2772 3296 2952 3364 itaque
2982 3297 3138 3366 longe
3165 3296 3234 3349 ab
3261 3296 3326 3350 iis
3348 3297 3553 3362 aberat,
3579 3312 3699 3350 cum
3734 3296 3856 3350 hmc

2253 3387 2514 3441 scriberet
2541 3430 2555 3453 ,
2611 3404 2938 3458 quamquam
2967 3389 3350 3444 Tillemoatius
3369 3433 3382 3455 ,
3442 3389 3692 3444 Floritlus
3713 3431 3726 3449 ,
3788 3405 3858 3446 ac

2254 3481 2489 3548 scriptor
2523 3482 2656 3535 Vita:
2682 3482 2864 3536 Basilii
2892 3523 2905 3547 ,
2955 3482 3103 3535 illum
3151 3483 3415 3538 Seleucia:
3464 3483 3682 3539 Isauria:
3726 3492 3857 3540 tunc

2252 3585 2525 3643 agentem,
2558 3590 2619 3628 ac
2650 3592 2716 3628 ex
2745 3591 2808 3630 ea
2839 3576 2970 3630 urbe
2990 3574 3519 3646 Constantinopolim
3552 3585 3695 3630 recta
3725 3593 3857 3645 pro-

2252 3665 2450 3720 fectutn
2479 3676 2735 3721 statuant.
2785 3667 2986 3721 Horum
3034 3668 3176 3723 enim
3207 3668 3643 3722 doctissimorum
3672 3667 3855 3721 homi-

2252 3774 2376 3811 num
2397 3757 2625 3828 judicio,
2663 3761 2828 3828 ipsius
2857 3776 2956 3830 ego
2987 3759 3307 3815 Nazianzeni
3337 3763 3714 3816 auctoritatem
3757 3776 3858 3832 po-

2253 3852 2444 3906 tiorem
2475 3853 2667 3917 habeo,
2700 3856 2789 3923 qui
2831 3855 3097 3920 Seleucia,
3130 3872 3238 3925 quo
3267 3865 3588 3920 secesserat,
3621 3855 3853 3910 Nazian-

2251 3960 2371 3998 zum
2401 3959 2460 3998 se
2491 3960 2768 3999 reversum
2800 3946 3035 4015 scripsit,
3059 3956 3387 4017 questusque
3416 3959 3518 4012 est,
3551 3963 3638 4002 res
3668 3950 3734 4002 ab
3762 3963 3854 4015 eo,

2251 4051 2357 4106 quo
2385 4051 2477 4089 eas
2504 4037 2795 4108 reliquerat
2825 4047 2987 4103 statu,
3023 4039 3244 4094 minimc
3281 4040 3593 4094 imututalas
3629 4057 3657 4094 a
3680 4055 3738 4093 se
3768 4057 3858 4094 re-
3910 4034 3924 4047 ’

2251 4139 2452 4198 pertus.
2487 4129 2762 4200 Siquidem
2786 4145 2907 4185 cum
2939 4131 3241 4187 Seleuciam
3273 4147 3331 4188 se
3370 4133 3722 4197 contulisset,
3758 4134 3857 4187 ibi-

2249 4236 2345 4290 que
2371 4228 2569 4292 tempus
2595 4222 2734 4276 haud
2760 4223 2902 4277 breve
2928 4225 3218 4296 peregisset,
3247 4237 3356 4279 tum
3388 4234 3445 4280 ιιι
3477 4226 3589 4281 Deo
3614 4239 3857 4292 vacaret,

2252 4320 2364 4367 tum
2393 4329 2618 4383 Sperans
2652 4316 2768 4371 fore
2791 4359 2806 4382 ,
2844 4327 2899 4370 ιιι
2940 4318 3140 4373 interea
3174 4318 3521 4374 Nazianzena:
3552 4320 3810 4375 Ecclesiae
3835 4363 3852 4389 ,

2250 4406 2408 4476 cujus
2439 4424 2624 4462 curam
2650 4411 3088 4465 constantissime
3118 4411 3483 4467 declinaverat
3509 4455 3524 4478 ,
3565 4415 3855 4483 episcopus

621 4498 790 4568 Hujus
833 4497 1028 4552 deinde
1059 4497 1412 4574 synodLacta
1443 4496 1510 4552 ad
1541 4497 1828 4553 Damasum
1873 4515 1903 4554 a
1931 4499 2146 4555 Meletio
2177 4495 2223 4555 Ι)
2249 4499 2443 4570 aliquis
2473 4501 2838 4570 przrliceretur
2876 4519 2998 4557 cum
3028 4520 3256 4558 reversus
3281 4517 3364 4558 est
3385 4547 3399 4571 ,
3434 4506 3507 4558 nil
3542 4507 3728 4577 reperit
3755 4507 3852 4559 ho-

549 4592 667 4661 ipso
699 4590 861 4645 missa
893 4589 1056 4644 luisse
1083 4599 1330 4660 oportet,
1377 4606 1497 4645 cum
1524 4591 1712 4646 eadem
1764 4593 2043 4662 originalia
2093 4593 2145 4646 in

553 4682 808 4736 Romana:
855 4682 1112 4737 Ecclesia:
1143 4683 1382 4738 archivis
1430 4682 1637 4751 pridem
1681 4692 1892 4738 servata
1925 4683 2144 4740 fuerint.

553 4772 664 4826 Hoc
692 4773 866 4842 ipsum
902 4787 1165 4841 praaterea
1199 4790 1296 4828 nos
1324 4773 1484 4829 docet
1510 4775 1799 4846 synoilicus
1827 4776 2040 4832 libellus
2067 4777 2149 4833 bis

553 4866 776 4922 verbis:
813 4865 1054 4920 Meletius
1080 4883 1174 4920 suo
1196 4869 1249 4921 in
1271 4869 1456 4922 throno
1486 4869 1799 4933 Antiochia,
1843 4871 2071 4926 divinam
2103 4883 2150 4925 et

550 4973 755 5012 sacram
775 4959 1068 5012 convocavit
1095 4960 1382 5029 synodum,
1431 4978 1548 5032 qua:
1575 4963 1801 5018 divinum
1835 4965 2149 5034 conﬁrmans

553 5051 879 5123 Symbolum,
906 5060 952 5103 et
975 5050 1296 5114 Marcellum,
1317 5063 1361 5106 et
1377 5052 1676 5120 Photinum,
1698 5069 1742 5110 et
1766 5057 2148 5126 Apollinarium

551 5145 878 5199 anathentate
908 5154 1113 5209 notans,
1139 5144 1363 5198 divinam
1391 5147 1458 5199 ad
1484 5145 1768 5201 Damasum
1810 5160 1856 5202 et
1885 5151 2150 5220 episcopos

556 5238 845 5295 Occidentis
870 5239 1011 5292 misit
1039 5238 1405 5307 expositionem
1437 5240 1530 5311 (ε).
1561 5240 1691 5306 Quis
1713 5250 1892 5295 autem
1926 5243 2150 5298 liomam

624 5355 700 5498 ἒα)
725 5355 844 5412 Lib.
873 5373 947 5425 vr,
981 5371 1099 5426 cap.
1132 5357 1224 5416 21.

654 5428 704 5498 b)
729 5427 846 5482 Lib.
875 5444 916 5491 t,
949 5443 1068 5498 cap.
1096 5429 1151 5496 8,
1179 5445 1224 5485 at

630 5427 681 5498 (b
729 5427 846 5482 Lib.
875 5444 916 5491 t,
949 5443 1068 5498 cap.
1096 5429 1151 5496 8,
1179 5439 1284 5486 art.
1311 5429 1364 5493 2.
1401 5439 1533 5488 tom.
1564 5431 1607 5488 1.

650 5432 704 5619 f}
731 5498 809 5551 Ad
836 5513 964 5553 ann.
997 5502 1127 5568 378,
1157 5519 1304 5557 nttm.
1335 5502 1424 5560 26.

624 5501 648 5640 l
684 5565 707 5640 )
738 5567 816 5640 De
845 5569 1060 5625 Meletio
1088 5583 1193 5628 art.
1227 5577 1313 5640 15,
1347 5593 1493 5634 num.
1521 5577 1573 5634 8.

731 5498 809 5568 ad
836 5513 964 5553 ann.
997 5502 1127 5568 378,
1157 5519 1304 5557 nttm.
1335 5502 1424 5560 26.

738 5567 816 5643 pe
845 5569 1060 5643 ueletio
1088 5567 1193 5628 art.
1227 5577 1313 5643 15,
1347 5593 1493 5634 num.
1521 5577 1573 5634 8.

627 5638 704 5710 te)
731 5638 936 5710 ξῐηοεί-
964 5655 1086 5710 cap-
1119 5646 1206 5702 74-

630 5654 704 5778 ‘(3
728 5654 936 5765 sua:
964 5655 1096 5768 $33.1
1119 5654 1140 5769 Ξ

2249 4608 2383 4653 rum.
2414 4594 2630 4662 ﬁnxerat
2652 4611 2766 4663 qua:
2793 4611 2932 4648 utens
2960 4594 3090 4658 sibi;
3114 4596 3325 4666 fugisse,
3357 4596 3447 4650 sed
3477 4612 3590 4665 qua:
3621 4597 3848 4661 putabat,

2253 4685 2361 4738 haec
2387 4687 2589 4758 agmine
2615 4686 2792 4741 oborta
2820 4705 3006 4757 magno
3033 4689 3281 4757 comperit
3311 4689 3516 4758 negotia
3549 4686 3645 4758 (lt),
3675 4689 3852 4743 eccle-

2252 4778 2466 4834 siastiCa
2510 4779 2718 4834 scilicet
2739 4821 2751 4839 .
2782 4795 2902 4849 qua:
2932 4792 3192 4835 excutere
3222 4791 3504 4850 optaverat
3530 4797 3543 4844 ;
3577 4782 3859 4851 apertissi-

2255 4886 2338 4924 ma
2372 4872 2549 4939 itaque
2581 4881 2708 4925 sunt
2738 4871 3061 4926 Nazianzcni
3105 4873 3268 4929 verba
3296 4917 3310 4939 ,
3339 4890 3439 4929 nec
3473 4875 3635 4928 aliam
3690 4889 3852 4943 quam

2255 4981 2376 5034 qua:
2418 4980 2446 5018 a
2475 4964 2739 5035 Gregorio
2771 4967 3089 5036 presbytero
3133 4967 3185 5021 in
3236 4967 3480 5036 ejusdem
3530 4966 3856 5022 Nazianzeni

2255 5059 2361 5112 vita
2389 5099 2404 5123 ,
2451 5067 2505 5112 et
2535 5076 2561 5110 a
2592 5057 2749 5112 Billio
2778 5058 2881 5112 illis
2915 5059 3169 5112 attributa
3195 5068 3278 5114 cst
3302 5103 3314 5124 ,
3349 5060 3854 5129 interpretationem

2256 5150 2458 5205 ferunt.
2513 5151 2703 5206 Statim
2769 5150 2968 5219 itaque,
3003 5166 3064 5204 ac
3097 5167 3347 5207 reversus
3375 5151 3691 5205 Naziauzum
3720 5149 3852 5218 fuit,

2258 5255 2435 5297 actum
2467 5251 2547 5297 est
2591 5245 2783 5296 iterum
2807 5285 2821 5308 ,
2871 5252 2926 5296 ut
2955 5243 3072 5311 cjus
3103 5244 3361 5299 Ecclesia:
3391 5259 3573 5299 curam
3615 5245 3861 5314 suscipe-

2325 5363 2342 5428 (
2439 5363 2542 5416 \‘it.
2576 5362 2740 5417 Macr.
2770 5363 3004 5425 tom.l|l.
3035 5380 3157 5436 pag.
3191 5365 3311 5420 187.

2325 5362 2403 5486 (gl
2431 5433 2608 5486 Carm.
2643 5433 2732 5486 64.
2763 5451 2913 5486 num.
2948 5435 3036 5486 45.

2431 5433 2608 5488 Carm.
2643 5433 2732 5501 64,
2763 5451 2913 5490 num.
2948 5435 3036 5490 45.

2344 5505 2487 5570 ἢθη
2514 5505 2573 5561 S.
2607 5506 2665 5561 E.
2696 5522 2814 5572 cap.
2848 5507 2971 5562 116.

2341 5578 2392 5650 j)
2425 5577 2552 5633 Naz.
2585 5593 2671 5650 ep.
2702 5578 2827 5632 571.

2325 5649 2402 5724 (lt)
2431 5650 2611 5706 Carm.
2644 5649 2712 5705 de
2741 5650 2839 5704 vit.
2865 5663 2981 5706 sua.
