4138 6178
589 314 693 384 193

1781 306 2095 382 sanctos
2133 299 2456 383 niuatis
2493 327 2693 383 PAPA.

3777 326 3870 385 i96

588 438 782 495 Petrus
829 427 1226 495 Alexandrinus
1270 437 1471 491 nullam
1516 437 1675 493 aliam
1716 437 1784 495 ob
1811 436 2029 495 eadSam
2060 442 2182 511 pro-
2208 441 2263 503 Α
2284 443 2521 516 gregalis
2546 445 2741 499 missos
2762 441 2829 499 ad
2856 434 3142 499 Damasum
3170 432 3547 498 Theodoi‘élds
3568 436 3645 498 ait
3668 441 3759 515 (f),
3777 460 3869 502 nec

585 531 793 602 positus
820 520 905 586 est
932 528 1295 585 Orientalibus
1320 545 1418 599 pro
1445 530 1696 601 exemplo
1726 531 1869 601 quod
1889 548 2184 603 sequeren-

586 632 693 689 tur,
724 620 880 693 quam
910 623 1032 692 quia
1062 636 1184 676 cum
1212 622 1305 677 ille
1352 622 1578 677 DainaSo
1622 632 1677 679 et
1706 623 1965 680 Romanae
1994 624 2182 682 Eccle-

583 714 679 768 sia!
710 712 988 768 mahiiksta
1030 715 1412 770 communione
1456 701 1680 786 junctus
1728 722 1913 782 esset,
1966 704 2187 773 minime

581 807 815 861 dubitari
851 804 1092 876 poterat,
1120 808 1248 878 quin
1280 810 1461 863 veram
1497 808 1655 863 fidem
1688 809 2053 879 proﬁteretur.
2104 809 2185 864 Illi

580 898 743 968 igitur
769 914 952 953 errare
981 901 1411 966 convincuntur,
1460 900 1549 970 qui
1600 900 1723 956 cum
1771 903 2037 956 rationum
2069 942 2083 968 ,
2133 911 2187 955 et

582 990 989 1060 Scripturarum
1011 991 1250 1061 pondere
1277 993 1540 1063 oppressi,
1561 993 1860 1049 Romanam
1889 992 2185 1050 Ecclesiam‘

580 1083 823 1152 periculo
854 1081 1069 1139 errandi
1100 1084 1418 1140 subtrahunt
1444 1128 1458 1151 ,
1503 1088 1608 1141 non
1662 1087 1803 1142 idem
1846 1088 1914 1142 de
1941 1088 2188 1143 Romano

582 1175 837 1244 episcopo
861 1176 1128 1245 sentiunt,
1162 1172 1386 1247 perinde
1416 1194 1479 1234 ac
1504 1180 1546 1234 si
1578 1180 1818 1236 membra
1860 1180 1978 1237 Sine
2006 1170 2185 1253 capite

583 1266 879 1336 perfectum
920 1266 1139 1324 efﬁcere
1180 1283 1378 1339 corpus
1416 1259 1816 1341 poSsen't,laut
1862 1272 2019 1327 dotes
2064 1272 2187 1329 esse

579 1360 774 1430 aliqum
802 1362 853 1415 in
878 1358 1108 1432 c0rpore
1131 1365 1442 1434 praecipuae,
1473 1373 1526 1419 et
1554 1364 1903 1433 excellentes,
1935 1364 2055 1437 quin
2082 1383 2187 1422 non

580 1454 691 1507 sint
734 1456 965 1525 capitis,
1010 1465 1064 1512 et
1102 1472 1132 1510 a
1164 1457 1339 1527 capite
1378 1458 1707 1513 dcriventur.
1758 1456 1864 1514 Sed
1916 1475 1986 1515 ne
2035 1454 2188 1515 cx‘tra

580 1563 831 1618 campum
858 1566 1139 1605 excurram
1157 1594 1171 1616 ,
1220 1550 1385 1605 adisis
1412 1550 1626 1606 OrSium
1661 1551 1761 1606 hac
1804 1552 1871 1607 de
1898 1568 1956 1607 re
1984 1553 2189 1623 optime

579 1641 937 1697 disserentem
973 1640 1048 1714 (a)
1074 1685 1089 1709 ,
1133 1658 1234 1714 ego
1271 1643 1535 1714 siquidem
1568 1645 1632 1699 ad
1663 1645 1965 1700 institutum
2000 1646 2185 1702 redeo.

650 1733 711 1787 Il.
769 1734 882 1787 Dixi
932 1722 1199 1805 Superiori
1245 1737 1458 1806 capite,
1510 1752 1540 1790 a
1572 1736 1788 1792 Meletio
1814 1739 1978 1793 missa
2024 1739 2190 1794 fuisse

2285 536 2404 608 ejus
2436 538 2486 591 iu
2522 537 2716 592 litteris
2748 547 2875 591 tunc
2902 534 3117 607 scriptis
3141 536 3346 590 mentio
3372 526 3477 590 est.

2359 632 2427 685 At
2453 629 2499 685 si
2530 630 2596 685 ad
2629 645 2819 685 causas
2861 629 3216 695 attendimus,
3251 629 3320 683 ob
3352 644 3487 699 quas
3520 628 3745 685 Acacius
3773 630 3867 686 Ro-

2289 726 2429 777 mam
2456 721 2592 778 mitti
2615 725 2809 793 potuit,
2834 738 2897 778 ac
2924 723 3132 787 debuit,
3164 731 3274 777 tum
3305 732 3541 792 tempus,
3571 720 3681 792 quo
3709 724 3771 778 eo
3791 740 3872 779 ac-

2288 820 2471 879 cessit,
2508 814 2619 872 tum
2649 817 2767 886 ejus
2798 815 3013 889 synodi,
3044 820 3128 871 cui
3151 814 3341 879 adfuit,
3374 824 3547 871 anuus
3578 814 3716 870 haud
3743 813 3849 871 difﬁ

2290 912 2465 966 culter
2493 914 2653 966 statui
2690 912 2905 980 poterit.
2934 909 3108 965 Causa
3141 906 3323 978 itaque
3349 908 3548 977 duplex
3579 904 3759 962 afferri
3785 923 3873 979 po-

2290 1010 2427 1069 test;
2464 1005 2635 1073 prima
2682 1011 2742 1057 ut
2791 1002 3036 1057 Meletius
3064 1001 3133 1057 de
3180 1008 3360 1071 pacto,
3385 998 3492 1071 quo
3539 999 3874 1070 inter-ipsum

2291 1102 2355 1151 ac
2383 1092 2691 1163 Paulinum,
2724 1098 2886 1164 atque
2911 1093 3190 1163 utriusque
3218 1092 3385 1162 partis
3410 1089 3713 1147 Catholicos
3742 1089 3877 1146 divi-

2292 1195 2374 1247 sit)
2427 1184 2635 1245 sublata
2687 1180 2883 1255 fuerat,
2961 1181 3252 1242 Damasum
3301 1188 3464 1254 atque
3513 1180 3880 1239 Occidentales

2292 1283 2579 1354 episcopos
2600 1283 2863 1337 certiores
2892 1280 3115 1347 faceret,
3147 1287 3310 1350 atque
3339 1294 3398 1332 ea
3432 1272 3643 1333 ratione
3672 1272 3879 1347 plenam

2292 1384 2453 1446 atque
2493 1370 2734 1445 apertam
2779 1373 3091 1445 apostolica:
3143 1368 3286 1426 sedis
3316 1370 3751 1426 eomm‘unionem
3782 1368 3882 1424 sibi

2295 1472 2514 1538 suisque
2537 1468 2886 1531 cnnciliaret;
2913 1484 2975 1523 ac
2996 1470 3254 1538 praetcrea
3275 1464 3333 1520 tit
3355 1476 3569 1534 pactum
3595 1462 3725 1518 illud
3749 1464 3883 1520 sedis

2295 1560 2536 1628 ejusdem
2563 1560 2905 1624 auctoritate,
2929 1568 3124 1627 ratum,
3152 1546 3643 1626 inconcussumque
3667 1544 3888 1610 habere-

2295 1661 2422 1708 tur:
2474 1668 2649 1722 neque
2696 1652 2838 1707 enim
2872 1652 3125 1721 ignorare
3155 1648 3399 1704 Meletius
3440 1642 3678 1720 poterat,
3729 1646 3889 1702 sacris

2296 1762 2419 1802 esse
2465 1743 2763 1801 canonibus
2793 1742 3162 1809 interdictum,
3211 1758 3278 1796 ne
3308 1741 3416 1796 duo
3460 1742 3642 1796 essent
3690 1737 3744 1793 in
3793 1752 3892 1793 una

578 1826 933 1882 Antioclteuae
974 1843 1003 1881 a
1049 1842 1109 1882 se
1162 1828 1357 1882 habitae
1384 1829 1576 1900 synodi
1603 1838 1776 1900 gesta.
1824 1830 2186 1898 Quaerendum
2221 1820 2271 1886 B
2297 1836 2512 1893 civitate
2539 1836 2802 1907 episcopi,
2845 1845 3009 1907 atque
3039 1849 3133 1890 eos
3164 1840 3400 1889 canones
3438 1832 3609 1902 probe
3637 1831 3896 1902 intellige-

578 1914 722 1973 n'ttnc
750 1927 851 1981 est,
886 1910 1007 1986 quis
1030 1934 1092 1970 ea
1125 1914 1329 1985 tulerit,
1366 1936 1580 1990 quoque
1604 1936 1767 1974 anno.
1948 1986 1953 1991 ο
2054 1990 2057 1991 ν

649 2008 957 2064 Alexander
988 2009 1423 2081 IIierapoIitanus
1450 2010 1650 2067 Acacio
1684 2014 1903 2070 Beroea:
1943 2006 1996 2069 in
2031 2008 2187 2088 Syria

576 2102 833 2173 episcopo
866 2102 980 2181 hmc
1004 2099 1191 2157 scribit
1238 2122 1251 2157 :
1303 2102 1414 2159 Scit
1451 2104 1714 2161 Sanctitas
1757 2117 1880 2173 tua,
1905 2098 2035 2161 sicut
2062 2109 2186 2161 olim

576 2194 701 2248 mihi
732 2212 822 2264 per
853 2196 1124 2264 epistolam
1146 2197 1351 2267 scripsit
1373 2240 1387 2264 ,
1417 2198 1539 2268 quia
1564 2241 1577 2263 ,
1612 2210 1658 2253 et
1699 2200 1752 2253 in
1800 2197 1967 2253 Roma
2016 2217 2189 2254 coram

578 2282 641 2343 S.
673 2286 747 2341 Μ.
783 2290 1023 2360 episcopo
1057 2290 1278 2345 Damaso
1316 2302 1565 2362 prwsente
1596 2302 1684 2346 tua
1712 2292 1999 2348 Sanctitate
2026 2335 2039 2359 ,
2072 2311 2187 2347 mo-

580 2388 688 2437 titm
716 2390 790 2437 est
837 2383 901 2437 de
927 2382 1109 2439 haeresi
1162 2383 1479 2453 Apollinarii
1510 2404 1523 2440 :
1566 2397 1611 2439 et
1636 2386 1779 2441 nobis
1807 2385 1937 2441 duas
1978 2398 2190 2441 naturas

575 2468 977 2548 conﬁtentibus,
1018 2488 1073 2533 ut
1115 2496 1216 2533 non
1261 2480 1519 2535 divinitati
1548 2474 1834 2552 passionem
1865 2482 2150 2538 tribuamus
2173 2527 2187 2551 ,

580 2569 816 2625 dicebant
849 2572 922 2635 lii,
956 2572 1041 2641 qui
1071 2584 1213 2651 erant
1247 2572 1558 2642 Apollinarii
1576 2617 1589 2638 ,
1643 2568 1774 2628 duos
1804 2591 1896 2630 nos
1927 2574 2097 2629 dicere
2125 2577 2191 2646 ﬁ-

581 2664 679 2718 lios
704 2658 803 2737 (b).
839 2665 1029 2736 I’agius
1062 2652 1183 2737 post
1207 2668 1433 2721 recitata
1465 2666 1578 2721 hare
1610 2668 1769 2722 verba
1804 2667 1873 2721 ita
1905 2669 2191 2738 prosequi-

582 2750 705 2809 tur:
754 2750 930 2828 Lupus
972 2759 1027 2811 in
1064 2750 1274 2812 Scholiis
1303 2758 1369 2812 ad
1400 2752 1543 2813 illam
1608 2760 1878 2826 epistolam
1930 2762 2191 2815 existimat

579 2866 864 2905 sermonem
887 2851 967 2904 hic
996 2868 1102 2906 esse
1125 2852 1188 2906 de
1217 2852 1415 2923 synodo
1442 2852 1678 2907 Romana
1711 2853 1879 2917 tertia,
1906 2869 2065 2924 quam
2097 2870 2194 2909 an-

578 2948 650 2999 tio
683 2942 789 2999 375
817 2987 830 3009 ,
867 2943 957 2998 ille
987 2943 1219 2998 habitam
1255 2955 1441 3014 putat;
1494 2945 1588 3000 sed
1615 2956 1666 2999 ut
1698 2946 2059 3001 animadvertit
2088 2945 2191 3001 Ba-

581 3036 748 3088 [uzius
774 3036 828 3088 in
858 3037 990 3089 notis
1012 3036 1077 3088 ad
1102 3036 1332 3090 eumdem
1356 3080 1370 3102 ,
1406 3035 1628 3091 Aeacius
1671 3048 1793 3091 tunc
1820 3039 2050 3092 nondum
2082 3050 2193 3093 erat

579 3120 896 3198 episcopus:
933 3130 1032 3182 huc
1072 3136 1231 3198 usque
1271 3130 1504 3203 detegere
1528 3148 1629 3185 non
1659 3132 1803 3203 potui
1829 3173 1843 3196 ,
1877 3149 1942 3186 an
1971 3134 2194 3188 Aeacius

2292 1930 2387 1986 bat
2413 1930 2596 1985 valere
2622 1928 2898 1999 oportere,
2927 1928 3029 1983 nisi
3052 1927 3213 1983 aliter
3241 1924 3498 1997 supremo
3528 1923 3787 1980 Ecclesia:
3811 1938 3899 1978 ca-

2294 2022 2389 2091 piti
2414 2022 2484 2076 ob
2508 2035 2699 2091 graves
2718 2021 2953 2076 rationes
2976 2020 3148 2075 visum
3169 2022 3333 2074 esset.
3362 2019 3545 2073 Altera
3562 2024 3692 2071 vero
3714 2028 3892 2082 causa,

2295 2130 2468 2185 eaque
2492 2113 2792 2185 justissima
2822 2114 2943 2181 fuit,
2976 2122 3036 2168 ut
3065 2112 3131 2167 a'd
3158 2110 3404 2168 eamdem
3435 2108 3788 2180 apostolicam
3815 2122 3898 2162 se—

2295 2206 2419 2263 dem
2462 2207 2630 2262 ferret
2658 2216 2775 2261 aeta
2817 2205 3174 2263 Antiochense
3219 2203 3436 2273 synodi,
3466 2200 3761 2285 exquibus
3799 2199 3899 2255 Da-

2298 2316 2449 2357 maso
2472 2309 2758 2371 perSpecta
2780 2298 2935 2359 ﬁeret
2956 2297 3154 2355 Meletii
3180 2298 3347 2369 ipsius
3367 2308 3528 2368 atque
3542 2294 3897 2351 Orientalium

2296 2392 2374 2448 illi
2402 2386 2918 2448 communicandum
2948 2390 3107 2458 ﬁdes,
3138 2399 3192 2445 et
3232 2390 3554 2460 obsequium
3597 2401 3723 2459 erga
3774 2387 3903 2442 deli-

2298 2487 2409 2539 nita
2463 2484 2531 2539 ab
2579 2467 2770 2539 eodem
2823 2483 3056 2539 Damaso
3103 2485 3379 2554 dogmata,
3430 2492 3593 2552 atque
3637 2494 3705 2535 eo
3748 2487 3904 2550 pacto

2298 2580 2530 2649 aequior,
2566 2590 2676 2633 tum
2724 2576 3067 2633 Antiocheno
3104 2577 3231 2632 huic
3270 2575 3518 2647 prcesuli,
3545 2578 3661 2629 tum
3693 2570 3906 2629 Castoris

2298 2669 2552 2725 omnibus
2575 2668 2749 2733 ﬁeret,
2784 2683 3015 2739 quorum
3047 2667 3180 2723 ﬁdes
3204 2668 3256 2721 in
3281 2666 3646 2736 suspicionem
3672 2663 3908 2718 adducta

2299 2764 2593 2833 aliquando
2616 2762 2818 2819 fuerat.
2851 2764 2999 2817 Hanc
3032 2776 3191 2832 porro
3238 2776 3453 2815 causam
3501 2757 3799 2831 synodicus
3848 2757 3911 2810 li-

2300 2856 2617 2929 bellus'non
2650 2856 2878 2911 obscure
2928 2854 3130 2908 indicat
3178 2852 3355 2907 allatis
3406 2848 3678 2919 superiori
3727 2850 3911 2918 capite

2301 2950 2506 3019 verbis,
2539 2950 2732 3020 quibus
2754 2951 2849 3014 ait,
2875 2948 3116 3018 ejusdem
3146 2945 3502 3001 Antiochense
3522 2943 3723 3015 synodi
3753 2958 3913 3013 expo-

2299 3047 2534 3099 sitionem
2560 3048 2624 3097 ad
2653 3047 2937 3098 Damasum
2962 3051 3015 3097 et
3055 3034 3433 3096 Occidentales
3473 3054 3503 3092 a
3541 3037 3764 3093 Mcletio
3788 3038 3912 3091 mis-

2299 3154 2450 3202 sam;
2478 3138 2640 3207 atque
2671 3136 2773 3190 hoc
2812 3144 2896 3190 est
2933 3134 3102 3189 multo
3130 3132 3493 3203 probabilius,
3543 3147 3706 3201 quam
3750 3129 3908 3193 illud,

579 3225 675 3279 sub
708 3224 863 3294 hujus
894 3224 1020 3277 anni
1074 3224 1180 3279 378
1247 3224 1403 3293 ﬁnem
1447 3226 1524 3279 vel
1570 3241 1704 3279 anno
1743 3224 1851 3280 582
1876 3268 1891 3293 ,
1935 3243 2036 3297 quo
2080 3226 2188 3281 alia
2214 3216 2261 3280 C
2294 3229 2442 3301 quod
2470 3228 2715 3284 Valesius
2736 3230 2810 3283 ait
2830 3228 2906 3301 (g)
2939 3230 3141 3299 legatos
3168 3227 3382 3282 scilicet
3402 3241 3431 3279 a
3456 3216 3691 3281 Damaso
3720 3218 3911 3280 Antio-

579 3318 808 3390 synodus
839 3316 1074 3373 Romana
1099 3318 1353 3372 celebrata
1377 3361 1392 3385 ,
1418 3308 1470 3372 in
1504 3318 1831 3375 Occidentem
1863 3323 2054 3375 venerit
2086 3321 2184 3393 (ε).

656 3410 770 3480 Ego
811 3424 941 3464 vero
984 3414 1243 3465 Acacium
1295 3426 1472 3480 neque
1498 3427 1641 3466 anno
1667 3414 1794 3478 578,
1827 3428 2000 3483 neque
2046 3429 2190 3468 anno

581 3500 714 3563 382,
760 3501 988 3556 Romam
1034 3502 1249 3557 venisse
1293 3513 1421 3572 puto
1449 3522 1461 3556 :
1492 3502 1556 3559 ad
1605 3507 1839 3575 priorem
1870 3509 2012 3561 enim
2045 3504 2190 3578 quod

582 3594 797 3663 attinet,
824 3603 1041 3651 constat
1066 3596 1214 3651 illum
1234 3597 1542 3654 ordinatum
1567 3600 1880 3671 episc0pum
1906 3603 2051 3657 circa
2071 3601 2188 3671 ejus

582 3689 709 3744 anui
740 3688 901 3744 ﬁnem
935 3703 965 3743 a
993 3689 1051 3744 S.
1080 3688 1316 3746 Eusebio
1341 3691 1697 3750 Samosateno
1718 3694 1783 3749 ad
1815 3711 1965 3749 suam
2000 3696 2188 3750 Eccle-

585 3782 723 3837 siam
757 3781 1020 3838 redeunte
1047 3792 1169 3854 post
1201 3783 1445 3839 Valentis
1477 3785 1753 3840 interitum
1805 3788 1918 3857 (d);
1955 3803 2187 3855 quamo-

580 3875 733 3930 brem
789 3878 1161 3945 unusquisque
1208 3876 1366 3930 facile
1412 3890 1535 3930 cum
1586 3876 1806 3930 Baluzio
1834 3876 2190 3933 afﬁrmaverit

581 3966 731 4020 illum
761 3967 976 4033 adesse
1018 3983 1126 4020 non
1157 3968 1395 4036 potuisse
1442 3968 1700 4023 Romana:
1748 3972 1974 4041 synodo,
2025 3987 2185 4041 quam

582 4072 728 4112 anno
756 4056 851 4112 illo
877 4068 1258 4128 congregatam
1293 4058 1541 4130 plerique
1594 4062 1793 4116 frustra
1824 4072 2097 4131 asserunt,
2130 4074 2191 4120 ut

584 4149 786 4205 dictum
818 4160 901 4205 est
930 4150 1203 4220 superius.

654 4246 772 4312 Quo
794 4247 972 4300 minus
1005 4260 1133 4301 vero
1159 4246 1425 4310 dicamus,
1460 4246 1713 4303 Acacium
1755 4246 1922 4303 ivisse
1960 4248 2185 4305 Romam

583 4354 726 4393 anno
755 4336 863 4395 582
892 4337 1022 4392 illud
1070 4337 1341 4407 prohibet,
1373 4337 1516 4408 quod
1557 4337 1841 4407 Damasus,
1885 4356 1945 4394 ac
1984 4356 2100 4394 cum
2126 4357 2189 4395 eo

583 4434 757 4488 cuncti
786 4434 1076 4489 sacerdotes
1124 4432 1502 4501 Occidentales,
1557 4432 1880 4488 Theodorum
1932 4433 2100 4502 Tarsi,
2142 4444 2191 4488 et

582 4525 829 4581 Acacium
847 4525 1073 4591 Beroeaa,
1099 4527 1364 4599 episcOpos
1387 4540 1505 4593 reos
1522 4518 1759 4596 agebant;
1781 4527 1849 4581 ob
1876 4527 2189 4581 ordinatum

2297 3322 2476 3380 cltiam
2528 3324 2747 3389 missos,
2798 3336 2856 3377 ut
2908 3322 3118 3394 synodo
3172 3320 3251 3375 illi
3304 3321 3582 3385 adessent,
3634 3334 3662 3373 a
3711 3319 3912 3388 quibus

2297 3414 2498 3471 deinde
2527 3426 2646 3468 acta
2673 3413 2741 3468 ad
2768 3412 2968 3471 Urbem
2997 3413 3169 3468 relata
3206 3408 3378 3483 putat,
3408 3408 3468 3467 ἀἰ
3490 3413 3547 3465 in
3569 3410 3797 3466 Scriniis
3826 3424 3915 3464 re-

2297 3507 2688 3563 conderentur.

2374 3600 2462 3657 III.
2506 3600 2633 3655 Haec
2664 3613 2792 3655 vero
2831 3615 2954 3654 cum
2992 3599 3064 3653 ita
3105 3599 3232 3662 sint,
3266 3597 3586 3653 Beroeensis
3617 3595 3913 3666 episcopus

2298 3694 2453 3748 nullo
2484 3693 2594 3747 alio
2631 3691 2987 3746 commodiori
3017 3692 3265 3758 tempore
3290 3678 3521 3744 Romam
3552 3689 3774 3743 venisse
3817 3703 3914 3757 po-

2301 3784 2427 3852 t'uit,
2471 3797 2629 3854 quam
2665 3786 2767 3837 hoc
2798 3798 2964 3847 anno,
2998 3792 3122 3851 post
3150 3781 3453 3837 confectam
3482 3780 3696 3836 scilicet
3723 3779 3914 3835 Antio-

2297 3876 2529 3930 chenam
2560 3875 2849 3945 synodum,
2881 3876 3033 3945 cujus
3063 3872 3320 3929 afferebat
3339 3883 3478 3928 acta.
3504 3873 3605 3928 Hic
3624 3887 3763 3928 vero
3791 3886 3914 3926 cum

2303 3969 2493 4023 Romae
2529 3982 2764 4038 praesens
2786 3970 2955 4035 esset,
2999 3966 3182 4021 habita
3209 3977 3291 4021 est
3322 3975 3511 4037 quarta
3538 3966 3642 4021 sub
3682 3966 3915 4019 Damaso

2298 4060 2565 4131 synodus,
2611 4063 2765 4132 cujus
2813 4059 3119 4116 Alexander
3166 4060 3607 4129 Hierapolitanus
3636 4062 3908 4125 meminit,

2300 4152 2464 4222 eique
2490 4151 2690 4219 adfuit;
2736 4153 3023 4208 adfuerunt
3067 4153 3255 4208 itidem
3300 4153 3733 4224 Apollinaristm,
3776 4166 3914 4222 quos

2302 4249 2468 4300 etiam
2497 4254 2615 4315 po‘st
2643 4246 2908 4317 synodum
2938 4246 3081 4300 illam
3111 4244 3529 4311 Autidehenam,
3559 4260 3587 4297 a
3623 4261 3730 4317 qua
3758 4244 3915 4299 dam-

2302 4340 2414 4393 nati
2431 4337 2666 4404 fuerant,
2680 4337 2906 4393 Romam
2921 4340 3107 4393 versus
3120 4344 3180 4393 ut
3191 4353 3247 4392 se
3264 4338 3572 4408 purgarent,
3600 4339 3913 4407 malamque

2301 4432 2522 4487 causam
2570 4448 2666 4503 pro
2713 4432 3088 4489 hatreticorum
3131 4447 3283 4489 more
3315 4434 3451 4488 tueri
3498 4432 3817 4505 pergerent,
3847 4431 3914 4485 ab

2299 4525 2527 4582 Oriente
2577 4526 2915 4593 di9cessi'sse,
2964 4526 3431 4582 verosimillimutn
3470 4533 3571 4581 est.
3609 4526 3741 4580 Haec
3785 4538 3913 4579 vero

581 4619 902 4674 Flavianum
947 4614 1172 4675 Paulino
1214 4622 1527 4688 superstite,
1560 4634 1742 4688 eosque
1772 4636 1865 4688 pro
1894 4636 2191 4673 cascommu-
2218 4600 2275 4673 D
2301 4622 2392 4677 illa
2440 4621 2558 4690 ipsa
2594 4632 2676 4674 est
2713 4620 2970 4691 synodus,
3013 4636 3173 4691 quam
3218 4618 3506 4691 synodicus
3537 4619 3762 4674 libellus
3795 4624 3915 4687 post

582 4715 768 4767 nicatis
796 4702 1043 4767 habebant
1076 4712 1181 4786 (e);
1207 4716 1295 4766 vix
1330 4712 1511 4782 itaque
1540 4712 1655 4765 ﬁeri
1690 4720 1889 4781 potest,
1918 4710 2026 4765 illis
2059 4728 2189 4781 pauv

582 4806 661 4860 cis
691 4816 896 4861 tantum
933 4807 1134 4875 elapsis
1174 4804 1241 4861 ab
1272 4822 1334 4861 ea
1381 4802 1725 4861 ordinatione
1765 4802 2065 4867 mensibus,
2101 4822 2189 4862 re-

581 4897 812 4967 busque,
857 4898 1159 4968 animisque
1187 4898 1363 4952 adhuc
1406 4897 1767 4968 exasperatis,
1813 4898 2071 4953 Acacium
2117 4899 2185 4954 ad

580 4992 846 5065 synodum
891 4992 1119 5046 Romani
1159 4991 1261 5059 ire,
1318 4993 1533 5048 Damasi
1563 5001 1727 5062 atque
1756 4994 1997 5048 omnium
2026 4992 2187 5048 Occi-

580 5082 877 5140 dentalium
907 5083 1283 5156 episcoporum
1323 5095 1672 5155 conspectum
1705 5084 1892 5142 subire
1922 5082 2181 5153 Voluisse,

579 5187 742 5248 atque
767 5177 911 5233 inter
934 5190 1028 5233 eos
1059 5179 1233 5231 locum
1267 5177 1467 5233 habere
1495 5178 1738 5247 potuisse
1764 5195 1776 5229 :
1812 5177 1939 5232 hinc
1971 5192 2079 5232 non
2105 5176 2189 5233 Ie-

578 5275 723 5343 gitur
750 5272 868 5343 ejus
899 5286 1092 5327 nomen
1122 5271 1264 5326 inter
1292 5280 1403 5326 tres
1431 5270 1553 5325 illos
1582 5272 1868 5340 episcopos
1891 5312 1905 5337 ,
1929 5286 2065 5341 quos
2086 5286 2185 5327 an-

579 5379 653 5421 no
691 5366 784 5421 illo
809 5365 879 5422 ab
925 5365 1290 5422 Orientalibus
1320 5365 1516 5420 iterum
1542 5361 2019 5435 ConstantinOpoli
2052 5357 2189 5422 cou-

654 5508 729 5672 (ηζ
755 5532 912 5587 Tom.
946 5506 1035 5603 III,
1071 5512 1165 5591 lib.
1192 5549 1287 5609 xv,
1320 5542 1424 5591 art.
1455 5533 1511 5588 2.

654 5603 705 5671 (ὁ
758 5603 912 5672 Apud
936 5604 1071 5672 Lup.
1102 5605 1261 5672 epist.
1294 5604 1386 5672 51,
1417 5604 1511 5661 adt

602 5601 729 5687 1(6)
753 5603 912 5687 Μιιά
936 5601 1071 5677 Lup.
1102 5605 1261 5676 epist.
1294 5604 1386 5675 51,
1417 5604 1484 5661 ad
1505 5602 1701 5661 cnncil.
1731 5601 1935 5676 Ephes.
1962 5622 1979 5671 ,
2023 5618 2179 5675 oper.

584 5670 719 5727 tom.
753 5670 861 5728 VII.
1021 5670 1037 5677 ’
1142 5670 1154 5676 ’
1372 5670 1381 5675 ⁷

657 5742 733 5817 (ε)
756 5742 837 5817 Ad
865 5760 995 5817 anu.
1026 5745 1154 5812 318,
1184 5762 1333 5805 exn.
1365 5748 1453 5817 17,
1487 5746 1575 5805 18.

663 5812 742 5883 (ά)
769 5813 1036 5872 Theodor.
1066 5817 1133 5873 Η.
1161 5817 1254 5888 Ε.,
1280 5819 1374 5875 lib.
1408 5812 1462 5875 γ’.
1496 5834 1616 5891 cap.
1647 5820 1703 5875 ὅ.

2304 4714 2548 4769 Valentis
2579 4714 2783 4768 obitmu
2831 4714 2860 4768 a
2912 4712 3140 4769 Damaso
3180 4720 3558 4784 congregatum
3592 4723 3783 4768 narrat
3829 4710 3915 4766 his

2300 4807 2523 4861 verbis:
2561 4804 2753 4859 Valens
2774 4816 2943 4859 autem
2973 4804 3089 4861 cum
3116 4806 3168 4859 in
3189 4805 3411 4860 Thracia
3438 4798 3685 4860 adversus
3702 4803 3916 4860 “Gothos

2302 4907 2608 4970 pugnasset,
2632 4899 2748 4971 igne
2775 4899 3071 4968 absumptus
3088 4900 3156 4953 ad
3182 4898 3425 4954 wtérnum
3446 4900 3618 4972 ignem
3646 4898 3913 4971 migravit.

2309 4990 2673 5047 Valentiniano
2700 4995 2853 5047 etiam
2898 4992 3165 5062 defuncto,
3207 4991 3489 5047 Gratianus
3515 4993 3659 5063 ﬁlius
3690 4992 3823 5063 ‘pios
3853 4989 3917 5043 ab

2294 5088 2483 5142 exsilio
2502 5088 2767 5157 episcOpos
2810 5086 3085 5153 remeavit,
3118 5103 3216 5156 quo
3268 5098 3492 5149 tempore
3533 5090 3712 5139 beatus
3758 5085 3917 5139 etiam

2298 5178 2563 5233 Damasus
2589 5193 2791 5231 sacram
2813 5176 2996 5232 Ruina:
3024 5178 3350 5249 congregavit
3374 5175 3917 5248 synodum’adverstts

2298 5274 2525 5327 Arianos
2571 5271 3092 5339 Pneumatomachos,
3141 5282 3187 5327 et
3229 5274 3359 5327 alios
3408 5272 3660 5341 plurimus
3703 5269 3919 5326 hwreti-

2294 5382 2387 5422 cos
2419 5362 2522 5438 (Ii).
2551 5365 2733 5437 Neque
2753 5366 2895 5422 enim
2927 5368 3239 5423 existiutare
3256 5366 3551 5434 debemus,
3572 5362 3687 5421 iant
3716 5368 3919 5437 supte-

2403 5532 2697 5604 e)_Sozom.
2725 5534 2819 5589 lib.
2849 5549 2940 5604 vn,
2975 5548 3094 5604 cap.
3129 5533 3219 5588 11.

2403 5550 2429 5587 e
2462 5549 2697 5589 .bozom.
2726 5549 2819 5589 Ill).
2849 5549 2918 5587 VII
2975 5549 3035 5588 (33
3081 5573 3094 5586 .
3129 5549 3171 5588 ⁴Ι¹

2402 5549 2452 5677 [ί
2476 5578 2992 5677 Η.Ε,ςιιι›.ίν,ῄονεῖρ.
3020 5549 3080 5659 il}.
3166 5672 3171 5677 η

2374 5674 2454 5747 (g')
2484 5676 2566 5732 Ad
2594 5676 2803 5732 Theod.
2826 5674 2918 5732 lib.
2943 5674 3005 5743 ‘v,
3030 5674 3238 5747 cap.‘5.

2374 5748 2457 5819 (It)
2485 5750 2615 5818 Cap.
2647 5747 2735 5802 72.
