4138 6178
290 315 400 374 197

1659 297 2194 371 Maecenatem.

3456 321 3464 386 ε
3498 315 3598 378 198

285 445 438 488 mum
487 431 643 487 illum
673 424 988 502 ponticéin
1035 430 1331 486 innumeros
1372 441 1437 486 ea:
1475 417 1680 499 diffusis
1726 415 1902 488 Italia?
1928 441 2052 504 Aet
2099 433 2317 488 alterum
2375 443 2489 506 post
2555 429 2954 509 asstintbtionem
3002 432 3170 494 carnis
3218 435 3283 495 ea:
3362 437 3595 512 Virgine.

287 525 524 596 partibus
547 523 835 595 episcopos
863 533 1187 590 cunt-ocare,
1220 532 1312 578 aut
1357 525 1519 579 hosce
1559 525 1752 580 adesse
1799 539 1896 595 po-

293 621 493 684 tuisse,
522 618 709 688 primis
753 617 863 672 illis
891 625 1016 688 post
1040 617 1282 672 Valentis
1330 617 1536 673 obitum
1571 611 1898 674 turbulentis

291 708 656 782 temporibus.
683 708 777 766 sed
806 724 930 766 cum
958 703 1168 766 reddita
1197 710 1454 766 Ecclesiae
1476 723 1606 782 pace
1656 727 1718 768 ac
1745 728 1900 769 secu-

293 805 498 872 ritate,
547 803 737 874 majori
780 819 972 859 omnes
1015 811 1137 860 cum
1193 805 1440 861 libertate
1487 820 1550 862 ac
1622 804 1898 879 religionis

294 900 605 967 commodo,
638 900 820 956 oi'ticio
849 911 950 956 suo
982 899 1126 971 fungi
1161 910 1426 970 poterant.

371 992 622 1050 Fructum
667 1005 821 1062 vero,
855 1009 1018 1065 quem
1046 1009 1112 1050 ex
1143 1009 1205 1049 ea
1249 994 1518 1065 legatione
1548 995 1652 1050 sibi
1696 997 1895 1068 prop‘oé

290 1097 473 1142 suerat
502 1085 776 1152 Meletius,
806 1085 1138 1140 uberrimum
1176 1085 1348 1156 cepit;
1396 1101 1518 1140 nam
1560 1087 1816 1140 Damasus
1845 1076 1900 1141 et

287 1189 464 1238 ratum
498 1181 692 1236 habuit
720 1191 932 1252 pactum
956 1178 1110 1245 illud,
1142 1193 1251 1250 quo
1293 1178 1690 1235 Antiochenam
1724 1178 1898 1235 sChls—

285 1291 375 1332 ma
407 1274 683 1331 sublatum
714 1275 907 1341 fuerat,
937 1283 994 1331 et
1036 1273 1308 1330 Melctium
1356 1275 1530 1344 ipsum
1581 1271 1635 1328 in
1685 1274 1895 1344 plenam

284 1369 730 1425 communionem
773 1371 978 1438 recepit
1021 1381 1130 1422 non
1159 1379 1314 1422 secus
1337 1381 1399 1421 ac
1428 1365 1733 1422 Paulinum.
1771 1365 1898 1423 Hzec

286 1463 550 1517 constant
573 1469 682 1515 tum
711 1470 774 1516 ex
792 1475 882 1526 eo,
904 1457 1048 1530 quod
1070 1457 1396 1524 Acacius,ab
1421 1473 1486 1513 eo
1511 1451 1898 1529 m'lsst’is,syn'o-‘

285 1554 368 1610 do
397 1553 501 1609 sub
527 1549 755 1608 Damaso
780 1551 970 1617 adfuit;
1009 1560 1118 1606 tum
1151 1557 1217 1606 est
1241 1566 1308 1607 eo
1337 1550 1480 1620 quod
1509 1553 1651 1619 acta,
1683 1549 1739 1606 δι
1763 1550 1897 1606 sub-‘

283 1645 636 1718 scriptiones,
668 1657 802 1715 quas
823 1645 892 1701 ab
914 1643 1254 1700 Antiocheno
1279 1643 1510 1699 concilio
1538 1643 1816 1710 attulerat,
1842 1642 1896 1698 in“

285 1739 552 1796 Romanae
584 1738 841 1794 Ecclesia:
883 1739 1107 1793 archivo
1145 1735 1437 1791 recondita:
1469 1737 1718 1802 fuerunt;
1768 1735 1897 1791 con-

2071 528 2340 584 Secundo.
2375 527 2508 584 Cum
2540 541 2727 586 omnes
2750 521 2816 586 ad
2847 547 2964 587 eam
2997 547 3167 603 usque
3189 532 3330 588 diem
3381 545 3600 589 exortas

2003 621 2237 677 ba‘rescs
2266 623 2327 678 ea
2356 623 2477 679 ﬁdei
2510 625 2741 680 cctltesis
2775 617 3154 697 proscripsisse
3201 619 3468 694 videatur,
3503 621 3602 684 cur

1999 712 2067 767 de
2095 709 2411 770 Priscilliani
2444 718 2775 785 portentosis
2823 715 3170 788 opinionibus
3202 719 3344 775 nulla‘
3396 721 3600 775 mentio

1999 803 2116 863 est?
2146 805 2229 863 Au
2256 808 2396 865 forte
2425 818 2518 864 aut
2559 809 2953 864 Priscillianum
2985 813 3179 881 ipsum,
3210 822 3301 866 aut
3343 811 3596 867 infamem

1999 903 2116 974 ejus
2147 901 2393 958 literesim
2427 904 2642 959 silentio
2673 905 3038 975 praeteriisset,
3061 905 3357 977 meritaque
3382 897 3600 962 senteii-

2002 996 2071 1050 tia
2103 993 2684 1052 minimeconlinxissct
2709 989 2990 1059 Damasus,
3020 995 3062 1051 si
3090 976 3203 1052 inec
3234 983 3308 1052 illi
3338 997 3601 1053 innotuis-

2000 1073 2116 1144 sct?
2146 1091 2257 1146 lloc
2286 1107 2386 1162 ego
2430 1090 2560 1145 mihi
2595 1089 2906 1162 persuaderi
2938 1106 3043 1146 non
3072 1091 3262 1161 patiar,
3316 1081 3378 1146 ac
3423 1093 3601 1164 potius

1999 1184 2237 1250 credam,
2284 1184 2426 1238 illam
2459 1177 2582 1240 ﬁdei
2632 1183 2870 1254 regulam
2913 1183 3169 1253 scriptam
3205 1183 3388 1252 fuisse,
3419 1177 3600 1256 prius-

2000 1273 2157 1343 quani
2193 1273 2480 1331 haereticus
2509 1276 2598 1331 ille
2638 1276 2864 1330 Romam
2919 1277 3231 1344 accederet,
3265 1285 3426 1346 atque
3480 1275 3602 1333 ideo

2000 1361 2125 1423 auie
2153 1375 2350 1423 annum
2376 1367 2503 1436 581,
2533 1384 2640 1439 quo
2667 1360 2878 1424 constat
2909 1373 3030 1424 eum
3063 1385 3090 1424 a
3123 1367 3601 1441 Ctesar-Augusta-

2001 1476 2071 1516 no
2100 1453 2332 1517 concilio
2376 1460 2689 1517 damnatum
2733 1455 2802 1517 ad
2850 1459 3048 1518 Urbem
3083 1457 3400 1528 accurrisse,
3433 1472 3490 1517 ut
3522 1457 3605 1518 'le

1999 1545 2141 1610 cam.

2073 1637 2272 1703 Tertio.
2327 1639 2672 1704 Observanda
2729 1659 2852 1704 sunt
2894 1645 3010 1704 haec
3041 1641 3259 1703 Damasi
3316 1649 3481 1706 verba
3536 1637 3603 1704 ei

1985 1739 2453 1797 'anatliematiSIno
2501 1735 2744 1812 quarto:
2797 1742 3300 1797 Attat/tentatizamus
3359 1735 3606 1798 Macedo-

285 1843 435 1890 stant
481 1832 599 1888 hac
624 1832 818 1888 eadem
848 1829 1070 1900 insuper
1089 1844 1157 1885 ex
1179 1829 1441 1900 Gregorio
1471 1827 1808 1884 Natianieno
1846 1833 1901 1884 εἴ
1930 1821 1978 1890 Β
2006 1833 2204 1901 nimios,
2229 1829 2317 1905 qui
2347 1827 2410 1890 He
2437 1824 2550 1890 Atii
2595 1837 2751 1906 stirpe
2776 1837 3027 1890 venientes
3069 1831 3170 1891 non
3203 1838 3472 1908 perﬁdiam
3494 1828 3608 1891 nth

285 1925 488 1981 litteris
539 1923 908 1995 Aquileiensis
948 1921 1188 1986 concilii,
1225 1919 1295 1976 de
1339 1921 1532 1991 quibus
1577 1921 1643 1976 ad
1692 1935 1892 1975 annum

286 2027 608 2089 sequentem
641 2011 916 2072 rediturus
943 2015 1048 2070 erit
1071 2013 1263 2085 agendi
1298 2013 1468 2068 locus.
1501 2012 1580 2069 Ne
1609 2013 1737 2084 quid
1767 2016 1895 2069 vero

288 2125 388 2168 res
423 2110 497 2165 ita
523 2109 848 2181 compositas
887 2107 1108 2162 turbare
1135 2107 1390 2176 deinceps
1424 2113 1627 2173 posset,
1659 2104 1898 2160 Ambro-

286 2203 435 2266 sius,
469 2205 529 2256 ut
552 2216 647 2271 ego
678 2196 828 2271 puto.
861 2200 1152 2268 caeterique
1197 2207 1324 2253 tunc
1357 2197 1544 2253 Roma:
1587 2185 1895 2269 congregati

287 2298 536 2369 episcopi
578 2295 801 2367 prtivide
846 2287 1220 2365 dispicientes,
1250 2293 1390 2364 quod
1441 2291 1638 2348 deinde
1682 2289 1896 2358 accidit,

286 2393 628 2460 scripserunt
654 2387 984 2454 Tlleodosio‘,
1011 2395 1071 2442 ut
1095 2388 1245 2456 iuxta‘
1273 2386 1496 2454 partium
1520 2395 1742 2454 pactum,
1771 2385 1898 2438 atte-

286 2503 346 2540 ro
358 2483 663 2551 decedente,
685 2491 838 2552 rienes
849 2483 1176 2553 superstitem
1209 2479 1456 2535 Ecclesia:
1476 2483 1812 2545 rentanerent,
1839 2487 1902 2533 de

288 2593 354 2632 ne
380 2579 551 2631 altera
579 2575 996 2647 superordinatio
1019 2581 1376 2628 attentaretur.
1404 2565 1532 2627 Eam
1573 2583 1736 2642 porro
1787 2572 1903 2642 epi-

290 2672 488 2725 stolam
545 2671 675 2724 an'te‘
721 2668 1068 2739 AQuileiense
1116 2666 1406 2721 concilium
1459 2665 1718 2734 scriptam
1751 2677 1897 2729 esse,

290 2777 455 2818 nemo
477 2762 675 2818 saltem
698 2760 994 2833 negaverit,
1023 2760 1114 2830 qui
1138 2759 1274 2813 alias
1295 2757 1486 2829 legerit
1508 2756 1751 2827 ejusdem
1775 2771 1904 2812 con-

291 2857 403 2913 cilii
446 2858 658 2912 litteras
691 2897 707 2924 ,
739 2869 862 2925 qua:
897 2862 1204 2925 supersunt,
1251 2853 1411 2907 aliam
1453 2865 1581 2907 vero
1619 2859 1712 2905 aut
1735 2850 1905 2922 aptio-

290 2965 407 3006 rem
432 2951 797 3015 occasionem,
816 2958 909 3003 aut
934 2941 1243 3003 Italicorum
1269 2946 1646 3016 episcoporum
1669 2959 1908 3000 conven—

293 3055 408 3099 tum
438 3045 781 3113 excogitasse
807 3043 896 3098 vix
926 3041 1165 3112 poteris,
1193 3048 1390 3110 praeter
1417 3039 1578 3104 hunc,
1610 3051 1640 3093 a
1670 3053 1778 3108 quo
1827 3040 1908 3096 sic

291 3137 466 3193 scribi
490 3136 748 3206 potuerit.

2001 1931 2188 1996 lavere,
2215 1932 2305 1986 sed
2333 1929 2535 1986 nomen.
2588 1929 2981 1996 Macedoniani,
3031 1947 3165 2002 quos
3192 1933 3455 1988 Damasus
3503 1927 3604 1988 line

2002 2019 2122 2079 lceo
2154 2025 2431 2094 exprimit,
2461 2009 2551 2096 qui
2580 2017 2710 2091 sint,
2739 2019 3014 2080 neminem
3044 2018 3211 2080 latere
3239 2034 3368 2095 puto
3394 2042 3406 2078 :
3438 2005 3494 2080 ai
3523 2017 3606 2080 in-

1999 2113 2346 2188 quirendum,
2395 2133 2502 2189 quo
2534 2111 2763 2186 primum
2796 2128 3060 2188 tempore,
3111 2120 3200 2189 'qu'i
3230 2111 3402 2174 sancti
3427 2117 3604 2190 Spiri-

2003 2220 2087 2264 tus
2119 2209 2452 2266 divinitatem
2487 2211 2892 2282 oppugnabant,
2923 2203 3028 2266 hoc
3057 2207 3326 2266 nomines
3356 2205 3604 2267 Macedo-

2002 2301 2090 2356 m’o
2140 2299 2302 2357 Secta?
2339 2297 2478 2358 duce
2510 2303 2765 2374 appellati
2816 2301 2946 2358 sint.
2985 2301 3052 2358 Ut
3081 2305 3212 2358 vero
3243 2298 3349 2359 lide
3395 2298 3614 2360 facilius

2002 2395 2379 2466 assequamur,
2430 2395 2533 2451 tria
2601 2393 2841 2466 tempora
2893 2393 3270 2468 distinguenda
3324 2397 3381 2452 et
3425 2386 3611 2452 obser-

2002 2487 2176 2542 v:inda‘
2207 2500 2331 2544 sunt
2350 2487 2366 2544 τ’
2394 2483 2627 2560 primum
2653 2491 2796 2561 quod
2821 2485 3114 2547 excurrita
3147 2501 3321 2546 morte
3343 2481 3612 2545 Constan-

2004 2581 2063 2636 tii
2095 2582 2158 2636 ad
2215 2581 2638 2652 Latnpsaeenam
2672 2583 2961 2655 synodum,
2993 2579 3113 2654 quae
3159 2591 3487 2653 congregata
3528 2561 3613 2638 est

2005 2665 2149 2728 anno
2170 2673 2276 2728 564
2317 2667 2410 2728 aut
2457 2676 2628 2729 altero
2681 2665 2918 2730 nondum
2969 2681 3265 2744 provecto:
3319 2675 3609 2746 posterius;

2006 2765 2152 2837 quod
2198 2783 2314 2821 eam
2363 2768 2626 2839 synodum
2661 2767 2832 2840 usque
2879 2765 2944 2824 ad
2977 2769 3214 2824 Valentis
3267 2763 3612 2840 imperatoris

2009 2861 2305 2926 interitum;
2339 2856 2554 2915 tertium
2588 2861 2852 2932 denique,
2887 2861 3028 2931 quod
3059 2859 3300 2917 Valentis
3328 2847 3612 2917 interitum

2011 2955 2356 3008 subsecutum
2397 2963 2501 3009 est.
2527 2940 2849 3011 Constantio
2879 2957 3058 3026 itaque
3093 2951 3369 3022 defuncto,
3402 2951 3613 3012 sentia-

2010 3043 2148 3100 riani
2175 3045 2299 3102 us‘t'w
2329 3049 2653 3117 assertores,
2686 3050 2775 3120 qui
2806 3063 2870 3104 ex
2893 3047 3239 3119 {indulgentia
3266 3049 3384 3104 novi
3412 3047 3614 3120 princi-

2011 3137 2095 3209 pis
2117 3137 2184 3194 ad
2213 3132 2371 3196 Sedes
2397 3141 2524 3196 suas
2553 3142 2757 3197 reversi
2798 3142 3034 3207 fuerant,
3068 3143 3236 3199 libere
3280 3137 3616 3213 congregare

363 3231 457 3287 lV.
513 3229 602 3286 Ah’
643 3232 742 3285 hac
789 3239 968 3286 autem
1015 3229 1225 3300 synodo
1263 3235 1453 3300 quarta
1485 3230 1586 3284 sub
1644 3226 1894 3294 Da’maso,
1925 3219 1970 3284 C
2005 3245 2150 3297 sese,
2184 3233 2471 3287 arctiorem
2503 3225 2642 3288 inter
2677 3240 2735 3288 s'e
2754 3234 3066 3290 societatem
3095 3235 3348 3304 Iungere,
3381 3225 3616 3288 AriadoS’

294 3322 596 3396 profectam
623 3339 722 3396 ego
752 3325 972 3392 insuper
999 3325 1248 3380 existimo
1278 3321 1547 3381 eelebrcm
1589 3323 1733 3378 illam
1777 3321 1901 3376 ﬁdei

293 3417 690 3476 confessionem
724 3418 790 3474 ad
819 3418 1123 3486 Paulinum,
1149 3435 1310 3490 quam
1356 3422 1550 3475 iterum
1584 3419 1900 3487 impressam

295 3516 484 3571 damus
508 3514 612 3570 sub
642 3514 868 3570 numero
888 3524 1101 3585 quarto.
1133 3515 1282 3569 Illam
1307 3513 1553 3585 profecto
1585 3510 1900 3584 synodieam

295 3607 904 3675 fuisseg'l‘heodoretus,
942 3606 1168 3679 Vigilius
1206 3621 1362 3679 papa,
1398 3619 1586 3662 auctor
1635 3603 1899 3676 synodici,

293 3704 491 3774 aliique
513 3703 725 3758 veteres
745 3711 1012 3757 asserunt.
1051 3701 1184 3756 l'iinc
1214 3697 1462 3756 Valesius
1506 3695 1582 3772 (a)
1606 3714 1724 3753 eam
1767 3697 1906 3752 scri-

290 3807 438 3868 ptam
477 3793 632 3865 putat
660 3795 724 3850 ar
761 3795 991 3866 synodo.
1039 3799 1198 3865 quam
1232 3795 1493 3848 Damasus
1532 3792 1720 3848 habuit
1759 3795 1910 3846 auno‘

290 3888 432 3954 382,
482 3888 817 3958 missamque
864 3886 1109 3951 Paulino,
1139 3887 1232 3957 qui
1277 3881 1446 3941 redux
1497 3887 1549 3939 in
1598 3883 1900 3951 Orientem,

290 3980 697 4038 Thessaionieae
724 3981 1062 4035 substiterat.
1092 3979 1321 4034 Atnulla
1335 3985 1417 4034 est
1439 3993 1622 4042 causa,
1646 3991 1743 4032 cur
1766 3975 1906 4031 Pau-
1934 4027 1937 4031 .

291 4078 409 4133 lin'o
449 4075 598 4131 mitti
622 4074 890 4138 debuerit,
932 4077 1054 4145 quae
1084 4075 1133 4128 ei
1167 4083 1293 4129 tunc
1325 4072 1578 4143 praesenti
1624 4071 1679 4125 in
1711 4077 1904 4125 manus

291 4170 434 4226 tradi
461 4168 657 4240 potuit.
696 4167 892 4239 Pagius
915 4169 1095 4237 itaque
1115 4167 1185 4223 ob
1201 4163 1448 4236 ejusdem
1469 4160 1711 4236 s'yn'odici
1737 4163 1902 4218 libelli

290 4264 700 4328 auctoritatem,
751 4267 870 4316 eam
921 4259 1090 4315 refert
1135 4259 1203 4314 ad
1243 4275 1363 4314 eam
1408 4257 1699 4330 synodum,
1743 4271 1903 4327 quam

292 4367 421 4431 post
448 4357 692 4412 Valentis
729 4356 934 4412 abitum
958 4357 1110 4409 anno
1132 4353 1258 4420 3’78,
1304 4353 1587 4408 collectam
1621 4353 1771 4422 putat
1799 4349 1901 4425 (ὁ),

295 4451 610 4508 llarduinus
635 4461 814 4506 autem
839 4465 980 4505 anno
998 4449 1125 4505 579'.
1150 4447 1428 4504 Cmteruni‘
1449 4448 1491 4501 si
1516 4443 1655 4501 nulla
1680 4457 1760 4501 est
1789 4447 1904 4500 ido-

293 4551 402 4601 néa
432 4544 591 4608 ratio,
620 4545 716 4599 cur
743 4545 878 4598 adeo
902 4547 1239 4598 conretemus
1262 4539 1504 4613 syn‘edici
1525 4539 1684 4595 libelli
1715 4540 1902 4603 verba,

2007 3327 2121 3379 sive
2144 3315 2447 3382 Acacianos
2483 3327 2674 3382 iterum
2711 3328 2884 3396 palam
2915 3319 3216 3390 exsecrari,
3242 3340 3304 3404 ac
3332 3319 3464 3380 diris
3519 3323 3616 3381 de-

2007 3433 2206 3474 vovere
2255 3415 2552 3490 crepcrant.
2587 3421 2660 3475 Ea
2712 3421 2872 3490 igitur
2909 3422 3200 3476 occasione
3242 3415 3615 3488 MaCedonius,‘

2006 3511 2097 3581 qui
2128 3511 2196 3564 ad
2222 3511 2443 3566 eosdem
2475 3499 2849 3568 Semiarianos
2876 3511 2986 3582 jam
3037 3526 3096 3569 se
3127 3511 3481 3568 transtulerat
3504 3555 3516 3576 .
3549 3527 3614 3568 ac

2008 3619 2130 3662 cum
2168 3607 2231 3660 iis
2264 3608 2314 3660 in
2346 3601 2646 3660 latrocinali
2697 3619 2975 3661 conventu
2997 3603 3474 3676 ConstantinOpoli
3511 3605 3614 3661 de;

2010 3698 2220 3768 positus
2277 3696 2480 3763 fuerat,
2532 3711 2698 3766 seque
2745 3699 2795 3751 in
2840 3698 2961 3752 villa
3016 3697 3138 3754 tuiic
3196 3689 3314 3754 iirbi
3362 3696 3614 3770 proxima

2008 3789 2310 3856 abdiderat,
2343 3807 2373 3847 e
2404 3789 2624 3845 latebris
2652 3793 2840 3846 exiens
2865 3787 2920 3846 in'
2947 3789 3215 3860 publicum
3248 3787 3448 3862 erepit,
3481 3792 3614 3847 mis-

2008 3889 2180 3960 saque
2225 3888 2296 3942 ad
2343 3873 2805 3944 Semiar'ianorum
2872 3883 3049 3957 capita
3101 3883 3411 3957 iegatiOne,
3468 3881 3619 3942 vires

2010 3971 2119 4037 illis
2156 3995 2287 4035 suas
2319 3981 2546 4047 addidit,
2573 3979 2859 4051 effecitque
2901 3980 3097 4035 nedum
3147 3990 3211 4035 ut
3254 3967 3619 4037 bommu'siuni

2010 4072 2284 4130 mordicus
2315 4069 2643 4140 retinerent,
2671 4081 2857 4128 verum
2906 4073 3069 4128 etiam
3094 4079 3152 4128 ut
3177 4065 3458 4145 'Spiritum
3490 4085 3617 4130 san-

2010 4161 2158 4221 ctutr'i
2185 4181 2214 4220 a
2241 4165 2524 4221 divinitate
2553 4165 2928 4233 excluderent,
2972 4164 3206 4236 eumq‘tre
3237 4168 3288 4220 in
3331 4177 3610 4222 creatura-

2011 4273 2129 4314 rum
2160 4276 2386 4314 numero
2407 4260 2761 4314 collocarent.
2785 4258 2916 4314 Eam
2942 4259 3122 4328 itaque
3165 4255 3414 4314 hmresim
3439 4257 3617 4314 Silva-

2010 4364 2134 4417 nus,
2157 4351 2432 4418 Eleusius,
2465 4349 2802 4415 Eustathius,
2848 4336 3209 4419 Sephronius,
3244 4341 3310 4404 ac.
3349 4357 3618 4420 quotquot

2010 4442 2248 4511 denique
2290 4437 2358 4498 ab
2407 4443 2686 4497 Acacianis
2717 4441 3185 4512 Constantinopoli
3235 4441 3466 4511 depositi
3502 4441 3616 4495 fue-

2010 4549 2156 4602 rant,
2176 4537 2402 4606 professi
2422 4546 2567 4603 sunt,
2593 4535 2790 4605 aliique
2817 4534 3075 4602 deinceps
3097 4550 3160 4589 ex
3187 4525 3494 4599 illisetiam,
3524 4533 3615 4602 qui

295 4647 356 4692 ut
393 4634 510 4705 jam
542 4633 856 4705 praim'un'ui,
888 4635 1105 4704 propius
1146 4629 1211 4688 ad
1258 4636 1543 4689 veritatem
1588 4633 1903 4697 accesserit,
1934 4621 1986 4680 D
2013 4631 2063 4684 in
2098 4641 2242 4686 recta
2269 4630 2596 4699 canteroquiu
2621 4627 2689 4683 de
2708 4625 2844 4682 Filio
2865 4626 3111 4682 doctrina
3133 4625 3369 4682 fuerant.
3398 4626 3522 4682 Hzcc
3548 4617 3618 4682 et

294 4730 390 4801 qui
421 4743 541 4785 eam
571 4727 988 4802 tum‘sy'n'odum,
1029 4736 1136 4782 tum
1191 4726 1484 4781 divinorntii
1523 4727 1750 4794 capitum
1777 4713 1906 4794 deﬁ-

295 4823 556 4881 tuitionem"
568 4824 634 4880 ad
667 4824 809 4880 hunc
831 4824 1169 4880 revocaverit
1195 4822 1426 4878 annum‘:
1451 4819 1622 4893 qu'am‘
1643 4825 1908 4891 praeterea

294 4917 642 4989 opinionem,
681 4917 974 4985 nomiullre,
1007 4927 1066 4973 ut
1117 4914 1249 4972 mibi
1295 4915 1530 4981 videtur,
1579 4911 1906 4984 conjectu‘rai

295 4999 647 5068 oonﬁruiant‘.

374 5104 517 5160 Nam
559 5095 749 5174 primo’
780 5117 844 5159 ex
895 5101 1202 5159 Alexandro
1231 5099 1635 5168 ilierapolitano
1664 5101 1902 5162 constat,

293 5194 886 5267 Apollinarista'S‘ii‘t‘ea‘
899 5196 1127 5268 synodo,
1147 5195 1232 5251 cui
1249 5192 1478 5249 Aeacius
1497 5183 1687 5258 adfuit,
1703 5188 1904 5246 Catho-

292 5289 422 5346 licis
467 5289 772 5360 obiecisse;
817 5287 959 5359 quod
996 5287 1144 5343 duos‘
1183 5283 1345 5341 Filios
1395 5289 1725 5347 assererem,
1778 5282 1903 5352 quia

292 5381 440 5438 duas
467 5381 526 5436 in‘
545 5379 1019 5436 Christ‘o'D’omino
1057 5387 1276 5434 naturas
1301 5375 1694 5448 profitebantur
1721 5393 1733 5428 ε
1767 5375 1906 5428 lianc

291 5471 468 5547 igitur
491 5457 853 5530 calomnia’dlﬁ
885 5472 1250 5537 occasionem,
1283 5477 1342 5524 ut
1361 5468 1619 5537 deinceps
1641 5466 1900 5535 eriperet,

294 5571 446 5628 tune
469 5565 666 5624 i‘a‘ct‘ut‘u
698 5555 876 5639 puto,
918 5571 986 5622 ur
1033 5553 1296 5621 Damasus
1334 5565 1429 5619 eos
1479 5547 1911 5616 anathemati‘za-‘

294 5664 480 5729 verit,
521 5663 613 5734 qui
644 5677 779 5719 auos
807 5670 1058 5718 asserunt
1101 5656 1301 5726 Filios,
1343 5673 1501 5712 unum
1530 5664 1648 5711 ante
1692 5651 1902 5724 amenta,

375 5780 474 5848 to)
494 5775 815 5848 Ad-Theod.
835 5775 901 5848 tr.
936 5759 1025 5840 ιε..
1060 5765 1155 5848 lib.
1187 5787 1246 5840 v,
1273 5787 1393 5844 cap.
1423 5772 1510 5829 it.

378 5846 457 5922 (tt)
489 5847 572 5906 Ad
602 5862 729 5905 ann.
754 5847 878 5916 578,
904 5861 1052 5903 num.
1085 5846 1171 5902 l9.

2019 4723 2261 4789 Socrate,
2281 4721 2604 4785 Sozomeno,
2639 4719 2996 4786 Nazianzen’o’,
3015 4717 3250 4790 aliisque
3272 4715 3462 4774 carum
3477 4719 3616 4775 tem-

2017 4831 2210 4887 porum
2239 4816 2592 4884 scriptoribus
2609 4817 2878 4877 constan‘t’,
2893 4813 3120 4885 quorum
3135 4813 3278 4870 dicta
3295 4811 3400 4870 h'uc
3419 4813 3616 4872 aﬂerre

2016 4908 2478 4972 supervacaneum
2507 4917 2588 4962 est
2619 4907 2717 4975 (c).
2751 4901 2885 4962 Eam
2917 4911 3048 4963 vero
3066 4907 3324 4964 bcereSim'
3353 4906 3495 4964 haud
3523 4909 3617 4963 diu

2018 4999 2241 5055 latuisse
2280 4999 2584 5070 colligimus
2609 5015 2675 5054 ex
2694 5000 3061 5056 Alexandrina
3089 4999 3320 5074 sy’n’odo,
3351 5013 3469 5073 quae
3495 4997 3616 5056 ea'm‘

2014 5091 2312 5157 damnavit,
2343 5103 2396 5151 et
2414 5105 2479 5146 ex
2510 5090 2798 5147 Athanasii
2822 5093 2890 5148 ad
2931 5093 3292 5164 Serapionem
3324 5093 3564 5164 epistolis
3599 5107 3612 5144 :

2015 5193 2074 5241 at
2100 5184 2190 5253 qui
2241 5181 2360 5240 eam
2396 5183 2805 5254 proﬁtebantur,
2837 5187 3088 5243 Socrates
3115 5181 3634 5241 Pneui‘notomacltos‘

2011 5277 2152 5335 Tunc
2203 5279 2379 5334 dictos
2431 5280 2525 5347 ait,
2559 5277 3053 5336 Macedonianorum
3093 5279 3303 5335 scilicet
3353 5267 3626 5332 vocahu’lo'

2012 5373 2253 5428 nondum
2287 5371 2511 5439 ciorto,
2559 5375 2645 5428 cui
2688 5373 2931 5428 Socratis
2986 5369 3294 5426 testimonio
3319 5365 3428 5423 vim
3469 5353 3618 5426 Haud

2012 5465 2270 5537 exiguam
2294 5473 2481 5522 earum
2513 5469 2818 5536 temporum
2853 5463 3051 5535 scripta
3083 5461 3308 5530 addunt,
3335 5465 3395 5519 ar
3416 5461 3618 5538 Quibus

2015 5557 2635 5615 Pneuma‘toma‘chorum
2689 5557 2794 5612 vox
2835 5551 3096 5628 perpé'tu‘a‘
3139 5547 3258 5625 est;
3283 5547 3620 5616 macedonia-

2016 5668 2201 5708 norum
2234 5651 2399 5707 nulla.
2422 5649 2649 5707 Joviano
2681 5650 2886 5706 interea
2914 5647 3193 5721 defuncto,
3241 5649 3425 5710 habita
3451 5668 3480 5708 a
3511 5653 3615 5711 Se-

2016 5764 2325 5907 calgcgyid.
2379 5765 2561 5833 Socr.,
2595 5765 2690 5822 lib.
2734 5779 2794 5834 ιι,
2821 5751 2940 5840 cap.
2974 5765 3068 5837 ts;
3113 5766 3376 5836 Sozom.,
3411 5759 3507 5826 lib.
3539 5779 3612 5834 ιν.
