4138 6178
535 291 639 348 199

1698 276 2015 335 SANCTUS
2056 277 2379 336 DAMASUS
2418 280 2617 336 PAPA.

3735 289 3843 348 200

532 410 812 468 miarianis
859 406 1226 476 Lampsacena
1287 397 1527 472 synodus
1575 397 1812 467 est'lsub
1852 397 2080 452 Valente
2106 439 2121 462 ,
2154 408 2203 466 Α
2232 399 2335 470 leg.
2374 401 2440 453 ω
2466 411 2520 455 et
2544 402 2633 467 l5,
2665 399 2801 456 Cod.
2834 400 3040 458 Theod.
3086 401 3153 459 de
3185 403 3355 469 Nam,
3410 419 3475 461 ac
3516 404 3761 463 Socratis
3791 420 3849 466 ει

529 522 649 577 qua:
672 500 931 563 decrevit,
960 506 1014 551 ut
1045 493 1226 549 omnia
1276 491 1524 555 Arimini,
1557 502 1610 545 et
1657 491 2128 558 ConstantinOpoli

534 596 604 652 ab
633 593 845 651 Arianis
866 597 1045 660 gesta,
1073 584 1225 640 irrita
1257 594 1462 647 essent,
1489 581 1828 637 Antinehena
1859 584 1910 635 in
1935 582 2127 637 Eucae-

534 687 639 742 niis
668 681 921 746 formula,
965 694 1028 733 ac
1072 676 1431 733 hommusium
1460 674 1735 729 mordicus
1767 675 2127 739 retineretur,

532 786 587 833 et
629 776 826 844 ubique
889 772 1253 840 reciperetur;
1315 769 1631 831 Acacianis,
1688 775 1743 820 et
1798 765 2128 821 Eudoxianis

531 867 867 941 paenitentia:
904 866 1054 921 locus
1082 862 1259 925 datus,
1304 863 1383 916 sin
1433 863 1607 914 minus
1635 861 1830 915 iterum
1873 858 2125 928 depositi.

534 965 671 1021 Hinc
700 977 829 1019 vero
866 959 1126 1025 Valentis,
1151 956 1243 1028 qui
1272 972 1332 1011 se
1376 954 1621 1010 Eudoxio
1673 953 1917 1021 dederat,
1974 952 2130 1023 jussu

533 1069 650 1116 orta
677 1059 728 1112 in
765 1055 1092 1118 Catholicos,
1133 1068 1286 1122 teque
1311 1066 1374 1106 ac
1414 1052 1465 1105 in
1497 1050 1717 1106 eosdem
1764 1049 2131 1104 Semiarianns

531 1156 649 1212 dira
690 1154 778 1209 illa
813 1150 1136 1224 persecutio,
1179 1164 1298 1218 quze
1351 1162 1446 1203 cos
1486 1145 1717 1214 impulit,
1751 1155 1807 1199 ut
1862 1153 1973 1199 tres
2012 1143 2130 1197 illos

533 1247 871 1304 Eustatliium
903 1244 1113 1301 scilicet
1140 1285 1155 1309 ,
1183 1242 1487 1305 Silvanum,
1516 1253 1578 1293 ac
1598 1236 1956 1307 TlteOphilum
1986 1236 2133 1305 lega—

534 1354 620 1397 tos
659 1340 725 1395 ad
756 1338 1048 1404 Liberium,
1099 1344 1153 1390 et
1182 1332 1559 1389 Occidentales
1590 1332 1886 1397 mitterent,
1918 1329 2007 1398 qui
2036 1327 2128 1381 Ni-

538 1450 747 1492 czenam
780 1433 939 1489 ﬁdem
974 1430 1376 1499 proﬁterentur,
1411 1436 1463 1480 et
1492 1422 1766 1478 communi
1809 1432 2129 1474 cmterorum

537 1528 777 1583 omnium
806 1525 1021 1580 nomine
1044 1519 1882 1585 communionemexposcerent.
1903 1512 2131 1580 Recepti

527 1622 710 1702 itaque
755 1621 810 1675 in
840 1620 1055 1687 plenam
1085 1613 1367 1670 catholicae
1402 1609 1661 1664 Ecclesiw
1687 1607 2127 1661 communionem

530 1714 599 1769 ab
629 1698 695 1769 eo
724 1721 870 1778 sunt,
902 1717 960 1765 ut
976 1725 1041 1764 ex
1073 1704 1275 1761 Liberii
1303 1703 1568 1773 ejusdem,
1593 1715 1712 1770 qum
1740 1698 1913 1753 adhuc
1943 1712 2131 1767 super-

2235 492 2522 550 Sozomeni
2547 506 2705 553 aetate
2726 511 2833 553 non
2861 498 2967 553 alio
2996 498 3215 569 nomine
3234 497 3475 555 haeretici
3502 500 3579 556 illi
3603 505 3845 573 compel-

2236 584 2511 641 labantur.

2309 678 2435 733 llzec
2462 688 2641 733 autem
2679 695 2801 735 cum
2834 681 2905 735 ita
2947 680 3078 747 sint,
3110 682 3487 750 Quesnellium
3534 684 3607 757 (c)
3628 728 3642 752 ,
3676 686 3840 743 alios-

2236 785 2341 837 que
2367 786 2554 827 errare
2580 781 2816 839 Oportet,
2850 774 2941 843 qui
2972 774 3109 829 hanc
3138 775 3421 845 epistolam
3451 792 3577 832 cum
3609 778 3840 847 epistola

2235 865 2339 918 alia
2369 866 2720 937 conjunguut.
2755 883 2875 937 qua:
2917 867 2983 923 de
3024 867 3180 923 Vitali
3211 872 3339 941 agit,
3396 887 3667 944 unamque
3721 888 3842 930 esse

2235 955 2450 1011 Damasi
2503 959 2569 1011 ad
2622 959 2898 1014 Paulinum
2959 962 3241 1031 epistolam
3305 975 3573 1032 censent,
3635 964 3841 1036 duplici

2235 1059 2569 1105 constantem
2597 1062 2769 1121 parte.
2824 1052 2889 1108 Ut
2938 1054 3081 1109 enim
3137 1066 3332 1112 caetera
3390 1074 3531 1114 nunc
3561 1059 3841 1127 omittam,

2235 1142 2444 1198 diversa
2476 1146 2616 1199 inter
2644 1160 2949 1217 utramque,
2974 1149 3284 1217 scriptionis
3319 1166 3518 1218 causae,
3550 1162 3603 1209 et
3624 1162 3843 1223 tempo-

2236 1239 2311 1291 ris
2357 1240 2492 1294 ratio
2541 1239 2676 1294 dnas
2719 1256 2841 1297 esse
2882 1244 3116 1313 probant
3160 1245 3401 1314 ejusdem
3452 1249 3720 1316 pontiﬁcis
3767 1250 3838 1305 ad

2236 1332 2484 1386 eumdem
2520 1334 2796 1388 Paulinum
2846 1335 3075 1390 litteras.
3120 1335 3252 1391 Nam
3296 1338 3437 1408 quod
3494 1340 3560 1394 ad
3623 1348 3844 1410 tempus

2234 1425 2447 1491 attinet,
2481 1426 2593 1481 haec
2615 1427 2777 1482 scribi
2818 1430 2903 1483 vix
2938 1430 3109 1496 potuit
3138 1440 3260 1486 ante
3290 1432 3431 1489 hunc
3474 1448 3701 1501 annum,
3732 1435 3838 1492 alia

2236 1531 2365 1571 vero
2394 1532 2537 1571 anno
2558 1519 2664 1573 575
2690 1520 2884 1575 Basilio
2909 1520 3020 1591 jam
3055 1522 3408 1579 innotuerat:
3446 1524 3564 1581 hrcc
3606 1526 3843 1583 Thessa-

2235 1608 2465 1664 lonicam
2500 1612 2661 1666 missa
2693 1624 2811 1679 est,
2844 1615 2948 1667 alia
2974 1614 3308 1671 Antiochiam
3336 1634 3350 1671 :
3376 1617 3573 1673 deinde
3601 1618 3718 1675 haec
3744 1635 3839 1693 sy-

2236 1701 2452 1769 nodica,
2476 1704 2580 1758 alia
2610 1719 2742 1757 vero
2771 1705 3051 1762 familiaris
3078 1719 3162 1763 eSt
3186 1726 3198 1758 τ
3231 1718 3504 1779 postremo
3532 1726 3654 1766 cum
3683 1711 3838 1769 Vita-

531 1816 690 1874 sunt,
725 1806 920 1861 litteris
969 1810 1215 1863 constat;
1258 1797 1486 1853 Basilius
1524 1808 1736 1864 quoque
1782 1793 1834 1847 in
1885 1790 2128 1859 epistolis
2160 1807 2208 1867 B
2236 1793 2300 1847 lis
2322 1796 2392 1849 oh
2436 1810 2590 1849 unam
2622 1798 2939 1867 Apollinarii
2985 1800 3239 1855 haeresim
3272 1800 3482 1859 delatus
3514 1813 3678 1869 esset,
3715 1807 3838 1861 nul--

531 1918 646 1958 rem
680 1916 824 1969 saepe
853 1904 1139 1962 memorat,
1171 1892 1265 1948 sed
1292 1900 1542 1947 accurate
1558 1889 1883 1955 descriptam
1903 1886 2129 1953 legimus

532 1995 675 2066 apud
730 1994 1009 2049 Socratem
1058 1997 1113 2045 et
1174 1987 1537 2043 Snzomenum
1594 1981 1693 2054 (a);
1738 1980 1828 2051 qui
1868 1988 2131 2049 prmterea

528 2088 892 2147 Semiarianos
920 2086 1040 2141 illos
1069 2099 1165 2154 per
1197 2080 1635 2150 anticipationem
1684 2073 1973 2145 quamdam
2007 2070 2126 2124 Ma-

531 2183 839 2240 cedonianos
893 2188 1156 2249 perpetuo
1206 2182 1421 2233 vocant,
1457 2181 1513 2224 ut
1560 2169 1922 2237 intelligamus
1970 2178 2130 2218 unam

530 2278 885 2348 eamdemque
907 2290 1027 2328 esse
1056 2272 1216 2341 hujus
1242 2265 1490 2324 vocabuli
1514 2266 1641 2319 vim.
1690 2262 1772 2318 Ab
1801 2274 1942 2315 anno
1972 2261 2133 2329 igitur

530 2371 658 2436 366,
682 2386 789 2441 quo
846 2369 963 2423 haec
1000 2378 1149 2438 gesta
1197 2371 1342 2427 sunt,
1378 2372 1657 2431 quousque
1706 2356 1903 2409 Valens
1953 2367 2130 2407 rerum

530 2463 735 2534 potitus
782 2462 836 2516 in
883 2459 1104 2515 Oriente
1134 2466 1235 2521 est,
1270 2454 1475 2509 nullum
1508 2449 1875 2508 Semiarianos
1921 2446 2058 2499 inter
2080 2453 2133 2499 et

533 2555 844 2614 Catholicos
896 2553 1182 2623 episcopos
1234 2548 1524 2603 discrimen
1581 2543 1681 2596 fuit
1726 2584 1740 2608 ,
1775 2540 1955 2595 nullus
2017 2538 2134 2606 ejus

532 2650 680 2707 vocis
702 2663 850 2715 usus,
874 2662 996 2702 cum
1022 2659 1210 2699 omnes
1242 2641 1571 2696 haberentur
1593 2644 1652 2691 ut
1680 2636 1902 2688 fratres:
1936 2646 2057 2685 nam
2089 2628 2135 2684 si

533 2745 622 2815 qui
652 2759 773 2799 cum
806 2740 1072 2796 Eunomio
1103 2737 1364 2807 Spiritum
1394 2740 1638 2788 sanctum
1669 2744 1699 2782 a
1731 2724 2015 2781 divinitate
2042 2739 2136 2778 ex—

532 2835 843 2901 cludebant,
893 2849 1002 2886 uno
1029 2825 1651 2885 Pneumatomacborum
1693 2821 1910 2875 nomine
1960 2816 2137 2871 adhuc

534 2927 1017 2998 compellabantur,
1040 2932 1098 2977 ut
1140 2930 1319 2975 antea.
1352 2922 1422 2974 At
1451 2929 1682 2986 quonam
1716 2914 1878 2983 igitur
1904 2909 2134 2978 primum

538 3028 782 3090 tempore
809 3018 924 3073 luce
965 3032 1066 3072 vox
1096 3013 1340 3091 usurpari
1389 3010 1586 3079 (διιδρὶιῖ
1614 3008 1697 3062 Ab
1748 3008 1846 3059 hac
1894 3004 2136 3058 Romana

534 3113 765 3187 synodo,
796 3122 848 3167 et
879 3126 909 3166 a
954 3111 1182 3164 Damaso
1214 3108 1316 3161 hoc
1363 3106 1480 3173 ipso
1519 3117 1681 3156 anno.
1716 3099 1850 3153 Nam
1909 3096 2137 3150 Valente

2235 1886 2282 1939 la
2306 1898 2419 1941 erat
2453 1903 2633 1950 causa,
2659 1905 2757 1943 cur
2782 1890 2847 1944 ad
2891 1899 2969 1945 tot
3007 1892 3330 1960 abjnrandas
3381 1894 3616 1951 haereses
3656 1898 3841 1970 adige-

2235 1991 2403 2047 retur,
2431 1998 2456 2034 a
2482 1982 2676 2052 quilms
2708 1994 2823 2038 erat
2852 1985 3084 2040 alienus.
3135 1986 3272 2041 llinc
3301 1987 3430 2043 nihil
3482 1990 3673 2045 mirum
3728 2002 3836 2057 est,

2234 2072 2281 2127 si
2310 2074 2562 2130 Paulinus
2587 2076 2724 2145 ipse,
2756 2076 2855 2132 hac
2881 2079 3102 2132 minime
3126 2093 3254 2134 usus
3276 2090 3359 2135 est
3385 2095 3567 2136 coram
3597 2082 3832 2154 Epipha-

2237 2168 2349 2232 nio,
2380 2178 2438 2222 ut
2480 2169 2879 2225 Sabellianismi
2918 2182 3121 2237 notam,
3156 2188 3316 2243 quam
3349 2174 3540 2230 Vitalis
3600 2177 3834 2233 vicissim

2236 2261 2308 2314 illi
2340 2263 2721 2331 exprobrabat,
2752 2281 2780 2319 a
2802 2279 2860 2319 se
2890 2266 3226 2328 amoliretur,
3252 2267 3347 2322 sed
3374 2282 3438 2323 ea
3472 2268 3595 2324 fidei
3629 2269 3840 2339 profes-

2236 2353 2411 2417 sione,
2435 2370 2593 2423 quam
2625 2356 2827 2424 pridem
2856 2356 3153 2412 Athanasio
3180 2359 3473 2425 obtulerat,
3503 2374 3624 2415 sese
3649 2362 3838 2415 catho-

2237 2442 2400 2497 licum
2431 2444 2737 2513 probaverit
2763 2442 2843 2517 (ά)
2880 2464 2892 2501 :
2941 2448 3176 2503 nondum
3204 2450 3350 2504 enim
3388 2466 3534 2505 anno
3555 2452 3682 2519 376,
3729 2469 3839 2523 quo

2238 2552 2350 2590 rem
2375 2552 2553 2592 coram
2578 2554 2637 2593 se
2658 2548 2830 2594 actam
2860 2540 3191 2610 Epiphanius
3223 2552 3425 2607 narrat,
3460 2544 3676 2616 plenam
3700 2544 3841 2602 hanc

2237 2644 2265 2682 a
2288 2630 2518 2685 Damaso
2540 2632 2800 2688 ectltesim
2820 2644 3123 2705 acceperat,
3155 2652 3311 2705 quam
3354 2638 3592 2706 profiteri
3632 2648 3838 2708 posset.

2240 2725 2382 2780 Duas
2431 2728 2590 2795 igitur
2620 2728 2830 2782 Damasi
2880 2729 2946 2783 ad
2976 2729 3255 2784 Paulinum
3305 2730 3513 2786 litteras
3539 2734 3733 2805 merito
3758 2732 3841 2787 di-

2240 2819 2461 2886 stinguit
2490 2819 2815 2876 leestinus
2858 2822 3094 2892 pontifex
3127 2823 3242 2878 hare
3278 2827 3561 2880 scribens:
3620 2826 3843 2885 Prterie-

2239 2929 2407 2967 cessor
2432 2932 2571 2969 meus
2620 2917 2871 2971 Damasus
2894 2918 3116 2972 scribens
3142 2918 3211 2971 ad
3244 2916 3522 2974 Paulinum
3553 2920 3842 2976 Antioche-

2240 3022 2318 3060 ηαξ
2347 3006 2591 3061 Ecclesia:
2620 3011 2911 3077 episcopum
2959 3011 3092 3064 inter
3120 3020 3303 3065 cwtera
3327 3012 3436 3065 ait:
3477 3013 3837 3068 Anathemati—

2238 3116 2415 3152 sanius
2440 3116 2541 3165 eos,
2576 3101 2663 3171 qui
2686 3101 2813 3154 duos
2840 3102 2976 3171 ﬁlios
2999 3101 3096 3157 Dei
3129 3113 3361 3157 asserunt
3386 3144 3402 3169 ,
3434 3106 3650 3158 alterum
3665 3106 3753 3176 qui
3775 3122 3840 3160 ea:

536 3206 814 3268 defuncto,
845 3219 967 3259 cum
1011 3201 1300 3258 Gratianus
1345 3194 1675 3259 Manichaais,
1706 3188 2043 3246 Photinianis
2080 3194 2133 3242 et
2162 3197 2207 3262 ο
2244 3190 2398 3245 Patre
2426 3203 2542 3246 ante
2568 3195 2755 3247 sweula
2786 3203 2859 3247 est
2890 3198 3109 3266 genitus,
3138 3205 3183 3249 et
3225 3196 3446 3249 alterum
3496 3198 3586 3263 qui
3638 3214 3838 3253 assum-

536 3298 888 3356 Eunomianis
922 3296 1187 3364 exceptis,
1234 3288 1542 3347 necessitati
1594 3300 1777 3341 rerum
1825 3298 1889 3339 ac
1922 3292 2132 3351 tempo—

533 3409 654 3449 rum
671 3392 1003 3462 compulsus,
1030 3389 1148 3458 lege
1180 3387 1280 3441 lata
1311 3382 1690 3443 concessisset,
1717 3389 1957 3446 utquam
1987 3376 2134 3445 quis-

533 3500 640 3556 que
671 3483 1179 3552 vellet,religionem
1214 3478 1556 3547 proﬁteretur
1580 3474 1676 3546 (b),
1705 3468 2029 3527 Semiariani
2059 3466 2134 3521 illi

534 3576 764 3634 seorsim
806 3591 838 3630 a
860 3573 1157 3630 Catholicis
1187 3572 1446 3627 collectas
1484 3583 1643 3638 agere
1677 3566 2046 3626 instituerunt,
2072 3575 2134 3615 ac

534 3670 897 3729 conciliabulo
922 3666 1224 3724 Antiochiae
1264 3667 1315 3718 in
1346 3664 1500 3719 Caria
1524 3661 1821 3725 celebrato,
1871 3648 2132 3713 decreveé

545 3778 672 3826 runt
707 3781 896 3823 vocem
944 3759 1392 3819 consubstantialis
1437 3754 1784 3827 rejiciendam
1842 3766 1984 3815 esse,
2034 3761 2135 3803 nec

536 3861 648 3918 ullo
686 3859 849 3915 modo
878 3853 1389 3915 communicandum
1434 3866 1555 3904 cum
1588 3848 1674 3913 iis,
1728 3846 1817 3915 qui
1860 3844 2132 3898 Niczenam

539 3954 700 4008 ﬁdem
751 3951 1152 4021 profiterentur.
1200 3945 1327 3999 llaec
1372 3943 1532 4012 igitur
1574 3937 1785 4009 publica
1838 3946 1996 4005 atque
2046 3935 2138 3988 ite-

534 4056 648 4103 rata
671 4048 907 4115 antiquae
940 4041 1163 4097 hazresis
1187 4037 1476 4110 professio,
1506 4046 1557 4090 et
1582 4050 1611 4088 a
1646 4032 1939 4090 Catliolicis
1977 4045 2136 4100 sepa-

533 4141 695 4207 ratio,
729 4139 904 4211 prima
950 4136 1111 4208 hujus
1151 4131 1587 4188 anathematismi
1632 4129 1807 4198 origo.
1864 4135 1920 4182 et
1972 4140 2132 4179 causa

536 4232 804 4293 censenda
856 4240 940 4288 est
994 4242 1267 4297 :cumque
1314 4222 1735 4280 conciliabulum
1778 4219 1910 4274 illud
1973 4227 2134 4272 extra

537 4342 737 4383 annum
781 4324 885 4381 379
932 4314 1190 4378 collocari
1238 4326 1389 4375 certe
1439 4333 1545 4371 non
1587 4315 1796 4385 possit,
1847 4309 2133 4366 manifesto

535 4422 697 4479 etiam
736 4416 1225 4492 deprehendimus,
1257 4410 1766 4468 anathematismum
1795 4406 1991 4476 ipsum,
2023 4418 2132 4474 quo

537 4513 768 4584 primum
804 4506 1303 4571 Pneumatomachi,
1328 4521 1353 4557 a
1395 4501 1709 4559 Macedonio
1746 4499 1971 4553 haeresis
1996 4497 2133 4551 duce

2234 3286 2409 3355 ptione
2431 3286 2600 3339 carnis
2629 3295 2780 3340 natus
2806 3295 2879 3339 est
2905 3302 2967 3340 ex
3008 3285 3235 3358 Virgine;
3265 3303 3384 3358 qua!
3405 3304 3469 3343 ex
3490 3289 3660 3359 prima
3691 3291 3836 3360 epis-

2240 3379 2345 3432 tola
2376 3387 2584 3447 sumpta
2629 3390 2790 3433 sunt:
2829 3390 2938 3433 tum
2960 3380 3129 3449 pergit
3159 3396 3174 3435 :
3228 3379 3361 3434 Item
3389 3384 3500 3450 ipse
3536 3383 3837 3450 apostolicae

2238 3475 2497 3527 memoria:
2526 3476 2603 3527 vir
2631 3472 2888 3527 Damasus
2917 3475 2970 3527 in
3008 3474 3172 3528 altera
3198 3475 3415 3544 epistola
3444 3475 3511 3528 ad
3557 3474 3840 3530 Paulinum

2239 3567 2730 3620 anathematizamus
2762 3582 2866 3633 eos,
2900 3567 2985 3634 qui
3002 3567 3134 3621 duos
3165 3568 3217 3620 in
3243 3567 3515 3622 Saluatore
3543 3569 3679 3637 filios
3708 3587 3867 3649 conn

2239 3658 2467 3727 ﬁtentur,
2495 3659 2654 3712 alium
2683 3668 2799 3713 ante
2826 3657 3266 3725 Incarnationem,
3307 3671 3355 3714 et
3383 3662 3547 3714 alium
3599 3670 3711 3733 post
3754 3679 3843 3717 as-

2238 3752 2578 3818 sumptionem
2622 3752 2792 3805 carnis
2818 3767 2880 3805 ea:
2915 3750 3149 3822 Virgine,
3182 3762 3228 3805 et
3265 3768 3367 3806 non
3392 3753 3622 3806 eumdem
3645 3752 3743 3807 Dei
3774 3754 3843 3823 [i-

2240 3841 2389 3908 lium,
2420 3850 2467 3894 et
2493 3851 2663 3909 antea,
2706 3852 2913 3914 etpost.
2952 3844 3224 3913 Duplicem
3261 3844 3423 3900 etiam
3456 3845 3670 3900 Damasi
3717 3846 3839 3916 epi-

2239 3934 2431 3988 stolam
2466 3944 2735 4001 numerat,
2766 3951 3034 4006 unamque
3062 3939 3129 3994 ab
3154 3939 3320 3994 altera
3350 3940 3629 4011 distinguit
3652 3939 3838 3998 Codex

2238 4027 2516 4083 Canonum
2566 4028 2824 4085 Ecclesiae
2881 4030 3134 4101 Hispana:
3190 4048 3219 4086 a
3274 4034 3390 4088 viro
3442 4034 3576 4090 clar.
3632 4034 3837 4107 Josepb

2238 4119 2445 4176 Cennio
2476 4138 2647 4187 nuper
2670 4125 2886 4195 egregie
2907 4125 3226 4181 illustratus.

2312 4214 2376 4267 V.
2413 4214 2529 4269 Dixi
2554 4230 2714 4286 supra
2737 4218 3004 4273 celebrem
3035 4233 3151 4272 eam
3192 4218 3314 4273 ﬁdei
3353 4220 3745 4292 expositionem
3783 4223 3838 4278 in

2239 4310 2447 4380 synodo
2469 4310 2846 4380 episcoporum
2874 4326 2902 4364 a
2933 4311 3164 4367 Damaso
3190 4312 3471 4382 scriptam,
3499 4322 3661 4383 atque
3688 4314 3755 4368 ad
3786 4314 3840 4369 id

2239 4404 2574 4473 probandum
2613 4404 2787 4474 Vigilii
2834 4419 2985 4475 papa:
3031 4405 3398 4461 testimonium
3426 4407 3605 4462 attuli.
3638 4406 3837 4462 Verum

2238 4496 2353 4563 ejus
2382 4497 2543 4552 verba
2570 4495 2841 4552 recitanda
2873 4514 2902 4551 a
2932 4514 3017 4554 me
3043 4507 3189 4565 sunt,
3216 4513 3338 4554 eum
3367 4514 3432 4555 ex
3456 4498 3521 4553 iis
3540 4499 3642 4554 alia
3674 4500 3837 4554 etiam

539 4606 900 4663 Macedoniam
925 4604 1056 4660 dicti
1086 4611 1235 4666 sunt,
1266 4615 1370 4656 non
1401 4600 1490 4655 ditt
1521 4608 1705 4668 postea
1753 4595 1967 4665 publice
2010 4609 2134 4662 pro-
2159 4598 2215 4658 Β
2239 4590 2415 4658 colligi
2450 4591 2679 4658 possint,
2711 4605 2830 4660 qua:
2860 4590 2926 4644 ad
2960 4589 3241 4645 historiam
3275 4590 3645 4645 illustrandum
3677 4591 3841 4660 perti-

536 4698 792 4768 positum,
839 4696 1325 4763 denuntiatumque
1377 4690 1657 4745 catholicae
1702 4686 1959 4741 Ecclesiae
2010 4699 2133 4739 esse

538 4791 795 4859 potuisse.
831 4788 966 4843 Hinc
986 4787 1356 4843 Nazianzenus
1376 4798 1497 4837 cum
1526 4781 1822 4835 Ecelesiam
1861 4778 2130 4835 Constan-

535 4884 943 4954 tinopolitanam
991 4880 1419 4939 administraret,
1443 4885 1496 4931 et
1526 4874 1825 4929 orationem
1858 4887 1999 4926 anno
2040 4871 2131 4924 illo

536 4987 625 5033 aut
652 4977 822 5030 altero
854 4973 1097 5037 haberet,
1120 4986 1241 5042 quae
1263 4971 1441 5037 quinta
1473 4968 1539 5022 de
1568 4966 1864 5035 Theologia
1910 4964 2128 5030 dicitur,

534 5069 887 5142 quies-tionem
932 5064 999 5120 de
1027 5063 1229 5133 Spiritu
1264 5070 1454 5116 sancto
1485 5059 1683 5131 pridem
1741 5072 2043 5129 oppressam
2085 5062 2133 5107 et

534 5164 831 5224 extinctam,
868 5170 1066 5230 atquea
1094 5155 1196 5227 ﬁde
1242 5164 1553 5209 summotum
1603 5164 1647 5206 et
1689 5151 2009 5205 exturbatum
2040 5165 2135 5201 vo-

534 5265 642 5326 cat,
693 5272 757 5314 ac
788 5262 1070 5327 prepterea
1122 5260 1242 5303 tunc
1273 5247 1508 5301 renovari
1561 5246 1717 5310 dolet,
1751 5254 1798 5297 et
1830 5242 2130 5313 ingemiscit.

534 5349 618 5404 Ab
660 5365 725 5405 eo
750 5364 881 5404 vero
928 5356 1169 5415 tempore
1227 5339 1717 5394 Macedonianorum
1762 5350 1870 5389 vox
1928 5333 2125 5402 pas.~im

537 5452 789 5515 usurpata
811 5453 894 5498 est
917 5460 929 5497 :
964 5456 1084 5496 nam
1117 5436 1456 5523 Theodosius
1484 5449 1550 5489 eo
1576 5431 1836 5487 vocabulo
1880 5430 2047 5484 utitur
2074 5431 2125 5483 in

535 5535 575 5593 l.
608 5536 698 5604 11,
733 5536 1004 5607 proposita
1034 5535 1122 5591 die
1159 5534 1232 5589 22
1271 5531 1399 5588 Julii
1428 5544 1570 5585 anno
1591 5528 1717 5591 385,
1752 5542 1814 5581 ac
1845 5524 2041 5580 deinde
2071 5524 2128 5579 in

609 5674 689 5748 (ᾳ)
726 5672 907 5748 §ocr.,
931 5673 1031 5748 lib.
1054 5687 1130 5737 tv,
1162 5666 1785 5748 cap:12;‘Soz.,lib_.vt,
1820 5679 1939 5733 cap.
1976 5662 2063 5717 Η.

610 5734 682 5812 (ὅ
724 5734 905 5808 εσσε-,ζ
930 5744 1023 5795 Ιὶιι.
1048 5734 1242 5813 ι’,ὸθρξ
1267 5741 1360 5808 24;
1392 5741 1633 5810 Sozom.,
1669 5738 1760 5794 lib.
1794 5752 1898 5803 vn,
1928 5734 2121 5806 cap.2.

609 5744 684 5893 (ei
726 5813 865 5871 Diss.
900 5809 990 5869 14.

2240 4692 2389 4737 nent.
2420 4682 2499 4737 En
2530 4699 2657 4738 vero
2690 4684 2779 4738 illa
2809 4699 2877 4739 ex
2909 4684 3073 4753 priori
3105 4683 3224 4753 ejus
3250 4682 3548 4738 constituto
3570 4682 3674 4753 (e):
3704 4683 3835 4737 Pero

2235 4779 2421 4849 spectis
2465 4781 2850 4847 prwdecessoris
2879 4781 3039 4834 nostri
3064 4780 3127 4836 Β.
3161 4779 3237 4835 Μ.
3268 4778 3484 4835 Damasi
3506 4780 3841 4852 synodalibus

2235 4873 2540 4930 constitutis.
2566 4888 2680 4942 qua:
2710 4884 2821 4943 post
2847 4871 2898 4926 Ν
2904 4875 3121 4927 icaenum
3142 4873 3415 4928 concilium
3436 4873 3501 4927 de
3516 4883 3692 4927 sancto
3714 4872 3844 4942 Spi-

2233 4969 2336 5021 ritu
2367 4966 2700 5020 tractantibus
2744 4977 2791 5021 et
2836 4966 3245 5021 convenientibus
3282 4967 3336 5021 in
3366 4968 3490 5020 urbe
3529 4965 3697 5021 Roma
3724 4966 3841 5038 epi-

2232 5060 2401 5130 sc0pis
2430 5059 2716 5124 catholicis,
2749 5067 2797 5110 et
2825 5057 2889 5112 Β.
2935 5056 3012 5110 Μ.
3047 5058 3315 5112 Ambrosio
3334 5057 3735 5112 Mediolanensis
3762 5058 3839 5111 ci-

2232 5154 2401 5206 vitatis
2429 5153 2657 5205 antistite
2683 5163 2801 5205 sunt
2836 5152 2995 5217 edita,
3024 5152 3193 5207 inveni
3223 5152 3514 5224 plenissime
3543 5152 3839 5222 deﬁnitum,

2234 5260 2317 5297 eos
2338 5245 2424 5313 qui
2452 5244 2581 5297 duos
2610 5241 2781 5296 Filios
2811 5243 3081 5314 afﬁrmant
3111 5261 3273 5299 unum
3301 5256 3424 5299 ante
3448 5243 3660 5307 saecula,
3692 5254 3741 5298 et
3760 5244 3841 5299 al-

2234 5347 2399 5391 terum
2431 5346 2543 5404 post
2573 5338 2969 5407 assumptionem
2991 5340 3163 5393 carnis
3187 5355 3249 5393 ea:
3286 5338 3517 5411 Virgine,
3541 5337 3843 5393 anathema-

2234 5432 2297 5483 tis
2327 5446 2475 5499 paena
2500 5446 2795 5503 percussos;
2814 5446 2932 5500 quin
2961 5446 3025 5486 ex
3042 5432 3497 5486 anathematismo
3508 5439 3666 5485 sexto
3692 5445 3843 5485 sum-

2236 5532 2327 5594 pta
2355 5533 2501 5579 sunt.
2534 5523 2716 5579 Primo
2759 5524 2940 5595 itaque
2972 5523 3345 5595 intelligimus,
3379 5523 3484 5579 hoc
3516 5522 3835 5585 concilium,

2306 5660 2386 5733 (ά)
2426 5660 2545 5733 vid.
2581 5661 2801 5731 Epiph.,
2825 5661 2961 5716 hair.
2993 5660 3083 5725 77,
3116 5676 3262 5718 num.
3285 5661 3378 5719 20.

2306 5730 2376 5805 (ρ)
2421 5730 2707 5808 C_«_tnstitut.
2739 5748 2850 5808 pro
2883 5733 3123 5792 damnat.
3158 5734 3318 5792 trium
3342 5734 3503 5808 Ωδμ,
3536 5734 3630 5807 ‘26,
3654 5734 3826 5796 Conc.

2236 5802 2372 5860 Ven.
2407 5804 2536 5860 edit.
2574 5814 2706 5860 tom.
2739 5804 2827 5861 Vl.
