4138 6178
309 205 413 259 201

1662 203 2195 289 ιἰὶΟΙιΕϐΟΜΕΝΧ.

3513 204 3620 263 2οὲ

309 335 342 373 a
387 336 496 390 quo
547 319 1038 375 anathematismns
1080 321 1169 374 ille
1209 319 1577 390 promulgatas
1626 329 1731 376 est.
1785 319 1911 372 illud
1942 321 1996 379 Α
2029 320 2277 384 tempori,
2335 319 2550 388 suaeque
2580 335 2757 374 causan
2804 321 3137 376 reddendum
3186 329 3289 374 est.
3340 321 3414 374 Eo
3464 322 3621 392 igitur

311 411 491 480 ipsum
525 427 670 476 esse,
704 413 761 465 in
817 429 924 476 quo
955 411 1169 466 collecti
1199 413 1438 480 episcopi
1469 424 1578 483 post
1628 411 1925 478 Nicwnum,

315 510 607 556 tractarunt
638 513 684 558 et
709 502 1024 558 addiderunt
1045 504 1197 557 etiant
1218 504 1281 557 de
1305 503 1507 570 Spiritu
1539 515 1736 568 sancto,
1767 516 1929 573 atque

310 593 368 649 id
401 597 743 649 verissimum
774 611 920 660 esse,
946 596 1094 666 plura
1118 596 1184 650 ad
1202 597 1320 666 ejus
1345 597 1690 650 divinitatem
1716 607 1770 650 ct
1799 590 1956 650 ado?

315 689 584 742 rationem
622 689 903 742 atlinentia
935 690 1111 756 capita
1151 689 1366 745 abunde
1397 690 1627 761 probant
1662 709 1674 742 :
1716 705 1813 744 nec
1842 705 1927 744 me

317 776 390 835 ab
427 780 526 836 hac
557 783 823 836 sententia
863 792 1102 848 revocat,
1141 783 1286 853 quod
1328 784 1379 838 in
1424 783 1668 853 ejusdem
1712 785 1931 854 exposi—

320 872 486 928 tionis
525 875 674 927 initio
714 890 822 928 non
854 875 1150 929 addidimus
1180 877 1440 942 scriptum
1471 875 1564 941 sit,
1594 877 1688 932 sed
1718 877 1933 931 addide-

321 975 464 1030 runt,
497 964 637 1032 quod
685 969 909 1021 verbum
956 967 1099 1021 aliud
1147 969 1432 1023 concilium
1485 969 1732 1039 designat
1782 981 1934 1025 ante-

323 1059 447 1112 riori
480 1067 729 1128 tempore
768 1059 1013 1114 habitum
1064 1078 1076 1114 :
1118 1061 1383 1131 siquidem
1417 1076 1538 1116 cum
1570 1061 1709 1128 apud
1757 1063 1934 1116 Theo-

321 1150 569 1205 doretum
600 1152 745 1205 aliud
763 1153 833 1208 sit
854 1153 1190 1208 Damasiantc
1213 1153 1449 1208 ectltcsis
1471 1156 1706 1219 initium,
1730 1171 1788 1209 ea
1813 1172 1932 1226 qua:

321 1243 411 1301 ille
441 1247 651 1301 omittit
678 1247 874 1302 indicio
904 1249 1058 1302 nobis
1088 1259 1234 1312 sunt,
1272 1266 1368 1318 pro
1395 1251 1547 1303 vario
1581 1251 1931 1320 transcriplo-

322 1356 445 1394 rum
480 1341 696 1409 ingenio
722 1340 1002 1395 exordium
1035 1341 1200 1395 fuisse
1223 1341 1518 1410 adjecmm,
1549 1357 1646 1396 nec
1677 1341 1807 1394 illud
1835 1356 1932 1411 pro

327 1433 573 1502 ejusdem
607 1432 838 1486 ecthesis
877 1444 1029 1502 parte
1064 1433 1391 1488 habendum.
1427 1433 1496 1487 At
1535 1435 1676 1503 quod
1715 1436 1932 1504 gravius

327 1536 437 1588 est,
481 1525 672 1579 deinde
707 1525 774 1577 ab
803 1540 868 1579 eo
894 1524 1075 1595 Vigilii
1113 1526 1232 1580 loco
1262 1527 1661 1596 cognoscimus,
1704 1527 1933 1581 Ambro-

323 1620 487 1684 sium,
520 1620 641 1674 huic
669 1619 903 1673 concilio
936 1619 1194 1681 adfuisse,
1227 1619 1368 1688 quod
1407 1619 1606 1688 duplici
1637 1619 1743 1673 alio
1773 1635 1927 1690 argu-

324 1723 508 1768 mento
538 1712 851 1766 conﬁrmari
886 1722 1065 1781 potest
1096 1730 1108 1763 :
1156 1713 1328 1782 primo
1358 1713 1500 1782 quod
1523 1728 1648 1766 cum
1673 1713 1790 1782 ejus
1813 1714 1926 1783 epi-
1957 1708 2003 1766 B

325 1805 460 1860 Stola
503 1805 570 1858 ad
603 1805 917 1860 Gratianum
946 1805 1267 1872 Augustum,
1303 1805 1370 1858 de
1401 1819 1505 1874 qua
1553 1805 1796 1874 sequenti
1835 1822 1926 1859 ca-

327 1896 437 1965 pite
467 1912 646 1966 agam,
679 1909 859 1950 certos
887 1911 985 1948 nos
1031 1896 1208 1961 l'aciat,
1254 1895 1495 1948 [latitatio
1526 1894 1651 1949 huic
1693 1895 1926 1949 concilio

327 1990 622 2043 innumeros
642 2005 706 2042 ea:
727 1987 931 2054 (li/fusis
954 1987 1127 2042 Italia:
1147 1988 1377 2060 partibus
1395 1989 1662 2057 episcopos
1676 1988 1923 2055 adfuisse,

329 2084 479 2137 nulla
502 2093 580 2138 est
600 2083 762 2148 ratio,
792 2098 888 2137 cur
914 2083 982 2136 ab
1013 2097 1200 2136 corttm
1225 2096 1450 2135 numero
1471 2081 1926 2145 Mediolanensem

332 2179 620 2247 prmsulcm
666 2179 1046 2246 excipiamus:
1090 2177 1332 2231 secundo
1378 2176 1520 2246 quod
1571 2176 1797 2245 epistola
1841 2176 1929 2229 illa

331 2270 572 2340 ejusdem
602 2282 1005 2340 consequenter
1028 2269 1300 2324 Ambrosii
1336 2269 1494 2324 ltetns
1532 2271 1766 2339 reputari
1806 2284 1930 2338 pos-

329 2364 426 2424 sit,
459 2364 715 2434 quidquid
743 2364 846 2418 BB.
880 2365 1178 2419 editoribus
1207 2363 1378 2417 visunt
1403 2364 1492 2417 sit.
1529 2363 1780 2416 Paulinus
1811 2378 1934 2432 pro—

327 2456 474 2512 fecto
496 2475 659 2512 unum
684 2457 849 2512 refert
864 2458 1151 2512 Ambrosio
1171 2459 1468 2512 Romanum
1499 2457 1620 2522 iter,
1646 2457 1788 2528 quod
1815 2468 1939 2525 post

327 2549 534 2620 aliquot
554 2551 624 2604 ab
643 2549 984 2605 ordinatione
1004 2550 1219 2618 elapsos
1241 2565 1412 2604 annos
1429 2551 1685 2614 collocat,
1722 2550 1934 2616 quodve

328 2641 1020 2713 proptereaTillemontius,
1034 2653 1082 2696 et
1105 2642 1206 2696 BB.
1224 2640 1508 2696 conferunt
1521 2641 1575 2694 in
1592 2657 1791 2695 annum
1806 2640 1930 2696 382.

328 2732 398 2788 At
414 2737 454 2788 si
475 2735 595 2803 quis
614 2733 820 2787 l’anlini
845 2735 1006 2788 verba
1025 2733 1289 2796 attendat,
1312 2731 1446 2786 nihil
1469 2732 1771 2801 exsculpet,
1791 2729 1935 2802 quod

325 2841 520 2881 eorum
555 2825 877 2880 sententiam
918 2827 1104 2895 probet
1135 2827 1306 2896 ntagis
1342 2840 1500 2894 quam
1552 2834 1815 2890 nostram,
1846 2823 1935 2892 qtti

327 2921 680 2975 Ambrosium
713 2921 937 2975 Romam
966 2921 1183 2975 venisse
1209 2921 1460 2985 dicimus,
1495 2927 1606 2972 tum
1642 2919 1745 2972 hoc
1772 2933 1934 2985 anno,

328 3024 496 3086 atque
525 3016 812 3070 occasione
839 3015 1057 3070 concilii
1102 3032 1130 3068 a
1177 3017 1411 3070 Damaso
1460 3025 1586 3070 tunc
1633 3014 1936 3079 convocati,

2037 408 2322 464 Paulinum
2369 427 2588 480 quoque
2639 413 3032 468 Antiochenum
3082 416 3298 468 venisse
3329 427 3480 485 pulo,
3518 427 3625 468 tum

2031 500 2172 570 quod
2216 503 2329 556 haec
2362 502 2649 557 Antiochia
2697 505 2923 559 llotnam
2957 505 3104 560 eunti
3153 508 3400 560 terrestri
3437 507 3631 560 itinet'c

2031 592 2118 646 via
2147 605 2312 659 esset,
2341 603 2450 647 tum
2493 603 2551 648 ut
2600 595 2984 667 Hieronymum
3031 613 3183 652 suum
3215 596 3426 652 videret
3472 599 3524 650 itt
3567 613 3633 653 ea

2034 685 2165 740 urbe
2195 695 2319 740 tunc
2369 699 2819 742 commorantem.
2865 688 3002 756 Quin
3033 705 3155 742 cum
3188 703 3288 757 ego
3335 688 3455 758 lego
3484 687 3634 742 deci-

2035 793 2174 832 mam
2205 779 2416 832 tertiam
2447 779 2696 850 Gregorii
2725 781 3050 846 orationem,
3080 782 3348 850 videoque
3380 782 3526 835 illum
3564 784 3633 840 de

2033 869 2374 925 Antiocheno
2418 873 2714 928 schismate
2761 889 2951 928 recens
3013 883 3287 928 transacto
3334 875 3637 932 luculenter

2034 973 2304 1032 agentem,
2337 979 2400 1018 ac
2441 964 2579 1019 duos
2627 966 2869 1036 ejusdem
2925 966 3161 1021 civitatis
3204 967 3486 1038 episcopos
3530 972 3631 1024 im-

2035 1068 2202 1123 pense
2243 1055 2575 1119 laudantem,
2621 1072 2685 1110 ac
2723 1057 2835 1126 pari
2883 1057 2936 1111 in
2989 1057 3196 1112 honore
3249 1060 3634 1126 collocantent,

2035 1147 2283 1201 eumdem
2307 1148 2586 1203 Paulinum
2604 1149 2856 1204 familiari
2877 1149 3636 1219 Nazianzeniconsuetudine,

2037 1252 2143 1291 non
2184 1254 2342 1293 secus
2383 1255 2445 1294 ac
2489 1241 2868 1312 Hieronymus,
2917 1258 2978 1297 ac
3025 1243 3270 1297 Meletius
3314 1245 3448 1314 ipse,
3482 1262 3635 1300 usum

2039 1329 2203 1387 luisse
2218 1335 2467 1402 suspicor
2488 1335 2539 1387 in
2569 1350 2631 1390 ea
2660 1336 2811 1400 urbe,
2843 1349 3132 1405 antequam
3157 1337 3282 1393 inde
3304 1339 3631 1396 discederet.

2631 1442 2863 1498 CAPUT
2905 1444 3041 1498 XVI.

2038 1531 2076 1584 Ι.
2106 1532 2284 1604 Agitur
2307 1533 2370 1586 de
2398 1533 2648 1588 Romanii
2671 1537 2890 1590 concilii
2918 1539 3136 1604 epistola
3166 1539 3230 1592 ad
3262 1539 3578 1596 Gratianum
3607 1561 3639 1596 a

2110 1623 2391 1678 Sirmondo
2420 1626 2560 1678 edita
2596 1627 2649 1679 in
2695 1626 2980 1697 appendice
3012 1627 3215 1683 Codicis
3270 1630 3638 1700 Theodosiani,

2103 1731 2261 1784 eaque
2285 1718 2610 1788 expenditur,
2641 1718 2966 1786 illustratur,
3001 1731 3150 1789 atque
3179 1722 3300 1776 huic
3338 1724 3437 1788 ipsi
3469 1727 3642 1780 ranci-

2099 1806 2169 1860 lio
2194 1808 2515 1862 attribuitur.
2549 1809 2612 1863 ll.
2660 1810 2934 1880 (ἱοηίμνιιιν
2979 1829 3096 1866 cum
3141 1814 3485 1884 Aquileiensis
3516 1834 3640 1876 con-

2099 1902 2204 1954 cilii
2236 1905 2450 1972 epistola
2473 1946 2486 1967 ,
2513 1913 2566 1957 ut
2594 1904 2712 1957 inde
2739 1909 2870 1957 ratio
2919 1907 3272 1978 intelligatur,
3300 1925 3392 1961 cur
3417 1907 3640 1963 Romani

2097 1994 2252 2061 huius
2271 1997 2476 2050 concilii
2506 1995 2684 2050 Patres
2707 2013 2798 2067 pro
2821 1995 3049 2050 Damaso
3071 1998 3314 2052 adversus
3338 1999 3634 2054 Ursicinum

2103 2097 2221 2140 tunc
2248 2090 2543 2159 scripserint
2567 2105 2585 2155 ,'
2609 2098 2657 2142 et
2679 2105 2768 2142 cur
2795 2099 3043 2157 prwterea
3071 2092 3179 2144 hcec
3206 2093 3383 2146 eadem
3416 2094 3634 2163 epistola

2103 2179 2197 2232 hoc
2227 2197 2362 2234 anno
2397 2182 2591 2251 scripta
2628 2183 2821 2235 censeri
2844 2182 3042 2248 debeat,
3063 2201 3121 2236 ac
3146 2186 3302 2238 tribui
3345 2185 3627 2240 Ambrosio.

2104 2269 2192 2324 lll.
2237 2271 2539 2326 Ostenditur
2584 2273 2866 2327 Damasum
2940 2292 3217 2344 numquam
3269 2276 3332 2329 de
3379 2278 3638 2333 adulterio

2105 2375 2398 2420 accusatum
2432 2367 2592 2436 fuisse
2621 2382 2640 2431 ;
2679 2378 2730 2421 et
2775 2369 3020 2436 anonymi
3047 2368 3536 2425 Amstelodamensis
3566 2379 3639 2425 te-

2106 2459 2313 2513 meritas
2343 2471 2388 2514 et
2417 2461 2622 2514 inscitia
2651 2471 2879 2514 notatur.

2110 2549 2150 2602 Ι.
2198 2551 2278 2604 Ad
2338 2549 2440 2605 hoc
2492 2561 2752 2621 praetcrea
2801 2553 3091 2606 concilium
3151 2554 3494 2610 referendam
3541 2572 3640 2626 ego

2040 2650 2170 2711 puto
2197 2643 2484 2712 epistolam
2517 2643 2662 2698 illam
2695 2645 2762 2696 ad
2788 2643 3098 2697 Gratianum
3119 2655 3166 2698 et
3201 2644 3640 2714 Valentinianum,

2040 2748 2199 2804 quam
2247 2734 2571 2790 Sirmondus
2618 2735 2842 2790 Romani
2887 2737 3091 2789 concilii
3124 2740 3342 2793 nomine
3373 2740 3425 2794 in
3468 2740 3642 2795 lucem

2041 2827 2266 2895 protulit
2305 2828 2398 2898 (c),
2431 2843 2494 2882 ae
2539 2827 2736 2882 deinde
2781 2838 2890 2881 tum
2942 2830 2992 2882 in
3039 2827 3246 2884 Veneta
3275 2829 3641 2886 Coneiliorutn

2042 2919 2302 2984 editione,
2343 2929 2452 2972 tum
2494 2921 2634 2974 inter
2684 2920 2895 2974 Damasi
2943 2919 3205 2989 epistolas
3251 2937 3280 2975 a
3326 2922 3644 2978 Constantio

2044 3010 2338 3082 impressas
2364 3012 2611 3081 legimus.
2645 3011 2752 3067 Gnr
2775 3028 2906 3068 vero
2938 3028 3002 3068 ea
3034 3012 3220 3068 referri
3246 3031 3352 3068 non
3378 3018 3544 3084 possit
3575 3015 3640 3071 ad

331 3120 448 3162 tum
486 3124 632 3163 anno
673 3108 798 3173 589,
837 3118 894 3160 ιιι
942 3109 1096 3163 alteri
1149 3123 1368 3178 quoque
1418 3107 1651 3161 concilio
1700 3106 1936 3162 adesset.
1967 3094 2012 3157 C
2047 3118 2247 3157 annum
2277 3104 2402 3170 57S,
2439 3114 2496 3158 ut
2521 3104 2767 3175 plerique
2793 3115 3040 3172 censent,
3065 3109 3300 3161 rationes
3328 3107 3437 3177 jam
3468 3121 3652 3178 pratu-

328 3199 498 3256 Certe
519 3201 658 3255 idem
686 3199 945 3255 Paulinus
970 3217 1128 3255 unam
1159 3210 1361 3254 tantum
1386 3199 1658 3254 Ambrosii
1680 3199 1745 3253 ad
1776 3199 1943 3254 Maxi-

330 3309 488 3348 mum
521 3293 843 3363 legationem
876 3303 1173 3358 memorat,
1207 3309 1273 3346 an
1321 3309 1451 3346 vero
1497 3301 1777 3362 propterea
1806 3293 1941 3346 alte-

332 3400 480 3450 ram,
515 3387 669 3452 cujus
695 3388 811 3453 ipse
839 3383 1160 3439 Ambrosius
1195 3384 1247 3437 in
1273 3383 1518 3437 oratione
1545 3383 1594 3435 in
1628 3383 1813 3435 funere
1839 3382 1942 3435 Va-

332 3477 620 3532 lentiniani
650 3477 792 3532 dicta
823 3479 974 3532 testis
1000 3486 1103 3543 est,
1142 3477 1328 3531 falsam
1362 3491 1481 3530 esse
1509 3474 1788 3530 dicemus?
1818 3475 1944 3529 Scio

335 3584 592 3638 magnum
623 3568 915 3623 Baronium
947 3570 1213 3634 scribere,
1244 3568 1587 3623 Ambrosium
1639 3567 1813 3637 ipsum
1842 3567 1944 3620 hoc

337 3676 484 3716 anno
510 3660 768 3717 Sirmium
797 3661 1098 3730 prol'eetim
1125 3659 1292 3714 fuisse
1317 3675 1411 3729 pro
1429 3660 1656 3713 Avetnio
1678 3658 1932 3727 episcopo

337 3756 683 3811 ordinando:
711 3766 764 3808 at
791 3754 1054 3824 quidquid
1090 3753 1249 3827 hujus
1289 3755 1364 3808 rei
1395 3755 1485 3815 sit,
1516 3735 1650 3806 nihil
1691 3751 1936 3822 itnpedit,

340 3851 631 3919 quominus
659 3860 949 3916 utrumque
988 3846 1094 3901 iter
1134 3845 1322 3902 conﬁci
1365 3844 1652 3900 commode
1686 3846 1941 3916 potuerit.

421 3943 508 3998 Vl.
543 3942 827 4013 Reliquum
865 3952 970 4006 est,
1003 3949 1062 3994 ut
1103 3954 1320 3996 oausam
1355 3937 1662 4002 alieramus,
1693 3953 1790 3993 cur
1830 3937 1945 3992 haec

343 4035 592 4106 epistola,
620 4034 963 4089 Theodoreto
989 4043 1146 4098 teste,
1170 4031 1611 4087 ThessaloxtiCam
1642 4031 1803 4085 missa
1833 4030 1948 4085 lue-

343 4131 440 4184 rit.
475 4127 544 4181 Λι
568 4128 794 4198 quisque
820 4126 977 4181 facile
1003 4125 1337 4196 dijudicabit,
1367 4125 1511 4179 illam
1542 4123 1768 4179 Acholio
1796 4124 1948 4178 lami-

347 4219 467 4274 liari
514 4235 613 4273 suo
643 4219 929 4273 Damasum
961 4217 1204 4285 dedisse,
1246 4227 1305 4272 ut
1349 4217 1577 4272 Paulino
1609 4218 1660 4270 in
1704 4217 1948 4272 Romano

345 4311 541 4366 itinere
571 4311 744 4380 posito
771 4326 836 4365 ac
866 4326 962 4380 per
988 4327 1106 4364 eam
1136 4311 1349 4376 urbem,
1381 4309 1522 4364 unde
1564 4310 1946 4381 percommoda

348 4416 408 4461 et
439 4417 617 4474 parata
648 4404 700 4459 in
743 4403 952 4458 Italiam
986 4406 1280 4475 navigatio,
1329 4406 1724 4474 pertransituro
1755 4406 1950 4461 redde-

2049 3196 2209 3250 limns
2238 3210 2358 3265 cap.
2392 3196 2457 3250 l5
2501 3207 2557 3250 et
2599 3198 2686 3250 15.
2733 3196 3029 3251 Dicendum
3062 3197 3222 3250 modo
3250 3209 3521 3266 sUpet-est,
3551 3215 3648 3252 cur

2050 3289 2174 3343 huic
2204 3305 2346 3343 anno
2391 3299 2446 3344 et
2491 3289 2724 3344 Concilio
2774 3288 3098 3356 alligandum
3131 3305 3247 3341 eam
3296 3305 3643 3355 censeamus;

2047 3380 2189 3450 quod
2209 3397 2309 3451 ego
2334 3382 2615 3450 epistolam
2641 3381 2811 3450 ipsam
2837 3395 3114 3448 exponens
3133 3380 3340 3434 facilius
3366 3396 3647 3452 assequar.

2048 3472 2294 3526 Laudant
2322 3473 2502 3541 itaque
2533 3474 2694 3540 hujus
2723 3472 2939 3525 concilii
2977 3471 3167 3526 Patres
3212 3474 3465 3542 pietatem
3505 3475 3653 3543 prin-

2047 3566 2250 3636 cipum,
2281 3580 2345 3617 ac
2372 3564 2630 3618 beneﬁcia
2660 3563 2710 3616 in
2746 3562 3050 3617 Ecclesiam
3083 3563 3507 3634 religionemque
3535 3566 3649 3621 col-

2048 3655 2176 3720 lata,
2213 3667 2374 3726 atque
2407 3655 2536 3708 illud
2570 3671 2677 3723 prae
2711 3655 2926 3709 caeteris
2957 3656 3123 3709 veluti
3171 3656 3541 3710 necessarium
3580 3657 3646 3710 ad

2048 3748 2488 3819 reintegrandun't
2529 3747 2772 3817 ejusdem
2817 3745 3078 3800 Ecclesia:
3106 3762 3306 3814 corpus
3334 3747 3517 3801 lurore
3549 3748 3647 3803 Ur-

2049 3841 2155 3898 sini
2185 3853 2309 3895 tuttc
2338 3842 2388 3894 in
2423 3850 2602 3908 partes
2635 3848 2862 3902 sectum,
2893 3852 3001 3906 quo
3039 3837 3317 3891 decretutn
3364 3837 3560 3906 fuerat,
3595 3850 3648 3892 ut

2050 3953 2108 3990 eo
2129 3937 2242 4007 jam
2275 3937 2448 4005 pulso,
2479 3934 2731 3997 sociisque
2759 3933 2822 3985 ab
2862 3935 2972 4003 ejus
3015 3921 3373 4004 conjunctione
3411 3934 3646 4000 divulsis,

2051 4031 2114 4084 de
2139 4031 2348 4099 reliquis
2373 4028 2709 4084 ecclesiarum
2760 4024 3108 4080 sacerdotibus
3157 4026 3425 4097 episcopus
3457 4025 3650 4083 Roma-

2027 4138 2149 4178 ‘nus
2177 4123 2381 4177 haberet
2429 4137 2665 4186 examen,
2692 4128 2744 4172 ut
2783 4121 2846 4172 de
2873 4119 3140 4188 religione,
3186 4120 3450 4190 religionis
3481 4123 3652 4191 ponti-

2054 4221 2142 4289 fex
2169 4233 2286 4273 cum
2319 4214 2636 4270 consortibus
2667 4213 2966 4285 judicaret;
2995 4213 3152 4282 cujus
3181 4215 3283 4270 sub
3329 4216 3482 4271 initio
3508 4216 3651 4272 schi-

2055 4312 2264 4378 smatis,
2292 4311 2402 4365 dati
2433 4328 2460 4363 a
2487 4310 2864 4365 Valentiniano
2889 4308 3158 4375 rescripti,
3189 4310 3334 4364 nullo
3359 4311 3467 4365 alio
3487 4327 3645 4381 quam

2054 4403 2157 4459 hoc
2184 4405 2306 4459 loco
2337 4402 2594 4458 memoria
2622 4411 2890 4471 superest.
2920 4403 3030 4456 lloc
3055 4411 3231 4456 tatncn
3256 4403 3478 4469 bonum,
3503 4407 3647 4474 quod

349 4505 524 4552 retur.
553 4497 684 4550 Cum
716 4504 894 4551 autem
925 4496 1284 4568 Hieronymus
1319 4512 1441 4551 cum
1472 4497 1694 4550 Paulino
1737 4497 1856 4567 ipso
1888 4513 1949 4554 ac
1975 4488 2030 4549 D
2057 4500 2381 4569 praecipuum
2429 4487 2710 4570 reputant;
2734 4497 2931 4552 ell'ectu
2978 4499 3238 4552 hactenus
3267 4502 3508 4554 caruisse
3551 4501 3648 4557 do-

350 4586 655 4656 Epipltanio
700 4588 926 4642 Romam
969 4591 1178 4643 venerit
1230 4589 1326 4659 (a),
1379 4591 1594 4660 utrique
1639 4591 1844 4646 socium
1889 4609 1949 4648 se

347 4679 594 4750 iunxisse
621 4680 810 4735 debuit
848 4683 900 4734 in
933 4680 1079 4751 regia
1124 4681 1280 4744 urbe,
1313 4697 1420 4750 quo
1464 4697 1608 4737 anno
1656 4683 1842 4754 elapso
1889 4698 1949 4740 se

350 4774 656 4828 contulerat
696 4785 816 4844 post
854 4789 1037 4830 sacros
1067 4775 1285 4830 ordines
1329 4775 1628 4831 Antiochia:
1673 4788 1944 4846 acceptos.

353 4866 717 4936 Epiphanium
748 4883 906 4937 porro
925 4869 1447 4938 Constantinopolim
1462 4873 1757 4925 accessisse
1781 4872 1951 4941 impe—

353 4962 550 5016 ratoris
580 4961 771 5016 litteris
802 4974 1104 5028 evocntutn,
1138 4975 1194 5018 ut
1229 4964 1446 5018 Romam
1486 4966 1781 5036 navigaret,
1816 4967 1951 5020 scri—

351 5052 436 5109 bit
459 5055 711 5125 Polybius
734 5055 843 5121 ille,
863 5056 946 5110 cui
975 5056 1375 5126 Papebrocltins
1398 5057 1472 5129 (b)
1499 5057 1784 5128 Epiphanii
1817 5058 1950 5114 Viue

350 5154 789 5218 supplementum
839 5149 1044 5213 tribuit,
1091 5149 1244 5218 cujus
1290 5165 1388 5220 ego
1445 5152 1758 5206 testimonio
1808 5160 1946 5218 utor,

348 5256 680 5312 quamquam
711 5243 813 5295 alia
853 5257 1075 5311 prorsus
1107 5243 1413 5308 oceasione,
1446 5254 1608 5314 atque
1660 5243 1770 5299 alio
1818 5254 1951 5300 tem-

347 5346 512 5404 pore,
544 5337 644 5389 hoc
672 5335 742 5389 ab
769 5333 960 5389 eodem
993 5333 1291 5403 Epiphanio
1329 5335 1430 5389 iter
1477 5345 1788 5405 susceptum
1821 5336 1954 5390 scri-

346 5427 477 5494 bat;
533 5429 796 5497 siquidem
845 5443 966 5482 cum
1000 5428 1054 5481 in
1102 5427 1168 5482 iis
1217 5436 1382 5493 erret,
1438 5431 1540 5483 iter
1597 5430 1751 5494 illud,
1806 5429 1953 5499 quod

347 5518 575 5575 aliunde
616 5521 988 5585 conﬁrmatur,
1035 5521 1258 5575 minime
1307 5519 1680 5590 rejiciendum,
1723 5520 1818 5576 sed
1855 5536 1953 5577 suo

433 5639 513 5711 (a)
545 5639 712 5711 Epist.
749 5638 1050 5711 latinum.
1083 5637 1137 5703 5,
1173 5638 1299 5695 Ver.
1327 5638 1456 5697 edit.

435 5709 515 5783 (b)
554 5709 636 5765 Ad
663 5713 804 5766 diem
843 5710 906 5763 t2
936 5710 1076 5763 Maii.

768 5805 1044 5865 PATROL.
1096 5803 1270 5866 Xlll.

2057 4595 2186 4658 lent,
2217 4593 2459 4664 ejusdem
2494 4591 2676 4648 Ursini
2703 4591 2880 4660 culpa.
2915 4590 3011 4645 Hic
3041 4591 3183 4645 enim
3208 4606 3529 4662 quamquam
3562 4609 3651 4649 ex-

2053 4697 2134 4743 tra
2165 4686 2564 4742 suburbicarias
2590 4685 2837 4754 regiones
2864 4683 3115 4754 relegatus
3140 4693 3306 4748 esset,
3341 4682 3650 4758 Urbemquo

2055 4780 2314 4836 accedere
2344 4778 2746 4851 prohiberetur,
2779 4793 2870 4846 per
2896 4793 2980 4831 eos
3005 4787 3205 4840 tamen,
3238 4793 3373 4848 quos
3403 4781 3650 4852 sacrilege

2057 4875 2402 4938 ordinaverat,
2437 4873 2647 4942 plebem
2669 4870 2949 4926 sollicitare
2965 4871 3246 4925 conabatur
3267 4877 3543 4942 continuo,
3571 4884 3652 4931 at-

2057 4982 2163 5037 que
2189 4966 2415 5036 populos
2441 4964 2752 5032 impellere,
2779 4975 2836 5017 ut
2874 4979 2903 5016 a
2939 4964 3167 5019 Damaso
3204 4963 3490 5035 ofﬁcioque
3519 4966 3653 5020 deli-

2058 5068 2265 5116 cerent.
2301 5057 2433 5112 Hinc
2460 5072 2586 5111 vero
2615 5055 2814 5111 laetum
2847 5055 3011 5110 fuisse
3050 5057 3220 5121 aiunt,
3262 5066 3318 5111 ut
3355 5057 3495 5126 apud
3524 5073 3653 5110 non-

2056 5152 2226 5207 nullos
2252 5153 2381 5206 alios
2404 5152 2691 5221 episcopos,
2722 5149 2822 5203 hoc
2862 5151 3098 5220 pessimo
3136 5150 3387 5218 exemplo,
3421 5148 3651 5218 quadam

2058 5244 2208 5315 quasi
2242 5244 2912 5311 auctoritaleciimtnotos,
2938 5241 3108 5310 ipsius
3135 5241 3343 5294 Damasi
3361 5239 3648 5306 judicium,

2057 5346 2219 5405 atque
2248 5336 2540 5390 auctoritas
2571 5334 2718 5389 nullo
2743 5333 2854 5402 jam
2888 5333 3008 5386 loco
3038 5337 3202 5391 esset,
3234 5344 3298 5382 ac
3339 5343 3428 5384 res
3469 5345 3536 5384 eo
3567 5347 3654 5388 re-

2059 5427 2228 5483 dactze
2259 5440 2463 5492 essent,
2497 5436 2555 5479 ιιι
2601 5426 2693 5495 qui
2735 5425 2817 5478 vel
2866 5440 2922 5478 se
2969 5423 3252 5476 damnatos
3289 5422 3358 5476 ab
3402 5440 3467 5479 eo
3494 5425 3655 5482 intel-

2058 5523 2324 5586 lexerant,
2348 5519 2431 5575 vel
2456 5520 2649 5574 merito
2678 5517 2958 5579 timebant,
2986 5530 3053 5569 ne
3075 5517 3484 5584 damnarentur,
3511 5504 3656 5590 vulgi

2066 5709 2113 5768 γ
2143 5639 2216 5711 (c)
2427 5636 2493 5692 ad
2533 5633 2667 5690 Cod.
2698 5630 2932 5699 Tlteod.,
2979 5629 3144 5702 Oper.
3175 5639 3310 5689 tom.
3340 5633 3381 5704 l,
3430 5651 3483 5708 p.
3529 5635 3659 5706 422,

2116 5725 2195 5766 er.
2219 5726 2249 5766 e
2290 5728 2306 5767 ι
2336 5749 2350 5765 .

2116 5725 2195 5766 Bl‘.
2219 5725 2350 5767 θαιι.

3055 5799 3096 5862 7
