4138 6178
483 173 588 234 ’ἐθὸ

1629 163 1939 221 SANCTUS
1979 162 2302 221 DAMASUS
2341 162 2540 220 PAPA.

3679 170 3780 227 201

481 287 878 346 multitudinem
920 287 1268 351 rcdimerent,
1303 299 1405 354 qua
1441 283 1652 352 judiees
1692 280 2081 352 perterreface-
2109 281 2414 352 AOptatus
2441 282 2538 355 (ὁ),
2571 296 2599 334 a
2629 296 2735 350 quo
2761 281 3017 335 discimus
3049 279 3222 346 illum,
3265 287 3389 352 post
3429 281 3784 356 Macrobium,

483 394 605 442 rent
658 383 1044 454 fugarentque;
1074 393 1243 448 eaque
1271 377 1514 442 ratione,
1546 391 1654 445 quo
1675 377 1903 446 quisque
1931 375 2084 444 ﬂagi-

483 477 662 533 tiosior
683 483 848 541 esset,
871 489 936 528 eo
958 472 1134 537 tutior,
1163 467 1335 540 deque
1363 467 1644 524 retinenda
1673 467 1872 538 injuste
1900 467 2086 522 Eccle-

482 573 560 627 sia
592 569 791 625 certior
819 566 1115 622 videretur.

561 665 683 718 Ilaec
711 677 839 716 vero
867 661 920 716 iu
961 660 1240 716 Parmensi
1269 658 1550 730 episcopo,
1581 671 1644 711 ac
1677 655 1952 711 Florentio
1984 653 2086 707 Pu-

483 759 700 815 teolano
741 754 1029 810 manifesto
1077 751 1411 822 deprehendi
1455 750 1717 807 scribunt.
1772 746 2086 803 Parmensis

483 852 658 916 enim,
711 829 1061 921 quamquam
1096 847 1309 901 Damasi
1353 847 1582 914 ejusque
1645 843 1837 915 synodi
1880 841 2087 908 judicio

482 945 770 1000 damnatus
801 958 968 1007 esset,
1004 941 1294 995 Ecclesiam
1325 948 1503 992 tamen
1532 935 1781 990 retinebat
1806 931 2088 1003 impuden-

483 1049 586 1096 ter.
625 1035 932 1092 Parmensis
970 1033 1129 1103 hujus
1171 1031 1408 1101 episcopi
1437 1045 1632 1083 nomen
1678 1031 1926 1089 reticent,
1958 1036 2011 1079 at
2041 1024 2087 1080 si

482 1131 734 1202 Ughellio
769 1127 1065 1192 credimus,
1097 1124 1378 1192 Philippus
1422 1121 1543 1185 fuit,
1576 1120 1854 1175 Romanus
1889 1116 2085 1186 patria,

481 1228 552 1282 ob
578 1239 806 1295 eamque
836 1235 1052 1276 causam
1085 1219 1137 1272 in
1186 1225 1371 1288 partes
1398 1215 1578 1272 Ursini
1630 1213 1766 1267 trahi
1796 1211 1992 1282 potuit,
2025 1223 2088 1264 ac

481 1334 508 1372 a
541 1317 772 1372 Damaso
800 1311 995 1368 deinde
1025 1311 1244 1380 deponi.
1272 1307 1584 1364 Florentius
1627 1303 1702 1374 (α)
1746 1301 2085 1357 Puteolanus

481 1423 634 1478 teque
661 1408 947 1460 damnatus
977 1402 1184 1465 fuerat;
1219 1408 1378 1468 atque
1405 1397 1491 1450 hic
1520 1394 1716 1449 deinde
1751 1393 1818 1446 ab
1847 1391 2085 1460 impera-

483 1511 625 1562 tore,
651 1499 716 1553 ad
749 1513 908 1568 quem
933 1495 1245 1563 confugerat
1264 1490 1389 1560 jure
1419 1491 1718 1555 meritoque
1743 1483 1956 1553 pulsus,
1990 1496 2088 1551 per

483 1606 749 1648 summam
781 1587 1058 1643 audaciam
1086 1594 1196 1655 post
1223 1591 1422 1637 sextum
1462 1595 1489 1633 a
1517 1576 1860 1646 depositione
1895 1590 2089 1628 annum

2188 375 2276 444 qui
2307 375 2519 429 vivebat
2547 373 2686 429 circa
2730 388 2930 427 annum
2972 371 3100 438 570,
3149 387 3257 442 quo
3301 375 3442 429 alter
3471 374 3791 432 lucubrabat

2187 481 2323 538 opus
2363 483 2539 535 suum,
2573 481 2636 521 ac
2663 465 2958 521 Lucianum
2985 467 3074 536 qui
3103 465 3377 522 Macrobio
3424 472 3785 545 suecesserat,

2188 559 2466 629 praefuisse
2495 559 2687 614 iisdem
2725 559 3020 614 Donatistis
3056 558 3109 614 in
3147 559 3310 625 Urbe,
3359 575 3424 616 ac
3471 560 3634 616 vitam
3668 579 3790 634 pro-

2189 651 2404 706 duxisse
2434 651 2500 705 ad
2531 651 2706 706 Siricii
2737 659 3000 720 tempora.

2259 740 2528 798 Carterum
2556 759 2679 799 cum
2724 743 3167 812 rebaptizatores,
3211 743 3312 800 hoc
3351 745 3473 802 loco
3521 749 3791 821 sacrilegos

2190 835 2363 890 dictos
2407 836 2581 904 audis,
2630 836 2783 892 facile
2832 837 3123 908 intelliges,
3172 839 3266 909 qui
3308 839 3504 904 fuerint
3557 844 3795 917 sacrilegi

2191 928 2285 996 illi,
2319 945 2347 982 a
2377 929 2570 997 quibus
2601 929 2824 984 inferius
2855 930 2969 986 hare
2997 931 3186 986 eadem
3214 921 3437 1002 epistola
3460 934 3796 1006 Sylvestrum

2189 1030 2500 1077 accusatum
2524 1022 2675 1089 dicit,
2705 1038 3032 1094 causamque
3061 1039 3377 1094 cognosces,
3409 1027 3480 1082 ob
3507 1045 3666 1097 quam
3705 1045 3797 1084 ac-

2190 1123 2410 1169 cosalus
2439 1113 2557 1167 fuit.
2590 1114 2654 1169 Hi
2685 1125 2811 1170 sunt
2862 1117 3174 1183 Donatistze,
3219 1133 3356 1188 quos
3394 1121 3667 1192 sacrilegos
3700 1139 3798 1192 per

2190 1207 2573 1261 excellentiam
2597 1207 2721 1278 jure
2744 1208 2940 1276 dictos,
2971 1225 3145 1277 eoque
3175 1211 3393 1266 nomine
3413 1211 3482 1266 ab
3508 1213 3798 1284 imperato¢

2193 1300 2343 1353 ribus
2370 1299 2502 1367 ipsis
2530 1314 2675 1370 saepe
2705 1301 3014 1370 designatos
3046 1317 3205 1356 nemo
3231 1306 3509 1372 negaverit
3534 1304 3627 1377 (c).
3660 1305 3797 1362 Cum

2194 1392 2373 1462 igitur,
2426 1391 2656 1447 Romani
2709 1393 2869 1463 hujus
2918 1395 3130 1450 concilii
3161 1396 3351 1452 Patres
3394 1397 3729 1470 Sylvestrum
3767 1414 3800 1456 a

2191 1485 2474 1556 sacrilegis,
2511 1487 2801 1544 Donatistis
2831 1489 3040 1544 scilicet
3066 1498 3376 1546 accusatum
3406 1492 3669 1560 scribunt,
3705 1493 3801 1548 fal-

2193 1591 2311 1630 sum
2339 1577 2666 1645 traditionis,
2692 1588 2748 1635 et
2777 1581 3192 1637 tburilicationis
3213 1585 3419 1641 crimen
3449 1586 3705 1652 indicant,
3732 1586 3801 1644 de

478 1692 706 1758 repserat
731 1681 798 1736 ad
829 1682 1100 1743 civitatem,
1137 1676 1396 1732 Ecclesia:
1427 1673 1738 1736 incubabat,
1772 1669 2083 1738 multasque
2117 1682 2164 1744 Β
2193 1684 2299 1739 quo
2339 1670 2494 1724 illum
2539 1686 2661 1726 cum
2702 1672 3015 1741 Melchiade,
3076 1673 3327 1729 Marcello
3379 1683 3434 1730 et
3485 1675 3801 1733 Marcellino

482 1778 538 1833 in
570 1793 636 1833 eo
665 1773 863 1845 Oppido
893 1772 1190 1826 seditiones
1225 1768 1614 1824 concitaverat.
1660 1764 1795 1818 llinc
1817 1778 1947 1816 vero
1980 1775 2085 1815 non

481 1870 712 1926 obscure
742 1864 923 1935 colligi
963 1870 1162 1934 potest,
1206 1862 1302 1916 has
1342 1861 1488 1929 ipsas
1515 1859 1722 1912 litteras
1777 1857 1880 1911 hoc
1922 1870 2087 1921 anno,

481 1965 567 2020 cui
594 1975 687 2015 eas
717 1958 931 2028 alligari
955 1957 1186 2025 scriptas
1216 1969 1358 2010 esse.
1400 1953 1531 2007 Nam
1563 1953 1609 2006 si
1639 1949 1942 2005 Florentius
1969 1956 2089 2018 post

480 2064 683 2110 sextum
720 2067 934 2115 annum,
965 2065 1033 2105 ex
1069 2064 1177 2118 quo
1217 2047 1457 2116 dejectus
1503 2044 1572 2099 ab
1604 2043 1849 2098 Ecclesia
1887 2041 2085 2106 fuerat,

482 2150 681 2205 iterum
712 2147 780 2200 ad
802 2161 921 2200 eam
952 2151 1217 2213 repserat,
1245 2141 1362 2196 haec
1383 2139 1645 2208 temporis
1673 2145 1819 2204 nota,
1849 2145 1959 2190 tum
1990 2150 2088 2189 nos

480 2243 630 2298 ducit
657 2239 725 2294 ad
755 2255 956 2294 annum
997 2238 1104 2293 574
1137 2245 1296 2307 atque
1343 2235 1408 2289 ad
1451 2250 1571 2290 eam
1599 2234 1891 2306 synodum,
1925 2246 2087 2302 quam

483 2351 623 2390 anno
667 2334 760 2388 illo
783 2333 971 2387 Romae
1001 2331 1289 2385 collectam
1311 2328 1568 2393 diximus,
1603 2337 1712 2381 tum
1741 2327 1807 2380 ad
1838 2326 1977 2379 hanc
2006 2324 2089 2394 ip-

481 2440 621 2494 sam,
654 2440 813 2494 quam
841 2425 1078 2478 currenti
1101 2430 1484 2491 congregatatn
1515 2419 1832 2475 asserimus.
1867 2417 2002 2472 Hinc
2033 2417 2086 2471 in

483 2517 736 2576 Gratiani
761 2516 1054 2585 rescripto,
1086 2515 1152 2569 de
1180 2529 1287 2585 quo
1313 2513 1378 2568 ad
1411 2521 1725 2581 sequentem
1766 2526 1966 2565 annum
2003 2526 2088 2564 re-

481 2611 692 2668 diturus
723 2620 805 2665 est
831 2624 1034 2675 sermo,
1080 2623 1202 2661 eum
1246 2615 1404 2660 antea
1448 2606 1720 2676 legeretur
1750 2602 2087 2656 Florentium

482 2714 597 2777 post
625 2704 859 2774 quintum
889 2703 1146 2756 decimum
1174 2716 1366 2754 annum
1397 2698 1696 2752 Ecclesiam
1724 2712 1750 2747 a
1775 2710 1877 2766 qua
1904 2695 2089 2763 pulsus

479 2795 676 2859 fuerat,
690 2796 874 2849 iterum
887 2792 1234 2847 contaminare
1246 2791 1444 2855 conari,
1458 2787 1962 2843 Blondelluslocum
1976 2801 2092 2840 cor-

478 2874 698 2960 rulitum
723 2887 889 2942 fuisse
911 2887 1066 2948 vidit,
1083 2901 1146 2940 ac
1167 2900 1272 2939 non
1297 2891 1520 2938 utantea
1540 2892 1651 2952 post
1670 2881 1923 2935 decimum
1939 2879 2092 2949 quin-

481 2993 620 3050 tum,
661 2982 756 3036 sed
797 2988 912 3050 post
937 2979 1170 3048 quintum
1193 2978 1396 3031 demum
1424 2993 1638 3040 annum,
1683 2976 1876 3030 merito
1904 2974 2089 3043 legen-

482 3077 610 3132 dum
640 3075 871 3138 censuit,
901 3072 1046 3142 quod
1076 3071 1271 3140 Pagius
1292 3071 1454 3124 etiam
1485 3069 1683 3138 aliique
1706 3070 2084 3122 observarunt.
2115 3093 2160 3156 Ο

559 3172 701 3226 Inter
731 3184 825 3224 eos
855 3178 1058 3231 autem,
1091 3167 1178 3235 qui
1203 3161 1816 3231 sacerdotalejudicium
1849 3162 2089 3217 declina-

484 3269 696 3327 verant,
727 3275 794 3314 ne
822 3259 1231 3320 damnarentur,
1263 3256 1576 3311 Restitutum
1597 3254 1843 3309 deferunt
1872 3255 1924 3308 iu
1948 3254 2091 3309 Afri-

484 3369 548 3411 ca
581 3355 916 3424 episcopum,
945 3367 1105 3421 quem
1145 3366 1174 3404 a
1223 3351 1481 3404 Gratiano
1528 3364 1710 3403 coram
1739 3349 1944 3418 synodo
1967 3349 2088 3418 jus-

481 3461 601 3503 sum
628 3459 844 3501 causam
883 3443 1086 3511 dicere,
1119 3458 1254 3496 saeva
1297 3451 1345 3496 et
1381 3442 1710 3495 insolentium
1738 3457 1895 3494 manu
1925 3441 2088 3508 diﬁu-

484 3537 618 3612 gisse
643 3540 814 3596 aiunt.
845 3537 976 3605 Quis
1005 3537 1164 3591 fuerit
1190 3536 1490 3590 Restitutus
1516 3535 1629 3601 ille,
1653 3535 1872 3605 cujusve
1903 3536 2090 3590 Eccle-

487 3634 580 3690 sian
630 3634 935 3704 episcopus,
979 3631 1065 3684 vix
1119 3631 1311 3698 conjici
1361 3629 1518 3696 datur
1556 3629 1694 3683 inter
1732 3636 1813 3681 tot
1864 3629 2090 3697 hujusce

486 3726 765 3796 temporis,
798 3733 853 3780 et
893 3723 1122 3777 nominis
1154 3721 1454 3790 horumque
1494 3720 1734 3774 locorum
1781 3721 2088 3791 episcopos,

484 3833 553 3873 ex
582 3832 812 3889 quorum
861 3817 1022 3871 etiam
1073 3829 1300 3868 numero
1328 3827 1451 3867 eum
1504 3813 1668 3868 fuisse
1718 3813 1941 3877 scimus,
1998 3814 2091 3882 qui

485 3924 609 3964 cum
650 3909 860 3962 caeteris
883 3906 1243 3974 Arimiueusis
1281 3904 1493 3958 concilii
1529 3903 1716 3974 legatis
1742 3919 1932 3958 manus
1963 3918 2089 3973 per-

488 3998 628 4053 ﬁdiae
657 3998 808 4053 dedit
837 3997 1028 4051 Nicaea:
1059 3997 1110 4050 in
1138 3996 1388 4050 Thracia.
1423 3995 1579 4062 Quod
1611 3996 1779 4050 asseri
1814 4009 1909 4065 pro
1939 4003 2090 4050 certo

487 4099 685 4161 potest,
719 4089 846 4145 illud
875 4097 978 4153 est,
1011 4098 1100 4140 aut
1127 4089 1381 4142 Romanae
1405 4087 1530 4142 huic
1559 4087 1768 4158 synodo
1793 4089 1996 4155 aliquot
2020 4102 2090 4141 ex

485 4186 670 4241 Africa
695 4185 980 4253 episcopos
1010 4181 1269 4246 adfuisse,
1305 4193 1396 4235 attt
1426 4181 1658 4236 Damaso
1686 4181 1842 4250 hujus
1889 4181 2089 4249 negatii

487 4276 807 4332 relationem
834 4275 902 4330 de
939 4290 1090 4328 more
1119 4275 1516 4339 trantsmissatn,
1567 4283 1623 4327 ut
1658 4273 1746 4327 ille
1775 4272 1902 4342 quid
1948 4271 2090 4326 facto

485 4383 620 4440 Opus
652 4379 816 4434 esset,
846 4367 1185 4422 rescriberet.

2195 1763 2545 1832 presbyteris,
2581 1781 2676 1834 per
2707 1781 2976 1822 summum
3007 1767 3187 1823 scelus
3214 1782 3281 1823 ex
3317 1767 3620 1840 Augustino
3649 1771 3802 1826 dela-

2193 1862 2302 1908 tum
2330 1857 2529 1910 scimus
2558 1855 2664 1930 (d),
2697 1865 2754 1912 ut
2782 1859 3136 1924 conficerent,
3183 1875 3242 1915 se
3273 1861 3342 1915 ab
3368 1877 3454 1930 eo,
3493 1864 3582 1932 qui
3626 1863 3799 1933 judex

2191 1963 2314 2004 esse
2343 1964 2446 2004 non
2486 1959 2722 2020 poterat,
2759 1953 2908 2008 nullo
2931 1953 3054 2024 jure
3084 1955 3400 2021 damnatos;
3433 1972 3592 2026 quam
3630 1959 3801 2014 etiam

2190 2042 2260 2096 ob
2287 2057 2503 2097 causam
2532 2043 2714 2114 Lupus
2740 2054 2795 2101 et
2819 2045 3084 2114 Norisius,
3119 2047 3501 2103 Sinuessauam
3531 2049 3802 2121 synodum

2191 2135 2259 2189 ab
2289 2137 2350 2188 iis
2375 2136 2652 2192 obtrusam
2679 2147 2888 2208 putant.
2920 2139 3055 2195 Hinc
3076 2150 3333 2209 praetcrea
3363 2141 3624 2197 discimus
3651 2160 3801 2199 sum-

2192 2242 2336 2282 mtun
2368 2229 2497 2283 illud
2533 2230 2786 2286 Ecclesiae
2815 2241 2976 2302 caput
2998 2249 3119 2289 sese
3146 2249 3376 2304 purgare
3398 2235 3538 2304 apud
3567 2235 3802 2306 impera—

2191 2330 2364 2376 torem
2401 2323 2659 2388 voluisse,
2693 2333 2753 2378 ut
2781 2325 3076 2380 Ecclesiam
3103 2328 3270 2396 ipsam
3294 2327 3362 2382 ab
3404 2328 3469 2383 iis
3509 2328 3801 2384 difficulta-

2192 2416 2332 2471 tibus
2362 2417 2664 2486 expediret.
2697 2420 2748 2472 in
2781 2435 2917 2489 quas
2948 2420 3092 2474 illam
3118 2421 3394 2492 conjicere
3428 2438 3526 2492 per
3557 2422 3802 2493 putidam

2192 2508 2512 2562 calumniam
2539 2510 2776 2580 sacrilegi
2798 2510 3250 2567 allaboraverant.
3280 2511 3413 2568 Cum
3444 2515 3605 2584 igitur
3627 2530 3656 2567 a
3689 2514 3802 2569 Do-

2193 2601 2405 2655 natistis
2436 2602 2770 2673 Sylvestrum
2812 2614 3122 2659 accusatum
3157 2606 3323 2660 fuisse
3369 2616 3520 2661 certo
3560 2616 3798 2676 constet,

2192 2710 2312 2749 cum
2351 2705 2608 2764 praeterea
2645 2697 2994 2752 calumniosaa
3042 2698 3184 2753 illius
3215 2699 3576 2753 accusationis
3621 2701 3800 2754 mani-

2193 2786 2327 2842 festa
2358 2787 2426 2840 sit
2448 2803 2631 2854 causa,
2670 2789 2811 2843 nulla
2839 2797 2924 2844 est
2969 2790 3142 2844 solida
3197 2792 3356 2853 ratio,
3403 2805 3502 2846 cur
3544 2791 3799 2848 Floridus

2195 2889 2246 2933 et
2284 2881 2634 2936 Constantius
2665 2898 2772 2936 non
2805 2883 2941 2938 hanc
2985 2883 3210 2951 hujusce
3243 2885 3317 2938 rei
3365 2884 3534 2940 fuisse
3571 2892 3800 2940 causam

2195 2973 2302 3047 sint
2327 2973 2595 3041 arbitrati,
2628 2985 2789 3046 atque
2813 2977 2972 3031 aliam
3015 2975 3188 3031 inutili
3215 2991 3346 3032 sane
3378 2977 3564 3032 labore
3605 2978 3803 3049 quui-

2193 3068 2402 3121 sierint.

2265 3160 2470 3215 Deinde
2498 3162 2637 3231 quod
2669 3161 2774 3216 hoc
2804 3162 2925 3216 loco
2954 3161 3300 3216 Claudianum
3347 3161 3409 3216 ab
3450 3162 3678 3230 expulsis
3708 3177 3799 3216 or-

2192 3252 2434 3308 dinatum
2475 3255 2721 3309 scribunt
2757 3255 3000 3324 intellige
3027 3253 3096 3309 de
3126 3253 3370 3324 expulsis
3411 3254 3479 3309 ab
3514 3254 3794 3310 Ecclesiis.

2192 3343 2378 3415 Neque
2426 3347 2569 3401 enim
2615 3347 2905 3403 Gratianus
2947 3347 3164 3402 aliunde
3207 3362 3366 3416 quam
3409 3346 3476 3400 ab
3515 3345 3796 3415 Ecclesiis,

2192 3455 2325 3510 quas
2353 3441 2708 3510 occupabant,
2745 3442 3054 3494 Donatistas
3086 3455 3182 3510 per
3202 3438 3438 3495 Africam
3463 3439 3653 3508 eXpelli
3677 3439 3802 3509 jus-

2192 3542 2356 3596 serat,
2402 3543 2458 3588 ut
2505 3535 2608 3588 illae
2638 3534 2932 3588 Catholicis
2979 3535 3413 3599 restituerentur,
3467 3542 3523 3588 ut
3567 3550 3634 3590 ex
3677 3535 3716 3588 Ι.
3762 3549 3802 3590 It

2192 3623 2326 3679 Cod.
2357 3624 2694 3690 Theod.,,Ne
2717 3635 2888 3680 sanct.
2923 3625 3180 3694 Baptism.
3212 3625 3417 3691 iteret.,
3450 3637 3635 3695 aperte
3663 3641 3802 3680 con—

2193 3727 2319 3772 Slal.
2357 3717 2481 3773 Haec
2512 3733 2640 3773 vero
2667 3734 2788 3773 cum
2821 3717 2945 3773 data
2982 3719 3051 3774 sit
3091 3719 3179 3774 die
3220 3720 3285 3775 l7
3312 3719 3629 3775 Novembris
3668 3720 3803 3776 anui

2193 3811 2318 3875 577,
2363 3827 2594 3881 cumque
2639 3813 2909 3866 ordinatio
2948 3811 3229 3868 Claudiani
3269 3814 3385 3882 ejus
3431 3813 3802 3883 publicatione

2192 3905 2463 3974 posterior
2492 3905 2582 3973 sit,
2611 3905 2720 3974 jam
2753 3907 2921 3973 vides,
2947 3921 3119 3976 neque
3148 3905 3284 3961 hanc
3313 3905 3541 3962 Romani
3580 3906 3801 3962 concilii

2193 3996 2494 4064 epistolam,
2525 4012 2698 4066 neque
2725 3996 2966 4053 Gratiani
2996 3997 3338 4068 rescriptum,
3371 3999 3439 4053 de
3468 4013 3575 4068 quo
3607 3999 3798 4068 proxi-

2194 4104 2281 4144 me
2296 4090 2558 4159 agenduin
2593 4092 2877 4158 erit,auno
2905 4093 3030 4159 578,
3059 4100 3114 4147 ut
3147 4093 3389 4162 plerique
3422 4092 3558 4147 falso
3583 4101 3794 4160 putant,

2193 4182 2376 4237 datum
2409 4183 2578 4239 videri
2612 4200 2787 4253 posse.
2815 4185 2996 4256 Neque
3024 4187 3167 4240 enim
3195 4185 3524 4240 Claudianus
3549 4185 3796 4241 ordinari

2197 4276 2390 4344 potuit,
2421 4278 2600 4330 statim
2631 4292 2694 4332 ac
2723 4277 2908 4333 lexilla
2937 4279 3210 4348 proposita
3224 4280 3352 4345 fuit;
3386 4295 3484 4333 nec
3505 4279 3798 4334 confestim

2192 4367 2418 4423 Romam
2462 4372 2653 4424 venit:
2694 4386 2880 4426 rursus
2917 4387 3022 4425 non
3067 4373 3244 4425 statim
3274 4387 3338 4426 ac
3377 4371 3604 4426 Romam
3646 4373 3799 4427 venit

560 4462 665 4518 Per
686 4461 930 4516 eamdem
958 4469 1212 4529 praeterea
1242 4457 1478 4513 Afric:tm
1507 4457 1782 4527 sacrilegos
1810 4457 2087 4525 rebaptiza-
2113 4481 2168 4542 D
2192 4461 2566 4529 deprehensus
2589 4471 2674 4517 est
2704 4479 2716 4516 :
2751 4471 2860 4517 tum
2895 4453 3080 4533 postea
3107 4463 3173 4518 ad
3218 4463 3600 4535 imperatorem
3630 4463 3795 4519 scribi

487 4563 618 4610 tores
647 4556 936 4612 Gratianus
965 4553 1152 4622 expelli
1189 4554 1442 4621 jusserat.
1478 4554 1543 4604 At
1585 4549 1795 4619 e\pulsi
1845 4549 2090 4602 Claudia-

489 4663 611 4700 num
659 4648 922 4715 sacrilege
969 4648 1370 4708 ordinaverant,
1403 4653 1456 4697 et
1506 4643 1727 4696 Romam
1773 4642 2090 4695 transmise-

489 4748 630 4805 rant,
658 4753 711 4794 ut
741 4740 1105 4794 Montensibu;
1133 4747 1388 4808 pratesset
1409 4736 1555 4805 quasi
1585 4736 1870 4806 episcopus.
1909 4735 2084 4805 Impe-

487 4842 636 4887 rator
669 4833 922 4902 jusserat,
956 4842 1013 4886 ιιι
1041 4833 1127 4886 hic
1169 4831 1338 4885 Roma
1368 4831 1561 4890 abiret,
1597 4831 1915 4899 patriamque
1942 4847 2087 4900 repe-

487 4935 608 4980 teret
636 4941 805 4980 suam.
837 4923 944 4977 Sed
976 4939 1120 4992 sa-pe
1149 4923 1314 4976 etiam
1353 4927 1674 4983 constrictus,
1705 4923 1925 4992 judiciis
1961 4941 2087 4977 con-

487 5019 709 5089 temptis.
743 5032 807 5072 ac
853 5016 1215 5084 imperialibus
1249 5016 1544 5082 rescriptis,
1579 5016 1848 5072 residebat
1886 5015 2082 5096 adhuc,

484 5114 658 5182 pretio
691 5107 1039 5182 pauperiores
1065 5108 1383 5173 sollicitans,
1415 5117 1470 5162 et
1511 5107 1819 5177 redemptos
1845 5109 2050 5177 rebapti
2070 5139 2082 5148 -

484 5218 634 5260 zans.
666 5203 838 5274 Hujus
865 5199 1144 5257 Claudiam
1187 5198 1501 5256 memoriam
1547 5199 1615 5253 ad
1653 5215 1753 5254 nos
1788 5201 2084 5256 transmisit

553 5445 628 5570 an)
657 5441 914 5504 Florentii
957 5460 1151 5501 nomen
1200 5459 1319 5500 cum
1365 5441 1430 5498 iis
1479 5441 1694 5513 legitur,
1744 5441 1833 5514 qui
1888 5451 2076 5496 contra

591 5519 830 5570 auasiu‘m
865 5519 916 5570 in
935 5501 1325 5570 Mediolauensi
1356 5516 1586 5570 concilio
1608 5512 2069 5570 subscripserunt.

478 5501 848 5596 Atba'uasimn
865 5519 916 5596 in_
935 5501 1339 5596 Mediolauensi
1356 5501 2069 5596 COIICliiO-SUESéI‘lpSPI‘Ufit,

479 5587 576 5643 sed
617 5587 875 5643 Ecclesiae
905 5588 1053 5644 locus
1084 5604 1189 5645 non
1221 5586 1456 5643 additur.
1504 5585 1625 5642 Vid.
1670 5585 1795 5642 Bar.
1824 5582 1909 5641 ad
1941 5598 2069 5640 ann.

480 5653 607 5725 555,
642 5669 792 5713 num.
817 5655 915 5711 22.
1834 5670 1841 5674 ·

2193 4553 2398 4621 debuit,
2430 4571 2494 4610 ac
2537 4557 2796 4626 rescripta
2840 4560 3148 4626 eXspeCIari
3187 4560 3442 4626 OpOI‘lUll,
3473 4558 3667 4628 quibus
3695 4573 3794 4614 ex-

2193 4646 2320 4714 pelli
2357 4646 2661 4716 jubcretur,
2689 4664 2859 4718 eaque
2888 4661 3164 4719 postremo
3191 4666 3313 4705 cum
3347 4653 3642 4715 venissent,
3694 4666 3795 4705 nec

2192 4737 2282 4792 ille
2307 4739 2468 4792 cessit
2501 4750 2710 4806 tamen;
2761 4743 2854 4795 sed
2892 4741 3132 4813 judlciis,
3169 4745 3444 4812 rescriptis
3500 4759 3563 4798 ac
3601 4743 3792 4797 vincu-

2167 4829 2276 4894 lis,
2315 4831 2510 4900 quibus
2541 4847 2685 4902 saepe
2707 4836 3032 4889 constrictus
3082 4835 3263 4900 fuerit,
3292 4836 3553 4906 negleCIis
3581 4845 3634 4890 et
3661 4850 3796 4889 con-

2193 4924 2428 4990 temptis,
2459 4935 2753 4979 contumax
2789 4926 3086 4994 resederat,
3123 4937 3412 4997 antequam
3457 4927 3571 4981 [nec
3598 4927 3792 4982 eadem

2189 5017 2413 5085 epistola
2438 5018 2791 5083 scriberetur,
2819 5033 2884 5073 ac
2915 5018 3188 5074 residebat
3217 5022 3391 5076 adhuc
3416 5037 3430 5074 :
3457 5021 3650 5089 quibus
3673 5034 3794 5073 om-

2189 5108 2344 5163 nibus
2387 5111 2743 5179 trausigendis
2768 5110 3009 5180 profecto
3040 5112 3086 5165 si
3127 5111 3359 5182 spatium
3389 5113 3600 5175 damus,
3632 5110 3791 5165 bien-

2188 5203 2334 5255 nium
2363 5203 2446 5255 vix
2490 5203 2714 5258 nimium
2744 5203 2913 5260 videri
2960 5206 3177 5277 poterit.
3218 5205 3336 5261 Non
3381 5220 3482 5276 ego
3521 5204 3787 5273 dil‘liteor,

2276 5515 2326 5593 ε)
2349 5516 2466 5593 Lib.
2496 5528 2614 5593 uret
2637 5536 2722 5593 iv,
2751 5519 2831 5575 Ne
2855 5520 3042 5577 Sanct.
3071 5521 3275 5593 Baptis.
3312 5523 3435 5581 iter.

2286 5443 2337 5516 b)
2376 5445 2492 5500 Lib.
2527 5448 2765 5514 u,'_nutn.
2795 5449 2850 5504 4.

2286 5445 2337 5516 b)
2376 5445 2492 5500 Lib.
2527 5448 2765 5514 u,'_nutn.
2795 5449 2850 5504 4.

2251 5445 2323 5660 ἐς)
2349 5516 2466 5573 Lib.
2496 5528 2614 5602 iret
2644 5536 2722 5586 tv,
2751 5519 2831 5575 Ne
2855 5520 3042 5577 Sanct.

2277 5587 2335 5659 rt)
2359 5589 2435 5646 De
2464 5605 2607 5647 untc.
2633 5591 2788 5663 Bapt.
2817 5607 2940 5662 cap.
2975 5593 3042 5648 16
