4138 6178
386 239 488 295 ξος

1740 233 1919 292 PROL
1926 231 2249 293 EGOMENA
2263 278 2273 289 .

3572 246 3679 307 206

378 353 506 423 quin
540 349 659 406 haec
684 349 798 415 lex,
828 363 948 419 qua:
973 349 1232 406 Flaviano
1262 351 1456 406 Africae
1499 353 1698 407 vicario
1739 355 1986 408 inscribi-
2014 347 2066 408 A
2091 348 2431 404 commodata
2462 394 2475 417 ,
2537 349 2747 406 facilius
2813 352 3158 409 concedenda
3215 369 3645 427 permoveretur.

379 454 488 506 tur,
558 444 719 498 aliam
774 454 1038 498 memoret
1116 443 1182 498 ad
1245 442 1556 510 Nitentium,
1618 462 1736 513 quze
1786 445 1982 499 dudum

382 548 644 610 prmtcrea
701 538 825 591 data
889 538 1169 592 scribitur.
1217 540 1284 591 At
1337 554 1419 606 ea,
1480 554 1602 609 qua:
1668 539 1732 592 ad
1802 538 1984 593 Niten-

387 632 521 686 tium
568 631 684 685 data
736 631 933 702 fuerat,
993 633 1036 685 si
1089 631 1223 686 bene
1277 631 1607 695 advertatur,
1675 634 1782 702 agit
1832 632 1987 686 dum-

391 731 539 779 taxat
576 724 640 777 de
669 722 849 777 fundis
888 738 950 775 ac
993 723 1264 785 domibus,
1320 725 1372 777 in
1421 725 1616 790 quibus
1642 724 1867 777 haeretici
1896 739 1989 778 ve-

393 819 519 873 titos
564 824 869 871 conventus
917 829 1159 886 agerem,
1195 816 1557 884 publicandis;
1607 817 1675 873 de
1722 816 1987 886 pellendis

395 924 519 965 vero
565 909 859 963 Donatistis
928 910 994 961 ab
1054 909 1333 977 Ecclesiis,
1384 925 1516 979 quas
1565 919 1985 979 occupaverant,

394 1001 521 1056 nil.i|
586 1000 745 1054 liabet
804 1000 1047 1053 omnino.
1092 1000 1225 1066 Quia
1278 1017 1411 1055 vero
1453 1002 1692 1056 Solemne
1747 1012 1883 1065 erat,
1932 1010 1991 1056 ut

388 1093 649 1155 haeretici,
678 1093 771 1163 qui
812 1094 881 1148 ab
913 1094 1172 1147 Ecclesiis
1212 1094 1489 1164 sacrisque
1533 1095 1668 1148 locis
1699 1095 1993 1163 ejicieban—

385 1194 503 1250 tur,
550 1186 806 1255 profanas
835 1200 1072 1256 synaxes
1121 1196 1343 1256 agerent
1392 1188 1482 1241 ubi
1530 1198 1767 1255 possent,
1815 1198 1873 1242 ut
1926 1204 1991 1242 ex

385 1278 643 1347 pluribus
690 1276 1049 1330 Tbeodosiani
1095 1276 1311 1332 Codicis
1360 1278 1563 1348 legibus
1616 1280 1717 1349 (a),
1764 1279 1992 1348 aliisque

390 1372 749 1439 scriptoribus
778 1378 1015 1435 condat,
1055 1369 1346 1426 Gratianus
1392 1381 1449 1425 ut
1486 1372 1793 1427 Donatistas
1823 1374 1989 1439 ipsos,

394 1477 505 1517 non
537 1477 691 1516 secus
732 1477 795 1515 ac
831 1462 965 1516 alios
1002 1461 1289 1517 hzrreticos
1334 1478 1401 1518 eo
1431 1464 1718 1518 commodo
1760 1474 1991 1531 arceret,

396 1555 532 1625 ejus,
575 1570 732 1626 quam
777 1556 913 1609 alias
952 1555 1019 1610 ad
1066 1556 1356 1611 Nitentium
1391 1560 1810 1627 praescripserat,
1858 1559 1993 1629 legis

389 1649 643 1715 exetnplo
676 1663 804 1702 usus
829 1658 941 1711 est,
976 1638 1306 1719 magnasque
1346 1650 1537 1704 domos
1567 1659 1619 1704 et
1672 1650 1884 1713 fundus,
1942 1652 1991 1704 in

2160 440 2291 508 Qua:
2323 456 2451 496 vero
2494 456 2591 511 pro
2618 458 2804 497 eorum
2853 454 3157 512 temporum
3195 451 3405 505 ratione
3452 449 3685 510 Romani

2092 534 2251 604 hujus
2292 536 2506 590 concilii
2552 536 2738 591 Patres
2769 554 2798 591 a
2843 537 3100 593 Gratiano
3154 553 3363 610 petunt,
3411 546 3519 601 duo
3561 559 3689 605 sunt

2094 628 2437 695 potissimum
2474 645 2487 676 :
2524 628 2573 681 l°
2600 638 2653 683 ut
2682 630 2988 699 quicumque
3012 630 3251 701 Damasi,
3294 640 3506 708 ejusque
3529 655 3686 710 syno—

2093 718 2147 770 di
2179 718 2402 789 judicio,
2439 721 2595 789 fuerit
2634 722 3005 775 condemnatus
3031 766 3044 786 ,
3096 736 3246 794 atque
3284 728 3473 800 injuste
3515 731 3692 786 volue-

2092 813 2159 864 rit
2187 811 2469 865 Ecclesium
2512 815 2746 878 retinere,
2782 816 2859 869 rel
2892 826 3103 870 vocatus
3146 820 3455 876 sacerdotali
3483 824 3689 896 judicio

2094 920 2196 956 non
2234 904 2430 969 adesse,
2478 920 2507 959 a
2543 908 2810 975 praefectis
2844 912 3101 979 prmtorio
3140 911 3333 981 Italiae,
3368 916 3454 969 vel
3486 917 3690 973 vicario

2095 994 2321 1049 Romam
2366 1008 2685 1052 cvomretur
2718 1016 2730 1051 :
2757 1000 2806 1053 in
2857 1001 3161 1071 longinquis
3189 1019 3320 1059 vero
3352 1008 3593 1074 partibus
3624 1010 3689 1065 ad

2096 1088 2499 1157 metropolitani
2524 1104 2747 1143 examen
2774 1104 2871 1160 per
2898 1091 3137 1147 locorum
3163 1093 3376 1164 judiccs
3398 1096 3693 1155 deducere-

2097 1188 2217 1245 tur;
2254 1181 2347 1235 sed
2377 1184 2419 1234 si
2465 1183 2915 1250 metropolitanus
2948 1186 3083 1254 ipse,
3128 1194 3219 1241 aut
3245 1188 3532 1244 damnatus
3559 1191 3689 1261 jam,

2097 1284 2190 1326 aut
2240 1283 2534 1327 contumax
2580 1284 2754 1330 esset.
2806 1276 3035 1331 Romam
3087 1280 3443 1345 contendere,
3490 1292 3583 1336 aut
3624 1286 3689 1338 ad

2096 1379 2212 1430 eos,
2244 1381 2379 1434 quos
2408 1366 2689 1421 Romanus
2719 1371 3008 1439 episcopus
3032 1371 3241 1441 judices
3276 1377 3452 1441 daret,
3505 1384 3697 1432 aucto-

2100 1458 2259 1511 ritate
2283 1458 2493 1527 publica
2514 1460 2815 1527 juberetnr.
2852 1462 2904 1515 Id
2936 1465 3078 1517 enim
3108 1465 3153 1519 si
3180 1465 3354 1533 ﬁeret,
3385 1472 3697 1526 necessario

2100 1554 2555 1621 consequi-batur,
2584 1565 2640 1608 ut
2669 1557 2759 1623 qui
2789 1556 3007 1627 depositi
3048 1567 3231 1621 essent.
3266 1562 3333 1614 ab
3371 1563 3488 1629 ejus
3520 1565 3698 1618 civita-

2103 1649 2167 1699 tis
2210 1648 2398 1714 finibus
2461 1661 2874 1721 segregarentur,
2932 1654 2983 1706 in
3016 1671 3117 1722 qua
3160 1670 3423 1727 gesserant
3461 1661 3702 1715 sacerdo-

390 1742 586 1811 quibus
615 1742 914 1811 sacrilegos
955 1742 1079 1796 illos
1124 1743 1190 1796 ab
1237 1742 1494 1797 Ecclesiis
1525 1744 1714 1798 eodem
1755 1753 1996 1813 tempore
2029 1737 2076 1797 B
2104 1742 2250 1804 tium,
2287 1759 2349 1796 ne
2379 1760 2558 1797 rursus
2586 1762 2834 1816 usurpare
2862 1761 3106 1817 possent,
3140 1754 3280 1821 quod
3299 1756 3421 1824 jure
3444 1754 3701 1813 sublatum

393 1834 582 1904 pulsos
612 1834 855 1902 grassari
879 1835 1089 1887 occulto
1121 1833 1299 1888 furore
1336 1834 1697 1904 contingeret,
1734 1835 1997 1903 publicari

392 1928 572 1999 jussit.
625 1926 734 1981 Sed
770 1926 881 1995 jam
932 1927 1261 1983 revertimur
1306 1928 1373 1982 ad
1423 1927 1581 1997 hujus
1628 1928 1840 1983 concilii
1888 1929 2000 1999 epi-

398 2026 619 2079 stolam.

482 2119 573 2171 llis
624 2120 784 2188 igitur
844 2117 1101 2171 Ecclesiae.
1154 2132 1217 2172 ac
1275 2115 1554 2186 religionis
1610 2116 1997 2181 incommodis,

407 2224 633 2281 quorum
686 2212 736 2263 in
796 2208 1113 2265 Ursinianos
1159 2209 1372 2279 culpam
1431 2218 1684 2271 vertunt,
1742 2208 2002 2264 Gratiano

410 2303 773 2367 denuntiatis,
804 2318 926 2357 eum
970 2312 1231 2373 praeterea
1271 2313 1493 2357 monent
1531 2303 1582 2356 iu
1633 2304 1748 2357 lane
1788 2304 1951 2358 verba
1987 2319 2000 2357 :

410 2394 503 2450 Sic
527 2396 748 2463 denique
778 2395 935 2464 factio
969 2395 1401 2466 profccitUrsini,
1426 2406 1479 2448 ut
1507 2394 1658 2449 Isaac
1674 2394 1860 2449 Iudaeo
1883 2400 2005 2449 sub-

407 2502 597 2542 ornato
630 2531 643 2551 ,
692 2492 859 2543 sancti
921 2492 1096 2559 fratris
1148 2490 1308 2543 nostri
1347 2489 1565 2543 Damasi
1612 2499 1865 2560 peteretur
1913 2506 2003 2541 ca-

336 2646 345 2651 .
410 2592 524 2650 put,
557 2583 771 2651 sanguis
835 2583 1183 2636 innocentium
1216 2584 1536 2653 funderetur,
1587 2592 2009 2649 componerentur

410 2673 543 2737 doli,
566 2674 752 2743 quibus
781 2674 951 2728 divino
978 2675 1133 2745 plane
1174 2676 1443 2739 instinctu,
1484 2674 1800 2741 providentia
1831 2684 2011 2727 vestra:

413 2766 623 2833 pietatis
661 2767 903 2833 occurrit,
940 2767 1252 2835 spoliaretur
1299 2785 1457 2837 prope
1495 2767 1734 2822 Ecclesia
1776 2768 2011 2822 omnibus

411 2859 735 2925 ministeriis,
781 2874 839 2911 ea
870 2860 1053 2922 fraude
1092 2858 1346 2922 videlicet,
1378 2869 1430 2911 ut
1463 2859 1587 2913 dum
1615 2876 1821 2913 causam
1865 2860 2006 2923 dicit,

413 2952 686 3022 quijudea:
715 2952 767 3004 in
794 2968 967 3005 omnes
999 2952 1165 3019 fuerat
1195 2954 1520 3015 constitutus,
1569 2969 1715 3005 nemo
1747 2961 1899 3013 esset,
1926 2951 2013 3019 qui

416 3042 481 3095 de
509 3044 670 3113 lapsis
706 3043 785 3096 vel
808 3054 943 3097 certe
970 3044 1033 3096 de
1054 3045 1287 3113 factiosis
1314 3055 1480 3115 posset
1512 3045 1833 3115 episcopatus
1862 3045 2010 3097 inva-

417 3116 894 3207 soribusjudicare.
923 3134 1057 3189 Hinc
1088 3135 1330 3188 nonmtlii
1361 3138 1655 3203 scriptores
1690 3145 1894 3204 putant,
1930 3145 2012 3189 al-

414 3240 524 3294 que
550 3224 663 3280 ha‘c
690 3227 761 3279 ita
792 3227 1121 3295 intelligunt,
1155 3236 1213 3280 ut
1244 3228 1410 3281 velint
1438 3228 1753 3293 Damasum,
1791 3239 1898 3282 tum
1922 3243 2012 3283 ac-

421 3329 670 3373 cusatum
700 3327 951 3374 recenter
990 3321 1057 3372 ab
1088 3320 1290 3385 lsaaco,
1342 3330 1450 3373 tum
1482 3322 1549 3374 ab
1600 3322 2013 3390 imperatoribus

421 3412 583 3480 paulo
614 3420 771 3465 antea
803 3413 1128 3467 absolutum.
1171 3413 1433 3479 Qumrnnt
1474 3414 1632 3466 etiam
1665 3429 1772 3482 quo
1801 3414 1869 3468 de
1909 3416 2014 3468 cri-

420 3508 567 3562 mine
595 3507 969 3561 sauctissimns
1015 3509 1097 3561 hic
1132 3508 1374 3561 Poolifex
1401 3508 1700 3575 postulatus
1743 3516 1868 3561 tunc
1902 3507 2015 3562 fne-

418 3603 512 3666 rit,
545 3616 608 3654 ac
637 3601 926 3655 levissimis
951 3600 1281 3670 conjecturis
1306 3601 1559 3668 ριϊιιιιιιὶ,
1587 3602 1734 3653 illum
1768 3601 1834 3653 de
1865 3600 2016 3654 adul-

419 3694 560 3749 terio
588 3694 726 3747 falso
765 3704 1074 3749 accusatum
1104 3695 1273 3748 aiunt.
1308 3693 1420 3763 Ego
1450 3709 1578 3747 vero
1626 3695 1877 3747 existimo
1908 3709 2014 3748 non

418 3790 503 3857 agi
539 3787 641 3840 hoc
672 3788 792 3841 loco
818 3787 886 3842 de
917 3788 1121 3841 recenti
1152 3788 1328 3855 aliqua
1361 3795 1549 3840 contra
1584 3786 1869 3840 Damasum
1898 3803 2018 3841 rur-

420 3897 516 3936 sus
555 3881 855 3950 excogitata
907 3879 1292 3950 propositaque
1345 3879 1710 3944 accusatione,
1751 3879 1845 3933 sed
1878 3882 2017 3933 anti-

422 3990 557 4045 quas
602 3975 746 4038 illas,
783 3989 918 4044 quas
963 3975 1126 4027 etiam
1170 3972 1398 4035 Rulinus
1447 3973 1667 4035 indicat,
1719 3973 2015 4027 calumnias

424 4067 723 4130 dumtaut,
754 4074 913 4134 atque
941 4065 1161 4118 insidias
1192 4064 1501 4125 memorari,
1536 4079 1601 4117 eo
1638 4063 1844 4117 scilicet
1872 4078 2018 4119 con-

425 4160 568 4224 silio,
598 4168 653 4212 ut
677 4158 971 4214 Gratianus
1012 4158 1076 4212 iis
1110 4157 1409 4227 perpensis,
1443 4173 1562 4226 quae
1596 4156 1878 4211 Ursiniana
1913 4155 2020 4210 fac-

425 4254 503 4305 tio
529 4252 581 4305 in
622 4250 809 4320 primis
841 4252 944 4304 illis
990 4250 1357 4304 contentionis
1385 4250 1607 4303 mstibus
1656 4265 1783 4303 ausa
1817 4250 2016 4315 fuerat,

426 4343 654 4408 videret,
690 4358 848 4410 quam
883 4341 1189 4395 necessario
1220 4342 1288 4396 ab
1311 4342 1373 4394 iis
1400 4340 1502 4394 sibi
1532 4342 1693 4393 etiam
1722 4340 2021 4394 cavendum

424 4447 573 4490 esset
605 4437 991 4505 intposterum;
1029 4450 1150 4489 nam
1196 4435 1240 4488 si
1288 4433 1559 4489 Ursiniani
1599 4445 1787 4489 contra
1826 4434 2023 4489 Dama-

2102 1835 2295 1891 fuerat.
2331 1836 2573 1890 Alterura
2607 1839 2751 1908 quod
2784 1850 2990 1908 petunt,
3037 1844 3170 1898 illttd
3202 1854 3303 1910 est,
3336 1864 3403 1903 ne
3444 1849 3725 1908 Damasus

2103 1931 2334 1999 publicis
2364 1931 2585 1999 judiciis
2607 1932 2882 2001 subjectus
2910 1945 3075 2002 esset,
3106 1937 3200 1992 sed
3228 1940 3271 1993 si
3305 1957 3424 2009 qua:
3454 1959 3702 2015 emerge-

2104 2031 2455 2086 rentcausm,
2504 2024 2557 2077 in
2605 2025 2816 2095 synodo
2852 2027 3257 2098 episcoporum,
3305 2033 3390 2087 cui
3441 2048 3561 2089 sese
3588 2037 3705 2107 ipse

2106 2124 2300 2185 sponte
2324 2116 2632 2184 subjiceret,
2663 2118 2926 2187 deinceps
2955 2134 3389 2191 praponerentur
3415 2144 3426 2179 :
3459 2128 3702 2200 lniqnutn

2105 2208 2251 2261 enim
2306 2208 2613 2275 videbatur,
2662 2209 2963 2266 Romanum
3006 2214 3345 2284 episc0pum,
3389 2221 3479 2289 qui
3529 2238 3704 2279 omnes

2111 2300 2451 2369 prwrogativa
2477 2301 2779 2369 apostolica:
2808 2304 2944 2356 sedis
2971 2306 3197 2373 excellit,
3233 2322 3299 2361 eo
3331 2310 3454 2378 jure
3483 2314 3706 2381 privari,

2110 2409 2216 2462 quo
2238 2394 2420 2449 (ueteri
2459 2396 2697 2465 episcopi
2730 2396 3039 2466 gaudebant
3074 2398 3173 2470 (ὁ).
3212 2399 3451 2456 Primum
3495 2405 3536 2457 si
3570 2404 3708 2460 Gra-

2112 2484 2293 2539 tianus
2314 2488 2655 2555 praeciperet,
2688 2486 2926 2543 futurum
2966 2499 3164 2563 eratut
3191 2492 3482 2561 plurimum
3516 2507 3706 2552 aucto-

2111 2576 2310 2638 ritatis,
2344 2585 2398 2629 et
2427 2577 2731 2646 splendoris
2760 2580 2935 2634 eidem
2978 2581 3224 2636 Romano
3272 2585 3509 2653 pontifici
3554 2602 3712 2645 acce-

2115 2667 2293 2733 deret,
2337 2684 2399 2723 ac
2426 2669 2763 2735 Parmensis,
2807 2680 2863 2727 et
2903 2672 3184 2729 Puteolani
3225 2677 3486 2745 episc0pi,
3523 2678 3713 2752 bisque

2116 2760 2393 2825 similium,
2429 2762 2515 2830 qui
2545 2762 2740 2831 deponi
2763 2762 3021 2834 deinceps
3049 2778 3319 2835 pmerant,
3352 2761 3603 2829 audacia:
3650 2790 3715 2832 ac

2114 2855 2403 2907 temeritati
2441 2854 2780 2909 obviabatur.
2815 2855 3061 2911 Alterum
3093 2875 3222 2914 vero
3267 2863 3309 2916 si
3356 2866 3708 2933 concederet,

2118 2946 2316 2999 futuris
2366 2945 2783 3001 Ursinianorum
2824 2963 2887 3002 ac
2918 2948 3268 3006 factiosorum
3300 2954 3578 3012 hominum
3626 2975 3716 3014 ca-

2119 3038 2340 3092 lumniis
2370 3048 2533 3109 atque
2564 3039 2773 3095 insidiis
2804 3042 3124 3097 obstruebat
3166 3045 3382 3101 usdum.
3416 3046 3525 3104 Nec
3579 3065 3713 3107 vero

2039 3120 2085 3183 C
2120 3149 2241 3189 esse
2264 3133 2437 3197 aiunt,
2478 3149 2576 3188 cur
2608 3134 2897 3189 Gratianus
2941 3137 3209 3205 suspicati
3234 3142 3425 3209 possit,
3471 3142 3574 3198 hoc
3606 3146 3713 3215 peti

2118 3240 2218 3295 pro
2244 3225 2475 3278 Damaso
2520 3226 2645 3279 dolo
2670 3227 2855 3296 aliquo
2886 3227 3049 3293 malo,
3094 3239 3253 3297 atque
3281 3248 3406 3285 eum
3437 3234 3489 3286 in
3532 3236 3714 3306 linem,

2120 3327 2181 3371 ttt
2207 3318 2357 3371 illum
2409 3318 2749 3372 saecularium
2806 3319 3136 3388 judiciornm
3189 3323 3463 3377 severitati
3506 3327 3720 3381 subtra-

2120 3410 2273 3464 ltant.
2316 3410 2447 3464 Nam
2478 3426 2598 3465 cum
2642 3411 2694 3465 id
2728 3422 2974 3479 peterent
3011 3424 3124 3480 post
3155 3418 3311 3468 latam
3356 3432 3453 3485 pro
3484 3419 3577 3475 illo
3604 3439 3718 3476 sen-

2123 3502 2353 3563 tentiam,
2402 3516 2463 3555 ac
2515 3514 2797 3571 postquam
2845 3504 2961 3571 eius
3006 3505 3307 3561 innocentia
3351 3518 3398 3563 et
3445 3514 3713 3583 integritas

2132 3593 2486 3648 Valentiniani
2515 3598 2676 3663 patris
2701 3596 2905 3662 judicio
2932 3602 3264 3669 cotnptobata
3284 3602 3416 3670 jam,
3456 3614 3502 3659 et
3523 3608 3716 3675 praedi-

2125 3698 2241 3740 cata
2268 3687 2461 3750 fuerat,
2487 3698 2647 3757 atque
2670 3688 2789 3742 ideo
2820 3706 2925 3743 non
2953 3692 3143 3746 lateret
3173 3693 3487 3749 Gratianum
3519 3700 3715 3766 ipsum,

2127 3796 2245 3849 quae
2274 3796 2303 3834 a
2336 3790 2634 3849 perSpeetre
2663 3781 2963 3834 sanctitatis
2994 3784 3110 3836 viro
3151 3789 3425 3855 expectari
3463 3788 3719 3860 deinceps

2126 3882 2370 3944 possent,
2394 3874 2565 3927 videri
2598 3873 2687 3927 ille
2714 3890 2820 3927 non
2852 3884 3062 3942 paterat
3088 3878 3153 3929 ad
3199 3880 3508 3936 sacerdotes
3542 3883 3723 3952 perfu-

2127 3983 2274 4036 gere,
2319 3974 2377 4020 ut
2438 3967 2648 4035 publica
2686 3965 2886 4035 judicia
2937 3967 3254 4037 declinaret,
3303 3972 3396 4026 scd
3440 3981 3497 4027 ut
3539 3975 3722 4033 collati

2129 4060 2400 4131 episcOpis
2439 4060 2685 4114 omnibus
2714 4060 2963 4115 beneficii
2993 4062 3108 4129 ipse
3149 4064 3309 4118 etiam
3342 4068 3611 4139 partiCeps
3636 4086 3721 4126 es-

2130 4164 2213 4210 set
2244 4171 2257 4211 :
2289 4170 2352 4207 ac
2379 4162 2664 4223 praeterea,
2698 4162 2755 4206 ut
2783 4163 3066 4208 caveretur
3086 4154 3367 4225 deinceps,
3395 4162 3596 4230 nequis
3627 4164 3726 4219 ite-

2128 4263 2245 4302 rum
2276 4246 2636 4300 calumniator
2675 4246 2932 4310 existens,
2964 4247 3088 4300 dum
3120 4250 3285 4302 virum
3320 4251 3614 4307 innocentia
3639 4271 3723 4309 sa—

2133 4341 2198 4393 tis
2224 4340 2477 4392 munitum
2509 4355 2602 4391 sua
2626 4337 2822 4391 frustra
2848 4338 3061 4408 impetit
3089 4340 3227 4409 apud
3261 4344 3550 4399 saeculares
3576 4348 3724 4413 judi-

2131 4447 2224 4487 ces
2248 4431 2399 4497 illud,
2428 4432 2670 4486 obtineat
2700 4430 3001 4496 dumtaxat,
3045 4442 3101 4484 ut
3138 4436 3442 4497 tormentis,
3477 4445 3531 4491 et
3562 4454 3725 4493 vexa-

432 4546 553 4585 sum
578 4531 792 4585 fraudes
819 4540 1258 4597 composuerant,
1286 4537 1345 4583 ut
1374 4529 1468 4583 illo
1492 4530 1635 4583 inter
1665 4543 1788 4582 reos
1816 4530 2023 4594 delato,
2055 4509 2107 4570 D
2137 4530 2374 4585 tionibus
2424 4542 2700 4581 sacrorum
2745 4526 3134 4592 ministrorum,
3181 4528 3430 4599 religioni
3474 4533 3725 4597 iniuriam

434 4638 593 4678 nemo
619 4633 782 4689 esSct,
812 4621 905 4693 qui
934 4623 1000 4676 de
1025 4622 1263 4676 factiosis
1306 4624 1650 4691 episcopatus
1682 4622 2026 4677 invasoribus

423 4714 672 4784 judicare
719 4725 919 4781 posset,
971 4713 1276 4767 necessario
1308 4714 1549 4782 sequitur
1593 4714 1675 4783 agi
1720 4713 1807 4768 hic
1851 4713 1919 4768 de
1967 4729 2027 4767 re

428 4822 595 4878 prave
625 4805 905 4870 meditata,
954 4816 1242 4873 antequam
1278 4806 1484 4874 factiosi
1514 4808 1834 4876 episcopatus
1877 4808 2027 4861 inva-

427 4917 593 4960 sores,
638 4899 867 4955 Ursinus
916 4899 1142 4963 scilicet,
1199 4896 1424 4969 ejusque
1464 4900 1596 4954 socii
1640 4901 2032 4958 damnarentur

428 4994 659 5049 collecta
689 4991 926 5064 synodo;
970 4992 1114 5061 quod
1144 5007 1288 5046 anno
1317 4992 1422 5048 569
1467 5007 1528 5045 ac
1569 4992 1825 5061 deinceps
1868 4996 2029 5049 etiam

432 5086 631 5141 factum
654 5086 923 5151 diximus;
949 5097 1111 5155 atque
1134 5085 1256 5139 ideo
1271 5085 1557 5139 conficitur
1584 5084 1698 5139 haec
1724 5088 1901 5141 omnia
1930 5088 2033 5141 ite-

432 5196 553 5237 rum
585 5180 849 5235 Gratiano
875 5195 997 5233 eum
1028 5181 1078 5233 in
1107 5180 1269 5233 tinem
1301 5179 1513 5244 referri,
1548 5194 1616 5233 ne
1658 5195 1716 5233 se
1744 5180 1810 5234 ab
1837 5180 1904 5233 iis
1934 5180 2031 5234 de-

433 5272 538 5341 cipi
565 5281 866 5343 pateretur,
895 5285 957 5324 ac
986 5279 1044 5325 ut
1073 5270 1140 5324 ad
1182 5285 1243 5324 ea
1270 5286 1391 5339 qua:
1424 5270 1835 5337 postulabantur
1868 5273 1917 5323 in
1952 5270 2034 5326 bis

435 5363 656 5429 litteris,
702 5362 863 5418 veluti
897 5362 1091 5419 futuris
1140 5377 1330 5417 eorum
1379 5362 1519 5416 dolis
1547 5362 1894 5418 destruendis
1944 5378 2034 5417 ac-

536 5564 587 5635 a)
617 5566 738 5621 Vid.
769 5568 863 5623 lib.
894 5581 972 5626 ut,
1001 5580 1053 5621 tv
1080 5576 1133 5621 et
1161 5581 1212 5629 v,
1243 5565 1309 5620 de
1345 5564 1491 5617 liter.

536 5567 587 5635 a)
617 5567 738 5621 Vid.
769 5568 863 5623 lib.
894 5581 972 5626 ut,
1001 5580 1053 5621 tv
1080 5576 1133 5621 et
1161 5581 1212 5629 v,
1243 5567 1309 5620 de
1345 5567 1491 5617 "cer.

512 5567 591 5712 ib)
643 5639 755 5693 Hoc
794 5638 999 5712 eodem
1058 5638 1443 5712 Valentiniani_
1475 5634 2038 5712 Senioris_r_cscrip_to

440 5704 761 5767 Ambrosius
792 5710 985 5765 iterum
1020 5726 1148 5765 usus
1187 5720 1267 5764 est
1319 5707 1562 5763 scribens
1609 5705 1673 5761 ad
1712 5704 2042 5764 Valentinia—
2076 5734 2087 5747 κ

2137 4622 2356 4685 inierat,
2387 4628 2443 4671 ut
2479 4618 2609 4671 alias
2639 4618 2832 4670 factum
2865 4616 3060 4682 fuerat,
3090 4618 3318 4675 Damaso
3353 4625 3466 4693 ipso
3498 4635 3726 4685 caetero-

2138 4714 2269 4783 quin
2313 4712 2383 4766 ob
2439 4710 2803 4781 integritatem
2860 4725 3010 4763 suam
3069 4710 3300 4767 innocuo
3347 4725 3403 4769 et
3449 4717 3725 4778 incolumi.

2138 4807 2407 4860 Caeterum
2440 4819 2506 4857 ne
2539 4804 2799 4872 reliquum
2828 4803 2949 4857 huic
2976 4805 3269 4873 suspicioni
3299 4808 3478 4865 locum
3508 4813 3729 4883 faciant,

2136 4913 2199 4953 ac
2222 4908 2278 4950 ut
2308 4897 2559 4967 probent,
2598 4896 2911 4958 Damasum,
2946 4912 3106 4966 quem
3149 4898 3324 4955 virum
3367 4918 3611 4963 sanctum
3637 4925 3736 4978 ap-

2140 4990 2365 5061 pellant,
2397 4986 2597 5056 aliquid
2628 4989 2809 5057 potius
2835 4987 2901 5042 de
2932 5003 3031 5042 suo
3057 4990 3177 5058 jure
3208 4994 3424 5059 cedere,
3452 5014 3607 5066 quam
3631 5000 3735 5054 sibi

2143 5096 2396 5149 armgare
2438 5079 2599 5141 velle,
2634 5078 2949 5133 Gratianum
2975 5094 3251 5150 postremo
3283 5098 3495 5155 rogant,
3530 5101 3583 5141 ut
3616 5092 3735 5158 ejus

2142 5188 2353 5238 causas,
2385 5174 2429 5227 si
2461 5173 2694 5227 noluerit
2715 5176 2782 5226 ab
2814 5176 3191 5245 episeoporum
3213 5180 3421 5247 synodo
3452 5186 3731 5251 cognosci,

2145 5266 2260 5337 ipse
2303 5266 2367 5320 ad
2420 5281 2479 5320 se
2516 5264 2715 5331 trahat,
2764 5276 2818 5321 et
2860 5266 2925 5320 ad
2976 5282 3129 5319 suum
3189 5266 3593 5335 consistorium,
3650 5276 3737 5330 cui

2144 5362 2414 5433 spondent
2444 5377 2588 5424 cum,
2621 5360 2871 5417 Silvestri
2915 5360 3188 5429 exemplo,
3230 5359 3562 5421 adfuturum.
3604 5368 3741 5425 Illud

2147 5582 2274 5620 num
2329 5565 2495 5619 tilium
2550 5563 2601 5616 in
2658 5577 2818 5637 causa
2882 5562 2951 5637 de
3005 5579 3112 5620 non
3169 5566 3453 5627 tradendis
3506 5573 3746 5637 basilicis

2146 5638 2305 5761 episrt.
2334 5637 2395 5690 ‘21
2424 5653 2437 5700 ;
2464 5650 2623 5705 quem
2656 5635 2831 5690 locum
2862 5635 3004 5701 vide,
3046 5653 3109 5693 ac
3152 5652 3273 5695 cum
3318 5641 3440 5713 hoc,
3475 5649 3519 5701 si
3552 5635 3743 5719 pluCt‘l,

2149 5722 2249 5761 co"
2277 5723 2420 5761 eras.

2149 5722 2420 5762 conteras.
