4138 6178
455 209 561 265 207

1615 194 1925 255 SANCTUS
1962 191 2286 251 DAMASUS
2326 190 2523 248 PAPA.

3649 188 3760 246 208

453 321 737 374 dumtaxat
784 329 851 371 eo
892 328 1020 371 casu
1059 318 1266 381 petunt,
1315 317 1375 364 ut
1409 308 1685 378 negotium
1727 308 1874 376 prius
1927 306 2043 376 ipse
2069 307 2120 366 Α
2149 303 2238 359 lis.
2284 300 2513 357 Romani
2562 301 2743 370 itaque
2791 298 3006 355 concilii
3051 300 3268 366 Patres,
3321 314 3384 355 ac
3436 299 3757 356 Ambrosius

453 413 730 475 examinet,
761 426 826 465 an
859 410 1145 462 honestum
1179 405 1410 467 scilicet,
1445 419 1511 456 an
1535 403 1763 471 justum,
1798 418 1863 454 an
1895 417 2050 455 veroo

458 506 641 562 simile
662 506 755 564 sit,
788 498 1155 569 interroganda
1181 496 1378 550 deinde
1409 496 1711 566 distinguat,
1740 494 1864 548 edat
1898 494 2048 548 scili-

456 612 575 665 cet,
604 607 657 653 et
685 597 940 652 distincte
975 592 1269 660 perscrihat
1304 601 1504 661 puncta
1545 604 1666 656 quae
1696 589 1796 641 sub
1826 587 2051 655 inquisi-

457 696 605 749 tione
629 690 825 745 cadent
854 684 952 759 (a),
977 684 1384 754 inquisitionem
1416 684 1585 750 ipsam
1608 680 1774 747 judici
1805 681 2054 734 connnit—

458 795 553 850 tat,
602 782 695 838 sed
727 780 999 835 arbitrium
1044 778 1310 831 sententiae
1350 775 1712 830 sib'rreservet.
1748 773 1900 840 Quod
1929 773 2054 827 hinc
2100 792 2101 795 ‘

454 886 675 949 sperant
703 876 846 939 fore,
886 872 1015 927 illud
1048 881 1153 938 est,
1197 879 1254 925 ut
1299 870 1428 923 nulli
1470 870 1688 937 perdito,
1729 867 1806 920 vel
1844 866 2049 937 infami,

454 983 545 1029 aut
576 969 854 1025 accusandi
896 966 1083 1021 summi
1134 964 1434 1027 sacerdotis,
1471 970 1563 1015 aut
1600 961 1652 1015 in
1702 976 1824 1015 eum
1857 957 2052 1014 testiﬁ-

454 1063 611 1120 candi
639 1062 859 1133 facultas
888 1058 1166 1125 deinceps.
1202 1065 1373 1126 pateat
1404 1055 1610 1118 illicita,
1640 1052 1903 1121 siquidem
1930 1049 2054 1105 huic

458 1158 737 1212 hominum
766 1154 951 1224 generi
982 1151 1261 1207 diflicilior
1284 1149 1350 1203 ad
1382 1148 1703 1218 principem,
1746 1153 1799 1200 et
1828 1145 2054 1213 periculi

457 1252 669 1323 plenior
695 1264 816 1304 esse
845 1248 984 1303 Solet
1020 1260 1291 1309 accessus,
1337 1258 1498 1312 quam
1540 1242 1605 1294 ad
1639 1240 1943 1294 ordinarios
1970 1240 2056 1307 ju-

456 1345 628 1401 dices.
660 1342 771 1397 Hoc
808 1340 949 1396 enim
994 1339 1058 1392 ad
1100 1352 1286 1393 eorum
1326 1345 1633 1401 temporum
1680 1331 2053 1385 infelicitatem

457 1444 797 1498 accesserat,
830 1442 889 1486 ut
919 1428 1244 1486 calumniosi
1284 1427 1667 1495 episcOporum
1711 1432 2056 1476 accusatores

457 1531 677 1597 impune
694 1528 1050 1589 haberentur,
1072 1536 1207 1591 quos
1230 1521 1350 1575 ideo
1373 1531 1429 1574 ut
1444 1519 1659 1573 furiosae.
1684 1514 1807 1569 huic
1825 1513 2076 1569 licentia)

453 1621 805 1677 Constantius
833 1618 1197 1678 subtraheret,
1226 1612 1365 1682 apud
1392 1612 1527 1664 alios
1544 1610 1828 1677 episcopos
1855 1607 2053 1660 iterum

453 1715 722 1785 explorari
748 1716 1007 1782 jusserat,
1037 1709 1180 1765 edita
1206 1709 1244 1762 l.
1275 1724 1345 1761 ιιι
1377 1704 1438 1760 C.
1475 1704 1683 1759 Theod.
1719 1702 1786 1757 de
1809 1701 1991 1770 Episc.

525 1807 709 1874 Quaeri
739 1806 839 1861 hoc
870 1806 990 1859 loco
1017 1809 1222 1869 posset,
1251 1814 1503 1869 quamam
1533 1799 1603 1851 sit
1628 1797 1711 1849 lex
1744 1794 1859 1858 illa,
1892 1808 2054 1863 quam

454 1899 675 1957 concilii
714 1898 901 1951 Patres
948 1901 1254 1948 memorant
1300 1894 1349 1945 in
1397 1890 1482 1943 his
1534 1887 1784 1959 epistola:
1830 1886 2053 1941 verbis:

455 1991 604 2046 Certe
659 1991 801 2058 prius
845 1989 1101 2043 examinet
1143 2002 1352 2039 causam
1404 1995 1569 2037 vestra
1619 1982 1910 2047 clementia,
1961 1982 2059 2033 etsi

450 2086 709 2141 emerserit
736 2083 971 2151 qua'stio.
1018 2080 1386 2148 interroganda
1426 2078 1735 2146 distinguat,
1790 2084 1845 2127 ut
1880 2091 2058 2143 quent-

453 2176 735 2232 admodum
774 2189 952 2229 nuouu
983 2186 1129 2226 usus
1171 2185 1411 2225 caussas
1457 2185 1693 2234 DIGSATI,
1728 2167 1987 2235 factorum
2024 2184 2056 2219 a

451 2270 624 2336 iudice
654 2272 787 2321 ratio
819 2274 1102 2336 qtueratur,
1149 2280 1255 2317 non
1283 2264 1556 2315 arbitrium
1599 2259 1860 2314 sententia
1889 2257 2056 2312 vindi-

453 2375 617 2418 cetur.
664 2361 850 2432 Neque
881 2358 1023 2414 enim
1049 2357 1285 2410 dubitari
1330 2365 1531 2423 potest,
1575 2355 1703 2424 quin
1736 2353 1907 2423 legem
1956 2351 2054 2404 ali-

452 2471 613 2527 quam
647 2454 964 2522 reSpiciant,
1000 2451 1074 2505 rei
1119 2465 1239 2519 qua:
1264 2458 1388 2502 tunc
1420 2448 1487 2501 ab
1516 2447 1580 2499 iis
1604 2446 1939 2500 tractabatur
1967 2457 2056 2497 ac-

453 2546 857 2604 commodatam
884 2562 898 2610 ;
934 2558 1065 2598 sane
1096 2545 1216 2596 dua-
1246 2542 1596 2596 inveniuntur
1627 2540 1677 2592 in
1708 2536 1843 2592 Cod.
1877 2536 2056 2590 Theo-

455 2640 686 2696 dosiano
733 2639 800 2693 ab
833 2640 933 2693 hac
967 2653 1025 2692 re
1061 2635 1284 2690 minime
1330 2636 1543 2689 alienae.
1585 2633 1765 2688 Altera
1814 2629 2055 2685 Valenti-

454 2734 599 2790 niani
627 2733 801 2788 Patris
836 2731 899 2785 ad
947 2732 1327 2784 Prastextatum
1361 2726 1418 2781 P.
1454 2726 1519 2781 U.
1579 2725 1704 2779 data
1736 2739 1879 2777 anno
1922 2722 2051 2788 ⁸567,

454 2826 623 2881 altera
665 2823 911 2879 Gratiani
951 2822 1015 2875 ad
1047 2823 1327 2884 Senatum,
1361 2819 1498 2872 lecta
1531 2817 1755 2871 Valente
1794 2832 1823 2867 v
1868 2823 1921 2869 et
1951 2813 2054 2867 Va-

452 2918 751 2973 lentiniano
773 2929 943 2977 coss.,
968 2919 1114 2967 anno
1135 2912 1345 2966 scilicet
1382 2910 1510 2965 576.
1561 2910 1738 2965 Prima
1785 2908 1960 2978 jubet,
1998 2915 2057 2960 ut

454 3026 576 3065 cum
607 3019 888 3064 senatores
916 3017 1183 3060 vocantur
1224 3005 1274 3056 in
1306 3002 1537 3069 crimen,
1582 3017 1644 3056 ac
1668 3016 1825 3071 paena
1869 2999 2053 3068 aliqua

2151 397 2489 466 potissimutn
2509 438 2523 463 ,
2556 395 2709 465 cujus
2739 394 2839 450 sub
2867 396 3035 450 oculis
3061 410 3148 449 res
3174 394 3505 465 agebantur,
3537 409 3658 448 cum
3690 394 3759 447 ti-

2152 499 2363 545 merent
2390 506 2456 544 ne
2482 506 2583 559 qua
2615 504 2800 543 rursus
2831 505 2898 545 ex
2948 489 3180 559 pessima
3208 488 3297 541 illa
3331 488 3755 557 conspiratione,

2153 585 2342 653 injuria
2379 584 2626 651 Datnaso,
2658 594 2748 637 aut
2779 584 3159 638 ecclesiasticae
3189 582 3568 652 tranquillitati
3596 582 3759 637 detri-

2152 687 2390 732 mentum
2419 676 2735 740 accederet,
2765 675 3149 743 imperatorem
3176 679 3503 730 monendum
3535 690 3760 732 censue-

2155 778 2281 823 runt
2324 767 2393 821 de
2422 768 2655 837 antiquis
2684 766 2789 821 illis
2822 767 3067 821 factionis
3097 767 3402 821 Ursiniana:
3440 768 3717 823 fraudibus
3738 810 3757 846 ,

2158 871 2213 914 ut
2244 861 2529 914 Damasum
2570 876 2636 915 eo
2666 869 2824 931 pacto
2849 875 2917 915 ex
2951 860 3159 915 insidiis
3179 905 3192 929 ,
3225 877 3359 932 quas
3387 861 3561 918 eidem
3592 862 3759 919 forsi-

2157 960 2247 1006 tan
2299 952 2333 1006 ii
2385 954 2685 1022 parabant,
2715 953 3113 1008 subtraherent.
3165 952 3276 1009 liae
3328 955 3443 1024 ipsa
3489 955 3633 1010 enim
3688 955 3759 1010 de

2156 1062 2319 1102 causa
2340 1090 2354 1111 ,
2384 1058 2543 1118 atque
2589 1058 2644 1101 ut
2675 1047 2816 1103 idem
2858 1048 3177 1104 Ambrosius
3204 1050 3280 1103 ait
3306 1091 3322 1116 ,
3350 1066 3450 1104 non
3482 1051 3645 1104 solum
3670 1053 3757 1120 fu-

2158 1149 2275 1193 tura
2305 1155 2597 1206 praecavens
2619 1182 2632 1206 ,
2667 1140 2757 1193 sed
2786 1142 3044 1210 praeterita
3066 1182 3079 1206 ,
3112 1158 3228 1211 qua:
3262 1141 3439 1197 Ursini
3478 1144 3757 1197 temeritate

2158 1243 2299 1299 gesta
2328 1236 2566 1301 fuerant,
2612 1233 3035 1301 perhorrescens,
3083 1233 3431 1304 Aquileiense
3471 1232 3758 1288 concilium

2159 1321 2472 1377 Gratianum
2508 1324 2681 1393 ipsum
2704 1326 3000 1395 rogandum
3032 1326 3223 1381 iterum
3247 1330 3493 1394 censuit,
3527 1343 3596 1382 ne
3631 1326 3763 1398 quid

2159 1414 2260 1467 sibi
2289 1429 2319 1468 e
2349 1417 2562 1470 turbido
2594 1416 2688 1469 illo
2730 1425 2784 1471 et
2837 1417 3129 1487 irrequieto
3166 1418 3344 1489 capite
3385 1419 3575 1489 obrepi
3607 1428 3765 1489 pate-

2160 1518 2328 1562 retur.
2364 1506 2493 1576 Qua:
2526 1510 2770 1580 profecto
2816 1526 2937 1565 cutn
2969 1512 3038 1566 ita
3086 1513 3193 1567 sint
3216 1554 3231 1579 ,
3261 1523 3373 1567 tum
3405 1514 3571 1583 liquet
3611 1528 3763 1568 eam-

2162 1601 2283 1654 dem
2320 1602 2373 1655 in
2415 1603 2658 1657 liomano
2692 1602 2793 1657 hoc
2819 1645 2833 1667 ,
2864 1618 2927 1658 ac
2955 1603 3009 1657 in
3047 1604 3379 1673 Aquileieusi
3410 1606 3643 1661 Concilio
3678 1622 3766 1660 ro—

2087 1702 2135 1761 B
2165 1704 2270 1746 tam
2318 1705 2586 1749 versatam
2627 1710 2780 1758 esse,
2813 1704 2922 1749 tum
2971 1697 3250 1766 perspicua
3308 1707 3392 1751 est
3439 1698 3617 1764 ratio,
3659 1714 3759 1753 cur

2162 1786 2463 1839 Romanum
2498 1787 2599 1839 hoc
2627 1787 2915 1843 coacilium
2938 1828 2952 1853 ,
2982 1788 3205 1860 ejusque
3239 1789 3305 1843 ad
3332 1789 3647 1845 Gratianum
3676 1790 3767 1845 lit-

2162 1889 2306 1936 teras
2335 1881 2401 1935 ad
2427 1881 2569 1935 hunc
2595 1896 2794 1935 annum
2818 1884 3115 1938 retulerim.
3146 1883 3343 1938 Valens
3368 1886 3511 1938 enim
3538 1885 3769 1954 pseudo-

2160 1977 2446 2045 episcopus
2493 1976 2941 2041 Petavionensis,
2976 1992 3207 2047 quocum
3259 1978 3485 2032 Ursinus
3540 1979 3606 2033 ad
3654 1988 3769 2034 tur-

2158 2073 2386 2126 bandam
2437 2072 2696 2126 Ecclesia:
2748 2085 2930 2141 pacem
2985 2070 3160 2127 [αλιυδ
3208 2073 3468 2137 iuiverat,
3509 2072 3771 2129 Mediola-

2160 2182 2285 2220 num
2316 2164 2576 2219 accedere
2620 2166 2708 2218 vix
2742 2166 2914 2234 potuit
2944 2174 3070 2220 ante
3100 2182 3298 2220 annum
3331 2167 3437 2222 379
3457 2209 3470 2232 ,
3499 2167 3765 2238 siquidem

2159 2258 2351 2313 Gothis
2370 2300 2382 2323 ,
2411 2259 2500 2328 qui
2533 2266 2654 2326 post
2686 2258 2921 2312 Valentis
2949 2258 3155 2313 cladem
3186 2259 3239 2313 in
3268 2260 3542 2330 Illyricum
3565 2302 3580 2327 ,
3605 2273 3768 2331 atque

2158 2353 2224 2407 ad
2258 2354 2368 2421 ipsa
2402 2352 2569 2405 Italia:
2615 2352 2752 2405 ostia
2794 2362 3186 2422 proruperant,
3216 2369 3335 2409 sese
3375 2354 3665 2423 junxerat,
3701 2370 3765 2411 ac

2158 2445 2385 2515 patriam
2417 2460 2565 2498 suam
2600 2444 2944 2513 prodiderat,
2992 2444 3252 2500 inclinato
3298 2447 3409 2515 jam
3447 2463 3589 2501 anno
3634 2447 3760 2503 378.

2160 2536 2295 2591 Hinc
2340 2552 2471 2590 vero
2521 2537 2865 2590 tnanitestum
2893 2546 3006 2601 est,
3053 2537 3157 2592 hoc
3186 2538 3324 2593 idem
3362 2541 3654 2595 concilium
3677 2582 3692 2608 ,
3717 2538 3764 2597 si

2158 2644 2276 2682 eam
2319 2630 2711 2683 sceleratorum
2750 2628 3029 2683 hominum
3076 2630 3392 2685 societatem
3420 2673 3435 2698 ,
3465 2648 3587 2686 cum
3630 2633 3767 2687 scri-

2157 2719 2343 2782 heret,
2381 2736 2488 2787 pne
2517 2722 2690 2773 oculis
2719 2719 2926 2787 habuit,
2959 2721 3041 2775 vix
3067 2722 3177 2776 alto
3202 2738 3360 2791 quam
3392 2725 3492 2777 hoc
3518 2732 3765 2792 tempore

2155 2821 2537 2880 congregatum
2575 2811 2872 2866 existimari
2904 2828 3061 2882 posse
3095 2831 3107 2866 :
3137 2813 3334 2868 deinde
3366 2830 3498 2869 vero
3527 2816 3723 2886 colligo
3744 2857 3759 2883 ,

2156 2917 2278 2955 cum
2326 2903 2455 2956 viris
2502 2904 2837 2972 gravissimis
2880 2904 3202 2967 Sirmondo,
3241 2914 3400 2975 atque
3450 2906 3758 2976 Harduino,

2158 2997 2254 3050 has
2306 2998 2450 3065 ipsas
2494 2998 2720 3052 Romani
2769 2999 2982 3053 COIICllll
3029 2999 3236 3054 litteras
3277 2998 3567 3055 Ambrosio
3606 3002 3765 3056 attri-

385 3166 392 3172 ,
452 3103 665 3174 gravior
714 3098 1001 3170 intligenda
1048 3098 1112 3151 iis
1147 3096 1332 3159 fuerit,
1384 3094 1727 3163 imperatoris
1766 3092 2046 3146 arbitrium
2078 3089 2122 3152 C
2153 3088 2398 3144 buendas
2429 3104 2552 3144 esse
2573 3131 2586 3154 ,
2617 3090 2873 3160 quidquid
2908 3089 3011 3145 BB.
3044 3090 3344 3145 editoribus
3376 3091 3641 3157 videatur,
3667 3093 3759 3162 qui

454 3198 734 3269 praemissa
785 3196 1047 3250 relatione
1101 3193 1415 3260 eitploretur
1462 3192 1596 3245 Cod.
1647 3190 1749 3245 Th.
1805 3192 1842 3244 Ι.
1894 3206 1931 3244 1'
1982 3189 2049 3244 de

452 3291 607 3348 Pam.
635 3307 651 3355 ;
679 3289 919 3344 secunda
954 3303 1085 3342 vero
1119 3287 1326 3351 statuit,
1362 3294 1420 3340 ut
1445 3285 1707 3339 ordinarii
1732 3284 1940 3354 judices
1967 3286 2049 3340 in-

459 3382 710 3437 tendendi
753 3381 1016 3435 exatuinis
1055 3387 1110 3432 et
1153 3377 1511 3447 cognoscendi
1557 3376 1863 3432 erintinales
1890 3392 2049 3432 sena-

454 3484 629 3530 torum
676 3487 866 3527 causas
906 3478 1223 3540 potestatetn
1257 3470 1509 3533 habeant,
1546 3469 1639 3525 sed
1683 3470 1812 3523 nihil
1841 3470 1907 3526 de
1932 3470 2047 3524 ani-

452 3565 833 3620 madversione
880 3562 1197 3623 decernant,
1240 3574 1293 3615 et
1335 3562 1548 3631 integro
1590 3576 1837 3630 persona:
1878 3572 2045 3629 statu,

447 3668 539 3713 aut
565 3660 632 3711 ad
662 3658 1044 3727 imperatorem
1075 3653 1333 3719 referant,
1359 3662 1453 3707 aut
1480 3655 1548 3706 ad
1578 3654 1798 3723 inclytus
1820 3665 2047 3725 potesta-

447 3759 541 3815 tes,
576 3749 703 3805 Urbi
728 3748 940 3803 scilicet
961 3757 1017 3802 et
1048 3747 1301 3815 praetorio
1330 3745 1635 3814 prtefeetos,
1671 3743 1804 3799 Cod.
1830 3745 2037 3800 Theod.

444 3842 482 3896 l.
532 3857 626 3897 mi
670 3840 741 3897 de
790 3843 986 3895 Aecus.
1043 3840 1193 3893 lianc
1242 3843 1420 3905 itaque
1478 3847 1721 3905 putarem
1772 3838 2046 3904 respicere

444 3933 607 3986 verba
639 3932 748 3997 illa,
782 3947 901 3998 qua:
932 3929 1118 3991 retuli,
1153 3928 1331 3996 potius
1354 3942 1512 3995 quam
1544 3927 1807 3991 alteram;
1843 3927 2042 3983 Valen-

444 4024 682 4078 tinianus
729 4023 875 4075 enitn
917 4030 1067 4089 pater
1113 4017 1402 4073 ordinariis
1438 4019 1730 4088 jutlicibus,
1783 4037 1849 4075 ne
1902 4022 2042 4077 hanc

440 4117 657 4189 quidem
690 4116 991 4184 simplicem
1024 4113 1389 4182 cognitionem
1422 4114 1764 4181 permiserat,
1823 4122 1881 4168 ut
1910 4130 2041 4170 con-

440 4217 550 4267 stat
597 4226 663 4264 ex
713 4209 750 4263 l.
795 4224 832 4264 ιι
880 4207 1017 4262 Cod.
1055 4206 1261 4261 Theod.
1293 4206 1359 4261 de
1416 4206 1607 4260 Exhib.
1661 4208 1788 4261 reis.
1840 4208 2040 4275 Quam-

442 4309 629 4363 obrem
661 4304 916 4373 scriptam
945 4300 1190 4372 Oportuit
1214 4299 1497 4370 epistolam
1538 4299 1675 4355 hanc
1704 4316 1846 4355 anno
1875 4301 2035 4355 mini-

443 4416 591 4455 mum
622 4398 748 4455 380.
783 4396 843 4453 Si
889 4396 1057 4459 enim,
1092 4403 1151 4449 ut
1192 4395 1284 4449 alii
1320 4402 1569 4460 censent,
1602 4409 1745 4449 anno
1790 4395 1893 4451 578
1922 4395 2038 4451 haec

2152 3198 2244 3236 eas
2270 3199 2336 3236 ex
2365 3198 2589 3251 operum
2620 3183 2857 3237 editione
2890 3199 3075 3238 eorum
3111 3199 3240 3237 cura
3269 3184 3527 3239 adornata
3555 3201 3760 3255 expun-

2153 3284 2350 3330 xerunt
2378 3292 2393 3341 ;
2426 3284 2538 3329 tum
2585 3276 2710 3344 quia
2740 3276 2888 3330 illum
2918 3275 3095 3344 ipsum
3123 3275 3362 3330 adfuisse
3389 3276 3511 3332 huic
3539 3276 3757 3347 Synodo

2152 3367 2521 3438 probavimus,
2556 3380 2665 3423 tum
2696 3370 2819 3438 quia
2852 3370 2994 3425 idem
3026 3371 3305 3440 utriusque
3336 3371 3607 3439 epistolae,
3639 3372 3752 3426 Ro-

2151 3476 2326 3516 manae
2352 3463 2555 3518 scilicet
2586 3472 2641 3518 et
2672 3462 3033 3532 Aquileiensis
3062 3505 3077 3530 ,
3124 3473 3179 3519 et
3206 3464 3375 3535 stylus
3401 3475 3483 3519 est
3523 3475 3578 3520 et
3628 3481 3755 3520 sco-

2152 3568 2270 3623 pus,
2305 3570 2368 3609 ac
2411 3555 2612 3609 eaedem
2661 3570 2799 3625 pene
2851 3554 3157 3610 sententiae.
3210 3556 3481 3612 SirmOndi
3528 3572 3657 3614 vero
3699 3566 3757 3613 et

2150 3644 2405 3699 Harduini
2433 3646 2691 3715 judicium
2724 3647 3116 3717 praeferendum
3145 3663 3268 3703 esse
3299 3662 3560 3718 praeterea
3587 3651 3757 3720 liquet

2149 3752 2218 3792 ex
2255 3737 2488 3792 llenrico
2517 3739 2728 3793 (ilerico
2748 3779 2763 3805 ,
2794 3741 2883 3808 qui
2912 3741 2963 3793 in
2994 3755 3125 3795 mss.
3160 3739 3404 3795 codicum
3436 3742 3752 3799 monasterii

2147 3828 2592 3885 Padolivonensis
2646 3830 2898 3901 catalogo
2960 3834 3159 3886 saeculo
3214 3848 3269 3886 ιι
3328 3835 3574 3889 conlecto
3632 3850 3751 3889 eam

2146 3922 2435 3976 Ambrosio
2465 3923 2710 3977 attribuit
2739 3924 2851 3995 (ὁ),
2894 3939 3217 3993 quamquam
3272 3924 3469 3979 deinde
3510 3925 3750 3996 decipia-

2147 4023 2253 4080 tur,
2272 4030 2390 4069 cum
2408 4031 2472 4069 ex
2500 4016 3075 4086 Aquileiensiconcilio
3103 4017 3357 4086 scriptam
3375 4019 3571 4073 asserit
3591 4036 3603 4071 :
3623 4035 3749 4075 cum

2142 4109 2212 4162 ab
2241 4110 2342 4163 hoc
2370 4110 2616 4164 Romano
2644 4117 2919 4164 exaratam
2953 4111 3132 4180 potius
3160 4109 3327 4166 fuisse
3354 4113 3548 4180 probet
3575 4112 3746 4168 altera

2142 4203 2383 4272 ejusdem
2418 4204 2779 4273 Aquileiensis
2804 4205 3016 4259 concilii
3047 4204 3113 4258 ad
3143 4204 3458 4262 Gratianum
3484 4208 3745 4277 epistola,

2140 4312 2301 4365 quam
2348 4297 2509 4352 tnodo
2553 4297 2784 4353 iudicavi
2816 4316 2829 4353 :
2864 4313 3038 4369 neque
3092 4300 3235 4353 enim
3258 4340 3273 4365 ,
3307 4315 3409 4353 una
3451 4302 3747 4371 eademque

2139 4389 2208 4446 de
2236 4408 2397 4446 causa
2420 4433 2434 4453 .
2464 4393 2534 4447 ab
2564 4409 2668 4447 una
2700 4394 2994 4465 eademque
3022 4395 3231 4466 synodo
3256 4396 3321 4451 ad
3357 4413 3520 4451 unum
3546 4439 3563 4463 ,
3595 4414 3747 4454 eum-

438 4492 645 4561 scripta
686 4490 962 4553 credatur,
1014 4488 1101 4542 lex
1157 4487 1247 4541 illa
1275 4529 1289 4553 ,
1350 4502 1471 4557 quae
1520 4486 1742 4541 biennio
1796 4488 2032 4543 nondum
2060 4475 2113 4535 D
2140 4486 2370 4556 demque
2414 4472 2796 4555 imperatorem
2836 4491 3082 4560 geminas
3120 4505 3227 4545 uno
3258 4502 3500 4562 tempore
3535 4493 3746 4549 litteras

439 4584 623 4653 elapso
655 4582 925 4653 publicata
958 4594 1149 4635 recens
1183 4579 1361 4648 potius
1402 4592 1523 4633 esse
1550 4577 1857 4644 videbatur,
1891 4579 2033 4634 nulla

438 4690 663 4747 prorsus
703 4676 936 4740 ratione,
979 4674 1047 4728 ab
1090 4672 1364 4742 episcopis
1404 4671 1513 4725 illis
1550 4670 1742 4723 dudum
1776 4670 1883 4724 lata
1925 4670 2031 4725 dici

438 4776 669 4839 poterat.
1356 4820 1361 4823 .

506 4860 570 4916 ll.
598 4858 670 4913 At
693 4858 835 4914 enim
868 4858 953 4912 cui
978 4858 1121 4913 bono
1148 4856 1453 4911 Romanum
1483 4855 1585 4908 hoc
1612 4857 1898 4911 concilium
1931 4873 2029 4913 ve-

434 4964 578 5010 teres
608 4952 725 5006 illas
754 4951 1054 5005 calumnias
1099 4957 1151 5002 et
1182 4948 1405 5002 insidias
1427 4947 1682 5004 Gratiano
1705 4965 2031 5006 commemo-

431 5060 578 5104 ratas
624 5045 822 5099 voluit?
849 5043 1068 5111 Optimo
1118 5056 1250 5096 sane
1280 5041 1617 5111 sapientique
1644 5044 1891 5097 consilio.
1928 5042 2030 5099 Ur-

430 5149 581 5203 sinus
609 5144 752 5201 enim
811 5159 873 5198 ac
903 5140 1101 5196 Valens
1127 5140 1556 5205 Petaviouensis,
1587 5157 1682 5208 per
1702 5157 1763 5195 ea
1788 5152 2029 5211 tempora

432 5238 487 5292 in
538 5238 758 5295 sceleris
808 5235 1121 5291 societatem
1173 5232 1457 5286 Mediolani
1511 5242 1915 5298 convenerant,
1968 5248 2031 5286 ac

431 5330 637 5383 occulta
666 5331 939 5401 agitabant
980 5325 1234 5390 consilia,
1260 5324 1452 5394 quibus
1486 5322 1736 5377 Ecclesia}
1785 5340 1883 5392 pax
1918 5333 2031 5378 tur-

432 5422 653 5475 baretur
679 5463 693 5486 ,
726 5423 865 5491 quod
897 5431 1081 5491 aperte
1110 5427 1320 5473 constat
1348 5433 1413 5472 ex
1447 5416 1639 5471 litteris
1666 5414 2030 5486 Aquileiensis

427 5513 640 5568 concilii
666 5512 731 5566 ad
761 5513 1006 5568 emudem
1036 5511 1348 5568 Gratianum
1376 5524 1519 5565 anno
1540 5511 1843 5581 insequenti
1864 5511 2033 5581 scrip-

500 5690 574 5765 (a)
606 5686 728 5745 Vid.
755 5686 793 5740 l.
825 5702 933 5741 xxx
962 5686 1027 5741 de
1055 5687 1196 5757 App.
1230 5685 1365 5741 Cod.
1399 5687 1501 5743 Th.

2139 4582 2370 4648 scriptas
2399 4596 2520 4635 csse
2546 4581 2894 4637 crediderim.

2209 4675 2297 4729 ιιι.
2350 4674 2501 4730 Nunc
2540 4676 2703 4731 redeo
2756 4676 2822 4730 ad
2855 4691 2949 4731 eos
2991 4677 3083 4745 qui
3111 4677 3394 4732 Damasum
3437 4677 3505 4734 de
3534 4679 3744 4736 adulte-

2137 4768 2217 4821 rio
2246 4766 2484 4821 delatum
2519 4776 2736 4837 putant,
2765 4767 2906 4838 quod
2934 4768 3223 4824 Gratianus
3252 4770 3560 4839 turpissimis
3585 4770 3739 4826 illum

2136 4860 2409 4913 calumniis
2440 4860 2741 4928 impetitum
2780 4859 2925 4914 dicat
2956 4860 3007 4914 in
3036 4861 3299 4929 rescripto
3328 4861 3395 4915 ad
3426 4862 3739 4931 Aquilinum

2139 4956 2416 5011 vicarium.
2452 4957 2530 5010 Ac
2560 4954 2605 5009 si
2635 4957 3025 5026 cujuscumque
3053 4956 3270 5026 generis
3299 4957 3582 5012 calumnia:
3614 4973 3742 5027 per-

2140 5060 2303 5118 petuo
2332 5048 2657 5117 turpissimae
2686 5064 2782 5117 per
2805 5061 2865 5102 se
2894 5048 3024 5116 ipsa:
3050 5063 3156 5103 non
3188 5049 3295 5105 sint
3316 5090 3330 5114 ,
3364 5066 3426 5105 ac
3448 5050 3627 5120 legum
3657 5052 3742 5105 in-

2135 5140 2296 5195 famia
2346 5156 2437 5195 eas
2487 5156 2595 5194 non
2622 5148 2903 5210 sequatur,
2934 5154 3042 5194 non
3087 5155 3188 5209 ego
3217 5150 3393 5196 tamen
3426 5141 3697 5197 contendo
3719 5183 3737 5208 ,

2134 5234 2262 5302 quin
2308 5231 2430 5286 huic
2475 5231 2712 5301 opinioni
2742 5230 2950 5300 pondus
2989 5231 3205 5303 aliquod
3234 5233 3476 5288 videatur
3502 5233 3737 5289 Anasta-

2133 5324 2247 5379 sius
2287 5324 2485 5378 addere
2512 5364 2526 5388 ,
2558 5324 2609 5379 in
2651 5324 2882 5380 Damaso
2915 5324 3030 5379 haec
3058 5325 3334 5382 scribens:
3368 5324 3471 5379 Hic
3498 5327 3735 5379 incrimi-

2133 5428 2286 5470 natus
2330 5416 2392 5469 de
2438 5416 2718 5481 adulterio,
2751 5427 2798 5471 et
2829 5420 2968 5489 facta
2994 5419 3192 5489 synodo
3220 5429 3472 5492 purgatus
3498 5430 3573 5474 est
3601 5437 3632 5473 a
3661 5419 3732 5475 44

2132 5511 2415 5582 episcopis,
2445 5510 2534 5581 qui
2568 5512 2717 5567 etiam
2747 5513 3057 5566 danmarunt
3089 5511 3433 5569 Concordium
3462 5525 3509 5569 et
3535 5512 3734 5569 Callia:-

2207 5692 2283 5761 (b)
2308 5691 2596 5750 Montiauc.
2622 5694 2767 5750 Diar.
2795 5694 2911 5751 Ital.
2938 5713 2991 5769 p.
3022 5698 3113 5755 93.
