4138 6178
356 329 466 386 209

1735 323 2270 383 PROLEGOMENA.

3553 338 3662 395 210

358 457 463 502 tum
501 445 751 499 diaconos
792 450 1117 496 accusatores
1154 450 1202 494 et
1243 441 1569 510 projecerunt
1604 441 1667 495 de
1698 439 1954 501 Ecclesia.
1987 444 2039 505 Α
2065 444 2241 499 oratio
2273 445 2469 501 iterum
2510 446 2873 501 convertenda
2913 457 3015 502 est.
3047 448 3101 505 Si
3136 450 3276 504 cnim
3309 449 3452 505 hunc
3476 452 3668 520 audis,

357 540 429 593 At
456 538 511 591 in
542 534 918 592 describendis
944 533 1141 587 Liberii
1168 574 1181 597 ,
1213 532 1412 588 Felicis
1438 543 1490 593 et
1524 533 1733 587 Damasi
1763 532 1927 602 gestis
1947 574 1960 597 ,

364 631 679 687 Anastasius
741 638 819 683 tot
876 627 1153 683 erroribus
1203 637 1418 692 scatet,
1473 636 1729 697 tantaque
1783 643 1960 681 rerum

366 724 677 779 confusione
723 722 968 787 laborat,
997 730 1054 774 ut
1103 720 1245 774 nulla
1291 736 1510 789 prorsus
1548 729 1641 775 aut
1669 722 1855 791 exigua
1886 720 1960 775 illi

368 815 501 869 fides
544 814 730 868 haberi
784 813 988 882 possit,
1024 813 1122 865 nisi
1156 820 1469 879 argumenta
1502 811 1717 865 aliunde
1763 826 1961 880 suppe-

369 918 499 964 tant.
547 908 748 963 Saltem
804 906 1035 961 concilio
1086 904 1207 969 illi,
1254 920 1361 973 quo
1411 913 1732 970 accusatus,
1760 913 1814 958 et
1860 903 1961 959 hoc

367 1000 583 1055 crimine
631 1007 887 1068 purgatus
933 997 1159 1059 dicitur,
1196 996 1398 1049 nullum
1447 996 1625 1050 locum
1650 1010 1770 1050 esse
1800 1009 1959 1063 posse

363 1102 471 1146 toto
499 1092 594 1145 illo
624 1089 876 1155 biennio,
908 1090 1047 1159 quod
1081 1089 1150 1143 ab
1190 1088 1454 1143 electione
1492 1090 1557 1141 ad
1599 1087 1865 1143 celebrem
1896 1088 1963 1142 il-

360 1182 465 1238 lam
511 1182 781 1254 synodum
831 1195 973 1233 anno
1035 1179 1142 1234 569
1183 1188 1564 1249 congregatum
1617 1180 1955 1245 intercurrit,

356 1272 621 1343 quidquid
649 1272 890 1325 Baluzius
939 1279 1168 1336 asserat,
1215 1270 1324 1339 jam
1354 1270 1605 1324 vidimus.
1644 1271 1753 1341 Ego
1782 1272 1960 1340 itaque

360 1380 433 1419 ne
460 1379 647 1418 eorum
677 1364 763 1433 qui
794 1362 873 1416 sic
914 1370 1159 1416 statuunt
1186 1362 1424 1431 opinioni
1454 1362 1726 1423 accedam,
1761 1364 1959 1431 duplici

363 1458 703 1527 potissimum
751 1458 962 1509 ratione
1009 1454 1287 1518 adducor,
1317 1454 1536 1507 silentio
1585 1469 1778 1524 nempe
1823 1455 1960 1507 Mar-

362 1548 545 1603 cellini
582 1561 633 1601 et
680 1546 957 1611 Faustini,
992 1562 1055 1601 ac
1105 1547 1299 1601 litteris
1352 1547 1482 1614 ipsis
1527 1547 1756 1602 Romani
1803 1548 1960 1617 hujus

354 1642 596 1697 concilii.
626 1640 761 1695 Nam
810 1641 952 1709 quod
1000 1640 1067 1693 ad
1118 1641 1347 1709 primum
1397 1640 1623 1705 attinet,
1653 1656 1718 1693 an
1748 1657 1877 1695 vero
1907 1642 1959 1696 hi

354 1734 659 1805 presbyteri
686 1775 700 1799 ,
733 1733 821 1802 qui
854 1731 1023 1787 livore
1065 1745 1223 1801 atque
1253 1732 1380 1786 odio
1436 1734 1658 1802 perciti,
1686 1749 1876 1788 omnes
1907 1736 1960 1788 in

2069 552 2188 590 cum
2238 540 2481 609 synodus
2532 540 2620 594 illa
2666 541 2952 596 Damasum
2999 542 3313 609 absolverit,
3346 544 3668 602 Christianae

2065 629 2343 684 charitatis
2370 632 2604 685 officium
2634 643 2745 698 est,
2782 642 2839 687 ut
2870 634 3018 687 illum
3049 634 3182 688 falso
3210 646 3519 689 accusatum
3547 652 3666 693 cre-

2066 723 2162 779 das
2192 742 2205 776 :
2247 734 2302 779 at
2343 728 2465 794 quia
2519 727 2603 779 vix
2634 726 2893 781 credibile
2913 768 2927 790 ,
2958 742 3077 782 esse
3111 730 3349 795 potuisse
3375 729 3512 784 adeo
3537 746 3665 800 per-

2064 814 2234 870 frictze
2261 816 2451 869 frontis
2475 817 2745 881 homines,
2769 819 2858 888 qui
2884 819 3054 872 dicam
3089 820 3233 873 illam
3268 830 3371 874 tam
3403 822 3659 888 grandem

2065 907 2309 962 Romano
2336 912 2588 980 episcOpO
2620 912 2917 980 impingere
2946 912 3059 964 ausi
3092 912 3218 973 sint.
3250 922 3303 967 et
3327 914 3377 965 in
3401 914 3661 982 judicium

2063 1017 2262 1058 vocare
2296 1004 2667 1083 innocentem,
2699 1020 2762 1059 ac
2790 1013 3048 1073 prmterea
3076 1020 3196 1059 cum
3230 1005 3435 1061 nullum
3464 1007 3533 1061 de
3572 1024 3665 1062 ca-

2065 1095 2478 1149 lumniatoribus
2545 1096 2651 1150 illis
2711 1097 2942 1167 capitale
3007 1097 3326 1165 supplicium
3391 1110 3661 1170 sumptum

2066 1184 2233 1242 fuisse
2260 1197 2506 1251 constet,
2536 1204 2622 1242 res
2650 1188 2825 1243 adhuc
2854 1189 3152 1259 in'ancipiti
3186 1192 3354 1258 posita
3381 1198 3467 1246 est
3490 1234 3501 1254 ,
3535 1193 3657 1247 tibi-

2063 1293 2191 1347 que,
2240 1294 2511 1350 anonymo
2546 1281 2748 1350 judice.
2782 1296 2941 1351 quam
2996 1282 3280 1344 malueris.
3334 1284 3659 1339 sententiam

2063 1371 2262 1439 eligere
2318 1372 2397 1425 fas
2439 1373 2562 1426 erit.
2609 1372 2769 1441 Papae
2792 1415 2805 1437 ,
2838 1389 2995 1443 quam
3044 1374 3238 1429 doctus
3265 1391 3322 1428 es
3343 1418 3356 1438 .
3388 1392 3547 1446 quam
3577 1393 3666 1433 sa-

2063 1461 2215 1530 piens
2246 1461 2560 1533 theologus,
2596 1479 2715 1517 cum
2750 1464 2863 1519 haec
2906 1471 3223 1533 pronuntias
3251 1468 3262 1520 ι
3296 1468 3471 1522 Aliam
3505 1484 3666 1537 porro

2062 1554 2384 1606 sententiam
2433 1554 2503 1607 ab
2547 1554 2806 1623 Apostolo
2832 1557 2853 1609 Ι
2884 1556 3006 1611 Cor.
3043 1574 3158 1624 xm,
3189 1560 3484 1615 didiceram
3515 1578 3614 1632 ego
3646 1582 3659 1616 :

2063 1652 2119 1697 at
2150 1653 2204 1698 tu
2248 1647 2376 1699 mihi
2426 1648 2617 1715 pOIiori
2668 1649 2788 1703 loco
2832 1649 3089 1721 deinceps
3121 1652 3260 1718 eris,
3294 1662 3492 1722 tuoque
3525 1655 3665 1724 peri-

2064 1738 2185 1791 culo
2217 1740 2430 1792 credam
2454 1780 2467 1803 ,
2498 1755 2621 1795 cum
2653 1742 2720 1795 de
2753 1743 2977 1796 Itoiiesta
3010 1744 3239 1811 proximi
3285 1746 3423 1799 fama
3464 1747 3663 1815 agitur,

353 1827 645 1882 Damasum
687 1824 933 1894 aliosque
973 1825 1050 1879 illi
1103 1825 1309 1878 similes
1351 1826 1637 1880 sanctitate
1678 1826 1959 1895 episcopos
1989 1835 2037 1894 B
2065 1831 2233 1899 magis
2274 1832 2455 1886 valere
2485 1848 2675 1900 posse,
2716 1834 3067 1888 obscurorum
3098 1835 3337 1904 aliquot,
3370 1835 3665 1906 vitiumque

352 1918 655 1974 calumnias
697 1925 977 1979 evomunt,
1011 1917 1097 1986 qui
1130 1932 1251 1970 eum
1299 1925 1558 1985 praeterea
1589 1925 1955 1972 matronarum

356 2010 727 2080 auriscalpium
792 2007 993 2062 dictum
1044 2009 1209 2065 fuisse
1255 2009 1537 2074 scribunt,
1588 2009 1957 2079 turpissimum

361 2101 467 2156 hoc
495 2101 693 2155 crimen
724 2100 942 2154 silentio
968 2101 1380 2169 praeteriissent,
1405 2100 1450 2153 si
1472 2101 1589 2167 ejus
1622 2100 1817 2155 nedum
1842 2117 1958 2154 sus-

359 2203 579 2266 pectus,
631 2207 820 2247 verum
869 2191 1028 2246 etiam
1071 2209 1198 2248 reus
1240 2192 1381 2263 apud
1422 2192 1641 2249 Judices
1681 2194 1958 2249 traductus

360 2290 574 2346 fuerat?

428 2384 484 2438 ln
513 2385 712 2439 litteris
738 2399 867 2441 vero
900 2382 1127 2438 Romani
1158 2381 1374 2435 concilii
1408 2396 1512 2434 non
1554 2381 1697 2435 aliud
1731 2381 1958 2437 Damaso

348 2478 563 2533 crimen
614 2494 678 2531 cx
720 2487 872 2548 parte
910 2485 1287 2532 accuSatorum
1336 2473 1639 2542 affingitur,
1674 2489 1833 2543 quam
1865 2491 1961 2543 pu-

349 2570 525 2627 blicas
557 2572 705 2641 leges
747 2573 919 2639 ipsum
950 2568 1219 2633 violasse,
1247 2576 1303 2621 ut
1333 2582 1399 2621 ex
1441 2566 1524 2620 his
1566 2582 1749 2621 earum
1782 2566 1961 2621 verbis

349 2672 606 2718 constat:
636 2661 777 2715 Nam
818 2662 955 2732 quod
986 2662 1054 2715 ad
1097 2661 1327 2732 publicas
1374 2660 1509 2729 leges
1561 2661 1807 2728 pertinet,
1849 2674 1963 2728 qute

351 2764 521 2825 potest
548 2770 660 2807 esse
688 2754 791 2807 vita
821 2753 1091 2817 munitior,
1125 2767 1277 2821 quant
1321 2760 1490 2803 vestra
1534 2750 1832 2821 prudentia,
1863 2766 1964 2818 qua

346 2848 620 2908 innititur,
635 2847 873 2918 judicata
891 2846 917 2899 7
938 2846 982 2900 si
1012 2860 1140 2900 vero
1170 2844 1348 2897 nullus
1372 2850 1567 2912 praeter
1588 2845 1926 2897 necessarios
1943 2888 1956 2909 ,

352 2944 749 3012 proximosque
796 2956 1052 2995 accusare
1096 2940 1377 2993 adulteros
1426 2950 1633 3008 poterat
1685 2937 1799 3010 (a),
1850 2948 1961 2991 tum

352 3033 505 3087 nulla
550 3044 634 3086 est
664 3033 833 3096 ratio,
864 3047 959 3086 cur
1004 3030 1190 3085 Isaat-o
1213 3030 1393 3099 judsco
1415 3072 1427 3093 ,
1464 3031 1767 3099 nulliusque
1796 3030 1967 3085 nomi-

354 3126 448 3180 nis
474 3140 535 3178 ac
562 3124 890 3179 conditionis
919 3124 1121 3177 homini
1147 3165 1162 3187 ,
1189 3125 1289 3176 hoc
1312 3122 1528 3177 licuisse
1550 3137 1827 3193 putemus,
1853 3134 1962 3177 tum

2064 1934 2125 1974 ac
2157 1920 2358 1975 nullius
2410 1924 2563 1991 pretii
2598 1924 2871 1977 hominum
2906 1925 3205 1991 audaciam,
3230 1941 3390 1992 quam
3423 1926 3667 1996 diligenti

2063 2013 2417 2081 plurimorum
2462 2017 2939 2085 gravissimorum,
2972 2033 3035 2071 ac
3080 2019 3541 2074 sanctissimormn
3582 2020 3666 2074 vi-

2062 2121 2243 2160 rorum
2289 2108 2490 2177 judicio
2541 2110 2916 2163 confirmatam
2967 2113 3309 2165 sententiam.
3343 2112 3545 2168 Vereor
3582 2120 3666 2166 ta-

2066 2214 2187 2252 men
2223 2215 2289 2254 ne
2315 2215 2435 2253 cum
2464 2200 2580 2255 ltwc
2608 2202 2803 2255 SCIihis
2835 2202 3089 2255 lectorem
3114 2210 3263 2255 tuum
3297 2204 3481 2258 fallere
3504 2204 3657 2259 velis.

2064 2289 2341 2358 Siquidem
2376 2299 2429 2343 tu
2462 2293 2682 2345 minime
2717 2295 2953 2362 ignoras,
2984 2308 3143 2346 unam
3171 2294 3349 2358 illam,
3379 2310 3536 2364 quam
3569 2311 3663 2363 pro

2065 2392 2153 2436 tua
2180 2383 2435 2451 opinione
2481 2385 2913 2455 comprobanda,
2948 2388 3211 2440 rationem
3260 2386 3450 2451 affers,
3486 2388 3668 2443 falsis-

2064 2475 2253 2528 simam
2288 2492 2409 2530 esse
2430 2520 2444 2542 ,
2478 2492 2541 2531 ac
2567 2479 2788 2532 ntinime
2818 2480 2982 2533 licere
3011 2479 3287 2544 Ecclesize,
3313 2480 3666 2535 calumniato-

2065 2584 2149 2623 res
2177 2584 2305 2623 suos
2335 2570 2384 2623 in
2418 2571 2663 2624 szcculari
2697 2571 2811 2626 foro
2838 2571 2902 2625 ad
2936 2587 3148 2641 pomum
3185 2575 3428 2641 persequi
3448 2616 3461 2635 ,
3491 2589 3555 2629 ac
3581 2589 3667 2628 sa—

2065 2662 2342 2716 cerdotum
2376 2663 2688 2732 religionem
2717 2705 2731 2729 ,
2764 2675 2820 2716 nt
2847 2664 2991 2717 aiunt
3025 2665 3182 2732 hujus
3213 2666 3428 2719 concilii
3457 2667 3662 2734 Patres,

2067 2762 2330 2807 tormenta
2381 2755 2696 2809 abhorrere.
2742 2752 3008 2809 Carterum
3054 2756 3152 2809 hac
3196 2772 3295 2826 ego
3322 2766 3374 2811 te
3407 2756 3667 2810 sollicitu-

2066 2844 2192 2899 dine
2266 2847 2490 2901 liberum
2527 2848 2784 2916 deinceps
2826 2864 2948 2903 esse
2984 2848 3169 2917 jubeo.
3228 2850 3503 2920 Siquidem
3540 2852 3663 2905 nul-

2067 2936 2171 2991 lam
2202 2953 2324 2992 esse
2367 2939 2635 3010 synodum
2686 2956 2873 2995 assero
2898 2982 2912 3005 ,
2944 2942 2995 2995 in
3037 2957 3142 3011 qua
3185 2943 3440 2997 Damastts
3467 2942 3531 2997 de
3564 2942 3666 2998 hoc

2067 3031 2297 3086 crimine
2326 3039 2419 3084 aut
2444 3042 2727 3087 accusatus
2757 3042 2847 3085 aut
2871 3033 3131 3087 innocens
3159 3034 3533 3100 pronuntiatus
3557 3034 3666 3087 fue-

2068 3124 2173 3186 rit,
2208 3123 2466 3193 nulloque
2515 3132 2607 3176 aut
2652 3124 2801 3193 gravi
2850 3134 3107 3187 auctore,
3138 3135 3227 3177 aut
3277 3124 3445 3178 solida
3490 3124 3667 3194 aliqua

354 3227 623 3288 praeterea
674 3216 820 3270 aliud
853 3217 1017 3272 fuisse
1044 3217 1247 3271 crimen
1280 3225 1493 3284 cpertet
1520 3256 1535 3281 ,
1565 3231 1671 3285 quo
1704 3217 1963 3270 Damasus
1991 3214 2034 3276 C
2068 3216 2379 3285 conjectura
2434 3218 2563 3281 niti,
2596 3218 2685 3285 qui
2735 3231 2892 3270 secus
2936 3225 3181 3270 censent.
3228 3216 3294 3268 Je
3323 3232 3385 3268 ne
3427 3218 3561 3280 suis,
3595 3217 3669 3270 ait

354 3312 419 3364 in
447 3312 576 3379 leges
608 3310 839 3379 publicas
880 3325 1136 3379 peccasse
1165 3308 1458 3379 ﬁngeretur
1477 3348 1491 3369 .
1524 3317 1579 3361 ut
1605 3308 1673 3360 ab
1706 3322 1771 3362 eo
1799 3310 1965 3363 Verbo

353 3406 605 3459 accusari
639 3414 852 3473 posset;
881 3404 1025 3458 aliud
1056 3419 1183 3458 vero
1210 3403 1415 3457 nullum
1449 3416 1550 3471 ego
1584 3400 1736 3454 video
1756 3444 1772 3469 ,
1804 3418 1963 3471 quam

354 3497 424 3551 de
450 3497 501 3549 vi
533 3496 776 3564 publica,
815 3496 883 3551 ob
910 3496 1151 3563 dejectos
1199 3495 1406 3564 pridem
1458 3509 1486 3547 a
1542 3493 1822 3547 Liberiatta
1844 3534 1858 3558 ,
1913 3503 1965 3547 et

358 3590 421 3645 S.
439 3590 665 3660 Agnetis
678 3589 895 3644 basilica
912 3588 1229 3644 Ursinianos
1248 3581 1589 3657 pairatasque
1603 3601 1669 3641 ea
1681 3585 1967 3640 occasione

353 3681 539 3737 Caedes
565 3723 580 3746 ,
611 3691 667 3734 ut
700 3680 813 3735 dixi
842 3699 854 3732 :
886 3682 968 3735 cui
1002 3679 1217 3750 quidem
1262 3679 1459 3732 delicto
1487 3694 1607 3731 cum
1643 3693 1795 3746 pceua
1823 3678 1964 3746 capi-

360 3775 430 3828 tis
451 3783 654 3827 statuta
686 3772 855 3838 foret,
890 3773 1010 3827 ideo
1040 3771 1298 3840 praesules
1343 3770 1655 3840 congregati
1684 3771 1924 3825 scribunt
1952 3813 1965 3836 ,

358 3866 432 3921 ab
458 3865 645 3919 lsaaco
690 3864 927 3919 factione
964 3863 1142 3919 Ursini
1190 3863 1515 3927 subornato,
1554 3878 1647 3917 eos
1676 3864 1969 3917 instructos

357 3958 553 4023 dolos,
586 3958 718 4012 olim
759 3959 986 4021 scilicet,
1016 3958 1212 4028 quibus
1239 3959 1403 4011 sancti
1434 3959 1613 4026 fratris
1642 3956 1856 4011 Damasi
1880 3974 1968 4026 pe-

362 4061 558 4107 teretur
582 4064 755 4122 capnt.
788 4051 921 4106 llinc
950 4066 1080 4106 vero
1118 4050 1311 4106 factum
1344 4060 1499 4117 puto,
1536 4060 1592 4103 ut
1626 4050 1968 4105 Schismatici

360 4159 553 4203 contra
599 4147 982 4219 Symmachum
1007 4188 1023 4213 ,
1055 4162 1228 4213 neque
1256 4146 1487 4211 Damasi,
1531 4162 1705 4214 neque
1736 4146 1869 4201 Sixti
1904 4146 1971 4200 ΙΙΙ

362 4240 618 4310 exemplo
638 4250 941 4299 uterentur.
971 4250 1028 4293 ut
1056 4256 1177 4293 eum
1204 4239 1508 4307 pontificem
1541 4239 1749 4309 synodo
1776 4239 1970 4293 adesse

364 4341 986 4401 erigerent,quamquam
1008 4330 1076 4384 de
1098 4329 1258 4383 simili
1284 4329 1644 4392 accusatione,
1665 4330 1969 4398 eodemque

366 4424 433 4479 de
466 4425 695 4479 crimine
736 4424 945 4477 scilicet
989 4422 1240 4477 adulterii
1272 4432 1522 4492 ageretur
1545 4466 1558 4488 ,
1592 4431 1751 4491 atquc
1784 4422 1887 4475 alia
1914 4421 1968 4476 in

369 4532 499 4570 cum
530 4517 687 4571 linem
740 4515 987 4585 exempla
1035 4505 1361 4585 allegarent;
1402 4529 1574 4583 neque
1620 4516 1762 4566 enim
1794 4514 1970 4568 credi-

2072 3309 2161 3362 ille
2180 3310 2269 3379 (ι’),
2288 3327 2343 3363 ce
2358 3310 2482 3380 qu’il
2513 3312 2622 3380 funt
2649 3312 2814 3363 croire
2840 3312 2902 3362 de
2930 3310 3262 3362 l’arcusation
3280 3308 3562 3362 d‘adnltérc
3587 3311 3668 3362 in-

2070 3405 2231 3453 tentée
2273 3419 2339 3453 au
2387 3419 2517 3469 pape
2547 3402 2788 3455 Damase.
2843 3402 3056 3454 Avait-il
3087 3401 3259 3453 donné
3284 3402 3384 3453 lieu
3413 3402 3445 3454 ὰ
3470 3410 3545 3454 cet
3587 3401 3669 3470 af-

2069 3495 2221 3562 freua:
2250 3494 2539 3547 scandale?
2573 3496 2655 3546 Uu
2687 3494 2945 3547 n‘était-ce
2971 3496 3152 3561 qu’une
3174 3495 3354 3548 malice
3376 3494 3438 3547 de
3458 3495 3671 3565 quelque

2070 3584 2299 3651 partisan
2329 3583 2588 3637 d’Ursin?
2611 3588 2670 3657 je
2721 3602 2874 3654 pense
2920 3586 3072 3652 qu‘on
3100 3602 3161 3638 ne
3205 3586 3402 3639 saurait
3449 3603 3567 3640 rans
3596 3590 3667 3640 té-

2072 3677 2249 3730 mérité
2296 3692 2582 3740 prononcer
2610 3691 2719 3731 sttr‘
2746 3694 2802 3729 ce
2848 3679 2974 3747 fait,
3010 3678 3230 3747 quoique
3276 3677 3335 3732 S.
3365 3676 3572 3731 Jéronte
3597 3679 3670 3732 ait

2070 3766 2144 3819 dit
2188 3768 2251 3820 de
2303 3784 2358 3820 ce
2406 3784 2536 3835 pape
2584 3769 2706 3837 qu‘il
2736 3768 2791 3836 fit
2839 3769 3127 3833 profession
3176 3770 3324 3821 d‘une
3371 3770 3667 3824 continence

2070 3860 2327 3928 parfaite,
2357 3867 2401 3911 et
2452 3858 2577 3927 qu‘il
2625 3859 2676 3912 la
2723 3857 3321 3928 gardainuiolablement
3357 3859 3573 3930 jusqu'd
3619 3860 3671 3913 la

2070 3960 2225 4003 mort.
2259 3950 2335 4003 La
2374 3953 2572 4005 cltarité
2612 3968 2739 4005 nous
2768 3952 2933 4020 oblige
2959 3953 2989 4003 ὰ
3042 3952 3205 4004 croire
3241 3968 3337 4020 que
3384 3953 3431 4005 le
3478 3952 3672 4021 synode

2070 4046 2160 4115 qui
2189 4047 2398 4114 justi/ia
2429 4044 2657 4099 Dnmase
2709 4047 2773 4099 de
2817 4056 2946 4099 cette
2985 4046 3283 4100 accnsation
3329 4055 3539 4111 atroce,
3567 4046 3673 4116 agit

2070 4154 2188 4191 avet:
2215 4139 2382 4209 équité
2408 4150 2455 4191 et
2487 4156 2546 4191 ne
2578 4140 2633 4208 fit
2660 4155 2754 4204 que
2788 4139 2860 4191 lui
2890 4139 3073 4192 rendre
3090 4128 3279 4209 justice
3297 4156 3315 4204 ;
3333 4141 3464 4193 muis
3485 4155 3538 4191 se
3557 4155 3676 4210 per-

2068 4229 2436 4283 suadera-t-on
2486 4230 2729 4283 oisément
2768 4224 2892 4298 qu‘il
2941 4246 2995 4282 se
3045 4232 3144 4283 soit
3187 4234 3364 4283 trouvé
3415 4232 3501 4284 des
3548 4247 3671 4301 gens

2072 4337 2215 4374 assez
2246 4321 2489 4387 eﬁrontés
2530 4339 2661 4391 pour
2699 4324 2976 4375 Culontnier
3004 4340 3071 4375 un
3097 4340 3227 4391 pape
3254 4338 3375 4375 avec
3402 4333 3507 4375 tant
3533 4324 3670 4375 d‘in-

2071 4413 2312 4465 solence?
2339 4412 2405 4466 Et
2435 4417 2544 4465 lenr
2573 4416 2854 4480 imposture
2882 4415 3022 4465 étnnt
3066 4415 3262 4476 avérée,
3305 4430 3497 4466 comme
3532 4429 3597 4465 οη
3627 4413 3675 4466 lc

2072 4520 2314 4573 sttppose,
2349 4507 2602 4575 pourquoi
2632 4523 2694 4562 ne
2715 4506 2976 4570 [urent-ils
3008 4523 3099 4574 pas
3125 4507 3272 4558 (iures
3295 4523 3362 4558 au
3387 4506 3511 4567 bras
3528 4507 3674 4559 δέεα-

368 4609 485 4663 bile
515 4618 594 4661 est
624 4624 710 4663 res
740 4620 917 4663 tantas
938 4649 952 4669 ,
985 4609 1195 4678 publice
1221 4618 1370 4661 actas
1396 4649 1407 4671 ,
1439 4622 1501 4661 ac
1543 4624 1661 4676 qua:
1689 4607 1966 4663 hominum
1996 4595 2046 4652 ι)
2076 4595 2168 4649 lie"
2194 4594 2323 4667 Ροια*
2350 4600 2456 4652 έινε
2484 4598 2633 4665 ρωιὶε
2674 4598 2813 4650 εειοη
2849 4607 2983 4650 (Ome
3024 4599 3074 4651 Ια
3118 4599 3324 4669 τὶθιιειιν
3350 4599 3435 4651 de!
3462 4598 3557 4652 ιοὶε
3587 4615 3673 4653 1‘0-

367 4702 687 4756 mcmoriam
729 4704 817 4755 vix
854 4714 1237 4768 excesserant,
1267 4700 1576 4770 Symmachi
1606 4699 1845 4769 ejusdem
1877 4700 1972 4754 ad-

366 4794 640 4848 versarios
670 4794 839 4848 latere
871 4794 1127 4863 potuisse.

440 4886 572 4940 llaec
610 4896 788 4939 autem
812 4902 934 4940 cum
964 4889 1033 4939 ita
1066 4885 1204 4950 sint,
1237 4885 1464 4955 quisque
1493 4884 1649 4940 facile
1675 4884 1971 4953 dijudicare

363 4983 592 5052 poterit,
625 4991 822 5049 quanta
852 4995 911 5035 se
941 4980 1129 5048 prodat
1160 4980 1211 5033 in
1234 4978 1502 5059 Jannonio
1533 4980 1848 5040 oscitantia,
1876 4992 1972 5032 seu

367 5080 552 5149 potius
580 5077 795 5132 inscitia
822 5118 836 5141 ,
870 5092 990 5131 cum
1014 5075 1200 5130 scribit
1228 5083 1464 5144 rogatum
1491 5073 1553 5126 ab
1579 5071 1753 5126 Italia:
1779 5074 1975 5143 episco-

364 5172 450 5244 pis
479 5168 790 5223 Gratianum
814 5210 830 5233 ,
858 5178 910 5221 ut
965 5168 1181 5220 Damasi
1205 5209 1219 5232 ,
1253 5182 1400 5236 quem
1426 5166 1527 5237 ipsi
1574 5174 1939 5218 accusaverunt
1958 5206 1972 5228 ,

364 5278 555 5315 causas
597 5261 711 5330 ipse
756 5268 1127 5329 cognosceret.
1161 5257 1268 5312 Sed
1315 5272 1401 5324 eo,
1429 5272 1590 5327 quem
1618 5272 1739 5310 cum
1773 5257 1976 5325 magis-

365 5365 458 5412 tro
478 5370 579 5410 suo
610 5355 839 5425 aninio
864 5354 1079 5424 egregie
1109 5352 1426 5421 castigatum
1462 5351 1607 5404 dedit
1638 5349 1699 5403 P.
1742 5351 1977 5404 Joannes

362 5451 646 5507 Antonius
691 5448 919 5503 Blancus
945 5446 1025 5519 (b)
1058 5461 1199 5500 nunc
1243 5446 1445 5499 omisso
1468 5486 1481 5507 ,
1507 5445 1573 5498 ad
1604 5458 1933 5510 anonymum
1959 5484 1972 5505 ,

364 5544 467 5615 qui
496 5558 693 5613 anceps
722 5552 838 5608 est,
868 5557 933 5597 an
962 5540 1363 5595 sanctissimum
1393 5537 1541 5591 illum
1576 5538 1883 5606 pontificem
1909 5536 1977 5590 ab
2044 5526 2051 5533 ’

364 5638 482 5695 hoc
512 5638 654 5706 turpi
708 5635 937 5691 crimine
987 5636 1207 5688 missum
1240 5632 1437 5696 faciat,
1466 5644 1532 5683 an
1564 5643 1693 5682 vero
1724 5628 1975 5696 damnet,

450 5755 532 5828 (a)
560 5753 693 5809 Cod.
725 5752 933 5809 Theod.
973 5752 1010 5806 l.
1038 5766 1096 5817 ll,
1146 5748 1213 5805 ad
1267 5748 1303 5801 Ι.
1354 5747 1462 5804 Jul.
1515 5744 1585 5801 de
1613 5744 1817 5811 Μυκη
1850 5744 1979 5815 ibiq.

368 5827 630 5883 Gothofrs
1830 5853 1841 5866 .

2074 4689 2266 4742 ntaines
2312 4684 2487 4742 contre
2534 4689 2605 4742 les
2651 4689 3040 4741 culomniatenrs
3067 4688 3302 4759 publics?
3331 4687 3395 4742 Je
3424 4690 3577 4743 borne
3602 4691 3673 4743 ici

2080 4802 2184 4838 mes
2212 4786 2486 4853 ré/lexions
2522 4801 2539 4838 :
2564 4786 2604 4839 il
2632 4796 2706 4839 est
2736 4785 2958 4854 fdcheuzr
2983 4785 3045 4838 de
3070 4786 3198 4854 faire
3218 4788 3376 4839 sentir
3403 4789 3554 4853 qu‘on
3602 4797 3675 4840 est

2077 4895 2222 4932 assez
2257 4878 2412 4947 fondé
2459 4880 2491 4930 ὰ
2521 4882 2679 4951 juger
2706 4880 2810 4932 mal
2837 4880 2900 4933 de
2932 4881 2980 4933 la
3006 4889 3148 4935 νει-ιιι
3176 4880 3296 4934 d’un
3327 4879 3490 4950 prélat
3509 4921 3524 4946 ,
3554 4880 3679 4933 dant

2079 4970 2293 5039 l‘Eglise
2321 4970 2517 5027 honore
2546 4973 2596 5026 la
2619 4974 2879 5027 mémoire.

2659 5182 2887 5242 CAPUT
2933 5184 3102 5241 XVII.

2081 5346 2123 5401 Ι.
2167 5346 2421 5401 Damasus
2459 5345 2662 5399 irritam
2707 5347 3003 5413 pronuntiat
3044 5341 3417 5395 ordinationem
3462 5340 3680 5396 Maximi

2159 5444 2338 5516 Cynici
2363 5487 2377 5509 ,
2403 5446 2604 5512 scriptis
2634 5443 2815 5496 litteris
2843 5442 2911 5495 ad
2950 5439 3221 5494 Acholium
3260 5436 3684 5495 Thessalonicen-

2160 5555 2285 5604 sem,
2314 5553 2427 5608 quaa
2471 5535 2831 5607 expenduntur
2882 5543 2928 5586 et
2962 5532 3308 5586 illustrantur.
3347 5531 3411 5586 ll.
3448 5530 3525 5587 De
3548 5533 3683 5587 uica-

2160 5632 2297 5684 riatu
2375 5626 2833 5682 Tltessalonicensi.
2898 5623 2983 5677 lll.
3042 5624 3123 5678 An
3170 5622 3430 5679 Damasus
3484 5634 3681 5679 mutata

2162 5742 2239 5813 (ὸ)
2265 5744 2420 5813 Tom.
2453 5741 2541 5806 IV,
2571 5741 2663 5813 lib,
2697 5756 2754 5804 tt,
2785 5742 2987 5813 cap:_5,
3017 5738 3045 5811 ς
3075 5741 3127 5795 7.

2166 5807 2235 5883 (c)
2264 5812 2321 5869 in
2353 5815 2565 5868 Damas.
2600 5809 2728 5881 Vit,
2757 5827 2809 5882 p.
2846 5807 2968 5868 l35.
