4138 6178
449 298 546 354 9|!

1607 297 1922 356 SANCTUS
1963 295 2287 358 DAMASUS
2324 297 2524 354 PAPA.

3642 303 3754 358 212

521 411 706 466 deinde
739 411 1022 476 sententia,
1053 410 1283 482 ejusdem
1307 407 1485 480 Cynici
1513 411 1887 466 ordinationem
1935 412 2295 476 cumAnarii
2349 427 2653 471 recensere.
2708 415 2777 470 At
2826 429 2950 469 cum
2998 413 3179 469 nullus
3222 429 3411 470 eorum
3445 424 3752 488 temporum

523 503 706 562 Italico
735 503 958 578 quodam
984 501 1219 557 Concilio
1239 500 1570 571 defenderit?

525 595 564 650 l.
623 597 755 656 Cum
789 595 845 650 S.
901 593 1192 662 Gregorius
1239 592 1648 658 Nizianzeuus,
1693 608 1853 664 quem
1903 608 2048 652 anno

455 690 642 758 elapso
700 687 892 741 saltem
926 684 1149 740 ineunte
1178 683 1702 756 Constantinopolim
1759 687 2052 742 accessisse

453 782 720 846 diximus,
756 795 874 836 eam
909 779 1208 835 Ecclesiam
1237 795 1336 850 pro
1366 781 1622 850 episcopo
1650 778 2055 834 administraret

455 890 648 944 magno
702 872 978 942 religionis
1027 872 1190 937 bono,
1238 886 1424 942 parum
1453 870 1624 925 abfuit
1653 871 1780 938 quin
1812 870 2054 928 Ecclesia

454 965 567 1036 ipsa
597 975 757 1040 atque
789 965 934 1022 Urbe
973 966 1353 1019 exturbaretur
1385 962 1571 1017 fraude
1600 961 1816 1016 Maximi
1846 961 2050 1034 Cynici.

455 1058 563 1114 Res
593 1074 714 1112 cum
760 1058 890 1129 ipsis
940 1058 1104 1112 etiam
1145 1056 1355 1127 cognita
1388 1059 1479 1121 sit,
1527 1056 1616 1124 qui
1658 1055 2056 1110 ecclesiasticas

458 1151 716 1208 historias
762 1151 987 1206 suminis
1031 1158 1235 1204 tantum
1265 1149 1418 1206 labiis
1446 1149 1816 1219 degustarunt,
1863 1162 1923 1202 ea
1956 1161 2056 1215 ego

458 1245 740 1299 dumtaxat
785 1244 1017 1314 eligam,
1051 1259 1171 1313 quae
1215 1243 1281 1296 ad
1327 1244 1610 1298 Damasum
1659 1243 1948 1312 pertinent.
2007 1241 2057 1302 Is

456 1338 636 1406 itaque
666 1335 1005 1392 ambitiosam
1038 1345 1200 1406 atque
1257 1335 1590 1404 illegitimam
1616 1332 1800 1403 Cynici
1834 1334 2058 1388 ordina-

458 1432 658 1484 tionem
690 1429 895 1490 irritam
926 1428 1295 1494 denuntiavit,
1321 1427 1444 1482 data
1471 1427 1574 1481 hoc
1613 1441 1755 1480 anno
1787 1427 1852 1480 ad
1882 1425 2060 1480 Acho-

458 1523 589 1577 littm
621 1521 1191 1590 Thessalonicensem,
1222 1521 1557 1587 Ettridicutn,
1605 1519 1890 1586 Severum,
1922 1521 2062 1578 Ura-

456 1615 638 1682 nium,
668 1613 974 1684 Philippum
1008 1621 1062 1668 et
1100 1613 1362 1668 Joannem
1408 1613 1723 1684 gravissima
1759 1624 1921 1684 atque
1949 1613 2062 1670 ele-

458 1704 769 1775 gantissima
805 1703 896 1757 illa
927 1703 1181 1772 epistola,
1205 1719 1362 1773 quam
1389 1703 1529 1758 inter
1553 1703 1772 1770 multas,
1796 1719 1930 1774 quas
1961 1705 2061 1758 Da-

2155 506 2408 576 scriptor,
2456 522 2520 562 ne
2566 505 2829 576 Gregorio
2883 506 3101 575 quidem
3133 507 3476 564 Nazianzeno
3503 521 3749 580 excepto,

2154 597 2242 665 qui
2279 596 2429 650 illum
2481 597 2727 667 profecto
2779 598 2980 666 Optime
3012 611 3259 662 noverat,
3312 599 3450 653 banc
3479 600 3551 656 illi
3578 601 3751 660 dicam

2156 687 2527 752 inscripserit,
2573 703 2766 744 vereor
2795 704 2895 757 ego
2946 705 3012 744 ne
3059 689 3197 745 forte
3225 691 3621 760 Theodoretus,
3656 710 3753 748 no-

2157 778 2299 832 mine
2327 777 2608 848 dt-ceptus,
2667 781 2959 834 Maximum
2993 798 3155 834 unutn
3186 797 3285 850 pro
3322 784 3429 840 alio
3460 788 3752 854 acceperit,

2157 867 2304 923 illum
2338 872 2690 939 posteriorem
2719 872 2947 932 scilicet,
2980 874 3066 942 qui
3106 883 3224 941 post
3254 873 3584 941 Ephesinum
3621 893 3756 933 cono

2157 960 2361 1027 cilium,
2389 973 2548 1031 atque
2587 962 2772 1016 initam
2803 979 2922 1017 cum
2950 962 3524 1047 Cyrillqconcordiam
3561 965 3755 1024 habitu

2160 1053 2408 1108 monachi
2456 1053 2676 1108 indutus
2706 1095 2720 1119 ,
2772 1063 2828 1109 et
2882 1054 3193 1125 Apattinarii
3240 1073 3409 1111 errore
3457 1062 3674 1127 feruens,
3721 1072 3754 1114 a

2158 1146 2364 1201 Joanne
2387 1147 2733 1202 Antiocheno
2757 1149 2952 1202 missus
2986 1165 3080 1217 per
3110 1147 3389 1204 Orientem
3415 1150 3606 1205 dicitur
3627 1165 3754 1208 cum

2159 1240 2509 1312 imperialibus
2550 1241 2753 1306 litteris,
2783 1250 2837 1294 et
2865 1243 3135 1310 prwceptis
3166 1242 3527 1312 pnefectoriis,
3570 1252 3623 1295 ttt
3649 1241 3757 1296 has-

2159 1333 2286 1387 retis
2314 1334 2615 1403 languorem
2643 1333 3051 1400 disseminaret,
3080 1343 3240 1404 atque
3279 1333 3566 1393 anathema
3593 1333 3762 1392 ferret

2161 1424 2419 1480 adversus
2449 1440 2562 1486 eos,
2615 1425 2706 1494 qui
2756 1424 3076 1494 Apollinarii
3123 1425 3483 1482 deliramenta
3535 1427 3766 1497 ejusque

2163 1517 2386 1572 haeresis
2413 1531 2620 1572 venena
2639 1518 2963 1572 detexerant
2993 1517 3085 1590 (ί).

2235 1607 2297 1666 ll.
2337 1607 2636 1676 Episcopos
2684 1608 2804 1662 illos
2847 1610 3204 1675 ordinatores,
3247 1624 3382 1679 quos
3414 1609 3675 1666 Damasus
3701 1609 3763 1663 ab

2163 1699 2397 1772 Egypto
2424 1703 2674 1760 venientes
2701 1703 2773 1756 ait
2791 1743 2805 1766 ,
2852 1718 2881 1756 a
2916 1703 3076 1757 Petro
3107 1703 3473 1760 Alexandrino
3498 1704 3766 1759 Constan-

462 1811 670 1850 masum
695 1796 747 1849 in
773 1795 870 1849 hac
891 1809 1052 1849 causa
1077 1793 1329 1848 Nicotaus
1353 1793 1375 1848 Ι
1397 1795 1682 1864 scripsisse
1711 1802 1995 1862 memorat,
2030 1809 2060 1850 e
2090 1800 2139 1860 B
2166 1792 2445 1861 tinopolim
2483 1793 2699 1858 missos,
2731 1803 2789 1847 ut
2829 1793 3118 1850 Maximum
3149 1796 3265 1862 ejus
3293 1796 3525 1852 civitatis
3554 1796 3767 1866 episeo-

461 1887 699 1942 tenebris
753 1889 961 1941 eruta‘m
1015 1885 1350 1951 Holstenius,
1386 1887 1469 1940 vir
1516 1886 1760 1956 apprime
1786 1885 1979 1940 doctus
2009 1894 2065 1942 et

462 1979 752 2046 singularis
778 1978 993 2048 judicii,
1042 1979 1251 2050 primus
1276 1978 1445 2033 edidit
1492 1979 1542 2032 in
1573 1978 1815 2032 Romana
1859 1978 2061 2034 collec-

460 2071 625 2132 tione,
675 2085 740 2124 ac
763 2067 1114 2122 Consmntius
1161 2067 1359 2122 deinde
1388 2069 1528 2122 inter
1554 2069 1766 2123 Damasi
1796 2069 2063 2138 epistolas

463 2174 654 2219 octavo
680 2162 800 2216 loco
832 2163 1127 2226 recensnit,
1153 2177 1253 2231 ego
1285 2175 1413 2217 vero
1439 2172 1654 2232 quarto.
1689 2162 1927 2230 Quarum
1959 2159 2064 2216 Ec-

407 2326 409 2328 _
463 2255 753 2310 elesiarum
788 2255 1025 2325 episCttpi
1057 2252 1281 2321 fuerint,
1328 2256 1509 2308 caeteri
1567 2254 1667 2321 illi,
1696 2255 1892 2322 quibus
1921 2254 2066 2322 epis-

466 2349 574 2402 tola
621 2345 885 2416 inscripta
912 2354 1016 2407 est,
1051 2345 1228 2399 nullus
1256 2343 1455 2415 prodit.
1504 2344 1583 2400 Ad
1613 2345 2065 2406 Thessalonicen-

466 2457 579 2496 sem
609 2454 786 2496 tatnen
816 2440 1155 2512 metropolim
1181 2439 1505 2509 pertinuisse
1533 2447 1769 2505 oportet,
1799 2437 2063 2508 siquidem

467 2531 787 2585 Ambrosius
821 2530 902 2600 (a)
934 2529 1194 2586 Severum
1224 2539 1278 2584 et
1306 2529 1633 2600 Philippum,
1659 2543 1752 2583 eos
1781 2529 1927 2598 ipsos
1957 2529 2066 2584 sci-

465 2625 589 2679 licet
621 2624 813 2697 quibus
861 2623 954 2678 illa
986 2622 1318 2688 inscribitur,
1369 2621 1842 2676 Tltessalonicenses
1895 2638 2065 2676 sacer-

469 2721 632 2786 dotes,
667 2715 733 2791 ad
763 2731 880 2770 eam
909 2730 1102 2786 nempe
1133 2711 1472 2783 metropolim
1500 2714 1851 2784 pertinentes,
1880 2721 2060 2783 vocat,

468 2809 537 2863 ab
577 2810 675 2863 hac
736 2807 952 2864 Damasi
1003 2807 1235 2878 epistola
1291 2806 1528 2876 triennio
1585 2805 1825 2861 nondum
1881 2814 2062 2860 trans-

477 2911 617 2956 acto.

541 2995 731 3052 Causa:
777 3009 872 3048 cur
905 2992 1166 3047 Damasus
1191 3007 1307 3046 eam
1339 2991 1736 3047 ordinationem
1770 2991 1821 3044 in
1853 2991 2065 3054 irritum

472 3087 700 3159 miserit,
747 3086 926 3156 plures
961 3094 1086 3141 sunt
1117 3104 1129 3139 :
1165 3086 1219 3138 1⁰
1247 3084 1390 3155 quod
1420 3085 1486 3139 ab
1511 3084 1786 3138 extraneis
1815 3081 2064 3137 confecta

2167 1901 2292 1956 pum
2330 1887 2746 1952 constituerent,
2793 1887 3089 1957 Gregorius
3120 1887 3235 1958 ipse
3267 1889 3420 1942 testis
3439 1899 3540 1954 est,
3570 1892 3653 1944 cui
3684 1898 3765 1943 ta-

2167 1993 2293 2036 men
2344 1978 2742 2034 Alexandrinus
2790 1979 2885 2034 ille
2912 1980 3105 2048 praesul
3157 1993 3349 2034 suasor
3399 1989 3555 2035 antea
3601 1988 3767 2049 atque

2166 2081 2353 2126 auctor
2399 2072 2596 2137 fuerat.
2643 2083 2704 2128 ut
2747 2072 3043 2128 Ecclesiam
3078 2072 3224 2130 illam
3261 2088 3356 2142 pro
3383 2074 3638 2142 episcopo
3667 2072 3766 2127 ad-

2168 2166 2574 2220 ministrandam
2605 2174 2929 2222 assumeret.
2980 2165 3116 2220 Hinc
3149 2163 3276 2219 mihi
3326 2163 3648 2220 verosimilis
3668 2179 3766 2219 eo-

2171 2273 2290 2313 rum
2324 2259 2507 2326 opinio
2541 2259 2618 2323 Iit,
2675 2258 2762 2327 qui
2813 2265 3021 2325 putant,
3077 2255 3363 2310 Maximum
3413 2255 3576 2323 hunc,
3610 2256 3765 2314 illum

2167 2349 2343 2418 ipsum
2369 2363 2512 2414 esse,
2542 2363 2700 2418 quem
2735 2347 3062 2404 Athanasius
3091 2357 3146 2402 et
3192 2348 3423 2406 Basilius
3449 2347 3664 2418 scriptis
3689 2347 3758 2403 ad

2167 2458 2287 2498 eum
2339 2441 2537 2498 litteris
2583 2443 2824 2510 impense
2853 2441 3092 2507 laudant,
3122 2457 3281 2511 quem
3321 2453 3604 2511 propterea
3631 2440 3763 2497 nihil

2168 2535 2362 2590 mirum
2409 2543 2516 2598 est,
2567 2533 2612 2588 si
2655 2533 2845 2588 Petrus
2898 2531 3175 2586 Athanasii
3208 2546 3515 2597 successor,
3552 2531 3765 2589 vacanti

2167 2624 2781 2692 Constantinopolitanae
2805 2623 3081 2690 Ecclesize,
3105 2624 3194 2694 qui
3226 2624 3592 2694 praeficeretur
3647 2621 3764 2678 ido-

2168 2733 2330 2774 neum
2360 2719 2591 2772 censuit.
2621 2716 2775 2772 Nunc
2801 2732 2932 2772 vero
2957 2718 3001 2770 si
3030 2719 3149 2785 quis
3171 2732 3289 2770 eam
3316 2715 3528 2770 Damasi
3560 2714 3765 2784 episto-

2168 2811 2275 2864 lam
2298 2825 2418 2864 cum
2437 2811 2500 2863 iis
2521 2808 2788 2875 conferat,
2812 2825 2932 2878 quae
2952 2807 3318 2864 Nazianzenus
3339 2809 3415 2863 ait
3440 2809 3490 2861 in
3510 2807 3764 2866 Carmina

2167 2900 2235 2955 de
2257 2901 2364 2954 vita
2388 2916 2503 2966 sua,
2532 2909 2718 2971 aperte
2742 2899 3110 2970 deprehendet
3129 2899 3428 2954 Romanum
3452 2899 3600 2954 illum
3625 2914 3765 2969 pon-

2169 2995 2365 3048 titicem
2395 2993 2526 3047 nihil
2577 2991 2798 3046 latuisse
2826 3008 3030 3059 eorum,
3080 3007 3198 3061 qua:
3247 3007 3367 3046 cum
3417 2990 3535 3047 hate
3585 2989 3765 3054 fabula

2167 3096 2436 3156 ageretur,
2475 3087 2766 3156 contigisse
2795 3087 2933 3140 alter
2959 3093 3382 3151 commemorat;
3412 3085 3657 3154 adeoque
3681 3085 3764 3140 al-t

469 3177 665 3243 fuerat,
691 3180 760 3233 ab
786 3179 1053 3248 episc0pis
1081 3177 1290 3231 scilicet
1314 3175 1380 3230 ad
1402 3191 1519 3230 eam
1548 3175 1843 3230 Ecclesiam
1866 3183 1921 3230 et
1945 3190 2069 3246 pro-
2095 3181 2142 3246 C
2175 3190 2345 3234 terum
2393 3179 2546 3234 alteri
2605 3178 2835 3234 similem
2889 3179 3192 3244 mirabitur,
3250 3186 3306 3232 ιιι
3341 3179 3504 3234 verba
3533 3180 3667 3248 ipsa,
3701 3193 3766 3234 ac

473 3271 703 3326 vinciam
753 3269 885 3324 nihil
935 3269 1325 3323 attinentibus:
1361 3266 1488 3322 hinc
1549 3266 1868 3331 concilium,
1922 3265 2068 3338 quod

474 3381 614 3420 anno
664 3365 909 3434 sequenti
941 3365 992 3418 in
1044 3379 1105 3418 ea
1138 3362 1270 3418 urbe
1320 3373 1704 3434 congregatum
1735 3369 1840 3422 est,
1871 3375 2068 3414 caven-

472 3457 598 3511 dum
631 3457 863 3522 censuit,
895 3471 1017 3510 can.
1049 3455 1104 3522 2,
1139 3471 1205 3510 ne
1234 3456 1474 3525 episcopi
1517 3470 1584 3508 ex
1615 3470 1717 3512 una
1745 3453 1966 3509 dioecesi
2001 3452 2069 3508 ad

473 3547 636 3602 aliam
678 3549 975 3602 transirent
1014 3548 1079 3600 ad
1121 3548 1495 3602 ordinationes
1540 3545 1837 3608 faciendas,
1869 3555 1960 3600 aut
2001 3543 2070 3600 ad

473 3641 580 3694 alia
608 3641 840 3712 negotia,
882 3641 1153 3710 jussitque
1198 3652 1254 3693 ut
1283 3654 1345 3694 ea
1377 3654 1494 3709 qua:
1522 3653 1634 3692 sua:
1660 3648 1842 3693 essent
1867 3639 2073 3694 dicece-

480 3735 554 3788 sis
619 3740 875 3787 curarent
917 3731 1232 3798 dumtaxat;
1286 3730 1344 3784 2°
1382 3732 1505 3802 quia
1547 3745 1609 3785 ea
1643 3729 1912 3784 ordinatio
1943 3745 2072 3785 noc-

475 3834 635 3881 turno
681 3835 924 3893 tempore
977 3839 1041 3880 ac
1071 3823 1407 3878 clandestine
1453 3824 1504 3876 in
1537 3822 1778 3876 Ecclesia
1812 3822 2068 3892 incoepta,

476 3915 615 3970 intra
640 3914 894 3984 profanas
918 3913 1114 3968 deinde
1135 3915 1281 3974 mdes
1303 3911 1624 3966 festinanter
1649 3911 1984 3978 continuata,
2008 3926 2072 3968 ac

475 4012 848 4060 consummata
883 4007 1076 4069 fuerat,
1117 4019 1236 4072 qua:
1265 4003 1444 4056 otuuia
1483 4011 1712 4071 recepta:
1744 4003 2072 4058 ecclesiasti-

476 4109 554 4149 ca:
597 4093 899 4162 disciplina:
948 4093 1414 4158 adversabantur;
1468 4093 1524 4147 5°
1555 4093 1678 4160 quia
1713 4093 1857 4148 nulla
1887 4095 2072 4166 populi

475 4202 540 4240 ac
570 4185 700 4239 cleri
749 4183 1040 4254 pestulatio
1073 4192 1418 4253 praecesserat
1466 4202 1478 4236 :
1524 4182 1648 4236 hinc
1672 4183 1842 4238 Julius
1873 4184 2072 4242 Roma—

477 4295 579 4334 nus
597 4276 859 4348 pontifex,
880 4277 1148 4347 Gregorii,
1169 4283 1325 4348 quem
1342 4275 1394 4331 in
1410 4278 1584 4331 locum
1605 4277 1882 4332 Athanasii
1903 4281 2073 4333 intru-

475 4379 685 4436 serant,
709 4367 1105 4422 ordinationem
1131 4366 1343 4421 Ariauis
1367 4369 1658 4441 exprobrat
1684 4371 1804 4440 quia
1835 4382 2074 4432 externus

478 4460 650 4524 homo,
680 4461 766 4531 qui
794 4476 893 4513 non
915 4457 1022 4512 illic
1043 4457 1355 4528 baptizatus,
1379 4461 1466 4531 qui
1496 4460 1841 4532 compluribus
1869 4463 2073 4534 ignotus

2171 3273 2470 3330 sententias
2497 3272 2634 3326 alter
2662 3275 2728 3326 ab
2772 3272 2946 3326 altero
2986 3272 3265 3342 accepisse
3294 3272 3598 3328 videantur.
3630 3273 3767 3332 Hinc

2171 3365 2462 3435 colligitur,
2490 3380 2608 3434 qua:
2630 3364 2681 3419 in
2710 3363 2773 3418 iis
2804 3364 3137 3433 inquirendis
3178 3379 3240 3418 ac
3268 3363 3565 3421 referendis
3589 3365 3758 3416 Aelio.

2173 3455 2227 3512 lii
2254 3456 2408 3521 fides,
2437 3464 2492 3509 et
2520 3455 2800 3524 diligentia
2843 3455 3021 3518 fuerit,
3054 3454 3319 3525 siquidem
3352 3455 3466 3518 haec
3507 3455 3766 3512 Damasus

2172 3550 2240 3604 ab
2272 3550 2364 3604 illo
2393 3563 2453 3603 se
2473 3547 2726 3603 didicisse
2754 3549 3056 3618 profitetur.
3103 3547 3238 3610 Cum
3260 3558 3437 3604 autem
3469 3548 3607 3606 idem
3634 3565 3767 3620 pon-

2176 3642 2304 3694 tifex
2327 3651 2469 3694 esset
2491 3641 2682 3694 eodem
2706 3651 2952 3712 tempore
2975 3643 3082 3710 jam
3113 3643 3313 3698 certior
3335 3643 3528 3709 factus,
3552 3642 3768 3698 Maximi

2172 3737 2397 3785 conatus
2425 3745 2452 3783 a
2482 3729 2789 3784 Theodosio
2819 3732 3168 3801 imperatore,
3200 3733 3266 3786 ad
3293 3748 3452 3802 quem
3481 3732 3768 3786 Thessalos

2175 3820 2310 3875 nicas
2358 3829 2484 3876 tunc
2533 3833 2780 3890 agentem
2809 3822 3117 3889 confugium
3159 3831 3399 3892 ceperat,
3447 3823 3501 3877 in
3553 3823 3765 3878 irritum

2174 3917 2390 3981 missos,
2434 3930 2498 3972 ac
2547 3916 2688 3986 quod
2737 3917 2877 3971 male
2920 3927 3156 3986 emptum
3205 3918 3273 3972 ab
3314 3933 3380 3973 eo
3412 3917 3609 3983 fuerat,
3642 3935 3768 3972 auc-

2175 4010 2377 4064 toritate
2408 4009 2615 4080 publica
2655 4009 2765 4076 jam
2796 4009 3152 4074 destructum,
3181 4009 3304 4064 hinc
3333 4009 3615 4077 discimus,
3671 4009 3768 4065 has

2173 4104 2288 4173 ejus
2327 4103 2393 4157 ad
2435 4101 2744 4167 Acholium,
2773 4110 3106 4171 caeterOSque
3135 4103 3439 4174 episcopos,
3473 4103 3572 4156 hoc
3599 4118 3766 4171 anno,

2175 4211 2333 4268 quem
2363 4194 2701 4249 Theodosius
2730 4195 2841 4248 tere
2873 4195 3136 4264 integrum
3171 4195 3223 4248 in
3245 4211 3306 4248 ea
3327 4194 3461 4249 urbe
3484 4194 3768 4264 transegit,

2174 4291 2406 4359 scriptas
2451 4303 2573 4342 esse
2617 4297 2891 4358 oportere,
2947 4303 3270 4357 quamquam
3321 4286 3458 4342 haud
3493 4286 3651 4341 facile
3694 4288 3771 4345 sit

2178 4381 2459 4454 prtecisum
2504 4390 2715 4449 tempus
2765 4389 3021 4434 statuere.
3061 4380 3255 4434 Rerum
3288 4389 3463 4434 tamen
3493 4393 3770 4449 geSIarum

2183 4474 2352 4528 series
2379 4472 2541 4540 exigit
2581 4479 2637 4524 ut
2659 4485 2751 4524 eas
2777 4469 3087 4540 Septembri
3114 4478 3208 4524 aut
3226 4469 3442 4525 Octobri
3468 4487 3652 4526 mense
3675 4474 3769 4525 da-

477 4570 569 4606 ηεσ
589 4569 620 4606 α
644 4553 969 4623 presbyteris.
996 4552 1073 4605 νει
1101 4552 1356 4623 ερίεεορὶδ
1389 4552 1716 4620 Postumus;
1750 4568 1848 4614 nec
1870 4553 2068 4610 decere
2095 4567 2150 4630 D
2176 4574 2255 4618 tas
2287 4562 2666 4632 conjiciamus;
2716 4561 2977 4633 siquidem
3034 4560 3250 4632 scripta:
3271 4570 3428 4625 Sunt,
3485 4551 3768 4631 postquam

479 4645 552 4696 ait
580 4644 653 4696 sic
692 4655 875 4714 prteter
898 4645 1091 4716 jusque
1136 4644 1336 4713 fasque,
1367 4653 1413 4696 et
1442 4653 1621 4696 contra
1655 4642 2070 4702 Ecclesiasticuttt

477 4750 722 4787 cntionem
751 4735 991 4788 ordinare
1016 4750 1321 4805 quemquam
1349 4735 1422 4804 (b)
1451 4752 1462 4788 :
1488 4737 1572 4788 cui
1603 4734 1931 4802 Athanasius
1954 4738 2070 4809 ipse

473 4826 743 4878 consentit
771 4825 840 4892 (ε)
868 4840 881 4888 ;
911 4825 965 4888 4ο
993 4825 1134 4892 quod
1167 4827 1378 4878 alienus
1405 4836 1554 4879 esset
1588 4841 1616 4878 a
1645 4824 1950 4882 Christiana
1985 4847 2070 4886 re-

475 4915 675 4984 ligione
707 4913 920 4967 habitus
963 4914 1076 4980 ille,
1127 4931 1235 4984 quo
1266 4914 1524 4969 Maximus
1575 4919 1848 4986 utebatur,
1884 4936 2072 4991 quein—

484 5023 589 5078 que
619 5007 893 5060 Damasus.
922 5005 1147 5059 habitum
1194 5006 1320 5061 idoli
1368 5008 1562 5064 metito
1595 5022 1766 5077 vocat,
1801 5014 2069 5082 siquidem

478 5099 920 5170 philosophorum
967 5100 1124 5168 hujus
1150 5111 1313 5154 scctm
1354 5103 1594 5169 habitus,
1651 5120 1755 5158 non
1808 5121 1965 5161 secus
2009 5121 2072 5162 ac

476 5192 766 5256 idolorum,
814 5207 920 5246 uno
965 5201 1171 5246 tantum
1215 5193 1334 5246 sine
1387 5195 1569 5248 tunica
1620 5196 1856 5264 palliolo,
1905 5198 2071 5254 barba

480 5296 838 5354 praeterea,ac
860 5300 1013 5340 coma
1041 5284 1418 5352 constabat,ut
1440 5300 1505 5340 ex
1531 5285 1766 5344 Luciano
1789 5289 2083 5359 liquet(d),.

479 5380 613 5434 Eum
637 5380 1011 5436 Theodoretus
1039 5374 1111 5451 (ε)
1142 5377 1351 5433 videtur
1378 5379 1521 5433 inter
1548 5388 1846 5436 sectatores
1860 5381 2072 5450 Apolli-

576 5664 626 5733 ὁ)
683 5664 788 5719 Jul.
821 5668 980 5733 epi~t.
1015 5664 1080 5732 1,
1115 5685 1268 5725 num.
1299 5673 1387 5730 14.

571 5594 626 5738 to}
665 5594 834 5660 Epist.
872 5595 961 5676 l5,
992 5598 1130 5666 apud
1157 5598 1262 5656 BB.

576 5670 602 5722 Ι)
662 5664 788 5738 _Ju_l.
821 5676 980 5733 epht.
1015 5667 1080 5738 ii,
1115 5685 1262 5725 num.

571 5599 626 5738 qq
665 5599 834 5719 Epist.
872 5599 961 5718 l5:
992 5599 1130 5720 aipud
1157 5599 1262 5656 BB.

546 5599 622 5814 ie)
661 5678 1080 5806 Egistflelncpcl.’
1100 5673 1508 5820 andUIelp.f‘num.
1542 5744 1597 5802 ί.

2174 4654 2514 4716 Τιιθοίιο›ἱιιε
2560 4653 2847 4708 Maximum
2901 4655 3185 4722 rejererat,
3245 4669 3309 4708 ac
3351 4653 3640 4708 concilium
3673 4670 3770 4725 pro

2175 4747 2414 4817 episcopi
2437 4745 3027 4817 Constantinopolitani
3053 4747 3322 4802 electione
3340 4747 3450 4816 jam
3476 4748 3767 4808 indixerat.

2176 4839 2442 4909 Quidquid
2474 4837 2667 4891 horum
2720 4839 2813 4904 sit,
2867 4839 3008 4908 quod
3043 4853 3139 4908 pro
3179 4848 3330 4892 certo
3357 4838 3571 4894 videtur
3598 4840 3770 4900 asseri

2178 4947 2334 5009 posse
2369 4929 2500 4984 illud
2533 4936 2633 4992 est,
2679 4928 2910 4998 scriptas
2959 4930 3080 4984 illas
3124 4928 3298 4984 fuisse
3347 4943 3625 5000 postquam
3663 4931 3769 4985 Da-

2178 5037 2360 5075 masus
2391 5023 2441 5074 in
2476 5022 2713 5074 ltomana
2753 5020 2960 5090 synodo
2994 5020 3384 5077 Antiochenam
3425 5023 3771 5078 concordiam

2175 5114 2615 5171 continuaverat,
2647 5112 2965 5180 plenamque
2995 5111 3232 5178 Meletio,
3261 5123 3419 5183 atque
3451 5113 3566 5184 ejus
3592 5115 3772 5167 omni-

2175 5203 2273 5258 bus
2325 5199 2870 5258 commnnieatoribus
2913 5205 3352 5259 communionem
3395 5215 3766 5260 concesserat.

2174 5295 2264 5349 Ait
2294 5295 2437 5349 enim
2466 5306 2654 5366 optare
2685 5308 2743 5347 se
2771 5304 2847 5358 ιιι,
2872 5309 2994 5348 cum
3022 5296 3168 5351 brevi
3193 5301 3432 5350 luturum
3456 5306 3603 5350 esset
3627 5294 3772 5351 Con-

2175 5385 2524 5456 stantinopoli
2581 5384 2872 5441 concilium
2923 5401 3021 5458 pro
3051 5386 3167 5458 ejus
3195 5387 3343 5443 urbis
3373 5387 3624 5468 eligendo
3654 5387 3772 5457 cpi.

2266 5608 2322 5688 4)
2361 5608 2484 5688 Yid-
2516 5617 2629 5688 eat-

2265 5680 2314 5752 ε)
2356 5679 2626 5752 μίξιηιὼ.
2657 5695 2713 5752 v,
2742 5695 2861 5752 cap.
2896 5683 2949 5736 8.

2242 5749 2313 5829 (ρ
2356 5749 2473 5804 Vid.
2496 5751 2698 5824 Synod.
2731 5749 2854 5809 adv.
2877 5753 3036 5827 Trag.
3072 5755 3243 5827 lren.,
3273 5773 3395 5838 cap.
3428 5757 3550 5826 195.
