4138 6178
311 280 419 337 213

1688 278 2225 340 PROLEGOMENA.

3509 291 3613 347 ΞΗ

309 409 498 466 sc0po,
527 393 657 448 dent
678 408 926 464 operam,
955 402 1014 449 ut
1034 393 1082 450 is
1107 404 1433 480 assumatur,
1461 395 1554 466 qui
1574 395 1779 454 nullam
1811 395 1904 450 ha-
1937 399 1989 462 Α
2014 411 2117 466 que
2144 397 2210 452 ad
2240 396 2291 452 id
2316 398 2653 468 probandum
2683 401 2765 456 his
2790 401 2956 458 utitur
2979 402 3225 472 epistolae
3248 405 3427 462 verbis
3444 407 3621 463 ':Ittud

310 487 439 542 beat
485 485 995 556 reprehensionem,
1028 496 1083 538 ut
1142 473 1249 540 Deo
1280 487 1504 556 prapitio
1547 503 1664 540 cum
1716 483 1934 556 integra'

314 595 421 650 pax
433 577 811 631 catholicorum
835 577 1060 630 omnium
1078 579 1396 631 sacerdotum
1410 579 1564 651 fuerit
1586 577 1910 647 conﬁrmata,

321 671 481 724 nulla:
536 665 766 740 deinceps
819 668 1165 722 dissensiones
1199 670 1252 722 in
1285 669 1514 724 Ecclesia
1555 671 1808 736 oriantur,
1857 681 1914 725 ut

323 772 595 834 prccstante
631 761 765 827 Deo,
797 763 935 830 quod
955 761 1272 835 jamdudum
1313 764 1619 832 aptavimus,
1675 779 1789 816 cum
1820 779 1909 816 ca-

329 855 531 910 tholicis
572 854 946 920 sacerdotibus,
979 855 1138 925 possit
1165 870 1268 923 paa:
1293 867 1538 925 perpetua
1569 872 1864 924 permanere
1892 873 1910 910 .'

327 947 467 1019 quod
500 948 547 1000 in
577 945 826 999 familiari
851 946 1010 999 etiam
1040 946 1104 998 ad
1132 944 1416 999 Acholium
1439 947 1666 1014 epistola
1696 947 1910 1013 repetit.

330 1036 621 1092 Verebatur
675 1035 860 1105 itaque
926 1051 994 1090 ne
1057 1037 1181 1106 quid
1224 1038 1274 1089 in
1304 1052 1364 1090 ea
1414 1036 1678 1090 electione
1736 1038 1910 1106 fieret,

325 1128 459 1198 quod
481 1138 689 1195 partam
705 1127 814 1196 jam
833 1126 1312 1196 coniirrnatmnque
1336 1126 1479 1180 illam
1506 1143 1692 1196 pacem
1718 1130 1913 1182 iterum

320 1219 645 1288 perturbare
670 1227 863 1289 posset.
899 1218 1074 1288 Atque
1103 1219 1226 1272 hinc
1255 1219 1470 1288 colligo,
1505 1218 1772 1273 sublatum
1801 1221 1911 1289 jam

318 1327 440 1366 eum
475 1313 760 1377 scriberet,
811 1312 1120 1366 diuturnum
1170 1310 1300 1364 illud
1355 1312 1495 1365 inter
1538 1311 1916 1367 Occidentales

319 1415 377 1460 et
406 1405 707 1458 Orientales
737 1403 1041 1458 dissidinm.

397 1496 537 1551 Sunt
561 1496 648 1565 qui
677 1511 741 1549 ex
765 1494 943 1547 allatis
970 1492 1126 1564 hujus
1145 1494 1389 1565 epistolte
1413 1493 1593 1549 verbis
1622 1493 1915 1548 conficiunt

319 1588 606 1642 Acholium
664 1587 871 1640 Damasi
902 1586 1121 1640 nomine
1151 1585 1389 1640 adfuisse
1419 1586 1916 1655 Constantinopoli-

318 1689 447 1734 tano
500 1677 753 1742 COIIClllO,
805 1677 1027 1747 ejusque
1077 1678 1222 1731 vices
1251 1693 1447 1749 egisse.
1476 1680 1547 1732 At
1579 1680 1694 1732 huic
1733 1678 1917 1748 opinio

2015 499 2262 559 praeterea
2287 505 2584 546 commoneo
2609 493 2933 548 sanctitatem
2961 504 3199 560 vestram,
3231 499 3502 567 patiamini
3526 502 3626 554 ati-

2017 595 2164 649 quem
2221 592 2400 635 contra
2454 592 2646 636 statuta
2694 586 2953 656 majorum
3011 597 3304 644 nostrarum
3328 589 3393 644 de
3422 591 3629 648 civitate

2016 674 2123 726 alia
2148 673 2216 726 ad
2234 675 2390 728 aliam
2416 675 2705 741 transduci,
2729 686 2776 730 et
2805 677 3037 732 deserere
3059 679 3256 748 plebem
3276 683 3623 751 commissam,

2018 774 2065 817 et
2095 764 2162 816 ad
2188 764 2349 818 alium
2373 766 2625 835 papulum
2655 784 2747 837 per
2775 768 3101 822 ambitionem
3129 773 3364 839 transire,
3390 781 3498 827 etc.
3521 775 3624 830 Alii

2017 871 2148 909 vero
2172 856 2444 910 Meletium
2490 856 2588 911 hoc
2619 857 2738 910 loco
2766 867 3009 912 notatum
3040 867 3248 928 putant.
3299 863 3414 933 Ego
3443 873 3621 920 tamen

2018 965 2193 1020 neque
2224 949 2384 1012 lnmc,
2436 963 2609 1018 neque
2642 950 2788 1004 illum
2818 955 3164 1019 perstrictum
3197 957 3471 1020 existimo,
3527 957 3624 1012 sed

2018 1040 2320 1095 Romanum
2353 1043 2662 1111 pontificem
2689 1058 2970 1096 sacrorum
3003 1058 3269 1098 canonum
3323 1048 3625 1104 observan-

2021 1136 2147 1191 tiam
2181 1151 2496 1205 promovere
2529 1135 2764 1192 voluisse
2791 1151 3012 1201 Censeo,
3045 1154 3184 1208 qttos
3212 1141 3350 1208 apud
3375 1141 3625 1196 Orienta-

2018 1229 2098 1283 les
2133 1241 2242 1282 lunt
2293 1229 2344 1281 in
2376 1228 2757 1292 electionibns,
2795 1239 2903 1282 ιιιιιι
2959 1227 3337 1299 frequentibus
3369 1234 3625 1287 transmi-

2018 1321 2351 1392 grationibus
2377 1321 2604 1398 violatos
2634 1321 2799 1376 fuiSse
2827 1337 2930 1374 non
2985 1324 3284 1392 ignorabat,
3315 1335 3373 1379 ut
3411 1341 3476 1380 ex
3521 1326 3623 1381 So-

2020 1425 2169 1469 crate
2191 1414 2470 1481 discimus,
2497 1430 2558 1469 ac
2582 1430 2648 1470 ex
2671 1416 3004 1469 Nazianzcno
3035 1418 3172 1486 ipso,
3201 1421 3290 1488 qui
3319 1420 3421 1474 ltoc
3441 1422 3624 1474 vitium

2022 1508 2086 1562 iis
2111 1509 2403 1576 exprobrat
2421 1509 2473 1562 in
2489 1511 2730 1563 carmine
2743 1511 3002 1565 adversus
3031 1512 3326 1582 l'lpiSCopos
3349 1515 3445 1586 (e).
3471 1515 3626 1583 Quod

2022 1600 2211 1654 saltem
2255 1600 2321 1653 ad
2372 1601 2623 1654 eumdem
2675 1600 2996 1670 Gregorium
3028 1606 3245 1670 attinet,
3273 1615 3483 1661 certum
3518 1623 3631 1662 ma-

2025 1692 2388 1762 nifestumque
2421 1701 2503 1745 est
2542 1708 2648 1746 non
2701 1694 2943 1763 potuisse
2973 1697 3094 1764 ejus
3122 1696 3225 1751 hoc
3259 1701 3377 1752 loco
3402 1701 3631 1755 transla—

318 1773 598 1827 communi
643 1769 981 1825 eruditorum
1028 1769 1269 1837 calculo,
1305 1785 1369 1823 ac
1413 1770 1744 1840 gravissimis
1776 1787 1915 1840 pﬂB-
1947 1805 1996 1865 Β
2027 1785 2224 1837 tionem
2271 1784 2576 1854 perstringi,
2635 1785 2900 1853 siquidem
2936 1803 2998 1840 ea
3030 1788 3260 1853 epiStola
3300 1792 3500 1860 scripta
3544 1801 3630 1846 est

319 1877 469 1922 terea
518 1865 846 1931 rationibus,
879 1880 998 1933 qua:
1028 1864 1167 1933 apud
1197 1864 1498 1930 Baluzium,
1533 1864 1779 1933 Pagium,
1812 1864 1919 1918 Ln-

328 1975 482 2030 pum,
512 1957 947 2024 Tillemontium,
1003 1958 1246 2026 aliosque
1295 1957 1394 2027 legi
1429 1968 1674 2026 possunt,
1717 1957 1918 2027 rcjecla

321 2063 430 2106 est.
477 2050 725 2104 Baluzius
773 2059 952 2103 tamen
1002 2049 1056 2102 in
1088 2050 1250 2131 alium
1308 2065 1548 2104 errorem
1603 2050 1784 2121 lapsus
1814 2060 1918 2116 est,

324 2161 453 2200 cum
479 2144 801 2199 existimavit
830 2159 896 2197 cx
925 2144 1115 2198 eodem
1146 2144 1264 2198 loco
1291 2144 1490 2213 colligi,
1524 2144 1802 2198 Acholium
1836 2143 1890 2212 ip
1909 2173 1922 2184 ι

324 2255 448 2292 sum
507 2239 725 2309 ejusque
767 2246 976 2292 tractus
1021 2237 1303 2306 episcopos
1356 2237 1586 2292 Damaso
1613 2239 1918 2309 scripsisse,

323 2340 607 2402 postquam
661 2330 727 2383 ad
773 2344 891 2384 eam
941 2329 1206 2400 synodum
1238 2327 1446 2382 evocati
1477 2329 1685 2384 fuerant
1717 2331 1816 2402 (a),
1846 2329 1922 2383 si-

320 2423 541 2495 quidem
570 2421 864 2491 Gregorius
891 2420 1262 2476 Nazianzenus
1284 2433 1471 2491 aperte
1497 2423 1710 2488 asserit,
1745 2421 1920 2477 Mace-

320 2515 496 2568 dones
521 2514 807 2583 episcopos
851 2521 943 2567 aut
972 2528 1033 2565 ex
1071 2512 1362 2582 improviso
1390 2513 1590 2566 accitos
1618 2529 1645 2566 a
1676 2513 1928 2568 Theodo-

320 2608 428 2671 sio,
472 2615 566 2659 aut
596 2621 662 2659 ex
718 2605 1010 2674 improviso
1055 2604 1268 2658 venisse
1301 2613 1418 2674 post
1466 2603 1663 2658 Meletii
1694 2605 1924 2671 obitum,

320 2714 449 2754 sero
480 2699 712 2763 scilicet,
766 2712 828 2751 ac
867 2697 958 2750 diu
1007 2704 1286 2766 postquam
1321 2698 1581 2751 Damasus
1612 2697 1679 2752 de
1725 2698 1927 2753 indicto

320 2791 559 2846 c0neilio
585 2791 820 2844 munitus
851 2790 918 2843 ab
944 2790 1011 2843 iis
1042 2789 1218 2843 fuerat
1251 2807 1263 2842 :
1297 2806 1418 2844 cum
1449 2792 1627 2861 itaque
1657 2791 1797 2846 idem
1828 2793 1928 2846 Da-

321 2902 510 2941 masus
559 2884 784 2938 Acholio
833 2884 1046 2950 scribit,
1107 2892 1164 2937 ut
1216 2885 1296 2937 det
1341 2900 1549 2954 cperam
1598 2886 1928 2954 quemadmo-

325 2981 449 3034 dum
499 2978 783 3032 catholicus
829 2977 1099 3046 episcopus
1130 2977 1181 3030 in
1211 2977 1342 3032 urbe
1379 2976 1522 3047 regia
1551 2979 1925 3042 constituatur,

323 3075 380 3129 id
468 3073 582 3127 vult
640 3071 963 3135 dumtaxat,
1049 3078 1107 3124 ut
1180 3071 1280 3125 hoc
1362 3078 1486 3140 agat
1554 3069 1748 3124 officiis
1819 3071 1930 3125 suis

2025 1877 2113 1931 diu
2156 1885 2280 1930 ante
2316 1893 2473 1946 quam
2518 1877 2606 1930 illa
2646 1876 2866 1932 decreto
2907 1879 3286 1950 episcoporum
3315 1882 3627 1938 Cotistanti-

2028 1971 2207 2040 nopoli
2251 1981 2696 2040 congregatarum
2742 1972 2915 2035 fieret,
2947 1988 3008 2026 ac
3051 1975 3277 2042 proinde.
3309 1976 3625 2044 Baronium,

2026 2080 2146 2119 cum
2171 2065 2458 2118 Damasum
2487 2063 2747 2135 Gregorio
2777 2066 2970 2121 favisse
3000 2067 3236 2134 censuit,
3262 2083 3293 2122 a
3315 2085 3444 2124 vero
3467 2071 3628 2126 aber—

2026 2171 2178 2210 rasse
2211 2156 2345 2208 haud
2381 2156 2565 2225 liquet.
2620 2157 2704 2210 Me
2735 2165 2914 2212 tamen
2949 2175 3054 2214 non
3096 2159 3250 2226 latet,
3285 2161 3627 2228 Macedones,

2029 2247 2426 2318 Egyptiosqne
2456 2246 2763 2317 episeopos,
2794 2248 2974 2302 statim
3008 2265 3071 2302 ac
3101 2250 3628 2322 Constantinopolim

2029 2350 2310 2402 venerant,
2363 2350 2482 2409 post
2514 2339 2788 2395 decretam
2833 2342 3042 2396 scilicet
3072 2341 3312 2398 Flaviani
3337 2345 3633 2400 ordinatio-

2029 2448 2172 2495 nem,
2207 2431 2450 2501 Gregorii
2479 2430 2988 2489 inthronizationem
3033 2436 3391 2505 improbasse,
3419 2437 3490 2492 ob
3519 2439 3633 2494 vio-

2029 2524 2167 2578 latos
2199 2525 2249 2578 in
2279 2539 2340 2578 ea
2371 2538 2428 2578 re
2454 2539 2714 2578 canones.
2748 2526 2817 2580 At
2848 2525 2980 2580 illud
3010 2528 3077 2581 ab
3102 2527 3167 2581 iis
3212 2528 3409 2582 factum
3436 2541 3634 2599 praeter

2031 2620 2244 2675 Damasi
2300 2627 2536 2673 mentem
2583 2618 2752 2673 videri
2802 2629 3042 2688 poterat;
3091 2621 3356 2690 siquidem
3398 2623 3511 2689 ille,
3539 2624 3633 2694 qui

2033 2714 2163 2768 nulli
2202 2728 2259 2768 se
2301 2711 2559 2767 Ecclesiae
2591 2712 2769 2766 addici
2818 2729 3008 2783 passus
3055 2731 3290 2784 unquam
3323 2717 3516 2784 fuerat,
3565 2733 3629 2774 ea

2033 2806 2168 2876 lege,
2209 2813 2264 2858 ut
2293 2803 2408 2872 ipse
2422 2805 2497 2856 ait
2516 2804 2569 2858 in
2583 2804 2823 2859 carmine
2839 2807 2904 2858 de
2924 2806 3026 2859 vita
3049 2820 3168 2872 sua,
3195 2825 3298 2861 non
3325 2809 3627 2864 tenebatur.

2105 2897 2402 2967 Epistolam
2450 2894 2587 2948 hanc
2617 2896 2841 2950 Acltolio
2885 2896 3202 2966 inscriptam
3229 2899 3531 2955 reddidisse
3553 2901 3632 2955 vi-

2034 2986 2191 3040 detur
2219 2985 2492 3050 Rusticus,
2529 2984 2777 3040 familiari
2807 2985 2910 3040 alia
2954 2987 3167 3042 Damasi
3197 2989 3423 3057 epistola
3455 2990 3628 3047 eidem
3669 3040 3671 3042 .

2034 3077 2440 3132 commendatus
2472 3085 2526 3130 ιιι
2555 3078 2719 3142 filius,
2750 3092 2780 3130 a
2827 3093 2886 3132 se
2929 3077 3046 3148 ipso
3072 3080 3282 3136 scilicet
3309 3079 3630 3150 baptizatus.

323 3184 391 3224 ac
421 3167 658 3223 consiliis
687 3165 826 3236 apud
877 3167 1256 3235 imperatorem
1305 3164 1370 3218 ab
1399 3179 1464 3219 eo
1486 3164 1832 3232 baptizatum,
1867 3177 1931 3219 ac
1956 3185 2001 3248 ρ
2039 3171 2162 3224 Erat
2186 3169 2273 3223 hic
2295 3185 2361 3224 ex
2385 3168 2697 3223 silemiariis
2722 3168 2961 3223 Gratiani
2988 3168 3240 3239 Augusti,
3266 3187 3494 3239 quorum
3513 3171 3634 3226 om-

323 3261 729 3316 Thess:ilonic:.e
787 3266 912 3312 tunc
963 3268 1210 3328 agentem
1240 3275 1251 3310 :
1280 3272 1402 3310 nam
1449 3272 1551 3328 qua
1595 3258 1803 3311 ratione
1835 3271 1928 3326 pe—

326 3367 450 3410 tere
529 3354 786 3423 potuisset
842 3353 910 3406 ab
963 3351 1191 3406 Acbolio
1271 3350 1601 3414 Occidentali
1667 3350 1927 3404 Ecclesia:

325 3446 629 3510 acccnsito,
665 3453 727 3500 ut
778 3460 896 3500 eam
940 3459 1055 3499 rem
1095 3457 1335 3514 praesens
1362 3453 1575 3496 curaret
1621 3441 1672 3495 in
1721 3442 1928 3513 synodo

326 3544 442 3609 illa,
475 3542 559 3594 cui
592 3541 690 3594 soli
724 3539 947 3594 Orientis
977 3539 1204 3609 episcOpi
1227 3539 1469 3593 interesse
1495 3537 1770 3592 debuerant
1814 3536 1928 3608 (b)?

324 3632 462 3688 Cum
487 3649 618 3687 vero
649 3631 1152 3686 Thessalonicensis
1185 3631 1379 3700 pracsul
1412 3646 1506 3700 pro
1535 3631 1798 3701 singulari
1829 3646 1926 3686 sua

327 3727 624 3782 sanetitate
672 3738 734 3777 ac
784 3723 1048 3794 religione
1080 3722 1182 3776 hoc
1213 3723 1487 3792 negotium
1520 3723 1717 3792 sarpius
1757 3737 1821 3776 ac
1849 3722 1930 3777 di-

325 3817 561 3888 ligenter
583 3817 783 3887 egisset
819 3816 958 3885 apud
999 3815 1380 3885 imperatorem
1425 3815 1622 3885 ipsum,
1651 3830 1930 3885 quousque

326 3912 383 3966 in
409 3927 469 3966 ea
506 3910 639 3966 urbe
667 3907 881 3972 mansit,
923 3908 1159 3980 illudque
1199 3907 1375 3964 eidem
1401 3907 1928 3979 Constantinopolim

326 4005 432 4058 sub
477 4003 596 4072 ejus
619 4002 746 4056 anni
777 4001 977 4056 exitum
1009 4000 1317 4070 profecturo
1342 3998 1530 4054 sedulo
1557 3999 1931 4054 commendas-

327 4106 435 4160 set,
471 4097 598 4151 hinc
627 4110 726 4166 ego
757 4095 951 4149 factum
980 4093 1144 4148 fuisse
1168 4104 1316 4164 puto,
1347 4104 1402 4147 ut
1425 4093 1786 4162 Theodosius,
1814 4094 1930 4163 ejus

327 4191 407 4246 rei
435 4205 666 4255 memor,
694 4189 977 4244 Acholium
1021 4189 1194 4257 ipsum
1224 4203 1287 4242 ac
1312 4187 1401 4257 qui
1431 4186 1498 4239 ab
1529 4202 1594 4242 eo
1626 4187 1932 4255 pendebant

327 4282 657 4337 Macedones
685 4283 968 4351 episcopos
1010 4289 1114 4334 tam
1145 4295 1269 4334 sero
1294 4279 1360 4333 ad
1402 4279 1691 4334 concilium
1721 4279 1932 4334 accive-

329 4378 424 4442 rit,
481 4375 758 4446 inopinato
807 4383 1093 4446 pra-terea,
1152 4388 1214 4428 ac
1265 4389 1330 4428 eo
1360 4373 1476 4442 ipso
1507 4383 1748 4441 tempore
1775 4413 1789 4440 ,
1824 4386 1930 4443 quo

329 4469 628 4538 Gregorius
654 4468 725 4522 ob
749 4467 1020 4524 decretam
1047 4467 1284 4523 Flaviani
1314 4465 1734 4529 ordinationem,
1759 4475 1931 4519 ortas-

2031 3265 2174 3319 cium
2217 3272 2334 3317 erat
2367 3262 2620 3318 excubias
2667 3276 2828 3332 agere
2856 3268 2982 3316 ante
3009 3263 3317 3317 cubiculum
3347 3262 3629 3332 principis,

2031 3357 2115 3410 vel
2137 3371 2257 3409 cmn
2283 3357 2333 3409 in
2365 3353 2692 3409 consistorio
2716 3355 2760 3408 is
2791 3354 3075 3417 resideret,
3110 3354 3191 3408 vel
3236 3369 3358 3408 cum
3390 3364 3630 3420 exteros,

2031 3461 2326 3514 eorumque
2369 3446 2576 3514 legatos
2620 3443 2835 3498 audiret
2878 3443 2984 3514 (Γ),
3037 3453 3198 3514 atque
3249 3445 3314 3500 iis
3358 3444 3634 3515 principes

2031 3552 2175 3608 saepe
2227 3538 2532 3605 utebantur,
2590 3545 2647 3590 ut
2702 3537 2804 3591 buc
2871 3536 2996 3591 illuc
3046 3551 3145 3606 pro
3205 3551 3384 3591 rerum
3437 3549 3635 3606 Oppor—

2035 3633 2262 3686 tunitate
2336 3633 2724 3697 mitterentur,
2801 3630 2941 3700 quod
3014 3631 3136 3684 huic
3193 3629 3632 3684 Thessalonicam

2034 3722 2176 3778 forte
2231 3723 2297 3778 ad
2374 3721 2743 3777 Theodosium
2795 3731 2922 3775 tunc
2963 3720 3133 3775 misso
3172 3719 3417 3789 contigit.
3473 3719 3634 3774 Utra-

2033 3837 2137 3890 que
2186 3835 2316 3875 vero
2368 3819 2486 3874 haec
2548 3817 2773 3888 epistola
2853 3826 2959 3871 tam
3018 3824 3204 3886 aperta
3253 3813 3637 3870 familiaritatis

2033 3923 2350 3983 argumenta
2419 3911 2707 3977 continet,
2775 3922 2832 3964 ιιι
2898 3920 3140 3964 veterem
3211 3907 3498 3966 Damasum
3555 3905 3638 3961 in-

2037 4017 2118 4062 ter
2145 4006 2494 4061 etAcholium
2513 4005 2684 4073 ipsum
2697 4002 3178 4072 confirmatamqne
3191 4000 3636 4056 consuetudinem

2035 4101 2199 4152 fuisse
2226 4114 2293 4152 ex
2321 4096 2388 4151 iis
2415 4082 2567 4150 clare
2590 4102 2769 4165 pateat
2794 4112 2806 4148 :
2841 4094 3190 4164 quamobrem
3237 4107 3360 4148 cum
3407 4091 3636 4146 Ambro-

2036 4192 2149 4246 sius
2173 4189 2482 4260 frequentes
2527 4189 2675 4243 illum
2710 4188 2762 4242 in
2794 4186 2999 4242 Italiam
3031 4200 3293 4240 excursus
3331 4184 3525 4240 fecisse
3551 4198 3640 4240 asc

2036 4292 2181 4338 serat
2216 4280 2316 4354 (g),
2359 4281 2485 4351 quin
2517 4279 2743 4334 Romam
2771 4294 2961 4347 usque,
2992 4288 3119 4332 ante
3158 4277 3264 4332 hoc
3306 4288 3519 4346 tempus
3548 4292 3638 4332 ac—

2036 4380 2287 4444 cesserit,
2303 4376 2568 4432 uthabitis
2590 4392 2618 4428 a
2642 4376 2875 4430 Damaso
2903 4372 3168 4428 anteactis
3192 4372 3438 4428 conciliis
3469 4372 3635 4425 inter-

2037 4481 2215 4539 esset,
2268 4479 2428 4541 atque
2477 4469 2602 4524 inde
2648 4469 2774 4537 quin
2821 4466 2950 4522 huic
2995 4465 3229 4535 pontiﬁci
3278 4466 3445 4535 probe
3477 4473 3636 4520 notus

330 4577 445 4633 que
474 4561 542 4615 ob
563 4577 679 4616 eam
705 4576 923 4616 causam
951 4561 1296 4631 gravissimas
1319 4561 1698 4615 contentiones
1728 4561 1778 4614 in
1811 4577 1934 4630 pro-
1960 4565 2014 4625 Ι)
2040 4565 2298 4621 Acholitts
2327 4562 2508 4625 fuerit,
2539 4576 2640 4630 ego
2673 4561 2894 4616 minime
2918 4558 3126 4613 dubito.

331 4655 490 4710 ximo
541 4666 651 4708 erat
704 4665 759 4708 ut
805 4668 925 4708 sese
973 4653 1284 4722 episcopatu
1330 4651 1604 4706 abdicaret
1651 4651 1748 4722 (c),
1793 4662 1851 4706 ut
1901 4653 1934 4706 ii

332 4763 537 4817 nempe
563 4747 953 4818 componendis
994 4749 1175 4813 rebus,
1209 4762 1272 4801 ac
1298 4747 1591 4802 sanciendo
1624 4746 1816 4802 foederi
1842 4746 1936 4801 ad-

331 4843 680 4909 laborarent;
713 4843 794 4898 sin
848 4843 1044 4908 minus,
1089 4850 1336 4896 curarent
1363 4842 1504 4910 quod
1535 4842 1796 4896 Damasus
1829 4842 1928 4911 pri-

330 4935 458 4990 dem
509 4935 559 4988 iu
593 4934 865 4989 mandatis
894 4933 1138 4999 dederat,
1173 4949 1240 4988 ne
1257 4949 1356 5004 qua
1381 4933 1480 4998 illi,
1513 4935 1930 5004 quieligeretur,

331 5037 461 5082 nota
489 5028 629 5081 inuri
661 5036 862 5098 posset.

410 5119 609 5174 Censet
637 5123 830 5174 iterum
857 5119 1306 5190 Baluzins,quem
1332 5119 1524 5189 Pagius
1550 5118 1806 5174 exscribit
1829 5117 1932 5190 (ά),

331 5212 632 5266 Damasum
663 5227 768 5266 non
800 5211 995 5266 favisse
1017 5211 1299 5282 Gregorio,
1328 5222 1382 5265 ut
1410 5212 1671 5266 Baronius
1694 5212 1933 5281 scripsit;

330 5303 470 5374 quin
507 5304 683 5372 potius
734 5303 906 5370 illum,
954 5318 1138 5357 eorum
1187 5303 1470 5356 consilium
1518 5302 1802 5357 damnasse
1838 5304 1934 5367 ait,

328 5396 432 5465 qui
463 5396 705 5464 ejusdem
754 5394 1002 5465 Gregorii
1033 5394 1436 5449 translationem
1469 5404 1812 5465 peregerant,
1861 5405 1940 5452 at—

426 5626 504 5702 (b)
549 5629 678 5702 \lide
709 5629 870 5702 etiam
891 5627 1137 5702 adnotat.
1168 5626 1233 5678 ad
1268 5626 1513 5702 epist._:t.

433 5696 511 5768 ξε)
551 5701 728 5754 Carm.
762 5700 830 5754 de
854 5698 959 5751 vita
989 5711 1082 5751 sua
1106 5712 1170 5751 ex
1200 5711 1348 5768 num.
1384 5696 1506 5752 152.

423 5561 477 5629 (a
541 5559 616 5612 De
641 5556 809 5612 Cone.
847 5555 943 5610 lib.
969 5571 1023 5621 v,
1054 5570 1174 5626 cap.
1200 5555 1290 5618 21,
1327 5570 1476 5609 num.
1501 5556 1557 5613 2.

426 5632 479 5702 (b
549 5629 678 5684 Vide
709 5629 870 5682 etiam
899 5627 1137 5681 adnotat.
1168 5626 1233 5678 ad
1268 5626 1426 5695 epist.
1460 5629 1513 5681 4.

433 5704 488 5768 (c
551 5701 728 5754 Carm.
762 5700 830 5754 de
854 5698 959 5751 vita
989 5711 1082 5751 sua
1106 5712 1170 5751 ex
1200 5711 1348 5750 num.
1384 5696 1506 5752 152.

435 5779 452 5824 t
501 5775 518 5824 ι
560 5771 639 5824 Ad
669 5785 794 5824 ann.
821 5770 948 5824 579.
978 5783 1126 5823 num.
1168 5767 1229 5822 Η
1257 5776 1310 5822 et
1339 5781 1489 5824 seua.

435 5779 456 5850 ί

501 5775 518 5842 )
560 5771 639 5827 Ad
669 5785 794 5826 ann.
821 5770 948 5837 579,
978 5783 1126 5823 num.
1168 5767 1229 5822 Η
1257 5776 1310 5822 et
1339 5781 1489 5844 seqq.

2113 4660 2334 4714 Interim
2370 4657 2494 4711 hinc
2519 4654 2695 4724 colligi
2727 4669 2832 4707 non
2865 4651 3095 4707 obscure
3136 4660 3340 4722 potest,
3385 4647 3636 4716 eumdem

2041 4753 2325 4808 Acholium
2348 4749 2440 4804 diu
2471 4763 2598 4803 ante
2623 4748 2722 4802 hoc
2748 4757 2958 4816 tempus
2983 4744 3132 4800 vices
3156 4743 3389 4813 gessisse
3412 4743 3642 4798 Romani

2041 4845 2310 4914 pontificis
2355 4859 2453 4912 per
2493 4843 2803 4914 Illyricum,
2849 4839 3113 4910 siquidem
3163 4839 3313 4894 illum
3346 4853 3538 4908 swpea
3584 4851 3646 4892 se

2043 4935 2305 4991 monitum
2336 4935 2596 4988 Damasus
2645 4934 2850 5001 inquit,
2886 4947 2952 4987 ne
2985 4931 3138 4987 fieret
3175 4930 3375 5000 aliquid
3409 4928 3644 4984 inconsi-

2040 5027 2248 5081 derate.
2281 5025 2548 5078 V'iCariam
2584 5025 2726 5078 illam
2757 5031 3075 5092 potestatem
3102 5037 3130 5076 a
3163 5021 3395 5074 Damaso
3416 5017 3643 5073 Acholio

2040 5118 2327 5179 collatam,
2365 5116 2592 5171 Siticius
2620 5115 2817 5169 deinde
2839 5155 2853 5181 ,
2883 5113 3198 5169 Anastasius
3219 5154 3234 5178 ,
3262 5109 3607 5166 Innocentius
3629 5147 3643 5172 ,

2042 5227 2104 5265 ac.
2134 5223 2482 5264 Sttcct-ssnres
2517 5209 2740 5264 Rotnani
2774 5209 3052 5278 pontifices
3075 5248 3088 5270 ,
3117 5203 3329 5267 Anisio,
3377 5198 3546 5261 Rufo,
3577 5212 3642 5252 ac

2042 5303 2256 5359 caeteris
2302 5301 2880 5358 Thessalonicensibos
2928 5297 3194 5368 episcopis
3240 5292 3306 5348 ad
3350 5288 3644 5346 Justiniani

2046 5410 2214 5466 usque
2241 5402 2485 5464 tempora
2519 5394 2929 5447 eonfit'marunt.
2961 5389 3042 5442 Ex
3066 5385 3258 5456 quibus
3289 5383 3369 5437 vir
3395 5383 3528 5440 clar.
3550 5383 3640 5439 J0-

2140 5554 2187 5617 e)
2226 5555 2382 5609 Vers.
2411 5551 2538 5613 800,
2570 5565 2638 5603 ex
2658 5547 2797 5602 Toll.
2824 5545 2958 5600 edit.
3270 5615 3272 5617 _

2140 5574 2164 5608 e
2226 5555 2382 5609 Vers.
2411 5555 2538 5613 800,
2570 5565 2638 5603 ex
2658 5555 2797 5602 'l‘oll.
2824 5555 2958 5600 edit.

2115 5555 2195 5698 ἥδ
2237 5625 2363 5679 an.
2407 5619 2622 5677 Gothof.
2671 5620 2739 5673 ad
2788 5617 2824 5670 Ι.
2873 5629 2929 5672 tv
2958 5657 2972 5682 ,
3024 5623 3078 5670 et
3124 5621 3190 5670 ιιι
3254 5614 3321 5672 de
3351 5613 3543 5673 Decur.
3589 5625 3644 5674 et

2055 5699 2423 5840 suaitbpist.
2439 5763 2502 5820 ad
2526 5761 2769 5818 Anisium
2792 5758 2934 5830 apud
2961 5757 3064 5815 BB.
