  <div class='ocr_page' id='page_1' title='image "/cluster/home/n/w/nwhite01/storage/ocr_20150623/13/hvd.32044096580428/113.png"; bbox 0 0 4138 6178; ppageno 0'>
   <div class='ocr_carea' id='block_1_1' title="bbox 490 278 596 337">
    <p class='ocr_par' dir='ltr' id='par_1_1' title="bbox 490 278 596 337">
     <span class='ocr_line' id='line_1_1' title="bbox 490 278 596 337; baseline 0.009 -1"><span class='ocrx_word' id='word_1_1' title='bbox 490 278 596 337; x_wconf 71' lang='grc'><strong>215</strong></span> 
     </span>
    </p>
   </div>
   <div class='ocr_carea' id='block_1_2' title="bbox 1676 282 2591 341">
    <p class='ocr_par' dir='ltr' id='par_1_2' title="bbox 1676 282 2591 341">
     <span class='ocr_line' id='line_1_2' title="bbox 1676 282 2591 341; baseline 0.002 -2"><span class='ocrx_word' id='word_1_2' title='bbox 1676 282 1987 340; x_wconf 82' lang='lat' dir='ltr'><strong>SANCTUS</strong></span> <span class='ocrx_word' id='word_1_3' title='bbox 2026 282 2349 340; x_wconf 73' lang='lat' dir='ltr'><strong>DAMASUS</strong></span> <span class='ocrx_word' id='word_1_4' title='bbox 2391 284 2470 340; x_wconf 86' lang='lat' dir='ltr'><strong>PA</strong></span> <span class='ocrx_word' id='word_1_5' title='bbox 2482 285 2564 341; x_wconf 80' lang='lat' dir='ltr'><strong>PA</strong></span> <span class='ocrx_word' id='word_1_6' title='bbox 2578 327 2591 340; x_wconf 94' lang='lat'><strong>.</strong></span> 
     </span>
    </p>
   </div>
   <div class='ocr_carea' id='block_1_3' title="bbox 3690 293 3801 350">
    <p class='ocr_par' dir='ltr' id='par_1_3' title="bbox 3690 293 3801 350">
     <span class='ocr_line' id='line_1_3' title="bbox 3690 293 3801 350; baseline 0.027 -3"><span class='ocrx_word' id='word_1_7' title='bbox 3690 293 3801 350; x_wconf 73' lang='lat'><strong>9.16</strong></span> 
     </span>
    </p>
   </div>
   <div class='ocr_carea' id='block_1_4' title="bbox 488 396 3798 479">
    <p class='ocr_par' dir='ltr' id='par_1_4' title="bbox 488 396 3798 479">
     <span class='ocr_line' id='line_1_4' title="bbox 488 396 3798 479; baseline 0.004 -26"><span class='ocrx_word' id='word_1_8' title='bbox 488 400 621 467; x_wconf 85' lang='lat' dir='ltr'><strong>seplt</strong></span> <span class='ocrx_word' id='word_1_9' title='bbox 648 396 886 453; x_wconf 87' lang='lat' dir='ltr'><strong>Cennius</strong></span> <span class='ocrx_word' id='word_1_10' title='bbox 910 399 1106 453; x_wconf 87' lang='lat' dir='ltr'><strong>merito</strong></span> <span class='ocrx_word' id='word_1_11' title='bbox 1137 398 1370 469; x_wconf 95' lang='lat' dir='ltr'><strong>colligit,</strong></span> <span class='ocrx_word' id='word_1_12' title='bbox 1393 415 1512 456; x_wconf 89' lang='lat' dir='ltr'><strong>eam</strong></span> <span class='ocrx_word' id='word_1_13' title='bbox 1543 401 1942 471; x_wconf 85' lang='lat' dir='ltr'><strong>delegationem</strong></span> <span class='ocrx_word' id='word_1_14' title='bbox 1973 401 2090 456; x_wconf 88' lang='lat' dir='ltr'><strong>vel-</strong></span> <span class='ocrx_word' id='word_1_15' title='bbox 2116 403 2170 464; x_wconf 85' lang='grc' dir='ltr'><strong>Α</strong></span> <span class='ocrx_word' id='word_1_16' title='bbox 2192 405 2520 474; x_wconf 74' lang='lat' dir='ltr'><strong>prwsentiam</strong></span> <span class='ocrx_word' id='word_1_17' title='bbox 2545 405 2931 476; x_wconf 83' lang='lat' dir='ltr'><strong>quodammodo</strong></span> <span class='ocrx_word' id='word_1_18' title='bbox 2959 415 3147 460; x_wconf 77' lang='lat' dir='ltr'><strong>nostra!</strong></span> <span class='ocrx_word' id='word_1_19' title='bbox 3174 407 3487 464; x_wconf 74' lang='lat' dir='ltr'><strong>uisitationis</strong></span> <span class='ocrx_word' id='word_1_20' title='bbox 3531 411 3798 479; x_wconf 85' lang='lat' dir='ltr'><strong>impende-</strong></span> 
     </span>
    </p>
   </div>
   <div class='ocr_carea' id='block_1_5' title="bbox 494 490 2093 562">
    <p class='ocr_par' dir='ltr' id='par_1_5' title="bbox 494 490 2093 562">
     <span class='ocr_line' id='line_1_5' title="bbox 494 490 2093 562; baseline 0.004 -20"><span class='ocrx_word' id='word_1_21' title='bbox 494 490 570 543; x_wconf 91' lang='lat' dir='ltr'><strong>uti</strong></span> <span class='ocrx_word' id='word_1_22' title='bbox 625 505 873 560; x_wconf 78' lang='lat' dir='ltr'><strong>persoute</strong></span> <span class='ocrx_word' id='word_1_23' title='bbox 909 491 1268 557; x_wconf 89' lang='lat' dir='ltr'><strong>attribnttmt,</strong></span> <span class='ocrx_word' id='word_1_24' title='bbox 1303 495 1610 549; x_wconf 85' lang='lat' dir='ltr'><strong>cessavisse</strong></span> <span class='ocrx_word' id='word_1_25' title='bbox 1652 493 1919 548; x_wconf 92' lang='lat' dir='ltr'><strong>moriente</strong></span> <span class='ocrx_word' id='word_1_26' title='bbox 1962 509 2093 562; x_wconf 88' lang='lat' dir='ltr'><strong>pon-</strong></span> 
     </span>
    </p>
   </div>
   <div class='ocr_carea' id='block_1_6' title="bbox 493 579 2087 656">
    <p class='ocr_par' dir='ltr' id='par_1_6' title="bbox 493 579 2087 656">
     <span class='ocr_line' id='line_1_6' title="bbox 493 579 2087 656; baseline 0.004 -23"><span class='ocrx_word' id='word_1_27' title='bbox 493 579 674 646; x_wconf 81' lang='lat' dir='ltr'><strong>tifice,</strong></span> <span class='ocrx_word' id='word_1_28' title='bbox 725 580 878 649; x_wconf 83' lang='lat' dir='ltr'><strong>cujus</strong></span> <span class='ocrx_word' id='word_1_29' title='bbox 921 581 1221 650; x_wconf 87' lang='lat' dir='ltr'><strong>agebantur</strong></span> <span class='ocrx_word' id='word_1_30' title='bbox 1250 584 1394 638; x_wconf 88' lang='lat' dir='ltr'><strong>vices</strong></span> <span class='ocrx_word' id='word_1_31' title='bbox 1439 582 1540 656; x_wconf 81' lang='grc' dir='ltr'><strong>(α).</strong></span> <span class='ocrx_word' id='word_1_32' title='bbox 1575 584 1727 640; x_wconf 88' lang='lat' dir='ltr'><strong>Hunc</strong></span> <span class='ocrx_word' id='word_1_33' title='bbox 1759 583 2087 639; x_wconf 84' lang='lat' dir='ltr'><strong>Vicariatum</strong></span> 
     </span>
    </p>
   </div>
   <div class='ocr_carea' id='block_1_7' title="bbox 493 672 2092 747">
    <p class='ocr_par' dir='ltr' id='par_1_7' title="bbox 493 672 2092 747">
     <span class='ocr_line' id='line_1_7' title="bbox 493 672 2092 747; baseline 0.004 -22"><span class='ocrx_word' id='word_1_34' title='bbox 493 673 714 725; x_wconf 90' lang='lat' dir='ltr'><strong>minime</strong></span> <span class='ocrx_word' id='word_1_35' title='bbox 748 672 1015 740; x_wconf 76' lang='lat' dir='ltr'><strong>placuisse</strong></span> <span class='ocrx_word' id='word_1_36' title='bbox 1041 673 1272 741; x_wconf 91' lang='lat' dir='ltr'><strong>Dupinio</strong></span> <span class='ocrx_word' id='word_1_37' title='bbox 1291 719 1303 740; x_wconf 93' lang='lat'><strong>,</strong></span> <span class='ocrx_word' id='word_1_38' title='bbox 1329 678 1555 747; x_wconf 88' lang='lat' dir='ltr'><strong>ejusque</strong></span> <span class='ocrx_word' id='word_1_39' title='bbox 1584 678 1880 743; x_wconf 87' lang='lat' dir='ltr'><strong>similibus,</strong></span> <span class='ocrx_word' id='word_1_40' title='bbox 1911 677 2092 747; x_wconf 83' lang='lat' dir='ltr'><strong>depri-</strong></span> 
     </span>
    </p>
   </div>
   <div class='ocr_carea' id='block_1_8' title="bbox 492 763 2092 839">
    <p class='ocr_par' dir='ltr' id='par_1_8' title="bbox 492 763 2092 839">
     <span class='ocr_line' id='line_1_8' title="bbox 492 763 2092 839; baseline 0.006 -22"><span class='ocrx_word' id='word_1_41' title='bbox 492 763 689 818; x_wconf 88' lang='lat' dir='ltr'><strong>mendo</strong></span> <span class='ocrx_word' id='word_1_42' title='bbox 719 765 976 820; x_wconf 82' lang='lat' dir='ltr'><strong>Romanae</strong></span> <span class='ocrx_word' id='word_1_43' title='bbox 1021 767 1282 822; x_wconf 69' lang='lat' dir='ltr'><strong>Ecclesia!</strong></span> <span class='ocrx_word' id='word_1_44' title='bbox 1321 771 1428 839; x_wconf 86' lang='lat' dir='ltr'><strong>juri</strong></span> <span class='ocrx_word' id='word_1_45' title='bbox 1461 771 1614 826; x_wconf 88' lang='lat' dir='ltr'><strong>unice</strong></span> <span class='ocrx_word' id='word_1_46' title='bbox 1646 772 1864 825; x_wconf 76' lang='lat' dir='ltr'><strong>intentis</strong></span> <span class='ocrx_word' id='word_1_47' title='bbox 1890 813 1903 833; x_wconf 90' lang='lat'><strong>,</strong></span> <span class='ocrx_word' id='word_1_48' title='bbox 1955 771 2092 827; x_wconf 86' lang='lat' dir='ltr'><strong>nihil</strong></span> 
     </span>
    </p>
   </div>
   <div class='ocr_carea' id='block_1_9' title="bbox 491 854 2088 931">
    <p class='ocr_par' dir='ltr' id='par_1_9' title="bbox 491 854 2088 931">
     <span class='ocr_line' id='line_1_9' title="bbox 491 854 2088 931; baseline 0.006 -24"><span class='ocrx_word' id='word_1_49' title='bbox 491 854 677 909; x_wconf 87' lang='lat' dir='ltr'><strong>miror.</strong></span> <span class='ocrx_word' id='word_1_50' title='bbox 713 855 903 910; x_wconf 82' lang='lat' dir='ltr'><strong>Mirum</strong></span> <span class='ocrx_word' id='word_1_51' title='bbox 935 857 1181 927; x_wconf 82' lang='lat' dir='ltr'><strong>profeCto</strong></span> <span class='ocrx_word' id='word_1_52' title='bbox 1213 859 1379 915; x_wconf 87' lang='lat' dir='ltr'><strong>videri</strong></span> <span class='ocrx_word' id='word_1_53' title='bbox 1412 869 1620 931; x_wconf 88' lang='lat' dir='ltr'><strong>potest,</strong></span> <span class='ocrx_word' id='word_1_54' title='bbox 1667 878 1764 917; x_wconf 90' lang='lat' dir='ltr'><strong>cur</strong></span> <span class='ocrx_word' id='word_1_55' title='bbox 1791 863 2088 918; x_wconf 78' lang='lat' dir='ltr'><strong>Tillemon-</strong></span> 
     </span>
    </p>
   </div>
   <div class='ocr_carea' id='block_1_10' title="bbox 485 947 2089 1020">
    <p class='ocr_par' dir='ltr' id='par_1_10' title="bbox 485 947 2089 1020">
     <span class='ocr_line' id='line_1_10' title="bbox 485 947 2089 1020; baseline 0.007 -21"><span class='ocrx_word' id='word_1_56' title='bbox 485 947 592 1002; x_wconf 92' lang='lat' dir='ltr'><strong>tius</strong></span> <span class='ocrx_word' id='word_1_57' title='bbox 623 948 712 1018; x_wconf 87' lang='lat' dir='ltr'><strong>qui</strong></span> <span class='ocrx_word' id='word_1_58' title='bbox 747 950 958 1004; x_wconf 90' lang='lat' dir='ltr'><strong>veritati</strong></span> <span class='ocrx_word' id='word_1_59' title='bbox 1006 961 1208 1007; x_wconf 89' lang='lat' dir='ltr'><strong>tantum</strong></span> <span class='ocrx_word' id='word_1_60' title='bbox 1253 954 1522 1010; x_wconf 78' lang='lat' dir='ltr'><strong>studuisse</strong></span> <span class='ocrx_word' id='word_1_61' title='bbox 1565 956 1733 1011; x_wconf 92' lang='lat' dir='ltr'><strong>videri</strong></span> <span class='ocrx_word' id='word_1_62' title='bbox 1769 957 1910 1020; x_wconf 92' lang='lat' dir='ltr'><strong>vult,</strong></span> <span class='ocrx_word' id='word_1_63' title='bbox 1948 958 2089 1011; x_wconf 90' lang='lat' dir='ltr'><strong>vica-</strong></span> 
     </span>
    </p>
   </div>
   <div class='ocr_carea' id='block_1_11' title="bbox 489 1039 2088 1117">
    <p class='ocr_par' dir='ltr' id='par_1_11' title="bbox 489 1039 2088 1117">
     <span class='ocr_line' id='line_1_11' title="bbox 489 1039 2088 1117; baseline 0.007 -24"><span class='ocrx_word' id='word_1_64' title='bbox 489 1039 625 1094; x_wconf 83' lang='lat' dir='ltr'><strong>riam</strong></span> <span class='ocrx_word' id='word_1_65' title='bbox 669 1042 811 1096; x_wconf 89' lang='lat' dir='ltr'><strong>illam</strong></span> <span class='ocrx_word' id='word_1_66' title='bbox 856 1043 1250 1112; x_wconf 77' lang='lat' dir='ltr'><strong>delegationetn</strong></span> <span class='ocrx_word' id='word_1_67' title='bbox 1283 1046 1548 1117; x_wconf 85' lang='lat' dir='ltr'><strong>rejicere,</strong></span> <span class='ocrx_word' id='word_1_68' title='bbox 1583 1064 1645 1103; x_wconf 90' lang='lat' dir='ltr'><strong>ac</strong></span> <span class='ocrx_word' id='word_1_69' title='bbox 1691 1049 1790 1103; x_wconf 87' lang='lat' dir='ltr'><strong>sub</strong></span> <span class='ocrx_word' id='word_1_70' title='bbox 1823 1048 2088 1104; x_wconf 89' lang='lat' dir='ltr'><strong>invidioso</strong></span> 
     </span>
    </p>
   </div>
   <div class='ocr_carea' id='block_1_12' title="bbox 484 1131 2084 1210">
    <p class='ocr_par' dir='ltr' id='par_1_12' title="bbox 484 1131 2084 1210">
     <span class='ocr_line' id='line_1_12' title="bbox 484 1131 2084 1210; baseline 0.008 -28"><span class='ocrx_word' id='word_1_71' title='bbox 484 1131 832 1187; x_wconf 85' lang='lat' dir='ltr'><strong>innovationis</strong></span> <span class='ocrx_word' id='word_1_72' title='bbox 861 1136 1121 1190; x_wconf 77' lang='lat' dir='ltr'><strong>Vocabqu</strong></span> <span class='ocrx_word' id='word_1_73' title='bbox 1151 1138 1434 1194; x_wconf 83' lang='lat' dir='ltr'><strong>traducere</strong></span> <span class='ocrx_word' id='word_1_74' title='bbox 1461 1140 1561 1193; x_wconf 84' lang='lat' dir='ltr'><strong>sibi</strong></span> <span class='ocrx_word' id='word_1_75' title='bbox 1595 1140 1758 1195; x_wconf 89' lang='lat' dir='ltr'><strong>licere</strong></span> <span class='ocrx_word' id='word_1_76' title='bbox 1797 1143 2084 1210; x_wconf 82' lang='lat' dir='ltr'><strong>putaverit.</strong></span> 
     </span>
    </p>
   </div>
   <div class='ocr_carea' id='block_1_13' title="bbox 490 1221 2088 1302">
    <p class='ocr_par' dir='ltr' id='par_1_13' title="bbox 490 1221 2088 1302">
     <span class='ocr_line' id='line_1_13' title="bbox 490 1221 2088 1302; baseline 0.009 -26"><span class='ocrx_word' id='word_1_77' title='bbox 490 1221 588 1277; x_wconf 91' lang='lat' dir='ltr'><strong>llic</strong></span> <span class='ocrx_word' id='word_1_78' title='bbox 615 1224 757 1278; x_wconf 86' lang='lat' dir='ltr'><strong>enim</strong></span> <span class='ocrx_word' id='word_1_79' title='bbox 805 1225 884 1279; x_wconf 90' lang='lat' dir='ltr'><strong>vir</strong></span> <span class='ocrx_word' id='word_1_80' title='bbox 930 1242 1061 1282; x_wconf 86' lang='lat' dir='ltr'><strong>sane</strong></span> <span class='ocrx_word' id='word_1_81' title='bbox 1092 1228 1442 1286; x_wconf 81' lang='lat' dir='ltr'><strong>doetissimus</strong></span> <span class='ocrx_word' id='word_1_82' title='bbox 1465 1275 1478 1296; x_wconf 90' lang='lat'><strong>,</strong></span> <span class='ocrx_word' id='word_1_83' title='bbox 1511 1234 1684 1302; x_wconf 91' lang='lat' dir='ltr'><strong>primo</strong></span> <span class='ocrx_word' id='word_1_84' title='bbox 1733 1235 1853 1287; x_wconf 91' lang='lat' dir='ltr'><strong>loco</strong></span> <span class='ocrx_word' id='word_1_85' title='bbox 1893 1234 2088 1290; x_wconf 89' lang='lat' dir='ltr'><strong>dubius</strong></span> 
     </span>
    </p>
   </div>
   <div class='ocr_carea' id='block_1_14' title="bbox 487 1317 2086 1394">
    <p class='ocr_par' dir='ltr' id='par_1_14' title="bbox 487 1317 2086 1394">
     <span class='ocr_line' id='line_1_14' title="bbox 487 1317 2086 1394; baseline 0.01 -28"><span class='ocrx_word' id='word_1_86' title='bbox 487 1323 600 1376; x_wconf 89' lang='lat' dir='ltr'><strong>est,</strong></span> <span class='ocrx_word' id='word_1_87' title='bbox 633 1331 699 1369; x_wconf 92' lang='lat' dir='ltr'><strong>an</strong></span> <span class='ocrx_word' id='word_1_88' title='bbox 749 1317 978 1374; x_wconf 87' lang='lat' dir='ltr'><strong>Damaso</strong></span> <span class='ocrx_word' id='word_1_89' title='bbox 1027 1321 1281 1376; x_wconf 89' lang='lat' dir='ltr'><strong>vicariam</strong></span> <span class='ocrx_word' id='word_1_90' title='bbox 1331 1325 1473 1378; x_wconf 83' lang='lat' dir='ltr'><strong>illam</strong></span> <span class='ocrx_word' id='word_1_91' title='bbox 1510 1327 1884 1394; x_wconf 79' lang='lat' dir='ltr'><strong>prtefecturatn</strong></span> <span class='ocrx_word' id='word_1_92' title='bbox 1928 1329 2086 1382; x_wconf 91' lang='lat' dir='ltr'><strong>insti-</strong></span> 
     </span>
    </p>
   </div>
   <div class='ocr_carea' id='block_1_15' title="bbox 488 1409 2088 1484">
    <p class='ocr_par' dir='ltr' id='par_1_15' title="bbox 488 1409 2088 1484">
     <span class='ocr_line' id='line_1_15' title="bbox 488 1409 2088 1484; baseline 0.01 -24"><span class='ocrx_word' id='word_1_93' title='bbox 488 1416 640 1463; x_wconf 87' lang='lat' dir='ltr'><strong>tuere</strong></span> <span class='ocrx_word' id='word_1_94' title='bbox 671 1409 879 1465; x_wconf 84' lang='lat' dir='ltr'><strong>licuerit</strong></span> <span class='ocrx_word' id='word_1_95' title='bbox 907 1455 920 1478; x_wconf 89' lang='lat'><strong>,</strong></span> <span class='ocrx_word' id='word_1_96' title='bbox 955 1424 1008 1467; x_wconf 91' lang='lat' dir='ltr'><strong>et</strong></span> <span class='ocrx_word' id='word_1_97' title='bbox 1038 1430 1104 1469; x_wconf 90' lang='lat' dir='ltr'><strong>an</strong></span> <span class='ocrx_word' id='word_1_98' title='bbox 1128 1414 1231 1471; x_wconf 88' lang='lat' dir='ltr'><strong>hoc</strong></span> <span class='ocrx_word' id='word_1_99' title='bbox 1259 1417 1326 1470; x_wconf 92' lang='lat' dir='ltr'><strong>ah</strong></span> <span class='ocrx_word' id='word_1_100' title='bbox 1354 1419 1444 1471; x_wconf 92' lang='lat' dir='ltr'><strong>illo</strong></span> <span class='ocrx_word' id='word_1_101' title='bbox 1470 1421 1754 1474; x_wconf 82' lang='lat' dir='ltr'><strong>consilium</strong></span> <span class='ocrx_word' id='word_1_102' title='bbox 1783 1463 1796 1484; x_wconf 92' lang='lat'><strong>,</strong></span> <span class='ocrx_word' id='word_1_103' title='bbox 1831 1436 1893 1474; x_wconf 87' lang='lat' dir='ltr'><strong>ex</strong></span> <span class='ocrx_word' id='word_1_104' title='bbox 1923 1437 2088 1476; x_wconf 87' lang='lat' dir='ltr'><strong>cano-</strong></span> 
     </span>
    </p>
   </div>
   <div class='ocr_carea' id='block_1_16' title="bbox 488 1507 2086 1580">
    <p class='ocr_par' dir='ltr' id='par_1_16' title="bbox 488 1507 2086 1580">
     <span class='ocr_line' id='line_1_16' title="bbox 488 1507 2086 1580; baseline 0.009 -25"><span class='ocrx_word' id='word_1_105' title='bbox 488 1517 615 1556; x_wconf 88' lang='lat' dir='ltr'><strong>num</strong></span> <span class='ocrx_word' id='word_1_106' title='bbox 667 1507 1013 1576; x_wconf 72' lang='lat' dir='ltr'><strong>przeseripto,</strong></span> <span class='ocrx_word' id='word_1_107' title='bbox 1058 1525 1123 1562; x_wconf 90' lang='lat' dir='ltr'><strong>an</strong></span> <span class='ocrx_word' id='word_1_108' title='bbox 1159 1526 1283 1563; x_wconf 86' lang='lat' dir='ltr'><strong>vero</strong></span> <span class='ocrx_word' id='word_1_109' title='bbox 1316 1513 1492 1580; x_wconf 82' lang='lat' dir='ltr'><strong>potius</strong></span> <span class='ocrx_word' id='word_1_110' title='bbox 1539 1531 1604 1568; x_wconf 82' lang='lat' dir='ltr'><strong>ex</strong></span> <span class='ocrx_word' id='word_1_111' title='bbox 1636 1515 1751 1567; x_wconf 90' lang='lat' dir='ltr'><strong>solo</strong></span> <span class='ocrx_word' id='word_1_112' title='bbox 1792 1508 2086 1570; x_wconf 66' lang='lat' dir='ltr'><strong>retinendae</strong></span> 
     </span>
    </p>
   </div>
   <div class='ocr_carea' id='block_1_17' title="bbox 487 1598 2080 1677">
    <p class='ocr_par' dir='ltr' id='par_1_17' title="bbox 487 1598 2080 1677">
     <span class='ocr_line' id='line_1_17' title="bbox 487 1598 2080 1677; baseline 0.01 -29"><span class='ocrx_word' id='word_1_113' title='bbox 487 1614 585 1668; x_wconf 79' lang='lat' dir='ltr'><strong>per</strong></span> <span class='ocrx_word' id='word_1_114' title='bbox 628 1598 901 1671; x_wconf 85' lang='lat' dir='ltr'><strong>Illyricum</strong></span> <span class='ocrx_word' id='word_1_115' title='bbox 949 1611 1118 1657; x_wconf 85' lang='lat' dir='ltr'><strong>totum</strong></span> <span class='ocrx_word' id='word_1_116' title='bbox 1167 1615 1416 1661; x_wconf 83' lang='lat' dir='ltr'><strong>recenter</strong></span> <span class='ocrx_word' id='word_1_117' title='bbox 1443 1624 1470 1661; x_wconf 91' lang='lat' dir='ltr'><strong>a</strong></span> <span class='ocrx_word' id='word_1_118' title='bbox 1505 1607 1764 1663; x_wconf 85' lang='lat' dir='ltr'><strong>Gratiano</strong></span> <span class='ocrx_word' id='word_1_119' title='bbox 1809 1609 2039 1664; x_wconf 80' lang='lat' dir='ltr'><strong>dl\ISllllI</strong></span> <span class='ocrx_word' id='word_1_120' title='bbox 2067 1653 2080 1677; x_wconf 92' lang='lat'><strong>,</strong></span> 
     </span>
    </p>
   </div>
   <div class='ocr_carea' id='block_1_18' title="bbox 490 1694 2085 1771">
    <p class='ocr_par' dir='ltr' id='par_1_18' title="bbox 490 1694 2085 1771">
     <span class='ocr_line' id='line_1_18' title="bbox 490 1694 2085 1771; baseline 0.011 -32"><span class='ocrx_word' id='word_1_121' title='bbox 490 1694 773 1757; x_wconf 81' lang='lat' dir='ltr'><strong>potestatis</strong></span> <span class='ocrx_word' id='word_1_122' title='bbox 804 1694 984 1748; x_wconf 86' lang='lat' dir='ltr'><strong>studio</strong></span> <span class='ocrx_word' id='word_1_123' title='bbox 1011 1707 1224 1766; x_wconf 87' lang='lat' dir='ltr'><strong>captum</strong></span> <span class='ocrx_word' id='word_1_124' title='bbox 1258 1697 1421 1752; x_wconf 77' lang='lat' dir='ltr'><strong>fuerit</strong></span> <span class='ocrx_word' id='word_1_125' title='bbox 1453 1698 1547 1771; x_wconf 80' lang='grc' dir='ltr'><strong>(ὁ).</strong></span> <span class='ocrx_word' id='word_1_126' title='bbox 1585 1700 1790 1754; x_wconf 79' lang='lat' dir='ltr'><strong>Rursus</strong></span> <span class='ocrx_word' id='word_1_127' title='bbox 1820 1703 1926 1756; x_wconf 90' lang='lat' dir='ltr'><strong>alio</strong></span> <span class='ocrx_word' id='word_1_128' title='bbox 1967 1703 2085 1758; x_wconf 69' lang='lat' dir='ltr'><strong>loco</strong></span> 
     </span>
    </p>
   </div>
   <div class='ocr_carea' id='block_1_19' title="bbox 2196 497 3790 577">
    <p class='ocr_par' dir='ltr' id='par_1_19' title="bbox 2196 497 3790 577">
     <span class='ocr_line' id='line_1_19' title="bbox 2196 497 3790 577; baseline 0.008 -27"><span class='ocrx_word' id='word_1_129' title='bbox 2196 513 2276 551; x_wconf 88' lang='lat' dir='ltr'><strong>res</strong></span> <span class='ocrx_word' id='word_1_130' title='bbox 2329 497 2426 570; x_wconf 84' lang='lat' dir='ltr'><strong>(g).</strong></span> <span class='ocrx_word' id='word_1_131' title='bbox 2472 498 2585 553; x_wconf 90' lang='lat' dir='ltr'><strong>IIoc</strong></span> <span class='ocrx_word' id='word_1_132' title='bbox 2627 511 2804 553; x_wconf 86' lang='lat' dir='ltr'><strong>autem</strong></span> <span class='ocrx_word' id='word_1_133' title='bbox 2864 500 3174 567; x_wconf 57' lang='lat' dir='ltr'><strong>apostolica</strong></span> <span class='ocrx_word' id='word_1_134' title='bbox 3224 501 3372 558; x_wconf 85' lang='lat' dir='ltr'><strong>sedis</strong></span> <span class='ocrx_word' id='word_1_135' title='bbox 3424 503 3478 557; x_wconf 91' lang='lat' dir='ltr'><strong>iu</strong></span> <span class='ocrx_word' id='word_1_136' title='bbox 3530 504 3790 577; x_wconf 88' lang='lat' dir='ltr'><strong>Illyricum</strong></span> 
     </span>
    </p>
   </div>
   <div class='ocr_carea' id='block_1_20' title="bbox 2199 591 3794 669">
    <p class='ocr_par' dir='ltr' id='par_1_20' title="bbox 2199 591 3794 669">
     <span class='ocr_line' id='line_1_20' title="bbox 2199 591 3794 669; baseline 0.009 -27"><span class='ocrx_word' id='word_1_137' title='bbox 2199 598 2484 661; x_wconf 90' lang='lat' dir='ltr'><strong>utrumque</strong></span> <span class='ocrx_word' id='word_1_138' title='bbox 2501 592 2587 658; x_wconf 87' lang='lat' dir='ltr'><strong>jus</strong></span> <span class='ocrx_word' id='word_1_139' title='bbox 2604 635 2618 658; x_wconf 94' lang='lat'><strong>,</strong></span> <span class='ocrx_word' id='word_1_140' title='bbox 2644 592 2785 662; x_wconf 88' lang='lat' dir='ltr'><strong>quod</strong></span> <span class='ocrx_word' id='word_1_141' title='bbox 2811 591 3192 649; x_wconf 84' lang='lat' dir='ltr'><strong>Tillentontius</strong></span> <span class='ocrx_word' id='word_1_142' title='bbox 3214 596 3397 650; x_wconf 90' lang='lat' dir='ltr'><strong>verbis</strong></span> <span class='ocrx_word' id='word_1_143' title='bbox 3421 614 3448 649; x_wconf 90' lang='lat' dir='ltr'><strong>a</strong></span> <span class='ocrx_word' id='word_1_144' title='bbox 3478 599 3794 669; x_wconf 88' lang='lat' dir='ltr'><strong>subreptitio</strong></span> 
     </span>
    </p>
   </div>
   <div class='ocr_carea' id='block_1_21' title="bbox 2197 681 3792 757">
    <p class='ocr_par' dir='ltr' id='par_1_21' title="bbox 2197 681 3792 757">
     <span class='ocr_line' id='line_1_21' title="bbox 2197 681 3792 757; baseline 0.008 -21"><span class='ocrx_word' id='word_1_145' title='bbox 2197 681 2490 739; x_wconf 62' lang='lat' dir='ltr'><strong>Theodosii</strong></span> <span class='ocrx_word' id='word_1_146' title='bbox 2513 687 2777 754; x_wconf 87' lang='lat' dir='ltr'><strong>rescripto</strong></span> <span class='ocrx_word' id='word_1_147' title='bbox 2806 695 2991 740; x_wconf 90' lang='lat' dir='ltr'><strong>mutuo</strong></span> <span class='ocrx_word' id='word_1_148' title='bbox 3016 689 3276 757; x_wconf 88' lang='lat' dir='ltr'><strong>acceptis,</strong></span> <span class='ocrx_word' id='word_1_149' title='bbox 3293 691 3679 748; x_wconf 85' lang='lat' dir='ltr'><strong>innovationem</strong></span> <span class='ocrx_word' id='word_1_150' title='bbox 3707 710 3792 749; x_wconf 87' lang='lat' dir='ltr'><strong>vo-</strong></span> 
     </span>
    </p>
   </div>
   <div class='ocr_carea' id='block_1_22' title="bbox 2194 776 3792 851">
    <p class='ocr_par' dir='ltr' id='par_1_22' title="bbox 2194 776 3792 851">
     <span class='ocr_line' id='line_1_22' title="bbox 2194 776 3792 851; baseline 0.007 -23"><span class='ocrx_word' id='word_1_151' title='bbox 2194 783 2317 842; x_wconf 86' lang='lat' dir='ltr'><strong>cat,</strong></span> <span class='ocrx_word' id='word_1_152' title='bbox 2365 776 2705 832; x_wconf 89' lang='lat' dir='ltr'><strong>Theodosius</strong></span> <span class='ocrx_word' id='word_1_153' title='bbox 2748 777 3002 846; x_wconf 87' lang='lat' dir='ltr'><strong>Magnus,</strong></span> <span class='ocrx_word' id='word_1_154' title='bbox 3054 779 3346 849; x_wconf 79' lang='lat' dir='ltr'><strong>Gregorius</strong></span> <span class='ocrx_word' id='word_1_155' title='bbox 3387 783 3792 851; x_wconf 78' lang='lat' dir='ltr'><strong>Nazianzenus,</strong></span> 
     </span>
    </p>
   </div>
   <div class='ocr_carea' id='block_1_23' title="bbox 2195 866 3798 941">
    <p class='ocr_par' dir='ltr' id='par_1_23' title="bbox 2195 866 3798 941">
     <span class='ocr_line' id='line_1_23' title="bbox 2195 866 3798 941; baseline 0.008 -20"><span class='ocrx_word' id='word_1_156' title='bbox 2195 866 2426 924; x_wconf 66' lang='lat' dir='ltr'><strong>Basilius</strong></span> <span class='ocrx_word' id='word_1_157' title='bbox 2447 915 2461 938; x_wconf 90' lang='lat'><strong>,</strong></span> <span class='ocrx_word' id='word_1_158' title='bbox 2498 887 2561 925; x_wconf 88' lang='lat' dir='ltr'><strong>ac</strong></span> <span class='ocrx_word' id='word_1_159' title='bbox 2591 873 3177 941; x_wconf 87' lang='lat' dir='ltr'><strong>Coustantinopolitani</strong></span> <span class='ocrx_word' id='word_1_160' title='bbox 3203 876 3412 930; x_wconf 86' lang='lat' dir='ltr'><strong>concilii</strong></span> <span class='ocrx_word' id='word_1_161' title='bbox 3440 877 3630 932; x_wconf 84' lang='lat' dir='ltr'><strong>Patres</strong></span> <span class='ocrx_word' id='word_1_162' title='bbox 3660 880 3798 934; x_wconf 81' lang='lat' dir='ltr'><strong>facto</strong></span> 
     </span>
    </p>
   </div>
   <div class='ocr_carea' id='block_1_24' title="bbox 2197 963 3802 1043">
    <p class='ocr_par' dir='ltr' id='par_1_24' title="bbox 2197 963 3802 1043">
     <span class='ocr_line' id='line_1_24' title="bbox 2197 963 3802 1043; baseline 0.009 -30"><span class='ocrx_word' id='word_1_163' title='bbox 2197 963 2514 1030; x_wconf 84' lang='lat' dir='ltr'><strong>probarunt,</strong></span> <span class='ocrx_word' id='word_1_164' title='bbox 2540 979 2603 1019; x_wconf 86' lang='lat' dir='ltr'><strong>ac</strong></span> <span class='ocrx_word' id='word_1_165' title='bbox 2628 966 2822 1019; x_wconf 89' lang='lat' dir='ltr'><strong>rationi</strong></span> <span class='ocrx_word' id='word_1_166' title='bbox 2854 980 3154 1020; x_wconf 87' lang='lat' dir='ltr'><strong>consonum</strong></span> <span class='ocrx_word' id='word_1_167' title='bbox 3177 968 3487 1036; x_wconf 71' lang='lat' dir='ltr'><strong>iudicarunt</strong></span> <span class='ocrx_word' id='word_1_168' title='bbox 3511 1013 3523 1033; x_wconf 91' lang='lat'><strong>,</strong></span> <span class='ocrx_word' id='word_1_169' title='bbox 3557 971 3802 1043; x_wconf 85' lang='lat' dir='ltr'><strong>illudque</strong></span> 
     </span>
    </p>
   </div>
   <div class='ocr_carea' id='block_1_25' title="bbox 2192 1058 3798 1133">
    <p class='ocr_par' dir='ltr' id='par_1_25' title="bbox 2192 1058 3798 1133">
     <span class='ocr_line' id='line_1_25' title="bbox 2192 1058 3798 1133; baseline 0.005 -21"><span class='ocrx_word' id='word_1_170' title='bbox 2192 1058 2502 1114; x_wconf 81' lang='lat' dir='ltr'><strong>Bonifacius</strong></span> <span class='ocrx_word' id='word_1_171' title='bbox 2534 1059 2581 1122; x_wconf 86' lang='grc' dir='ltr'><strong>Ι,</strong></span> <span class='ocrx_word' id='word_1_172' title='bbox 2617 1059 2889 1114; x_wconf 88' lang='lat' dir='ltr'><strong>IIonot-ius</strong></span> <span class='ocrx_word' id='word_1_173' title='bbox 2918 1059 3117 1114; x_wconf 85' lang='lat' dir='ltr'><strong>deinde</strong></span> <span class='ocrx_word' id='word_1_174' title='bbox 3154 1061 3480 1133; x_wconf 89' lang='lat' dir='ltr'><strong>Imperator,</strong></span> <span class='ocrx_word' id='word_1_175' title='bbox 3511 1079 3572 1117; x_wconf 90' lang='lat' dir='ltr'><strong>ae</strong></span> <span class='ocrx_word' id='word_1_176' title='bbox 3615 1066 3798 1120; x_wconf 83' lang='lat' dir='ltr'><strong>Theo-</strong></span> 
     </span>
    </p>
   </div>
   <div class='ocr_carea' id='block_1_26' title="bbox 2194 1149 3793 1228">
    <p class='ocr_par' dir='ltr' id='par_1_26' title="bbox 2194 1149 3793 1228">
     <span class='ocr_line' id='line_1_26' title="bbox 2194 1149 3793 1228; baseline 0.007 -25"><span class='ocrx_word' id='word_1_177' title='bbox 2194 1149 2382 1205; x_wconf 84' lang='lat' dir='ltr'><strong>dosius</strong></span> <span class='ocrx_word' id='word_1_178' title='bbox 2414 1152 2562 1220; x_wconf 86' lang='lat' dir='ltr'><strong>ipse,</strong></span> <span class='ocrx_word' id='word_1_179' title='bbox 2595 1155 2822 1206; x_wconf 85' lang='lat' dir='ltr'><strong>veritate</strong></span> <span class='ocrx_word' id='word_1_180' title='bbox 2848 1153 3061 1221; x_wconf 77' lang='lat' dir='ltr'><strong>cognita</strong></span> <span class='ocrx_word' id='word_1_181' title='bbox 3083 1194 3096 1216; x_wconf 93' lang='lat'><strong>,</strong></span> <span class='ocrx_word' id='word_1_182' title='bbox 3129 1153 3232 1206; x_wconf 77' lang='lat' dir='ltr'><strong>alia</strong></span> <span class='ocrx_word' id='word_1_183' title='bbox 3283 1170 3503 1224; x_wconf 84' lang='lat' dir='ltr'><strong>prorsus</strong></span> <span class='ocrx_word' id='word_1_184' title='bbox 3539 1157 3793 1228; x_wconf 77' lang='lat' dir='ltr'><strong>iustaque</strong></span> 
     </span>
    </p>
   </div>
   <div class='ocr_carea' id='block_1_27' title="bbox 2193 1243 3796 1313">
    <p class='ocr_par' dir='ltr' id='par_1_27' title="bbox 2193 1243 3796 1313">
     <span class='ocr_line' id='line_1_27' title="bbox 2193 1243 3796 1313; baseline 0.004 -17"><span class='ocrx_word' id='word_1_185' title='bbox 2193 1258 2329 1297; x_wconf 86' lang='lat' dir='ltr'><strong>voce</strong></span> <span class='ocrx_word' id='word_1_186' title='bbox 2356 1243 2611 1310; x_wconf 89' lang='lat' dir='ltr'><strong>laudant,</strong></span> <span class='ocrx_word' id='word_1_187' title='bbox 2641 1259 2702 1299; x_wconf 87' lang='lat' dir='ltr'><strong>ac</strong></span> <span class='ocrx_word' id='word_1_188' title='bbox 2734 1245 2926 1297; x_wconf 84' lang='lat' dir='ltr'><strong>dudum</strong></span> <span class='ocrx_word' id='word_1_189' title='bbox 2954 1263 2985 1298; x_wconf 88' lang='lat' dir='ltr'><strong>a</strong></span> <span class='ocrx_word' id='word_1_190' title='bbox 3018 1243 3258 1299; x_wconf 82' lang='lat' dir='ltr'><strong>Patribus</strong></span> <span class='ocrx_word' id='word_1_191' title='bbox 3293 1248 3648 1311; x_wconf 80' lang='lat' dir='ltr'><strong>constitutum,</strong></span> <span class='ocrx_word' id='word_1_192' title='bbox 3679 1266 3796 1313; x_wconf 80' lang='lat' dir='ltr'><strong>per-</strong></span> 
     </span>
    </p>
   </div>
   <div class='ocr_carea' id='block_1_28' title="bbox 2193 1325 3793 1409">
    <p class='ocr_par' dir='ltr' id='par_1_28' title="bbox 2193 1325 3793 1409">
     <span class='ocr_line' id='line_1_28' title="bbox 2193 1325 3793 1409; baseline 0.005 -21"><span class='ocrx_word' id='word_1_193' title='bbox 2193 1346 2344 1404; x_wconf 80' lang='lat' dir='ltr'><strong>petua</strong></span> <span class='ocrx_word' id='word_1_194' title='bbox 2368 1347 2650 1400; x_wconf 84' lang='lat' dir='ltr'><strong>servat-um,</strong></span> <span class='ocrx_word' id='word_1_195' title='bbox 2684 1347 2756 1390; x_wconf 63' lang='lat'><strong>(0!</strong></span> <span class='ocrx_word' id='word_1_196' title='bbox 2778 1325 3082 1392; x_wconf 58' lang='lat' dir='ltr'><strong>saeculorum</strong></span> <span class='ocrx_word' id='word_1_197' title='bbox 3103 1341 3382 1393; x_wconf 86' lang='lat' dir='ltr'><strong>reverentia</strong></span> <span class='ocrx_word' id='word_1_198' title='bbox 3406 1341 3763 1408; x_wconf 81' lang='lat' dir='ltr'><strong>conﬁrmatum</strong></span> <span class='ocrx_word' id='word_1_199' title='bbox 3780 1386 3793 1409; x_wconf 80' lang='lat'><strong>,</strong></span> 
     </span>
    </p>
   </div>
   <div class='ocr_carea' id='block_1_29' title="bbox 2193 1429 3795 1500">
    <p class='ocr_par' dir='ltr' id='par_1_29' title="bbox 2193 1429 3795 1500">
     <span class='ocr_line' id='line_1_29' title="bbox 2193 1429 3795 1500; baseline 0.006 -20"><span class='ocrx_word' id='word_1_200' title='bbox 2193 1439 2441 1483; x_wconf 73' lang='lat' dir='ltr'><strong>as~erunt</strong></span> <span class='ocrx_word' id='word_1_201' title='bbox 2470 1471 2484 1494; x_wconf 91' lang='lat'><strong>,</strong></span> <span class='ocrx_word' id='word_1_202' title='bbox 2515 1446 2575 1482; x_wconf 86' lang='lat' dir='ltr'><strong>ac</strong></span> <span class='ocrx_word' id='word_1_203' title='bbox 2604 1429 2696 1482; x_wconf 87' lang='lat' dir='ltr'><strong>sub</strong></span> <span class='ocrx_word' id='word_1_204' title='bbox 2731 1429 2837 1482; x_wconf 82' lang='lat' dir='ltr'><strong>illis</strong></span> <span class='ocrx_word' id='word_1_205' title='bbox 2867 1431 3019 1484; x_wconf 86' lang='lat' dir='ltr'><strong>etiam</strong></span> <span class='ocrx_word' id='word_1_206' title='bbox 3048 1431 3364 1500; x_wconf 81' lang='lat' dir='ltr'><strong>principibus</strong></span> <span class='ocrx_word' id='word_1_207' title='bbox 3407 1432 3684 1489; x_wconf 77' lang='lat' dir='ltr'><strong>obtinuisse</strong></span> <span class='ocrx_word' id='word_1_208' title='bbox 3711 1437 3795 1490; x_wconf 86' lang='lat' dir='ltr'><strong>di-</strong></span> 
     </span>
    </p>
   </div>
   <div class='ocr_carea' id='block_1_30' title="bbox 2191 1520 3791 1596">
    <p class='ocr_par' dir='ltr' id='par_1_30' title="bbox 2191 1520 3791 1596">
     <span class='ocr_line' id='line_1_30' title="bbox 2191 1520 3791 1596; baseline 0.005 -25"><span class='ocrx_word' id='word_1_209' title='bbox 2191 1528 2317 1573; x_wconf 89' lang='lat' dir='ltr'><strong>cunt</strong></span> <span class='ocrx_word' id='word_1_210' title='bbox 2340 1561 2354 1585; x_wconf 91' lang='lat'><strong>,</strong></span> <span class='ocrx_word' id='word_1_211' title='bbox 2389 1536 2513 1588; x_wconf 82' lang='lat' dir='ltr'><strong>quos</strong></span> <span class='ocrx_word' id='word_1_212' title='bbox 2540 1520 2685 1573; x_wconf 83' lang='lat' dir='ltr'><strong>nulla</strong></span> <span class='ocrx_word' id='word_1_213' title='bbox 2716 1528 2901 1574; x_wconf 72' lang='lat' dir='ltr'><strong>nostrce</strong></span> <span class='ocrx_word' id='word_1_214' title='bbox 2931 1520 3192 1590; x_wconf 84' lang='lat' dir='ltr'><strong>religionis</strong></span> <span class='ocrx_word' id='word_1_215' title='bbox 3215 1537 3340 1575; x_wconf 80' lang='lat' dir='ltr'><strong>cura</strong></span> <span class='ocrx_word' id='word_1_216' title='bbox 3365 1525 3670 1578; x_wconf 73' lang='lat' dir='ltr'><strong>constrinx&#39;t</strong></span> <span class='ocrx_word' id='word_1_217' title='bbox 3693 1525 3791 1596; x_wconf 82' lang='lat' dir='ltr'><strong>(It).</strong></span> 
     </span>
    </p>
   </div>
   <div class='ocr_carea' id='block_1_31' title="bbox 2193 1611 3839 1680">
    <p class='ocr_par' dir='ltr' id='par_1_31' title="bbox 2193 1611 3839 1680">
     <span class='ocr_line' id='line_1_31' title="bbox 2193 1611 3839 1680; baseline 0.004 -14"><span class='ocrx_word' id='word_1_218' title='bbox 2193 1611 2318 1666; x_wconf 76' lang='lat' dir='ltr'><strong>[Itec</strong></span> <span class='ocrx_word' id='word_1_219' title='bbox 2350 1613 2524 1667; x_wconf 88' lang='lat' dir='ltr'><strong>obiter</strong></span> <span class='ocrx_word' id='word_1_220' title='bbox 2570 1614 2710 1666; x_wconf 85' lang='lat' dir='ltr'><strong>dicta</strong></span> <span class='ocrx_word' id='word_1_221' title='bbox 2743 1612 3046 1679; x_wconf 80' lang='lat' dir='ltr'><strong>sufliciant,</strong></span> <span class='ocrx_word' id='word_1_222' title='bbox 3099 1631 3220 1669; x_wconf 86' lang='lat' dir='ltr'><strong>cunt</strong></span> <span class='ocrx_word' id='word_1_223' title='bbox 3253 1616 3384 1670; x_wconf 89' lang='lat' dir='ltr'><strong>tttilti</strong></span> <span class='ocrx_word' id='word_1_224' title='bbox 3418 1632 3522 1671; x_wconf 91' lang='lat' dir='ltr'><strong>nou</strong></span> <span class='ocrx_word' id='word_1_225' title='bbox 3556 1619 3626 1672; x_wconf 89' lang='lat' dir='ltr'><strong>sit</strong></span> <span class='ocrx_word' id='word_1_226' title='bbox 3673 1624 3792 1673; x_wconf 84' lang='lat' dir='ltr'><strong>ani-</strong></span> <span class='ocrx_word' id='word_1_227' title='bbox 3827 1663 3839 1680; x_wconf 63' lang='grc'><strong>,-</strong></span> 
     </span>
    </p>
   </div>
   <div class='ocr_carea' id='block_1_32' title="bbox 2192 1705 3793 1782">
    <p class='ocr_par' dir='ltr' id='par_1_32' title="bbox 2192 1705 3793 1782">
     <span class='ocr_line' id='line_1_32' title="bbox 2192 1705 3793 1782; baseline 0.006 -23"><span class='ocrx_word' id='word_1_228' title='bbox 2192 1721 2310 1759; x_wconf 88' lang='lat' dir='ltr'><strong>mus</strong></span> <span class='ocrx_word' id='word_1_229' title='bbox 2347 1708 2435 1774; x_wconf 90' lang='lat' dir='ltr'><strong>jus</strong></span> <span class='ocrx_word' id='word_1_230' title='bbox 2469 1705 2570 1760; x_wconf 87' lang='lat' dir='ltr'><strong>ltoc</strong></span> <span class='ocrx_word' id='word_1_231' title='bbox 2601 1707 2913 1775; x_wconf 76' lang='lat' dir='ltr'><strong>apostolica:</strong></span> <span class='ocrx_word' id='word_1_232' title='bbox 2944 1709 3089 1761; x_wconf 89' lang='lat' dir='ltr'><strong>sedis</strong></span> <span class='ocrx_word' id='word_1_233' title='bbox 3120 1725 3148 1760; x_wconf 87' lang='lat' dir='ltr'><strong>a</strong></span> <span class='ocrx_word' id='word_1_234' title='bbox 3182 1710 3314 1762; x_wconf 88' lang='lat' dir='ltr'><strong>viris</strong></span> <span class='ocrx_word' id='word_1_235' title='bbox 3356 1709 3532 1766; x_wconf 91' lang='lat' dir='ltr'><strong>doctis</strong></span> <span class='ocrx_word' id='word_1_236' title='bbox 3577 1713 3793 1782; x_wconf 81' lang='lat' dir='ltr'><strong>egregie</strong></span> 
     </span>
    </p>
   </div>
   <div class='ocr_carea' id='block_1_33' title="bbox 483 1784 3792 1872">
    <p class='ocr_par' dir='ltr' id='par_1_33' title="bbox 483 1784 3792 1872">
     <span class='ocr_line' id='line_1_33' title="bbox 483 1784 3792 1872; baseline 0.006 -32"><span class='ocrx_word' id='word_1_237' title='bbox 483 1784 798 1842; x_wconf 88' lang='lat' dir='ltr'><strong>vicariatttm</strong></span> <span class='ocrx_word' id='word_1_238' title='bbox 832 1790 982 1843; x_wconf 87' lang='lat' dir='ltr'><strong>illtttn</strong></span> <span class='ocrx_word' id='word_1_239' title='bbox 1032 1801 1217 1860; x_wconf 87' lang='lat' dir='ltr'><strong>aperte</strong></span> <span class='ocrx_word' id='word_1_240' title='bbox 1266 1796 1538 1864; x_wconf 76' lang='lat' dir='ltr'><strong>exagitat,</strong></span> <span class='ocrx_word' id='word_1_241' title='bbox 1590 1811 1653 1850; x_wconf 91' lang='lat' dir='ltr'><strong>ac</strong></span> <span class='ocrx_word' id='word_1_242' title='bbox 1696 1796 1857 1850; x_wconf 89' lang='lat' dir='ltr'><strong>veluti</strong></span> <span class='ocrx_word' id='word_1_243' title='bbox 1900 1808 2084 1851; x_wconf 90' lang='lat' dir='ltr'><strong>contra</strong></span> <span class='ocrx_word' id='word_1_244' title='bbox 2117 1793 2165 1852; x_wconf 91' lang='lat' dir='ltr'><strong>B</strong></span> <span class='ocrx_word' id='word_1_245' title='bbox 2192 1797 2520 1852; x_wconf 89' lang='lat' dir='ltr'><strong>vindicatum</strong></span> <span class='ocrx_word' id='word_1_246' title='bbox 2551 1814 2834 1865; x_wconf 87' lang='lat' dir='ltr'><strong>asserere,</strong></span> <span class='ocrx_word' id='word_1_247' title='bbox 2886 1800 2981 1855; x_wconf 89' lang='lat' dir='ltr'><strong>sed</strong></span> <span class='ocrx_word' id='word_1_248' title='bbox 3029 1801 3246 1854; x_wconf 82' lang='lat' dir='ltr'><strong>Damasi</strong></span> <span class='ocrx_word' id='word_1_249' title='bbox 3291 1804 3459 1872; x_wconf 81' lang='lat' dir='ltr'><strong>gestis</strong></span> <span class='ocrx_word' id='word_1_250' title='bbox 3505 1804 3678 1860; x_wconf 90' lang='lat' dir='ltr'><strong>lucem</strong></span> <span class='ocrx_word' id='word_1_251' title='bbox 3709 1805 3792 1860; x_wconf 84' lang='lat' dir='ltr'><strong>al-</strong></span> 
     </span>
    </p>
   </div>
   <div class='ocr_carea' id='block_1_34' title="bbox 481 1883 2080 1960">
    <p class='ocr_par' dir='ltr' id='par_1_34' title="bbox 481 1883 2080 1960">
     <span class='ocr_line' id='line_1_34' title="bbox 481 1883 2080 1960; baseline 0.009 -26"><span class='ocrx_word' id='word_1_252' title='bbox 481 1894 718 1935; x_wconf 90' lang='lat' dir='ltr'><strong>canones</strong></span> <span class='ocrx_word' id='word_1_253' title='bbox 752 1883 1054 1938; x_wconf 88' lang='lat' dir='ltr'><strong>institutum</strong></span> <span class='ocrx_word' id='word_1_254' title='bbox 1082 1885 1330 1953; x_wconf 89' lang='lat' dir='ltr'><strong>damnat,</strong></span> <span class='ocrx_word' id='word_1_255' title='bbox 1362 1888 1651 1960; x_wconf 87' lang='lat' dir='ltr'><strong>laudatque</strong></span> <span class='ocrx_word' id='word_1_256' title='bbox 1675 1890 2038 1947; x_wconf 85' lang='lat' dir='ltr'><strong>Theodosium</strong></span> <span class='ocrx_word' id='word_1_257' title='bbox 2067 1936 2080 1959; x_wconf 95' lang='lat'><strong>,</strong></span> 
     </span>
    </p>
   </div>
   <div class='ocr_carea' id='block_1_35' title="bbox 484 1973 2081 2053">
    <p class='ocr_par' dir='ltr' id='par_1_35' title="bbox 484 1973 2081 2053">
     <span class='ocr_line' id='line_1_35' title="bbox 484 1973 2081 2053; baseline 0.009 -28"><span class='ocrx_word' id='word_1_258' title='bbox 484 1973 627 2040; x_wconf 90' lang='lat' dir='ltr'><strong>quod</strong></span> <span class='ocrx_word' id='word_1_259' title='bbox 659 1989 780 2027; x_wconf 90' lang='lat' dir='ltr'><strong>eum</strong></span> <span class='ocrx_word' id='word_1_260' title='bbox 816 1977 1086 2046; x_wconf 89' lang='lat' dir='ltr'><strong>rescripto</strong></span> <span class='ocrx_word' id='word_1_261' title='bbox 1117 1993 1216 2032; x_wconf 90' lang='lat' dir='ltr'><strong>suo</strong></span> <span class='ocrx_word' id='word_1_262' title='bbox 1248 1993 1596 2036; x_wconf 88' lang='lat' dir='ltr'><strong>revocaverat</strong></span> <span class='ocrx_word' id='word_1_263' title='bbox 1625 1983 1693 2053; x_wconf 90' lang='lat' dir='ltr'><strong>(c)</strong></span> <span class='ocrx_word' id='word_1_264' title='bbox 1714 2025 1727 2047; x_wconf 92' lang='lat'><strong>,</strong></span> <span class='ocrx_word' id='word_1_265' title='bbox 1761 1999 1823 2038; x_wconf 89' lang='lat' dir='ltr'><strong>ac</strong></span> <span class='ocrx_word' id='word_1_266' title='bbox 1849 1985 2081 2040; x_wconf 85' lang='lat' dir='ltr'><strong>dictato-</strong></span> 
     </span>
    </p>
   </div>
   <div class='ocr_carea' id='block_1_36' title="bbox 483 2063 2081 2144">
    <p class='ocr_par' dir='ltr' id='par_1_36' title="bbox 483 2063 2081 2144">
     <span class='ocr_line' id='line_1_36' title="bbox 483 2063 2081 2144; baseline 0.009 -28"><span class='ocrx_word' id='word_1_267' title='bbox 483 2063 562 2117; x_wconf 92' lang='lat' dir='ltr'><strong>rie</strong></span> <span class='ocrx_word' id='word_1_268' title='bbox 601 2067 945 2134; x_wconf 88' lang='lat' dir='ltr'><strong>pronuntiat,</strong></span> <span class='ocrx_word' id='word_1_269' title='bbox 981 2070 1182 2123; x_wconf 91' lang='lat' dir='ltr'><strong>nullam</strong></span> <span class='ocrx_word' id='word_1_270' title='bbox 1206 2074 1448 2139; x_wconf 88' lang='lat' dir='ltr'><strong>essejuri</strong></span> <span class='ocrx_word' id='word_1_271' title='bbox 1475 2089 1769 2144; x_wconf 86' lang='lat' dir='ltr'><strong>congruam</strong></span> <span class='ocrx_word' id='word_1_272' title='bbox 1793 2077 2081 2144; x_wconf 89' lang='lat' dir='ltr'><strong>rationem,</strong></span> 
     </span>
    </p>
   </div>
   <div class='ocr_carea' id='block_1_37' title="bbox 483 2155 2084 2234">
    <p class='ocr_par' dir='ltr' id='par_1_37' title="bbox 483 2155 2084 2234">
     <span class='ocr_line' id='line_1_37' title="bbox 483 2155 2084 2234; baseline 0.009 -25"><span class='ocrx_word' id='word_1_273' title='bbox 483 2169 580 2210; x_wconf 89' lang='lat' dir='ltr'><strong>cur</strong></span> <span class='ocrx_word' id='word_1_274' title='bbox 605 2155 868 2213; x_wconf 89' lang='lat' dir='ltr'><strong>Damasus</strong></span> <span class='ocrx_word' id='word_1_275' title='bbox 893 2161 1121 2228; x_wconf 91' lang='lat' dir='ltr'><strong>primum</strong></span> <span class='ocrx_word' id='word_1_276' title='bbox 1149 2178 1243 2230; x_wconf 89' lang='lat' dir='ltr'><strong>per</strong></span> <span class='ocrx_word' id='word_1_277' title='bbox 1264 2162 1505 2233; x_wconf 89' lang='lat' dir='ltr'><strong>Illyricas</strong></span> <span class='ocrx_word' id='word_1_278' title='bbox 1530 2167 1832 2234; x_wconf 86' lang='lat' dir='ltr'><strong>provincias</strong></span> <span class='ocrx_word' id='word_1_279' title='bbox 1855 2169 2084 2223; x_wconf 87' lang='lat' dir='ltr'><strong>vicaria-</strong></span> 
     </span>
    </p>
   </div>
   <div class='ocr_carea' id='block_1_38' title="bbox 484 2253 2082 2326">
    <p class='ocr_par' dir='ltr' id='par_1_38' title="bbox 484 2253 2082 2326">
     <span class='ocr_line' id='line_1_38' title="bbox 484 2253 2082 2326; baseline 0.011 -27"><span class='ocrx_word' id='word_1_280' title='bbox 484 2255 594 2300; x_wconf 90' lang='lat' dir='ltr'><strong>tum</strong></span> <span class='ocrx_word' id='word_1_281' title='bbox 656 2265 811 2303; x_wconf 85' lang='lat' dir='ltr'><strong>suum</strong></span> <span class='ocrx_word' id='word_1_282' title='bbox 859 2253 1109 2308; x_wconf 81' lang='lat' dir='ltr'><strong>conferre</strong></span> <span class='ocrx_word' id='word_1_283' title='bbox 1159 2257 1393 2322; x_wconf 83' lang='lat' dir='ltr'><strong>potuerit</strong></span> <span class='ocrx_word' id='word_1_284' title='bbox 1437 2254 1542 2326; x_wconf 81' lang='grc' dir='ltr'><strong>(ά).</strong></span> <span class='ocrx_word' id='word_1_285' title='bbox 1594 2257 1794 2313; x_wconf 80' lang='lat' dir='ltr'><strong>Verum</strong></span> <span class='ocrx_word' id='word_1_286' title='bbox 1846 2262 2082 2317; x_wconf 88' lang='lat' dir='ltr'><strong>nondum</strong></span> 
     </span>
    </p>
   </div>
   <div class='ocr_carea' id='block_1_39' title="bbox 481 2341 2086 2422">
    <p class='ocr_par' dir='ltr' id='par_1_39' title="bbox 481 2341 2086 2422">
     <span class='ocr_line' id='line_1_39' title="bbox 481 2341 2086 2422; baseline 0.009 -27"><span class='ocrx_word' id='word_1_287' title='bbox 481 2341 718 2396; x_wconf 87' lang='lat' dir='ltr'><strong>evictum</strong></span> <span class='ocrx_word' id='word_1_288' title='bbox 747 2354 866 2410; x_wconf 89' lang='lat' dir='ltr'><strong>est,</strong></span> <span class='ocrx_word' id='word_1_289' title='bbox 899 2343 1161 2400; x_wconf 84' lang='lat' dir='ltr'><strong>Gratiano</strong></span> <span class='ocrx_word' id='word_1_290' title='bbox 1187 2348 1370 2403; x_wconf 84' lang='lat' dir='ltr'><strong>deberi</strong></span> <span class='ocrx_word' id='word_1_291' title='bbox 1402 2350 1598 2422; x_wconf 85' lang='lat' dir='ltr'><strong>Illyrici</strong></span> <span class='ocrx_word' id='word_1_292' title='bbox 1631 2353 1991 2420; x_wconf 86' lang='lat' dir='ltr'><strong>divisionem,</strong></span> <span class='ocrx_word' id='word_1_293' title='bbox 2029 2367 2086 2410; x_wconf 92' lang='lat' dir='ltr'><strong>ut</strong></span> 
     </span>
    </p>
   </div>
   <div class='ocr_carea' id='block_1_40' title="bbox 481 2437 2083 2504">
    <p class='ocr_par' dir='ltr' id='par_1_40' title="bbox 481 2437 2083 2504">
     <span class='ocr_line' id='line_1_40' title="bbox 481 2437 2083 2504; baseline 0.009 -14"><span class='ocrx_word' id='word_1_294' title='bbox 481 2450 548 2490; x_wconf 70' lang='lat' dir='ltr'><strong>ex</strong></span> <span class='ocrx_word' id='word_1_295' title='bbox 593 2451 653 2489; x_wconf 90' lang='lat' dir='ltr'><strong>ea</strong></span> <span class='ocrx_word' id='word_1_296' title='bbox 697 2437 961 2493; x_wconf 89' lang='lat' dir='ltr'><strong>Damasus</strong></span> <span class='ocrx_word' id='word_1_297' title='bbox 989 2440 1055 2494; x_wconf 90' lang='lat' dir='ltr'><strong>ad</strong></span> <span class='ocrx_word' id='word_1_298' title='bbox 1089 2439 1416 2496; x_wconf 86' lang='lat' dir='ltr'><strong>Vicariatttm</strong></span> <span class='ocrx_word' id='word_1_299' title='bbox 1461 2445 1848 2501; x_wconf 89' lang='lat' dir='ltr'><strong>instituendum</strong></span> <span class='ocrx_word' id='word_1_300' title='bbox 1881 2452 2083 2504; x_wconf 86' lang='lat' dir='ltr'><strong>moveri</strong></span> 
     </span>
    </p>
   </div>
   <div class='ocr_carea' id='block_1_41' title="bbox 481 2527 2084 2604">
    <p class='ocr_par' dir='ltr' id='par_1_41' title="bbox 481 2527 2084 2604">
     <span class='ocr_line' id='line_1_41' title="bbox 481 2527 2084 2604; baseline 0.01 -26"><span class='ocrx_word' id='word_1_301' title='bbox 481 2527 718 2594; x_wconf 91' lang='lat' dir='ltr'><strong>potuerit</strong></span> <span class='ocrx_word' id='word_1_302' title='bbox 745 2546 757 2581; x_wconf 92' lang='lat'>:</span> <span class='ocrx_word' id='word_1_303' title='bbox 781 2528 977 2584; x_wconf 82' lang='lat' dir='ltr'><strong>deinde</strong></span> <span class='ocrx_word' id='word_1_304' title='bbox 1001 2533 1214 2598; x_wconf 89' lang='lat' dir='ltr'><strong>probari</strong></span> <span class='ocrx_word' id='word_1_305' title='bbox 1243 2546 1550 2604; x_wconf 88' lang='lat' dir='ltr'><strong>oporteret.</strong></span> <span class='ocrx_word' id='word_1_306' title='bbox 1576 2537 1826 2592; x_wconf 90' lang='lat' dir='ltr'><strong>eumdem</strong></span> <span class='ocrx_word' id='word_1_307' title='bbox 1859 2541 2084 2594; x_wconf 88' lang='lat' dir='ltr'><strong>vicaria-</strong></span> 
     </span>
    </p>
   </div>
   <div class='ocr_carea' id='block_1_42' title="bbox 481 2618 2082 2699">
    <p class='ocr_par' dir='ltr' id='par_1_42' title="bbox 481 2618 2082 2699">
     <span class='ocr_line' id='line_1_42' title="bbox 481 2618 2082 2699; baseline 0.01 -29"><span class='ocrx_word' id='word_1_308' title='bbox 481 2624 592 2670; x_wconf 92' lang='lat' dir='ltr'><strong>tum</strong></span> <span class='ocrx_word' id='word_1_309' title='bbox 615 2618 835 2674; x_wconf 89' lang='lat' dir='ltr'><strong>minime</strong></span> <span class='ocrx_word' id='word_1_310' title='bbox 860 2620 1161 2676; x_wconf 90' lang='lat' dir='ltr'><strong>institutum</strong></span> <span class='ocrx_word' id='word_1_311' title='bbox 1191 2623 1359 2680; x_wconf 82' lang='lat' dir='ltr'><strong>fuisse</strong></span> <span class='ocrx_word' id='word_1_312' title='bbox 1384 2637 1509 2682; x_wconf 89' lang='lat' dir='ltr'><strong>ante</strong></span> <span class='ocrx_word' id='word_1_313' title='bbox 1533 2628 1726 2699; x_wconf 90' lang='lat' dir='ltr'><strong>Illyrici</strong></span> <span class='ocrx_word' id='word_1_314' title='bbox 1757 2630 2082 2686; x_wconf 88' lang='lat' dir='ltr'><strong>divisionem</strong></span> 
     </span>
    </p>
   </div>
   <div class='ocr_carea' id='block_1_43' title="bbox 480 2708 2082 2792">
    <p class='ocr_par' dir='ltr' id='par_1_43' title="bbox 480 2708 2082 2792">
     <span class='ocr_line' id='line_1_43' title="bbox 480 2708 2082 2792; baseline 0.011 -31"><span class='ocrx_word' id='word_1_315' title='bbox 480 2721 512 2761; x_wconf 89' lang='lat' dir='ltr'><strong>a</strong></span> <span class='ocrx_word' id='word_1_316' title='bbox 558 2708 820 2764; x_wconf 89' lang='lat' dir='ltr'><strong>Gratiano</strong></span> <span class='ocrx_word' id='word_1_317' title='bbox 877 2712 1106 2780; x_wconf 82' lang='lat' dir='ltr'><strong>iactam,</strong></span> <span class='ocrx_word' id='word_1_318' title='bbox 1175 2716 1318 2784; x_wconf 87' lang='lat' dir='ltr'><strong>quod</strong></span> <span class='ocrx_word' id='word_1_319' title='bbox 1375 2717 1752 2776; x_wconf 86' lang='lat' dir='ltr'><strong>Tillemontius</strong></span> <span class='ocrx_word' id='word_1_320' title='bbox 1808 2739 2082 2792; x_wconf 87' lang='lat' dir='ltr'><strong>nunquam</strong></span> 
     </span>
    </p>
   </div>
   <div class='ocr_carea' id='block_1_44' title="bbox 481 2800 2076 2870">
    <p class='ocr_par' dir='ltr' id='par_1_44' title="bbox 481 2800 2076 2870">
     <span class='ocr_line' id='line_1_44' title="bbox 481 2800 2076 2870; baseline 0.01 -16"><span class='ocrx_word' id='word_1_321' title='bbox 481 2800 714 2856; x_wconf 89' lang='lat' dir='ltr'><strong>evincet.</strong></span> <span class='ocrx_word' id='word_1_322' title='bbox 739 2802 846 2858; x_wconf 87' lang='lat' dir='ltr'><strong>Fac</strong></span> <span class='ocrx_word' id='word_1_323' title='bbox 865 2813 1043 2859; x_wconf 70' lang='lat' dir='ltr'><strong>tamen</strong></span> <span class='ocrx_word' id='word_1_324' title='bbox 1073 2807 1362 2863; x_wconf 90' lang='lat' dir='ltr'><strong>Damasum</strong></span> <span class='ocrx_word' id='word_1_325' title='bbox 1387 2812 1616 2866; x_wconf 88' lang='lat' dir='ltr'><strong>Acltolio</strong></span> <span class='ocrx_word' id='word_1_326' title='bbox 1639 2814 1976 2870; x_wconf 88' lang='lat' dir='ltr'><strong>commisisse</strong></span> <span class='ocrx_word' id='word_1_327' title='bbox 2005 2817 2076 2870; x_wconf 86' lang='lat' dir='ltr'><strong>vi-</strong></span> 
     </span>
    </p>
   </div>
   <div class='ocr_carea' id='block_1_45' title="bbox 482 2896 2084 2968">
    <p class='ocr_par' dir='ltr' id='par_1_45' title="bbox 482 2896 2084 2968">
     <span class='ocr_line' id='line_1_45' title="bbox 482 2896 2084 2968; baseline 0.01 -22"><span class='ocrx_word' id='word_1_328' title='bbox 482 2905 573 2947; x_wconf 90' lang='lat' dir='ltr'><strong>ces</strong></span> <span class='ocrx_word' id='word_1_329' title='bbox 599 2908 746 2959; x_wconf 91' lang='lat' dir='ltr'><strong>suas,</strong></span> <span class='ocrx_word' id='word_1_330' title='bbox 764 2904 823 2948; x_wconf 91' lang='lat' dir='ltr'><strong>ut</strong></span> <span class='ocrx_word' id='word_1_331' title='bbox 847 2896 1114 2967; x_wconf 82' lang='lat' dir='ltr'><strong>Illyricum</strong></span> <span class='ocrx_word' id='word_1_332' title='bbox 1141 2909 1333 2968; x_wconf 89' lang='lat' dir='ltr'><strong>totum,</strong></span> <span class='ocrx_word' id='word_1_333' title='bbox 1372 2915 1500 2958; x_wconf 91' lang='lat' dir='ltr'><strong>tunc</strong></span> <span class='ocrx_word' id='word_1_334' title='bbox 1529 2903 1785 2968; x_wconf 90' lang='lat' dir='ltr'><strong>divisum,</strong></span> <span class='ocrx_word' id='word_1_335' title='bbox 1806 2907 1907 2961; x_wconf 89' lang='lat' dir='ltr'><strong>sub</strong></span> <span class='ocrx_word' id='word_1_336' title='bbox 1935 2923 1994 2962; x_wconf 89' lang='lat' dir='ltr'><strong>se</strong></span> <span class='ocrx_word' id='word_1_337' title='bbox 2021 2924 2084 2964; x_wconf 91' lang='lat' dir='ltr'><strong>ac</strong></span> 
     </span>
    </p>
   </div>
   <div class='ocr_carea' id='block_1_46' title="bbox 481 2986 2084 3068">
    <p class='ocr_par' dir='ltr' id='par_1_46' title="bbox 481 2986 2084 3068">
     <span class='ocr_line' id='line_1_46' title="bbox 481 2986 2084 3068; baseline 0.011 -32"><span class='ocrx_word' id='word_1_338' title='bbox 481 2986 849 3053; x_wconf 88' lang='lat' dir='ltr'><strong>patriarchatu</strong></span> <span class='ocrx_word' id='word_1_339' title='bbox 873 3004 972 3043; x_wconf 90' lang='lat' dir='ltr'><strong>suo</strong></span> <span class='ocrx_word' id='word_1_340' title='bbox 998 2991 1290 3048; x_wconf 88' lang='lat' dir='ltr'><strong>retineret:</strong></span> <span class='ocrx_word' id='word_1_341' title='bbox 1308 2996 1454 3063; x_wconf 84' lang='lat' dir='ltr'><strong>quid,</strong></span> <span class='ocrx_word' id='word_1_342' title='bbox 1475 3013 1627 3068; x_wconf 85' lang='lat' dir='ltr'><strong>rogo,</strong></span> <span class='ocrx_word' id='word_1_343' title='bbox 1651 3000 1892 3067; x_wconf 89' lang='lat' dir='ltr'><strong>peccavit</strong></span> <span class='ocrx_word' id='word_1_344' title='bbox 1917 3001 1968 3054; x_wconf 92' lang='lat' dir='ltr'><strong>in</strong></span> <span class='ocrx_word' id='word_1_345' title='bbox 1995 3016 2084 3054; x_wconf 90' lang='lat' dir='ltr'><strong>ea-</strong></span> 
     </span>
    </p>
   </div>
   <div class='ocr_carea' id='block_1_47' title="bbox 481 3079 2081 3158">
    <p class='ocr_par' dir='ltr' id='par_1_47' title="bbox 481 3079 2081 3158">
     <span class='ocr_line' id='line_1_47' title="bbox 481 3079 2081 3158; baseline 0.011 -29"><span class='ocrx_word' id='word_1_346' title='bbox 481 3079 697 3131; x_wconf 77' lang='lat' dir='ltr'><strong>nones?</strong></span> <span class='ocrx_word' id='word_1_347' title='bbox 723 3079 860 3146; x_wconf 88' lang='lat' dir='ltr'><strong>Quid</strong></span> <span class='ocrx_word' id='word_1_348' title='bbox 903 3082 1128 3137; x_wconf 85' lang='lat' dir='ltr'><strong>Basilius</strong></span> <span class='ocrx_word' id='word_1_349' title='bbox 1157 3083 1550 3154; x_wconf 85' lang='lat' dir='ltr'><strong>Cappadociam</strong></span> <span class='ocrx_word' id='word_1_350' title='bbox 1596 3090 1859 3158; x_wconf 79' lang='lat' dir='ltr'><strong>integram</strong></span> <span class='ocrx_word' id='word_1_351' title='bbox 1893 3101 2081 3146; x_wconf 90' lang='lat' dir='ltr'><strong>contra</strong></span> 
     </span>
    </p>
   </div>
   <div class='ocr_carea' id='block_1_48' title="bbox 480 3164 2152 3248">
    <p class='ocr_par' dir='ltr' id='par_1_48' title="bbox 480 3164 2152 3248">
     <span class='ocr_line' id='line_1_48' title="bbox 480 3164 2152 3248; baseline 0.011 -28"><span class='ocrx_word' id='word_1_352' title='bbox 480 3164 795 3224; x_wconf 81' lang='lat' dir='ltr'><strong>Autltimum</strong></span> <span class='ocrx_word' id='word_1_353' title='bbox 839 3171 1202 3229; x_wconf 89' lang='lat' dir='ltr'><strong>Thianeusem</strong></span> <span class='ocrx_word' id='word_1_354' title='bbox 1248 3177 1348 3230; x_wconf 90' lang='lat' dir='ltr'><strong>sibi</strong></span> <span class='ocrx_word' id='word_1_355' title='bbox 1381 3193 1634 3234; x_wconf 72' lang='lat' dir='ltr'><strong>asserens</strong></span> <span class='ocrx_word' id='word_1_356' title='bbox 1683 3190 1826 3236; x_wconf 89' lang='lat' dir='ltr'><strong>tanta</strong></span> <span class='ocrx_word' id='word_1_357' title='bbox 1859 3192 2082 3238; x_wconf 87' lang='lat' dir='ltr'><strong>conten-</strong></span> <span class='ocrx_word' id='word_1_358' title='bbox 2111 3187 2152 3248; x_wconf 88' lang='lat' dir='ltr'><strong>C</strong></span> 
     </span>
    </p>
   </div>
   <div class='ocr_carea' id='block_1_49' title="bbox 475 3258 2077 3349">
    <p class='ocr_par' dir='ltr' id='par_1_49' title="bbox 475 3258 2077 3349">
     <span class='ocr_line' id='line_1_49' title="bbox 475 3258 2077 3349; baseline 0.012 -37"><span class='ocrx_word' id='word_1_359' title='bbox 475 3258 658 3325; x_wconf 87' lang='lat' dir='ltr'><strong>tione,</strong></span> <span class='ocrx_word' id='word_1_360' title='bbox 691 3261 863 3316; x_wconf 86' lang='lat' dir='ltr'><strong>veteri</strong></span> <span class='ocrx_word' id='word_1_361' title='bbox 894 3267 1305 3335; x_wconf 84' lang='lat' dir='ltr'><strong>consuetudini,</strong></span> <span class='ocrx_word' id='word_1_362' title='bbox 1338 3278 1399 3322; x_wconf 90' lang='lat' dir='ltr'><strong>ut</strong></span> <span class='ocrx_word' id='word_1_363' title='bbox 1438 3269 1810 3328; x_wconf 85' lang='lat' dir='ltr'><strong>Nazianzenus</strong></span> <span class='ocrx_word' id='word_1_364' title='bbox 1840 3276 1917 3328; x_wconf 90' lang='lat' dir='ltr'><strong>ait</strong></span> <span class='ocrx_word' id='word_1_365' title='bbox 1965 3276 2036 3349; x_wconf 78' lang='grc' dir='ltr'><strong>(ε)</strong></span> <span class='ocrx_word' id='word_1_366' title='bbox 2062 3321 2077 3344; x_wconf 88' lang='grc'><em>,</em></span> 
     </span>
    </p>
   </div>
   <div class='ocr_carea' id='block_1_50' title="bbox 478 3352 2078 3425">
    <p class='ocr_par' dir='ltr' id='par_1_50' title="bbox 478 3352 2078 3425">
     <span class='ocr_line' id='line_1_50' title="bbox 478 3352 2078 3425; baseline 0.013 -20"><span class='ocrx_word' id='word_1_367' title='bbox 478 3365 542 3407; x_wconf 90' lang='lat' dir='ltr'><strong>ac</strong></span> <span class='ocrx_word' id='word_1_368' title='bbox 575 3352 730 3418; x_wconf 90' lang='lat' dir='ltr'><strong>huic,</strong></span> <span class='ocrx_word' id='word_1_369' title='bbox 759 3371 880 3424; x_wconf 68' lang='lat' dir='ltr'><strong>quae</strong></span> <span class='ocrx_word' id='word_1_370' title='bbox 905 3372 934 3410; x_wconf 92' lang='lat' dir='ltr'><strong>a</strong></span> <span class='ocrx_word' id='word_1_371' title='bbox 968 3358 1216 3414; x_wconf 79' lang='lat' dir='ltr'><strong>Patriltus</strong></span> <span class='ocrx_word' id='word_1_372' title='bbox 1247 3363 1382 3418; x_wconf 87' lang='lat' dir='ltr'><strong>laeta</strong></span> <span class='ocrx_word' id='word_1_373' title='bbox 1413 3365 1587 3421; x_wconf 78' lang='lat' dir='ltr'><strong>fuerat</strong></span> <span class='ocrx_word' id='word_1_374' title='bbox 1613 3367 1865 3424; x_wconf 80' lang='lat' dir='ltr'><strong>divisioni</strong></span> <span class='ocrx_word' id='word_1_375' title='bbox 1907 3370 2078 3425; x_wconf 65' lang='lat' dir='ltr'><strong>inhae-</strong></span> 
     </span>
    </p>
   </div>
   <div class='ocr_carea' id='block_1_51' title="bbox 479 3446 2075 3531">
    <p class='ocr_par' dir='ltr' id='par_1_51' title="bbox 479 3446 2075 3531">
     <span class='ocr_line' id='line_1_51' title="bbox 479 3446 2075 3531; baseline 0.013 -32"><span class='ocrx_word' id='word_1_376' title='bbox 479 3448 641 3501; x_wconf 88' lang='lat' dir='ltr'><strong>rens?</strong></span> <span class='ocrx_word' id='word_1_377' title='bbox 675 3446 944 3505; x_wconf 67' lang='lat' dir='ltr'><strong>Catterum</strong></span> <span class='ocrx_word' id='word_1_378' title='bbox 991 3455 1271 3522; x_wconf 84' lang='lat' dir='ltr'><strong>apostolici</strong></span> <span class='ocrx_word' id='word_1_379' title='bbox 1305 3457 1594 3514; x_wconf 88' lang='lat' dir='ltr'><strong>vicariatus</strong></span> <span class='ocrx_word' id='word_1_380' title='bbox 1635 3462 1817 3531; x_wconf 84' lang='lat' dir='ltr'><strong>origo,</strong></span> <span class='ocrx_word' id='word_1_381' title='bbox 1853 3475 2075 3530; x_wconf 89' lang='lat' dir='ltr'><strong>natura,</strong></span> 
     </span>
    </p>
   </div>
   <div class='ocr_carea' id='block_1_52' title="bbox 477 3543 2077 3626">
    <p class='ocr_par' dir='ltr' id='par_1_52' title="bbox 477 3543 2077 3626">
     <span class='ocr_line' id='line_1_52' title="bbox 477 3543 2077 3626; baseline 0.014 -34"><span class='ocrx_word' id='word_1_382' title='bbox 477 3547 533 3593; x_wconf 85' lang='lat' dir='ltr'><strong>et</strong></span> <span class='ocrx_word' id='word_1_383' title='bbox 571 3554 730 3595; x_wconf 88' lang='lat' dir='ltr'><strong>causa</strong></span> <span class='ocrx_word' id='word_1_384' title='bbox 761 3543 860 3596; x_wconf 89' lang='lat' dir='ltr'><strong>alia</strong></span> <span class='ocrx_word' id='word_1_385' title='bbox 893 3555 1013 3608; x_wconf 91' lang='lat' dir='ltr'><strong>est,</strong></span> <span class='ocrx_word' id='word_1_386' title='bbox 1044 3562 1203 3616; x_wconf 89' lang='lat' dir='ltr'><strong>quam</strong></span> <span class='ocrx_word' id='word_1_387' title='bbox 1237 3565 1356 3619; x_wconf 67' lang='lat' dir='ltr'><strong>quae</strong></span> <span class='ocrx_word' id='word_1_388' title='bbox 1383 3551 1731 3610; x_wconf 87' lang='lat' dir='ltr'><strong>Tillemontio</strong></span> <span class='ocrx_word' id='word_1_389' title='bbox 1775 3557 1889 3614; x_wconf 90' lang='lat' dir='ltr'><strong>visa</strong></span> <span class='ocrx_word' id='word_1_390' title='bbox 1937 3557 2036 3613; x_wconf 81' lang='lat' dir='ltr'><strong>fuit</strong></span> <span class='ocrx_word' id='word_1_391' title='bbox 2061 3601 2077 3626; x_wconf 93' lang='lat'><strong>,</strong></span> 
     </span>
    </p>
   </div>
   <div class='ocr_carea' id='block_1_53' title="bbox 479 3630 2075 3714">
    <p class='ocr_par' dir='ltr' id='par_1_53' title="bbox 479 3630 2075 3714">
     <span class='ocr_line' id='line_1_53' title="bbox 479 3630 2075 3714; baseline 0.013 -28"><span class='ocrx_word' id='word_1_392' title='bbox 479 3630 747 3702; x_wconf 85' lang='lat' dir='ltr'><strong>siquidem</strong></span> <span class='ocrx_word' id='word_1_393' title='bbox 782 3651 844 3690; x_wconf 87' lang='lat' dir='ltr'><strong>ea</strong></span> <span class='ocrx_word' id='word_1_394' title='bbox 877 3638 1108 3705; x_wconf 88' lang='lat' dir='ltr'><strong>petenda</strong></span> <span class='ocrx_word' id='word_1_395' title='bbox 1139 3650 1220 3694; x_wconf 86' lang='lat' dir='ltr'><strong>est</strong></span> <span class='ocrx_word' id='word_1_396' title='bbox 1243 3683 1258 3708; x_wconf 93' lang='lat'><strong>,</strong></span> <span class='ocrx_word' id='word_1_397' title='bbox 1295 3652 1352 3696; x_wconf 89' lang='lat' dir='ltr'><strong>ut</strong></span> <span class='ocrx_word' id='word_1_398' title='bbox 1379 3643 1700 3701; x_wconf 84' lang='lat' dir='ltr'><strong>Baccltinius</strong></span> <span class='ocrx_word' id='word_1_399' title='bbox 1740 3630 1846 3714; x_wconf 76' lang='lat' dir='ltr'><strong>ait,</strong></span> <span class='ocrx_word' id='word_1_400' title='bbox 1879 3651 1930 3704; x_wconf 89' lang='lat' dir='ltr'><strong>itt</strong></span> <span class='ocrx_word' id='word_1_401' title='bbox 1964 3651 2075 3706; x_wconf 85' lang='lat' dir='ltr'><strong>dis-</strong></span> 
     </span>
    </p>
   </div>
   <div class='ocr_carea' id='block_1_54' title="bbox 477 3726 2080 3809">
    <p class='ocr_par' dir='ltr' id='par_1_54' title="bbox 477 3726 2080 3809">
     <span class='ocr_line' id='line_1_54' title="bbox 477 3726 2080 3809; baseline 0.012 -32"><span class='ocrx_word' id='word_1_402' title='bbox 477 3726 773 3781; x_wconf 86' lang='lat' dir='ltr'><strong>sertatione</strong></span> <span class='ocrx_word' id='word_1_403' title='bbox 800 3727 868 3782; x_wconf 92' lang='lat' dir='ltr'><strong>de</strong></span> <span class='ocrx_word' id='word_1_404' title='bbox 890 3729 1271 3787; x_wconf 67' lang='lat' dir='ltr'><strong>ecclesiasticae</strong></span> <span class='ocrx_word' id='word_1_405' title='bbox 1301 3733 1624 3791; x_wconf 72' lang='lat' dir='ltr'><strong>hierarchia:</strong></span> <span class='ocrx_word' id='word_1_406' title='bbox 1647 3741 1949 3809; x_wconf 86' lang='lat' dir='ltr'><strong>originibus</strong></span> <span class='ocrx_word' id='word_1_407' title='bbox 1968 3782 1982 3806; x_wconf 97' lang='lat'><strong>,</strong></span> <span class='ocrx_word' id='word_1_408' title='bbox 2009 3743 2080 3798; x_wconf 88' lang='lat' dir='ltr'><strong>ab</strong></span> 
     </span>
    </p>
   </div>
   <div class='ocr_carea' id='block_1_55' title="bbox 475 3816 2077 3894">
    <p class='ocr_par' dir='ltr' id='par_1_55' title="bbox 475 3816 2077 3894">
     <span class='ocr_line' id='line_1_55' title="bbox 475 3816 2077 3894; baseline 0.011 -24"><span class='ocrx_word' id='word_1_409' title='bbox 475 3829 542 3871; x_wconf 90' lang='lat' dir='ltr'><strong>eo</strong></span> <span class='ocrx_word' id='word_1_410' title='bbox 565 3816 721 3886; x_wconf 86' lang='lat' dir='ltr'><strong>jure,</strong></span> <span class='ocrx_word' id='word_1_411' title='bbox 755 3835 863 3889; x_wconf 91' lang='lat' dir='ltr'><strong>quo</strong></span> <span class='ocrx_word' id='word_1_412' title='bbox 907 3821 1182 3877; x_wconf 78' lang='lat' dir='ltr'><strong>Romanus</strong></span> <span class='ocrx_word' id='word_1_413' title='bbox 1210 3825 1497 3894; x_wconf 78' lang='lat' dir='ltr'><strong>episc0pus</strong></span> <span class='ocrx_word' id='word_1_414' title='bbox 1534 3829 1682 3882; x_wconf 91' lang='lat' dir='ltr'><strong>velut</strong></span> <span class='ocrx_word' id='word_1_415' title='bbox 1725 3831 1916 3885; x_wconf 88' lang='lat' dir='ltr'><strong>unicus</strong></span> <span class='ocrx_word' id='word_1_416' title='bbox 1959 3849 2077 3887; x_wconf 86' lang='lat' dir='ltr'><strong>mc-</strong></span> 
     </span>
    </p>
   </div>
   <div class='ocr_carea' id='block_1_56' title="bbox 479 3909 2077 3995">
    <p class='ocr_par' dir='ltr' id='par_1_56' title="bbox 479 3909 2077 3995">
     <span class='ocr_line' id='line_1_56' title="bbox 479 3909 2077 3995; baseline 0.013 -36"><span class='ocrx_word' id='word_1_417' title='bbox 479 3909 839 3974; x_wconf 85' lang='lat' dir='ltr'><strong>trOpolitanus</strong></span> <span class='ocrx_word' id='word_1_418' title='bbox 864 3912 1217 3969; x_wconf 83' lang='lat' dir='ltr'><strong>Occidentem</strong></span> <span class='ocrx_word' id='word_1_419' title='bbox 1249 3927 1417 3970; x_wconf 92' lang='lat' dir='ltr'><strong>totum</strong></span> <span class='ocrx_word' id='word_1_420' title='bbox 1446 3918 1548 3971; x_wconf 91' lang='lat' dir='ltr'><strong>sub</strong></span> <span class='ocrx_word' id='word_1_421' title='bbox 1571 3935 1629 3972; x_wconf 89' lang='lat' dir='ltr'><strong>se</strong></span> <span class='ocrx_word' id='word_1_422' title='bbox 1661 3921 1842 3974; x_wconf 86' lang='lat' dir='ltr'><strong>habuit</strong></span> <span class='ocrx_word' id='word_1_423' title='bbox 1868 3964 1881 3986; x_wconf 95' lang='lat'><strong>,</strong></span> <span class='ocrx_word' id='word_1_424' title='bbox 1917 3934 2077 3995; x_wconf 88' lang='lat' dir='ltr'><strong>atque</strong></span> 
     </span>
    </p>
   </div>
   <div class='ocr_carea' id='block_1_57' title="bbox 476 3991 2077 4070">
    <p class='ocr_par' dir='ltr' id='par_1_57' title="bbox 476 3991 2077 4070">
     <span class='ocr_line' id='line_1_57' title="bbox 476 3991 2077 4070; baseline 0.013 -26"><span class='ocrx_word' id='word_1_425' title='bbox 476 3991 842 4046; x_wconf 74' lang='lat' dir='ltr'><strong>ecclesiastica</strong></span> <span class='ocrx_word' id='word_1_426' title='bbox 889 3997 1099 4063; x_wconf 88' lang='lat' dir='ltr'><strong>negotia</strong></span> <span class='ocrx_word' id='word_1_427' title='bbox 1153 4013 1246 4064; x_wconf 91' lang='lat' dir='ltr'><strong>per</strong></span> <span class='ocrx_word' id='word_1_428' title='bbox 1290 4015 1348 4054; x_wconf 90' lang='lat' dir='ltr'><strong>se</strong></span> <span class='ocrx_word' id='word_1_429' title='bbox 1379 4017 1498 4054; x_wconf 86' lang='lat' dir='ltr'><strong>cum</strong></span> <span class='ocrx_word' id='word_1_430' title='bbox 1552 4013 1762 4070; x_wconf 88' lang='lat' dir='ltr'><strong>poterat</strong></span> <span class='ocrx_word' id='word_1_431' title='bbox 1791 4006 1841 4059; x_wconf 92' lang='lat' dir='ltr'><strong>in</strong></span> <span class='ocrx_word' id='word_1_432' title='bbox 1887 3991 2077 4065; x_wconf 40' lang='lat' dir='ltr'><strong>vici-nis</strong></span> 
     </span>
    </p>
   </div>
   <div class='ocr_carea' id='block_1_58' title="bbox 474 4081 2073 4169">
    <p class='ocr_par' dir='ltr' id='par_1_58' title="bbox 474 4081 2073 4169">
     <span class='ocr_line' id='line_1_58' title="bbox 474 4081 2073 4169; baseline 0.015 -37"><span class='ocrx_word' id='word_1_433' title='bbox 474 4081 803 4150; x_wconf 89' lang='lat' dir='ltr'><strong>provinciis,</strong></span> <span class='ocrx_word' id='word_1_434' title='bbox 837 4084 889 4138; x_wconf 87' lang='lat' dir='ltr'><strong>itt</strong></span> <span class='ocrx_word' id='word_1_435' title='bbox 923 4086 1083 4157; x_wconf 90' lang='lat' dir='ltr'><strong>longe</strong></span> <span class='ocrx_word' id='word_1_436' title='bbox 1117 4103 1244 4143; x_wconf 91' lang='lat' dir='ltr'><strong>vero</strong></span> <span class='ocrx_word' id='word_1_437' title='bbox 1287 4107 1315 4144; x_wconf 90' lang='lat' dir='ltr'><strong>a</strong></span> <span class='ocrx_word' id='word_1_438' title='bbox 1360 4106 1420 4147; x_wconf 91' lang='lat' dir='ltr'><strong>se</strong></span> <span class='ocrx_word' id='word_1_439' title='bbox 1456 4092 1661 4149; x_wconf 86' lang='lat' dir='ltr'><strong>dissitis</strong></span> <span class='ocrx_word' id='word_1_440' title='bbox 1682 4138 1695 4162; x_wconf 95' lang='lat'><strong>,</strong></span> <span class='ocrx_word' id='word_1_441' title='bbox 1727 4112 1826 4169; x_wconf 89' lang='lat' dir='ltr'><strong>per</strong></span> <span class='ocrx_word' id='word_1_442' title='bbox 1854 4110 2033 4156; x_wconf 90' lang='lat' dir='ltr'><strong>certos</strong></span> <span class='ocrx_word' id='word_1_443' title='bbox 2061 4146 2073 4169; x_wconf 92' lang='lat'><strong>,</strong></span> 
     </span>
    </p>
   </div>
   <div class='ocr_carea' id='block_1_59' title="bbox 475 4173 2076 4259">
    <p class='ocr_par' dir='ltr' id='par_1_59' title="bbox 475 4173 2076 4259">
     <span class='ocr_line' id='line_1_59' title="bbox 475 4173 2076 4259; baseline 0.016 -33"><span class='ocrx_word' id='word_1_444' title='bbox 475 4173 666 4242; x_wconf 86' lang='lat' dir='ltr'><strong>quibus</strong></span> <span class='ocrx_word' id='word_1_445' title='bbox 693 4176 1126 4234; x_wconf 89' lang='lat' dir='ltr'><strong>demandandutu</strong></span> <span class='ocrx_word' id='word_1_446' title='bbox 1151 4185 1392 4251; x_wconf 86' lang='lat' dir='ltr'><strong>censuit,</strong></span> <span class='ocrx_word' id='word_1_447' title='bbox 1423 4187 1707 4259; x_wconf 89' lang='lat' dir='ltr'><strong>episcopos</strong></span> <span class='ocrx_word' id='word_1_448' title='bbox 1734 4192 2076 4250; x_wconf 90' lang='lat' dir='ltr'><strong>administra-</strong></span> 
     </span>
    </p>
   </div>
   <div class='ocr_carea' id='block_1_60' title="bbox 472 4264 2073 4347">
    <p class='ocr_par' dir='ltr' id='par_1_60' title="bbox 472 4264 2073 4347">
     <span class='ocr_line' id='line_1_60' title="bbox 472 4264 2073 4347; baseline 0.015 -28"><span class='ocrx_word' id='word_1_449' title='bbox 472 4264 598 4330; x_wconf 89' lang='lat' dir='ltr'><strong>bat,</strong></span> <span class='ocrx_word' id='word_1_450' title='bbox 631 4276 688 4321; x_wconf 91' lang='lat' dir='ltr'><strong>ut</strong></span> <span class='ocrx_word' id='word_1_451' title='bbox 727 4266 926 4323; x_wconf 82' lang='lat' dir='ltr'><strong>factum</strong></span> <span class='ocrx_word' id='word_1_452' title='bbox 965 4272 1125 4326; x_wconf 89' lang='lat' dir='ltr'><strong>etiam</strong></span> <span class='ocrx_word' id='word_1_453' title='bbox 1162 4289 1259 4342; x_wconf 89' lang='lat' dir='ltr'><strong>per</strong></span> <span class='ocrx_word' id='word_1_454' title='bbox 1301 4277 1615 4347; x_wconf 79' lang='lat' dir='ltr'><strong>episcopum</strong></span> <span class='ocrx_word' id='word_1_455' title='bbox 1647 4281 2073 4343; x_wconf 74' lang='lat' dir='ltr'><strong>Alexandrinum</strong></span> 
     </span>
    </p>
   </div>
   <div class='ocr_carea' id='block_1_61' title="bbox 471 4359 2072 4446">
    <p class='ocr_par' dir='ltr' id='par_1_61' title="bbox 471 4359 2072 4446">
     <span class='ocr_line' id='line_1_61' title="bbox 471 4359 2072 4446; baseline 0.015 -33"><span class='ocrx_word' id='word_1_456' title='bbox 471 4359 528 4414; x_wconf 91' lang='lat' dir='ltr'><strong>in</strong></span> <span class='ocrx_word' id='word_1_457' title='bbox 576 4369 690 4416; x_wconf 91' lang='lat' dir='ltr'><strong>toto</strong></span> <span class='ocrx_word' id='word_1_458' title='bbox 719 4377 819 4417; x_wconf 91' lang='lat' dir='ltr'><strong>suo</strong></span> <span class='ocrx_word' id='word_1_459' title='bbox 866 4366 1233 4433; x_wconf 87' lang='lat' dir='ltr'><strong>patriarchatu</strong></span> <span class='ocrx_word' id='word_1_460' title='bbox 1276 4385 1339 4425; x_wconf 84' lang='lat' dir='ltr'><strong>ex</strong></span> <span class='ocrx_word' id='word_1_461' title='bbox 1380 4371 1592 4443; x_wconf 88' lang='lat' dir='ltr'><strong>Synesii</strong></span> <span class='ocrx_word' id='word_1_462' title='bbox 1622 4376 1864 4446; x_wconf 88' lang='lat' dir='ltr'><strong>epistolis</strong></span> <span class='ocrx_word' id='word_1_463' title='bbox 1908 4381 2072 4437; x_wconf 91' lang='lat' dir='ltr'><strong>disci-</strong></span> 
     </span>
    </p>
   </div>
   <div class='ocr_carea' id='block_1_62' title="bbox 471 4461 2069 4537">
    <p class='ocr_par' dir='ltr' id='par_1_62' title="bbox 471 4461 2069 4537">
     <span class='ocr_line' id='line_1_62' title="bbox 471 4461 2069 4537; baseline 0.017 -32"><span class='ocrx_word' id='word_1_464' title='bbox 471 4465 630 4518; x_wconf 88' lang='lat' dir='ltr'><strong>mus;</strong></span> <span class='ocrx_word' id='word_1_465' title='bbox 662 4470 780 4523; x_wconf 79' lang='lat' dir='ltr'><strong>qua:</strong></span> <span class='ocrx_word' id='word_1_466' title='bbox 806 4469 886 4510; x_wconf 89' lang='lat' dir='ltr'><strong>est</strong></span> <span class='ocrx_word' id='word_1_467' title='bbox 914 4473 1074 4512; x_wconf 89' lang='lat' dir='ltr'><strong>causa</strong></span> <span class='ocrx_word' id='word_1_468' title='bbox 1103 4502 1117 4524; x_wconf 90' lang='lat'><strong>,</strong></span> <span class='ocrx_word' id='word_1_469' title='bbox 1149 4476 1246 4516; x_wconf 91' lang='lat' dir='ltr'><strong>cur</strong></span> <span class='ocrx_word' id='word_1_470' title='bbox 1271 4461 1484 4518; x_wconf 64' lang='lat' dir='ltr'><strong>Nic-mna</strong></span> <span class='ocrx_word' id='word_1_471' title='bbox 1516 4468 1756 4537; x_wconf 83' lang='lat' dir='ltr'><strong>synodus</strong></span> <span class='ocrx_word' id='word_1_472' title='bbox 1797 4472 2069 4531; x_wconf 89' lang='lat' dir='ltr'><strong>celebrem</strong></span> 
     </span>
    </p>
   </div>
   <div class='ocr_carea' id='block_1_63' title="bbox 2189 1891 2350 1944">
    <p class='ocr_par' dir='ltr' id='par_1_63' title="bbox 2189 1891 2350 1944">
     <span class='ocr_line' id='line_1_63' title="bbox 2189 1891 2350 1944; baseline 0 -2"><span class='ocrx_word' id='word_1_473' title='bbox 2189 1891 2350 1944; x_wconf 82' lang='lat' dir='ltr'><strong>ferre.</strong></span> 
     </span>
    </p>
   </div>
   <div class='ocr_carea' id='block_1_64' title="bbox 2260 1983 3786 2060">
    <p class='ocr_par' dir='ltr' id='par_1_64' title="bbox 2260 1983 3786 2060">
     <span class='ocr_line' id='line_1_64' title="bbox 2260 1983 3786 2060; baseline 0.008 -25"><span class='ocrx_word' id='word_1_474' title='bbox 2260 1983 2346 2037; x_wconf 91' lang='grc' dir='ltr'><strong>ΙΙΙ.</strong></span> <span class='ocrx_word' id='word_1_475' title='bbox 2391 1983 2457 2038; x_wconf 91' lang='lat' dir='ltr'><strong>Ut</strong></span> <span class='ocrx_word' id='word_1_476' title='bbox 2488 1985 2670 2054; x_wconf 89' lang='lat' dir='ltr'><strong>itaque</strong></span> <span class='ocrx_word' id='word_1_477' title='bbox 2729 1985 2868 2040; x_wconf 88' lang='lat' dir='ltr'><strong>unde</strong></span> <span class='ocrx_word' id='word_1_478' title='bbox 2912 1985 3168 2041; x_wconf 84' lang='lat' dir='ltr'><strong>discessit</strong></span> <span class='ocrx_word' id='word_1_479' title='bbox 3228 1998 3529 2044; x_wconf 87' lang='lat' dir='ltr'><strong>revertatur</strong></span> <span class='ocrx_word' id='word_1_480' title='bbox 3570 1991 3786 2060; x_wconf 89' lang='lat' dir='ltr'><strong>oratio,</strong></span> 
     </span>
    </p>
   </div>
   <div class='ocr_carea' id='block_1_65' title="bbox 2188 2077 3792 2157">
    <p class='ocr_par' dir='ltr' id='par_1_65' title="bbox 2188 2077 3792 2157">
     <span class='ocr_line' id='line_1_65' title="bbox 2188 2077 3792 2157; baseline 0.006 -28"><span class='ocrx_word' id='word_1_481' title='bbox 2188 2085 2464 2146; x_wconf 89' lang='lat' dir='ltr'><strong>postremo</strong></span> <span class='ocrx_word' id='word_1_482' title='bbox 2496 2077 2664 2146; x_wconf 58' lang='lat' dir='ltr'><strong>quaeri</strong></span> <span class='ocrx_word' id='word_1_483' title='bbox 2694 2088 2910 2147; x_wconf 89' lang='lat' dir='ltr'><strong>posset,</strong></span> <span class='ocrx_word' id='word_1_484' title='bbox 2956 2095 3076 2133; x_wconf 91' lang='lat' dir='ltr'><strong>cum</strong></span> <span class='ocrx_word' id='word_1_485' title='bbox 3128 2081 3388 2136; x_wconf 85' lang='lat' dir='ltr'><strong>Damasus</strong></span> <span class='ocrx_word' id='word_1_486' title='bbox 3418 2082 3641 2138; x_wconf 76' lang='lat' dir='ltr'><strong>Maximi</strong></span> <span class='ocrx_word' id='word_1_487' title='bbox 3689 2084 3792 2157; x_wconf 56' lang='lat' dir='ltr'><strong>Cy.</strong></span> 
     </span>
    </p>
   </div>
   <div class='ocr_carea' id='block_1_66' title="bbox 2189 2169 3790 2244">
    <p class='ocr_par' dir='ltr' id='par_1_66' title="bbox 2189 2169 3790 2244">
     <span class='ocr_line' id='line_1_66' title="bbox 2189 2169 3790 2244; baseline 0.006 -23"><span class='ocrx_word' id='word_1_488' title='bbox 2189 2169 2295 2222; x_wconf 88' lang='lat' dir='ltr'><strong>uici</strong></span> <span class='ocrx_word' id='word_1_489' title='bbox 2343 2169 2741 2223; x_wconf 89' lang='lat' dir='ltr'><strong>ordinationem</strong></span> <span class='ocrx_word' id='word_1_490' title='bbox 2788 2171 3069 2241; x_wconf 82' lang='lat' dir='ltr'><strong>rejererit,</strong></span> <span class='ocrx_word' id='word_1_491' title='bbox 3118 2173 3209 2241; x_wconf 90' lang='lat' dir='ltr'><strong>qui</strong></span> <span class='ocrx_word' id='word_1_492' title='bbox 3261 2175 3376 2228; x_wconf 86' lang='lat' dir='ltr'><strong>licri</strong></span> <span class='ocrx_word' id='word_1_493' title='bbox 3444 2177 3678 2244; x_wconf 87' lang='lat' dir='ltr'><strong>potuerit</strong></span> <span class='ocrx_word' id='word_1_494' title='bbox 3733 2187 3790 2231; x_wconf 92' lang='lat' dir='ltr'><strong>ut</strong></span> 
     </span>
    </p>
   </div>
   <div class='ocr_carea' id='block_1_67' title="bbox 2189 2261 3791 2335">
    <p class='ocr_par' dir='ltr' id='par_1_67' title="bbox 2189 2261 3791 2335">
     <span class='ocr_line' id='line_1_67' title="bbox 2189 2261 3791 2335; baseline 0.004 -20"><span class='ocrx_word' id='word_1_495' title='bbox 2189 2261 2429 2315; x_wconf 87' lang='lat' dir='ltr'><strong>Italicum</strong></span> <span class='ocrx_word' id='word_1_496' title='bbox 2471 2261 2759 2315; x_wconf 81' lang='lat' dir='ltr'><strong>cont-ilium</strong></span> <span class='ocrx_word' id='word_1_497' title='bbox 2792 2278 2911 2316; x_wconf 90' lang='lat' dir='ltr'><strong>eam</strong></span> <span class='ocrx_word' id='word_1_498' title='bbox 2944 2263 3141 2318; x_wconf 86' lang='lat' dir='ltr'><strong>deinde</strong></span> <span class='ocrx_word' id='word_1_499' title='bbox 3173 2266 3308 2319; x_wconf 87' lang='lat' dir='ltr'><strong>tueri</strong></span> <span class='ocrx_word' id='word_1_500' title='bbox 3349 2281 3411 2320; x_wconf 90' lang='lat' dir='ltr'><strong>ac</strong></span> <span class='ocrx_word' id='word_1_501' title='bbox 3457 2267 3684 2335; x_wconf 86' lang='lat' dir='ltr'><strong>probare</strong></span> <span class='ocrx_word' id='word_1_502' title='bbox 3714 2268 3791 2322; x_wconf 91' lang='lat' dir='ltr'><strong>vi-</strong></span> 
     </span>
    </p>
   </div>
   <div class='ocr_carea' id='block_1_68' title="bbox 2188 2356 3792 2430">
    <p class='ocr_par' dir='ltr' id='par_1_68' title="bbox 2188 2356 3792 2430">
     <span class='ocr_line' id='line_1_68' title="bbox 2188 2356 3792 2430; baseline 0.004 -20"><span class='ocrx_word' id='word_1_503' title='bbox 2188 2356 2380 2410; x_wconf 86' lang='lat' dir='ltr'><strong>deatur</strong></span> <span class='ocrx_word' id='word_1_504' title='bbox 2403 2357 2453 2410; x_wconf 91' lang='lat' dir='ltr'><strong>in</strong></span> <span class='ocrx_word' id='word_1_505' title='bbox 2485 2357 2678 2410; x_wconf 84' lang='lat' dir='ltr'><strong>litteris</strong></span> <span class='ocrx_word' id='word_1_506' title='bbox 2700 2357 2764 2410; x_wconf 89' lang='lat' dir='ltr'><strong>ad</strong></span> <span class='ocrx_word' id='word_1_507' title='bbox 2790 2357 3158 2412; x_wconf 88' lang='lat' dir='ltr'><strong>Theodosium</strong></span> <span class='ocrx_word' id='word_1_508' title='bbox 3179 2361 3416 2428; x_wconf 90' lang='lat' dir='ltr'><strong>scriptis,</strong></span> <span class='ocrx_word' id='word_1_509' title='bbox 3439 2371 3596 2430; x_wconf 90' lang='lat' dir='ltr'><strong>atque</strong></span> <span class='ocrx_word' id='word_1_510' title='bbox 3626 2378 3651 2414; x_wconf 91' lang='lat' dir='ltr'><strong>a</strong></span> <span class='ocrx_word' id='word_1_511' title='bbox 3678 2362 3792 2416; x_wconf 90' lang='lat' dir='ltr'><strong>Sir-</strong></span> 
     </span>
    </p>
   </div>
   <div class='ocr_carea' id='block_1_69' title="bbox 2189 2448 3790 2524">
    <p class='ocr_par' dir='ltr' id='par_1_69' title="bbox 2189 2448 3790 2524">
     <span class='ocr_line' id='line_1_69' title="bbox 2189 2448 3790 2524; baseline 0.004 -22"><span class='ocrx_word' id='word_1_512' title='bbox 2189 2448 2390 2502; x_wconf 89' lang='lat' dir='ltr'><strong>mondo</strong></span> <span class='ocrx_word' id='word_1_513' title='bbox 2420 2449 2578 2502; x_wconf 87' lang='lat' dir='ltr'><strong>editis</strong></span> <span class='ocrx_word' id='word_1_514' title='bbox 2607 2449 2659 2502; x_wconf 93' lang='lat' dir='ltr'><strong>in</strong></span> <span class='ocrx_word' id='word_1_515' title='bbox 2690 2450 2989 2519; x_wconf 83' lang='lat' dir='ltr'><strong>appendiee</strong></span> <span class='ocrx_word' id='word_1_516' title='bbox 3012 2451 3230 2505; x_wconf 80' lang='lat' dir='ltr'><strong>Codit-is</strong></span> <span class='ocrx_word' id='word_1_517' title='bbox 3259 2451 3641 2509; x_wconf 87' lang='lat' dir='ltr'><strong>Theodosiani.</strong></span> <span class='ocrx_word' id='word_1_518' title='bbox 3677 2453 3790 2524; x_wconf 84' lang='lat' dir='ltr'><strong>Ego</strong></span> 
     </span>
    </p>
   </div>
   <div class='ocr_carea' id='block_1_70' title="bbox 2187 2541 3790 2616">
    <p class='ocr_par' dir='ltr' id='par_1_70' title="bbox 2187 2541 3790 2616">
     <span class='ocr_line' id='line_1_70' title="bbox 2187 2541 3790 2616; baseline 0.004 -23"><span class='ocrx_word' id='word_1_519' title='bbox 2187 2541 2313 2610; x_wconf 92' lang='lat' dir='ltr'><strong>quid</strong></span> <span class='ocrx_word' id='word_1_520' title='bbox 2327 2541 2553 2596; x_wconf 88' lang='lat' dir='ltr'><strong>sentiam</strong></span> <span class='ocrx_word' id='word_1_521' title='bbox 2571 2557 2836 2609; x_wconf 76' lang='lat' dir='ltr'><strong>cXponam</strong></span> <span class='ocrx_word' id='word_1_522' title='bbox 2855 2544 3168 2610; x_wconf 56' lang='lat' dir='ltr'><strong>particulari</strong></span> <span class='ocrx_word' id='word_1_523' title='bbox 3189 2544 3442 2612; x_wconf 89' lang='lat' dir='ltr'><strong>diatriba,</strong></span> <span class='ocrx_word' id='word_1_524' title='bbox 3464 2561 3566 2616; x_wconf 90' lang='lat' dir='ltr'><strong>qua</strong></span> <span class='ocrx_word' id='word_1_525' title='bbox 3587 2559 3790 2601; x_wconf 84' lang='lat' dir='ltr'><strong>utraut—</strong></span> 
     </span>
    </p>
   </div>
   <div class='ocr_carea' id='block_1_71' title="bbox 2188 2634 3789 2704">
    <p class='ocr_par' dir='ltr' id='par_1_71' title="bbox 2188 2634 3789 2704">
     <span class='ocr_line' id='line_1_71' title="bbox 2188 2634 3789 2704; baseline 0.006 -19"><span class='ocrx_word' id='word_1_526' title='bbox 2188 2649 2292 2704; x_wconf 90' lang='lat' dir='ltr'><strong>quc</strong></span> <span class='ocrx_word' id='word_1_527' title='bbox 2326 2634 2472 2688; x_wconf 88' lang='lat' dir='ltr'><strong>illam</strong></span> <span class='ocrx_word' id='word_1_528' title='bbox 2505 2635 2788 2701; x_wconf 69' lang='lat' dir='ltr'><strong>epistolam</strong></span> <span class='ocrx_word' id='word_1_529' title='bbox 2816 2635 3136 2702; x_wconf 88' lang='lat' dir='ltr'><strong>discutiam,</strong></span> <span class='ocrx_word' id='word_1_530' title='bbox 3179 2652 3249 2694; x_wconf 88' lang='lat' dir='ltr'><strong>ne</strong></span> <span class='ocrx_word' id='word_1_531' title='bbox 3285 2637 3490 2694; x_wconf 84' lang='lat' dir='ltr'><strong>interea</strong></span> <span class='ocrx_word' id='word_1_532' title='bbox 3532 2638 3789 2695; x_wconf 88' lang='lat' dir='ltr'><strong>lectorem</strong></span> 
     </span>
    </p>
   </div>
   <div class='ocr_carea' id='block_1_72' title="bbox 2190 2728 2820 2797">
    <p class='ocr_par' dir='ltr' id='par_1_72' title="bbox 2190 2728 2820 2797">
     <span class='ocr_line' id='line_1_72' title="bbox 2190 2728 2820 2797; baseline 0.01 -19"><span class='ocrx_word' id='word_1_533' title='bbox 2190 2728 2310 2797; x_wconf 84' lang='lat' dir='ltr'><strong>plus</strong></span> <span class='ocrx_word' id='word_1_534' title='bbox 2338 2744 2495 2797; x_wconf 66' lang='lat' dir='ltr'><strong>atquo</strong></span> <span class='ocrx_word' id='word_1_535' title='bbox 2525 2728 2820 2784; x_wconf 88' lang='lat' dir='ltr'><strong>detineam.</strong></span> 
     </span>
    </p>
   </div>
   <div class='ocr_carea' id='block_1_73' title="bbox 2758 2842 3218 2900">
    <p class='ocr_par' dir='ltr' id='par_1_73' title="bbox 2758 2842 3218 2900">
     <span class='ocr_line' id='line_1_73' title="bbox 2758 2842 3218 2900; baseline 0 -2"><span class='ocrx_word' id='word_1_536' title='bbox 2758 2842 2988 2900; x_wconf 84' lang='lat' dir='ltr'><strong>CAPUT</strong></span> <span class='ocrx_word' id='word_1_537' title='bbox 3031 2843 3218 2900; x_wconf 80' lang='lat' dir='ltr'><strong>XVIII.</strong></span> 
     </span>
    </p>
   </div>
   <div class='ocr_carea' id='block_1_74' title="bbox 2187 2955 3789 3025">
    <p class='ocr_par' dir='ltr' id='par_1_74' title="bbox 2187 2955 3789 3025">
     <span class='ocr_line' id='line_1_74' title="bbox 2187 2955 3789 3025; baseline 0.003 -12"><span class='ocrx_word' id='word_1_538' title='bbox 2187 2955 2312 3022; x_wconf 81' lang='grc'><strong>581,</strong></span> <span class='ocrx_word' id='word_1_539' title='bbox 2349 2959 2550 3014; x_wconf 69' lang='grc' dir='ltr'><strong>ΒΑΜΑδι</strong></span> <span class='ocrx_word' id='word_1_540' title='bbox 2581 2960 2665 3025; x_wconf 83' lang='grc'><strong>16,</strong></span> <span class='ocrx_word' id='word_1_541' title='bbox 2697 2959 2790 3014; x_wconf 81' lang='lat' dir='ltr'><strong>FL.</strong></span> <span class='ocrx_word' id='word_1_542' title='bbox 2825 2959 3059 3016; x_wconf 80' lang='lat' dir='ltr'><strong>Sv/tcnto</strong></span> <span class='ocrx_word' id='word_1_543' title='bbox 3090 2976 3157 3014; x_wconf 80' lang='lat' dir='ltr'><strong>ET</strong></span> <span class='ocrx_word' id='word_1_544' title='bbox 3193 2959 3287 3013; x_wconf 69' lang='grc' dir='ltr'><strong>ΡΙ..</strong></span> <span class='ocrx_word' id='word_1_545' title='bbox 3318 2959 3593 3016; x_wconf 67' lang='grc' dir='ltr'><strong>Ευοιιιειιιο</strong></span> <span class='ocrx_word' id='word_1_546' title='bbox 3637 2976 3789 3018; x_wconf 88' lang='lat' dir='ltr'><strong>coss.</strong></span> 
     </span>
    </p>
   </div>
   <div class='ocr_carea' id='block_1_75' title="bbox 2186 3069 3793 3143">
    <p class='ocr_par' dir='ltr' id='par_1_75' title="bbox 2186 3069 3793 3143">
     <span class='ocr_line' id='line_1_75' title="bbox 2186 3069 3793 3143; baseline 0.002 -19"><span class='ocrx_word' id='word_1_547' title='bbox 2186 3069 2227 3124; x_wconf 92' lang='lat' dir='ltr'><strong>I.</strong></span> <span class='ocrx_word' id='word_1_548' title='bbox 2268 3071 2455 3143; x_wconf 79' lang='lat' dir='ltr'><strong>Agitur</strong></span> <span class='ocrx_word' id='word_1_549' title='bbox 2484 3073 2548 3124; x_wconf 86' lang='lat' dir='ltr'><strong>de</strong></span> <span class='ocrx_word' id='word_1_550' title='bbox 2570 3071 3133 3142; x_wconf 84' lang='lat' dir='ltr'><strong>ConstantinOpolitano</strong></span> <span class='ocrx_word' id='word_1_551' title='bbox 3177 3090 3190 3127; x_wconf 87' lang='grc' dir='ltr'>ι</span> <span class='ocrx_word' id='word_1_552' title='bbox 3230 3074 3449 3127; x_wconf 85' lang='lat' dir='ltr'><strong>concilio</strong></span> <span class='ocrx_word' id='word_1_553' title='bbox 3486 3076 3541 3128; x_wconf 86' lang='lat' dir='ltr'><strong>in</strong></span> <span class='ocrx_word' id='word_1_554' title='bbox 3577 3075 3642 3129; x_wconf 87' lang='lat' dir='ltr'><strong>iis</strong></span> <span class='ocrx_word' id='word_1_555' title='bbox 3680 3094 3793 3142; x_wconf 67' lang='lat' dir='ltr'><strong>qua:</strong></span> 
     </span>
    </p>
   </div>
   <div class='ocr_carea' id='block_1_76' title="bbox 2259 3161 3790 3234">
    <p class='ocr_par' dir='ltr' id='par_1_76' title="bbox 2259 3161 3790 3234">
     <span class='ocr_line' id='line_1_76' title="bbox 2259 3161 3790 3234; baseline 0.005 -20"><span class='ocrx_word' id='word_1_556' title='bbox 2259 3162 2327 3215; x_wconf 87' lang='lat' dir='ltr'><strong>ad</strong></span> <span class='ocrx_word' id='word_1_557' title='bbox 2373 3161 2656 3216; x_wconf 80' lang='lat' dir='ltr'><strong>Damasum</strong></span> <span class='ocrx_word' id='word_1_558' title='bbox 2715 3166 2960 3225; x_wconf 86' lang='lat' dir='ltr'><strong>attinent,</strong></span> <span class='ocrx_word' id='word_1_559' title='bbox 2995 3181 3056 3218; x_wconf 85' lang='lat' dir='ltr'><strong>ac</strong></span> <span class='ocrx_word' id='word_1_560' title='bbox 3110 3165 3347 3234; x_wconf 79' lang='lat' dir='ltr'><strong>defensor</strong></span> <span class='ocrx_word' id='word_1_561' title='bbox 3395 3163 3790 3222; x_wconf 84' lang='lat' dir='ltr'><strong>Gallicanarum</strong></span> 
     </span>
    </p>
   </div>
   <div class='ocr_carea' id='block_1_77' title="bbox 2258 3260 3783 3333">
    <p class='ocr_par' dir='ltr' id='par_1_77' title="bbox 2258 3260 3783 3333">
     <span class='ocr_line' id='line_1_77' title="bbox 2258 3260 3783 3333; baseline 0.007 -23"><span class='ocrx_word' id='word_1_562' title='bbox 2258 3260 2664 3330; x_wconf 85' lang='lat' dir='ltr'><strong>prepositionum</strong></span> <span class='ocrx_word' id='word_1_563' title='bbox 2694 3262 2943 3333; x_wconf 83' lang='lat' dir='ltr'><strong>rejicitur.</strong></span> <span class='ocrx_word' id='word_1_564' title='bbox 2978 3261 3039 3314; x_wconf 92' lang='lat' dir='ltr'><strong>ll.</strong></span> <span class='ocrx_word' id='word_1_565' title='bbox 3103 3261 3365 3328; x_wconf 68' lang='lat' dir='ltr'><strong>Quarritur</strong></span> <span class='ocrx_word' id='word_1_566' title='bbox 3393 3263 3517 3333; x_wconf 83' lang='lat' dir='ltr'><strong>quid</strong></span> <span class='ocrx_word' id='word_1_567' title='bbox 3541 3265 3605 3318; x_wconf 85' lang='lat' dir='ltr'><strong>sit</strong></span> <span class='ocrx_word' id='word_1_568' title='bbox 3631 3265 3783 3322; x_wconf 47' lang='lat' dir='ltr'><strong>Occi.</strong></span> 
     </span>
    </p>
   </div>
   <div class='ocr_carea' id='block_1_78' title="bbox 2256 3357 3790 3428">
    <p class='ocr_par' dir='ltr' id='par_1_78' title="bbox 2256 3357 3790 3428">
     <span class='ocr_line' id='line_1_78' title="bbox 2256 3357 3790 3428; baseline 0.003 -17"><span class='ocrx_word' id='word_1_569' title='bbox 2256 3357 2554 3412; x_wconf 90' lang='lat' dir='ltr'><strong>dentalium</strong></span> <span class='ocrx_word' id='word_1_570' title='bbox 2591 3370 2769 3412; x_wconf 88' lang='lat' dir='ltr'><strong>tomus</strong></span> <span class='ocrx_word' id='word_1_571' title='bbox 2797 3375 2916 3413; x_wconf 87' lang='lat' dir='ltr'><strong>can.</strong></span> <span class='ocrx_word' id='word_1_572' title='bbox 2945 3359 2978 3412; x_wconf 86' lang='lat'><strong>5</strong></span> <span class='ocrx_word' id='word_1_573' title='bbox 3004 3369 3334 3422; x_wconf 88' lang='lat' dir='ltr'><strong>memoratus,</strong></span> <span class='ocrx_word' id='word_1_574' title='bbox 3369 3361 3429 3413; x_wconf 87' lang='lat' dir='ltr'><strong>ob</strong></span> <span class='ocrx_word' id='word_1_575' title='bbox 3449 3377 3595 3428; x_wconf 87' lang='lat' dir='ltr'><strong>quem</strong></span> <span class='ocrx_word' id='word_1_576' title='bbox 3624 3371 3790 3415; x_wconf 85' lang='lat' dir='ltr'><strong>secta-</strong></span> 
     </span>
    </p>
   </div>
   <div class='ocr_carea' id='block_1_79' title="bbox 2256 3451 3790 3524">
    <p class='ocr_par' dir='ltr' id='par_1_79' title="bbox 2256 3451 3790 3524">
     <span class='ocr_line' id='line_1_79' title="bbox 2256 3451 3790 3524; baseline 0.004 -20"><span class='ocrx_word' id='word_1_577' title='bbox 2256 3460 2388 3506; x_wconf 70' lang='lat' dir='ltr'><strong>tores</strong></span> <span class='ocrx_word' id='word_1_578' title='bbox 2435 3451 2650 3505; x_wconf 85' lang='lat' dir='ltr'><strong>Paulini</strong></span> <span class='ocrx_word' id='word_1_579' title='bbox 2679 3453 2982 3506; x_wconf 82' lang='lat' dir='ltr'><strong>Antiocheni</strong></span> <span class='ocrx_word' id='word_1_580' title='bbox 3025 3454 3094 3505; x_wconf 87' lang='lat' dir='ltr'><strong>ad</strong></span> <span class='ocrx_word' id='word_1_581' title='bbox 3124 3453 3531 3507; x_wconf 85' lang='lat' dir='ltr'><strong>communionem</strong></span> <span class='ocrx_word' id='word_1_582' title='bbox 3565 3458 3790 3524; x_wconf 86' lang='lat' dir='ltr'><strong>suscepti</strong></span> 
     </span>
    </p>
   </div>
   <div class='ocr_carea' id='block_1_80' title="bbox 2255 3545 3787 3619">
    <p class='ocr_par' dir='ltr' id='par_1_80' title="bbox 2255 3545 3787 3619">
     <span class='ocr_line' id='line_1_80' title="bbox 2255 3545 3787 3619; baseline 0.003 -21"><span class='ocrx_word' id='word_1_583' title='bbox 2255 3554 2402 3611; x_wconf 85' lang='lat' dir='ltr'><strong>sunt,</strong></span> <span class='ocrx_word' id='word_1_584' title='bbox 2429 3545 2561 3599; x_wconf 87' lang='lat' dir='ltr'><strong>idem</strong></span> <span class='ocrx_word' id='word_1_585' title='bbox 2602 3563 2766 3600; x_wconf 82' lang='lat' dir='ltr'><strong>canon</strong></span> <span class='ocrx_word' id='word_1_586' title='bbox 2809 3545 3017 3600; x_wconf 79' lang='lat' dir='ltr'><strong>Mcletio</strong></span> <span class='ocrx_word' id='word_1_587' title='bbox 3047 3555 3255 3600; x_wconf 86' lang='lat' dir='ltr'><strong>auctore</strong></span> <span class='ocrx_word' id='word_1_588' title='bbox 3279 3548 3511 3601; x_wconf 76' lang='lat' dir='ltr'><strong>conditus</strong></span> <span class='ocrx_word' id='word_1_589' title='bbox 3535 3590 3549 3612; x_wconf 95' lang='lat'><strong>,</strong></span> <span class='ocrx_word' id='word_1_590' title='bbox 3580 3558 3625 3601; x_wconf 78' lang='lat' dir='ltr'><strong>et</strong></span> <span class='ocrx_word' id='word_1_591' title='bbox 3661 3567 3787 3619; x_wconf 89' lang='lat' dir='ltr'><strong>pro-</strong></span> 
     </span>
    </p>
   </div>
   <div class='ocr_carea' id='block_1_81' title="bbox 2255 3636 3787 3710">
    <p class='ocr_par' dir='ltr' id='par_1_81' title="bbox 2255 3636 3787 3710">
     <span class='ocr_line' id='line_1_81' title="bbox 2255 3636 3787 3710; baseline 0.005 -22"><span class='ocrx_word' id='word_1_592' title='bbox 2255 3636 2545 3706; x_wconf 79' lang='lat' dir='ltr'><strong>mulgatas,</strong></span> <span class='ocrx_word' id='word_1_593' title='bbox 2575 3641 2785 3709; x_wconf 85' lang='lat' dir='ltr'><strong>ejusque</strong></span> <span class='ocrx_word' id='word_1_594' title='bbox 2827 3640 3091 3692; x_wconf 83' lang='lat' dir='ltr'><strong>occasione</strong></span> <span class='ocrx_word' id='word_1_595' title='bbox 3133 3639 3270 3690; x_wconf 86' lang='lat' dir='ltr'><strong>dicta</strong></span> <span class='ocrx_word' id='word_1_596' title='bbox 3306 3656 3338 3692; x_wconf 90' lang='lat' dir='ltr'><strong>a</strong></span> <span class='ocrx_word' id='word_1_597' title='bbox 3385 3637 3633 3710; x_wconf 77' lang='lat' dir='ltr'><strong>Gregorio</strong></span> <span class='ocrx_word' id='word_1_598' title='bbox 3666 3640 3787 3695; x_wconf 78' lang='lat' dir='ltr'><strong>Na~</strong></span> 
     </span>
    </p>
   </div>
   <div class='ocr_carea' id='block_1_82' title="bbox 2253 3730 3781 3800">
    <p class='ocr_par' dir='ltr' id='par_1_82' title="bbox 2253 3730 3781 3800">
     <span class='ocr_line' id='line_1_82' title="bbox 2253 3730 3781 3800; baseline 0.007 -19"><span class='ocrx_word' id='word_1_599' title='bbox 2253 3730 2496 3795; x_wconf 76' lang='lat' dir='ltr'><strong>zjanzeno</strong></span> <span class='ocrx_word' id='word_1_600' title='bbox 2523 3731 2687 3783; x_wconf 85' lang='lat' dir='ltr'><strong>oratio</strong></span> <span class='ocrx_word' id='word_1_601' title='bbox 2712 3731 2800 3794; x_wconf 78' lang='grc'><strong>15,</strong></span> <span class='ocrx_word' id='word_1_602' title='bbox 2828 3747 2938 3800; x_wconf 73' lang='lat' dir='ltr'><strong>qua:</strong></span> <span class='ocrx_word' id='word_1_603' title='bbox 2967 3733 3274 3800; x_wconf 78' lang='lat' dir='ltr'><strong>explicatur,</strong></span> <span class='ocrx_word' id='word_1_604' title='bbox 3295 3741 3351 3784; x_wconf 83' lang='lat' dir='ltr'><strong>ut</strong></span> <span class='ocrx_word' id='word_1_605' title='bbox 3373 3733 3525 3786; x_wconf 88' lang='lat' dir='ltr'><strong>etiam</strong></span> <span class='ocrx_word' id='word_1_606' title='bbox 3579 3733 3662 3788; x_wconf 75' lang='grc'><strong>14.</strong></span> <span class='ocrx_word' id='word_1_607' title='bbox 3693 3735 3781 3792; x_wconf 91' lang='lat' dir='ltr'><strong>III.</strong></span> 
     </span>
    </p>
   </div>
   <div class='ocr_carea' id='block_1_83' title="bbox 2252 3822 3782 3896">
    <p class='ocr_par' dir='ltr' id='par_1_83' title="bbox 2252 3822 3782 3896">
     <span class='ocr_line' id='line_1_83' title="bbox 2252 3822 3782 3896; baseline 0.001 -22"><span class='ocrx_word' id='word_1_608' title='bbox 2252 3822 2443 3890; x_wconf 85' lang='lat' dir='ltr'><strong>Aliqua</strong></span> <span class='ocrx_word' id='word_1_609' title='bbox 2466 3823 2530 3874; x_wconf 88' lang='lat' dir='ltr'><strong>de</strong></span> <span class='ocrx_word' id='word_1_610' title='bbox 2557 3824 2589 3876; x_wconf 80' lang='grc' dir='ltr'><strong>’ὁ</strong></span> <span class='ocrx_word' id='word_1_611' title='bbox 2617 3841 2703 3876; x_wconf 87' lang='lat' dir='ltr'><strong>seu</strong></span> <span class='ocrx_word' id='word_1_612' title='bbox 2733 3824 2767 3876; x_wconf 76' lang='grc'>4</span> <span class='ocrx_word' id='word_1_613' title='bbox 2794 3841 3010 3888; x_wconf 83' lang='lat' dir='ltr'><strong>canone,</strong></span> <span class='ocrx_word' id='word_1_614' title='bbox 3039 3841 3137 3893; x_wconf 87' lang='lat' dir='ltr'><strong>quo</strong></span> <span class='ocrx_word' id='word_1_615' title='bbox 3172 3823 3390 3878; x_wconf 77' lang='lat' dir='ltr'><strong>Maximi</strong></span> <span class='ocrx_word' id='word_1_616' title='bbox 3429 3825 3609 3896; x_wconf 83' lang='lat' dir='ltr'><strong>Cynici</strong></span> <span class='ocrx_word' id='word_1_617' title='bbox 3636 3830 3782 3883; x_wconf 83' lang='lat' dir='ltr'><strong>ordi.</strong></span> 
     </span>
    </p>
   </div>
   <div class='ocr_carea' id='block_1_84' title="bbox 2253 3913 3784 3985">
    <p class='ocr_par' dir='ltr' id='par_1_84' title="bbox 2253 3913 3784 3985">
     <span class='ocr_line' id='line_1_84' title="bbox 2253 3913 3784 3985; baseline 0.007 -21"><span class='ocrx_word' id='word_1_618' title='bbox 2253 3913 2392 3964; x_wconf 87' lang='lat' dir='ltr'><strong>natio</strong></span> <span class='ocrx_word' id='word_1_619' title='bbox 2418 3917 2607 3985; x_wconf 71' lang='lat' dir='ltr'><strong>rejecta</strong></span> <span class='ocrx_word' id='word_1_620' title='bbox 2629 3926 2719 3978; x_wconf 77' lang='lat' dir='ltr'><strong>est.</strong></span> <span class='ocrx_word' id='word_1_621' title='bbox 2747 3914 2835 3970; x_wconf 83' lang='lat' dir='ltr'><strong>IV.</strong></span> <span class='ocrx_word' id='word_1_622' title='bbox 2883 3915 2957 3967; x_wconf 86' lang='lat' dir='ltr'><strong>De</strong></span> <span class='ocrx_word' id='word_1_623' title='bbox 2982 3914 3218 3969; x_wconf 82' lang='lat' dir='ltr'><strong>Flaviani</strong></span> <span class='ocrx_word' id='word_1_624' title='bbox 3241 3916 3547 3972; x_wconf 80' lang='lat' dir='ltr'><strong>Amice/teni</strong></span> <span class='ocrx_word' id='word_1_625' title='bbox 3571 3921 3784 3975; x_wconf 82' lang='lat' dir='ltr'><strong>ordina-</strong></span> 
     </span>
    </p>
   </div>
   <div class='ocr_carea' id='block_1_85' title="bbox 2251 4000 3628 4079">
    <p class='ocr_par' dir='ltr' id='par_1_85' title="bbox 2251 4000 3628 4079">
     <span class='ocr_line' id='line_1_85' title="bbox 2251 4000 3628 4079; baseline 0.009 -26"><span class='ocrx_word' id='word_1_626' title='bbox 2251 4002 2407 4066; x_wconf 89' lang='lat' dir='ltr'><strong>tione,</strong></span> <span class='ocrx_word' id='word_1_627' title='bbox 2435 4015 2585 4072; x_wconf 79' lang='lat' dir='ltr'><strong>atqtte</strong></span> <span class='ocrx_word' id='word_1_628' title='bbox 2614 4006 2699 4073; x_wconf 89' lang='lat' dir='ltr'><strong>iis,</strong></span> <span class='ocrx_word' id='word_1_629' title='bbox 2726 4023 2842 4076; x_wconf 78' lang='lat' dir='ltr'><strong>qua:</strong></span> <span class='ocrx_word' id='word_1_630' title='bbox 2863 4017 2982 4060; x_wconf 87' lang='lat' dir='ltr'><strong>tunc</strong></span> <span class='ocrx_word' id='word_1_631' title='bbox 3005 4000 3143 4079; x_wconf 73' lang='lat' dir='ltr'><strong>gesta</strong></span> <span class='ocrx_word' id='word_1_632' title='bbox 3165 4020 3210 4060; x_wconf 86' lang='lat' dir='ltr'><strong>et</strong></span> <span class='ocrx_word' id='word_1_633' title='bbox 3251 4018 3469 4063; x_wconf 84' lang='lat' dir='ltr'><strong>tractata</strong></span> <span class='ocrx_word' id='word_1_634' title='bbox 3496 4022 3628 4066; x_wconf 88' lang='lat' dir='ltr'><strong>sunt.</strong></span> 
     </span>
    </p>
   </div>
   <div class='ocr_carea' id='block_1_86' title="bbox 2247 4114 3780 4194">
    <p class='ocr_par' dir='ltr' id='par_1_86' title="bbox 2247 4114 3780 4194">
     <span class='ocr_line' id='line_1_86' title="bbox 2247 4114 3780 4194; baseline 0.009 -27"><span class='ocrx_word' id='word_1_635' title='bbox 2247 4114 2288 4168; x_wconf 92' lang='lat' dir='ltr'><strong>I.</strong></span> <span class='ocrx_word' id='word_1_636' title='bbox 2331 4115 2428 4169; x_wconf 86' lang='lat' dir='ltr'><strong>llic</strong></span> <span class='ocrx_word' id='word_1_637' title='bbox 2465 4131 2639 4172; x_wconf 88' lang='lat' dir='ltr'><strong>annus</strong></span> <span class='ocrx_word' id='word_1_638' title='bbox 2693 4133 2755 4172; x_wconf 89' lang='lat' dir='ltr'><strong>ac</strong></span> <span class='ocrx_word' id='word_1_639' title='bbox 2799 4134 3036 4190; x_wconf 90' lang='lat' dir='ltr'><strong>sequens</strong></span> <span class='ocrx_word' id='word_1_640' title='bbox 3076 4121 3257 4191; x_wconf 86' lang='lat' dir='ltr'><strong>plures</strong></span> <span class='ocrx_word' id='word_1_641' title='bbox 3311 4136 3375 4176; x_wconf 91' lang='lat' dir='ltr'><strong>ac</strong></span> <span class='ocrx_word' id='word_1_642' title='bbox 3430 4127 3780 4194; x_wconf 83' lang='lat' dir='ltr'><strong>gravissimas</strong></span> 
     </span>
    </p>
   </div>
   <div class='ocr_carea' id='block_1_87' title="bbox 2179 4208 3776 4289">
    <p class='ocr_par' dir='ltr' id='par_1_87' title="bbox 2179 4208 3776 4289">
     <span class='ocr_line' id='line_1_87' title="bbox 2179 4208 3776 4289; baseline 0.008 -29"><span class='ocrx_word' id='word_1_643' title='bbox 2179 4220 2268 4261; x_wconf 87' lang='lat' dir='ltr'><strong>res</strong></span> <span class='ocrx_word' id='word_1_644' title='bbox 2308 4221 2492 4261; x_wconf 89' lang='lat' dir='ltr'><strong>secum</strong></span> <span class='ocrx_word' id='word_1_645' title='bbox 2525 4208 2776 4276; x_wconf 89' lang='lat' dir='ltr'><strong>adducit,</strong></span> <span class='ocrx_word' id='word_1_646' title='bbox 2825 4213 3023 4280; x_wconf 86' lang='lat' dir='ltr'><strong>quibus</strong></span> <span class='ocrx_word' id='word_1_647' title='bbox 3065 4214 3399 4272; x_wconf 83' lang='lat' dir='ltr'><strong>illustrattdis</strong></span> <span class='ocrx_word' id='word_1_648' title='bbox 3441 4234 3541 4288; x_wconf 89' lang='lat' dir='ltr'><strong>pro</strong></span> <span class='ocrx_word' id='word_1_649' title='bbox 3573 4219 3776 4289; x_wconf 86' lang='lat' dir='ltr'><strong>ingenii</strong></span> 
     </span>
    </p>
   </div>
   <div class='ocr_carea' id='block_1_88' title="bbox 2178 4299 3777 4364">
    <p class='ocr_par' dir='ltr' id='par_1_88' title="bbox 2178 4299 3777 4364">
     <span class='ocr_line' id='line_1_88' title="bbox 2178 4299 3777 4364; baseline 0.008 -12"><span class='ocrx_word' id='word_1_650' title='bbox 2178 4299 2399 4354; x_wconf 87' lang='lat' dir='ltr'><strong>modulo</strong></span> <span class='ocrx_word' id='word_1_651' title='bbox 2431 4301 2860 4358; x_wconf 89' lang='lat' dir='ltr'><strong>immorabimur.</strong></span> <span class='ocrx_word' id='word_1_652' title='bbox 2909 4305 3119 4359; x_wconf 87' lang='lat' dir='ltr'><strong>Initium</strong></span> <span class='ocrx_word' id='word_1_653' title='bbox 3161 4323 3292 4362; x_wconf 89' lang='lat' dir='ltr'><strong>vero</strong></span> <span class='ocrx_word' id='word_1_654' title='bbox 3337 4309 3528 4364; x_wconf 81' lang='lat' dir='ltr'><strong>iaciam</strong></span> <span class='ocrx_word' id='word_1_655' title='bbox 3575 4326 3602 4362; x_wconf 88' lang='lat' dir='ltr'><strong>a</strong></span> <span class='ocrx_word' id='word_1_656' title='bbox 3635 4308 3777 4364; x_wconf 89' lang='lat' dir='ltr'><strong>Con-</strong></span> 
     </span>
    </p>
   </div>
   <div class='ocr_carea' id='block_1_89' title="bbox 2176 4393 3776 4472">
    <p class='ocr_par' dir='ltr' id='par_1_89' title="bbox 2176 4393 3776 4472">
     <span class='ocr_line' id='line_1_89' title="bbox 2176 4393 3776 4472; baseline 0.008 -28"><span class='ocrx_word' id='word_1_657' title='bbox 2176 4393 2664 4461; x_wconf 83' lang='lat' dir='ltr'><strong>stantinopolitano</strong></span> <span class='ocrx_word' id='word_1_658' title='bbox 2684 4395 2936 4461; x_wconf 90' lang='lat' dir='ltr'><strong>concilio,</strong></span> <span class='ocrx_word' id='word_1_659' title='bbox 2959 4397 3101 4465; x_wconf 91' lang='lat' dir='ltr'><strong>quod</strong></span> <span class='ocrx_word' id='word_1_660' title='bbox 3121 4413 3262 4453; x_wconf 90' lang='lat' dir='ltr'><strong>anno</strong></span> <span class='ocrx_word' id='word_1_661' title='bbox 3287 4401 3404 4471; x_wconf 92' lang='lat' dir='ltr'><strong>ipso</strong></span> <span class='ocrx_word' id='word_1_662' title='bbox 3423 4416 3560 4472; x_wconf 89' lang='lat' dir='ltr'><strong>pene</strong></span> <span class='ocrx_word' id='word_1_663' title='bbox 3582 4401 3776 4458; x_wconf 81' lang='lat' dir='ltr'><strong>ineun-</strong></span> 
     </span>
    </p>
   </div>
   <div class='ocr_carea' id='block_1_90' title="bbox 2177 4483 3292 4550">
    <p class='ocr_par' dir='ltr' id='par_1_90' title="bbox 2177 4483 3292 4550">
     <span class='ocr_line' id='line_1_90' title="bbox 2177 4483 3292 4550; baseline 0.007 -14"><span class='ocrx_word' id='word_1_664' title='bbox 2177 4489 2230 4536; x_wconf 81' lang='lat' dir='ltr'><strong>te</strong></span> <span class='ocrx_word' id='word_1_665' title='bbox 2255 4493 2522 4550; x_wconf 68' lang='lat' dir='ltr'><strong>emptum,</strong></span> <span class='ocrx_word' id='word_1_666' title='bbox 2557 4484 2643 4539; x_wconf 89' lang='lat' dir='ltr'><strong>die</strong></span> <span class='ocrx_word' id='word_1_667' title='bbox 2670 4483 2703 4539; x_wconf 90' lang='lat'><strong>9</strong></span> <span class='ocrx_word' id='word_1_668' title='bbox 2732 4484 2861 4540; x_wconf 82' lang='lat' dir='ltr'><strong>Julii</strong></span> <span class='ocrx_word' id='word_1_669' title='bbox 2892 4487 3052 4540; x_wconf 89' lang='lat' dir='ltr'><strong>linem</strong></span> <span class='ocrx_word' id='word_1_670' title='bbox 3086 4489 3292 4544; x_wconf 89' lang='lat' dir='ltr'><strong>habuit.</strong></span> 
     </span>
    </p>
   </div>
   <div class='ocr_carea' id='block_1_91' title="bbox 473 4543 3776 4643">
    <p class='ocr_par' dir='ltr' id='par_1_91' title="bbox 473 4543 3776 4643">
     <span class='ocr_line' id='line_1_91' title="bbox 473 4543 3776 4643; baseline 0.013 -46"><span class='ocrx_word' id='word_1_671' title='bbox 473 4543 618 4600; x_wconf 90' lang='lat' dir='ltr'><strong>illam</strong></span> <span class='ocrx_word' id='word_1_672' title='bbox 665 4548 808 4602; x_wconf 86' lang='lat' dir='ltr'><strong>inter</strong></span> <span class='ocrx_word' id='word_1_673' title='bbox 853 4563 946 4605; x_wconf 91' lang='lat' dir='ltr'><strong>eos</strong></span> <span class='ocrx_word' id='word_1_674' title='bbox 992 4555 1453 4622; x_wconf 89' lang='lat' dir='ltr'><strong>comparationem</strong></span> <span class='ocrx_word' id='word_1_675' title='bbox 1505 4558 1800 4618; x_wconf 88' lang='lat' dir='ltr'><strong>instituerit</strong></span> <span class='ocrx_word' id='word_1_676' title='bbox 1848 4581 1970 4619; x_wconf 92' lang='lat' dir='ltr'><strong>can.</strong></span> <span class='ocrx_word' id='word_1_677' title='bbox 2015 4568 2065 4623; x_wconf 84' lang='lat'><strong>6.</strong></span> <span class='ocrx_word' id='word_1_678' title='bbox 2097 4569 2151 4627; x_wconf 92' lang='lat' dir='ltr'><strong>D</strong></span> <span class='ocrx_word' id='word_1_679' title='bbox 2247 4574 2582 4643; x_wconf 86' lang='lat' dir='ltr'><strong>Disputatum</strong></span> <span class='ocrx_word' id='word_1_680' title='bbox 2611 4591 2730 4643; x_wconf 88' lang='lat' dir='ltr'><strong>est,</strong></span> <span class='ocrx_word' id='word_1_681' title='bbox 2763 4593 2831 4633; x_wconf 87' lang='lat' dir='ltr'><strong>an</strong></span> <span class='ocrx_word' id='word_1_682' title='bbox 2877 4580 3006 4634; x_wconf 87' lang='lat' dir='ltr'><strong>illttd</strong></span> <span class='ocrx_word' id='word_1_683' title='bbox 3051 4592 3274 4638; x_wconf 90' lang='lat' dir='ltr'><strong>auctore</strong></span> <span class='ocrx_word' id='word_1_684' title='bbox 3304 4584 3537 4640; x_wconf 88' lang='lat' dir='ltr'><strong>Damaso</strong></span> <span class='ocrx_word' id='word_1_685' title='bbox 3576 4600 3776 4640; x_wconf 84' lang='lat' dir='ltr'><strong>convo-</strong></span> 
     </span>
    </p>
   </div>
   <div class='ocr_carea' id='block_1_92' title="bbox 471 4635 2070 4713">
    <p class='ocr_par' dir='ltr' id='par_1_92' title="bbox 471 4635 2070 4713">
     <span class='ocr_line' id='line_1_92' title="bbox 471 4635 2070 4713; baseline 0.016 -25"><span class='ocrx_word' id='word_1_686' title='bbox 471 4635 643 4701; x_wconf 86' lang='lat' dir='ltr'><strong>Quam</strong></span> <span class='ocrx_word' id='word_1_687' title='bbox 677 4641 773 4694; x_wconf 90' lang='lat' dir='ltr'><strong>viri</strong></span> <span class='ocrx_word' id='word_1_688' title='bbox 801 4640 1104 4699; x_wconf 91' lang='lat' dir='ltr'><strong>doctissimi</strong></span> <span class='ocrx_word' id='word_1_689' title='bbox 1130 4650 1454 4704; x_wconf 89' lang='lat' dir='ltr'><strong>sententiam</strong></span> <span class='ocrx_word' id='word_1_690' title='bbox 1494 4652 1820 4710; x_wconf 88' lang='lat' dir='ltr'><strong>conﬁrmare</strong></span> <span class='ocrx_word' id='word_1_691' title='bbox 1859 4658 2070 4713; x_wconf 89' lang='lat' dir='ltr'><strong>videtur</strong></span> 
     </span>
    </p>
   </div>
   <div class='ocr_carea' id='block_1_93' title="bbox 469 4725 2068 4808">
    <p class='ocr_par' dir='ltr' id='par_1_93' title="bbox 469 4725 2068 4808">
     <span class='ocr_line' id='line_1_93' title="bbox 469 4725 2068 4808; baseline 0.018 -28"><span class='ocrx_word' id='word_1_692' title='bbox 469 4725 814 4786; x_wconf 89' lang='lat' dir='ltr'><strong>Innocentius</strong></span> <span class='ocrx_word' id='word_1_693' title='bbox 838 4733 896 4798; x_wconf 88' lang='grc' dir='ltr'><strong>Ι,</strong></span> <span class='ocrx_word' id='word_1_694' title='bbox 931 4737 982 4789; x_wconf 91' lang='lat' dir='ltr'><strong>in</strong></span> <span class='ocrx_word' id='word_1_695' title='bbox 1012 4740 1236 4805; x_wconf 87' lang='lat' dir='ltr'><strong>epistola</strong></span> <span class='ocrx_word' id='word_1_696' title='bbox 1266 4741 1332 4794; x_wconf 88' lang='lat' dir='ltr'><strong>ad</strong></span> <span class='ocrx_word' id='word_1_697' title='bbox 1375 4743 1744 4801; x_wconf 80' lang='lat' dir='ltr'><strong>Alexandrum</strong></span> <span class='ocrx_word' id='word_1_698' title='bbox 1769 4748 2068 4808; x_wconf 78' lang='lat' dir='ltr'><strong>Antioche-</strong></span> 
     </span>
    </p>
   </div>
   <div class='ocr_carea' id='block_1_94' title="bbox 470 4831 2064 4913">
    <p class='ocr_par' dir='ltr' id='par_1_94' title="bbox 470 4831 2064 4913">
     <span class='ocr_line' id='line_1_94' title="bbox 470 4831 2064 4913; baseline 0.018 -44"><span class='ocrx_word' id='word_1_699' title='bbox 470 4831 631 4882; x_wconf 93' lang='lat' dir='ltr'><strong>num,</strong></span> <span class='ocrx_word' id='word_1_700' title='bbox 664 4836 765 4888; x_wconf 89' lang='lat' dir='ltr'><strong>qua</strong></span> <span class='ocrx_word' id='word_1_701' title='bbox 815 4839 938 4878; x_wconf 88' lang='lat' dir='ltr'><strong>eum</strong></span> <span class='ocrx_word' id='word_1_702' title='bbox 971 4837 1187 4894; x_wconf 87' lang='lat' dir='ltr'><strong>monet,</strong></span> <span class='ocrx_word' id='word_1_703' title='bbox 1222 4840 1277 4882; x_wconf 95' lang='lat' dir='ltr'><strong>ut</strong></span> <span class='ocrx_word' id='word_1_704' title='bbox 1308 4833 1594 4903; x_wconf 85' lang='lat' dir='ltr'><strong>episc0pos</strong></span> <span class='ocrx_word' id='word_1_705' title='bbox 1623 4836 1778 4908; x_wconf 87' lang='lat' dir='ltr'><strong>longe</strong></span> <span class='ocrx_word' id='word_1_706' title='bbox 1809 4857 1838 4895; x_wconf 89' lang='lat' dir='ltr'><strong>a</strong></span> <span class='ocrx_word' id='word_1_707' title='bbox 1869 4858 1927 4897; x_wconf 85' lang='lat' dir='ltr'><strong>se</strong></span> <span class='ocrx_word' id='word_1_708' title='bbox 1967 4860 2064 4913; x_wconf 82' lang='lat' dir='ltr'><strong>po-</strong></span> 
     </span>
    </p>
   </div>
   <div class='ocr_carea' id='block_1_95' title="bbox 467 4913 2063 5010">
    <p class='ocr_par' dir='ltr' id='par_1_95' title="bbox 467 4913 2063 5010">
     <span class='ocr_line' id='line_1_95' title="bbox 467 4913 2063 5010; baseline 0.016 -42"><span class='ocrx_word' id='word_1_709' title='bbox 467 4913 601 4968; x_wconf 85' lang='lat' dir='ltr'><strong>sitos</strong></span> <span class='ocrx_word' id='word_1_710' title='bbox 651 4929 747 4983; x_wconf 88' lang='lat' dir='ltr'><strong>per</strong></span> <span class='ocrx_word' id='word_1_711' title='bbox 809 4917 962 4973; x_wconf 87' lang='lat' dir='ltr'><strong>datas</strong></span> <span class='ocrx_word' id='word_1_712' title='bbox 1006 4935 1035 4973; x_wconf 93' lang='lat' dir='ltr'><strong>a</strong></span> <span class='ocrx_word' id='word_1_713' title='bbox 1090 4936 1149 4976; x_wconf 91' lang='lat' dir='ltr'><strong>se</strong></span> <span class='ocrx_word' id='word_1_714' title='bbox 1186 4922 1391 4979; x_wconf 90' lang='lat' dir='ltr'><strong>litteras</strong></span> <span class='ocrx_word' id='word_1_715' title='bbox 1451 4929 1687 4986; x_wconf 84' lang='lat' dir='ltr'><strong>ordinari</strong></span> <span class='ocrx_word' id='word_1_716' title='bbox 1725 4934 1914 5003; x_wconf 89' lang='lat' dir='ltr'><strong>jubeat</strong></span> <span class='ocrx_word' id='word_1_717' title='bbox 1963 4938 2063 5010; x_wconf 80' lang='lat' dir='ltr'><strong>(f);</strong></span> 
     </span>
    </p>
   </div>
   <div class='ocr_carea' id='block_1_96' title="bbox 469 5005 2066 5097">
    <p class='ocr_par' dir='ltr' id='par_1_96' title="bbox 469 5005 2066 5097">
     <span class='ocr_line' id='line_1_96' title="bbox 469 5005 2066 5097; baseline 0.015 -38"><span class='ocrx_word' id='word_1_718' title='bbox 469 5019 533 5059; x_wconf 89' lang='lat' dir='ltr'><strong>ac</strong></span> <span class='ocrx_word' id='word_1_719' title='bbox 561 5005 671 5060; x_wconf 88' lang='lat' dir='ltr'><strong>Leo</strong></span> <span class='ocrx_word' id='word_1_720' title='bbox 709 5006 931 5078; x_wconf 84' lang='lat' dir='ltr'><strong>Magnus</strong></span> <span class='ocrx_word' id='word_1_721' title='bbox 983 5026 1103 5066; x_wconf 90' lang='lat' dir='ltr'><strong>cum</strong></span> <span class='ocrx_word' id='word_1_722' title='bbox 1131 5013 1418 5072; x_wconf 82' lang='lat' dir='ltr'><strong>Anastasio</strong></span> <span class='ocrx_word' id='word_1_723' title='bbox 1447 5019 1914 5083; x_wconf 84' lang='lat' dir='ltr'><strong>Thessalonicensi</strong></span> <span class='ocrx_word' id='word_1_724' title='bbox 1943 5005 2066 5097; x_wconf 59' lang='lat' dir='ltr'><strong>pia-</strong></span> 
     </span>
    </p>
   </div>
   <div class='ocr_carea' id='block_1_97' title="bbox 469 5099 2064 5187">
    <p class='ocr_par' dir='ltr' id='par_1_97' title="bbox 469 5099 2064 5187">
     <span class='ocr_line' id='line_1_97' title="bbox 469 5099 2064 5187; baseline 0.016 -35"><span class='ocrx_word' id='word_1_725' title='bbox 469 5099 652 5154; x_wconf 78' lang='lat' dir='ltr'><strong>litetur</strong></span> <span class='ocrx_word' id='word_1_726' title='bbox 683 5103 831 5157; x_wconf 86' lang='lat' dir='ltr'><strong>vices</strong></span> <span class='ocrx_word' id='word_1_727' title='bbox 859 5116 987 5157; x_wconf 91' lang='lat' dir='ltr'><strong>suas</strong></span> <span class='ocrx_word' id='word_1_728' title='bbox 1011 5104 1292 5176; x_wconf 83' lang='lat' dir='ltr'><strong>delegasse</strong></span> <span class='ocrx_word' id='word_1_729' title='bbox 1321 5126 1381 5164; x_wconf 90' lang='lat' dir='ltr'><strong>se</strong></span> <span class='ocrx_word' id='word_1_730' title='bbox 1403 5155 1418 5179; x_wconf 92' lang='lat'><strong>,</strong></span> <span class='ocrx_word' id='word_1_731' title='bbox 1446 5123 1500 5166; x_wconf 87' lang='lat' dir='ltr'><strong>ut</strong></span> <span class='ocrx_word' id='word_1_732' title='bbox 1528 5131 1732 5182; x_wconf 83' lang='lat' dir='ltr'><strong>curant,</strong></span> <span class='ocrx_word' id='word_1_733' title='bbox 1763 5138 1915 5187; x_wconf 84' lang='lat' dir='ltr'><strong>quam</strong></span> <span class='ocrx_word' id='word_1_734' title='bbox 1945 5127 2064 5176; x_wconf 85' lang='lat' dir='ltr'><strong>uni-</strong></span> 
     </span>
    </p>
   </div>
   <div class='ocr_carea' id='block_1_98' title="bbox 469 5193 2062 5272">
    <p class='ocr_par' dir='ltr' id='par_1_98' title="bbox 469 5193 2062 5272">
     <span class='ocr_line' id='line_1_98' title="bbox 469 5193 2062 5272; baseline 0.017 -27"><span class='ocrx_word' id='word_1_735' title='bbox 469 5195 626 5248; x_wconf 77' lang='lat' dir='ltr'><strong>uersis</strong></span> <span class='ocrx_word' id='word_1_736' title='bbox 653 5193 898 5250; x_wconf 84' lang='lat' dir='ltr'><strong>Ecclesiis</strong></span> <span class='ocrx_word' id='word_1_737' title='bbox 928 5200 1280 5270; x_wconf 86' lang='lat' dir='ltr'><strong>principaliter</strong></span> <span class='ocrx_word' id='word_1_738' title='bbox 1323 5220 1386 5256; x_wconf 78' lang='lat' dir='ltr'><strong>ea:</strong></span> <span class='ocrx_word' id='word_1_739' title='bbox 1412 5205 1586 5260; x_wconf 84' lang='lat' dir='ltr'><strong>divina</strong></span> <span class='ocrx_word' id='word_1_740' title='bbox 1631 5211 1945 5268; x_wconf 85' lang='lat' dir='ltr'><strong>institutione</strong></span> <span class='ocrx_word' id='word_1_741' title='bbox 1970 5217 2062 5272; x_wconf 86' lang='lat' dir='ltr'><strong>de-</strong></span> 
     </span>
    </p>
   </div>
   <div class='ocr_carea' id='block_1_99' title="bbox 468 5283 2064 5373">
    <p class='ocr_par' dir='ltr' id='par_1_99' title="bbox 468 5283 2064 5373">
     <span class='ocr_line' id='line_1_99' title="bbox 468 5283 2064 5373; baseline 0.016 -37"><span class='ocrx_word' id='word_1_742' title='bbox 468 5283 680 5354; x_wconf 82' lang='lat' dir='ltr'><strong>bemus,</strong></span> <span class='ocrx_word' id='word_1_743' title='bbox 724 5291 997 5360; x_wconf 83' lang='lat' dir='ltr'><strong>adjuvares</strong></span> <span class='ocrx_word' id='word_1_744' title='bbox 1022 5330 1038 5355; x_wconf 94' lang='lat'><strong>,</strong></span> <span class='ocrx_word' id='word_1_745' title='bbox 1096 5301 1143 5345; x_wconf 86' lang='lat' dir='ltr'><strong>et</strong></span> <span class='ocrx_word' id='word_1_746' title='bbox 1191 5291 1480 5363; x_wconf 84' lang='lat' dir='ltr'><strong>longinquis</strong></span> <span class='ocrx_word' id='word_1_747' title='bbox 1524 5313 1556 5350; x_wconf 84' lang='grc' dir='ltr'><strong><em>(ι</em></strong></span> <span class='ocrx_word' id='word_1_748' title='bbox 1601 5299 1745 5354; x_wconf 86' lang='lat' dir='ltr'><strong>nobis</strong></span> <span class='ocrx_word' id='word_1_749' title='bbox 1791 5306 2064 5373; x_wconf 84' lang='lat' dir='ltr'><strong>provinciis</strong></span> 
     </span>
    </p>
   </div>
   <div class='ocr_carea' id='block_1_100' title="bbox 541 5468 1565 5551">
    <p class='ocr_par' dir='ltr' id='par_1_100' title="bbox 541 5468 1565 5551">
     <span class='ocr_line' id='line_1_100' title="bbox 541 5468 1565 5551; baseline 0.01 -27"><span class='ocrx_word' id='word_1_750' title='bbox 541 5468 617 5551; x_wconf 60' lang='grc' dir='ltr'><strong>(ᾳ)</strong></span> <span class='ocrx_word' id='word_1_751' title='bbox 657 5474 837 5551; x_wconf 60' lang='lat' dir='ltr'><strong>l_\_ntiq.</strong></span> <span class='ocrx_word' id='word_1_752' title='bbox 870 5475 937 5529; x_wconf 92' lang='grc' dir='ltr'><strong>Ε.</strong></span> <span class='ocrx_word' id='word_1_753' title='bbox 971 5474 1071 5541; x_wconf 74' lang='grc' dir='ltr'><strong>Η..</strong></span> <span class='ocrx_word' id='word_1_754' title='bbox 1102 5477 1242 5551; x_wconf 72' lang='lat' dir='ltr'><strong>disp.</strong></span> <span class='ocrx_word' id='word_1_755' title='bbox 1265 5481 1322 5544; x_wconf 80' lang='grc'><strong>5,</strong></span> <span class='ocrx_word' id='word_1_756' title='bbox 1357 5494 1478 5551; x_wconf 91' lang='lat' dir='ltr'><strong>cap.</strong></span> <span class='ocrx_word' id='word_1_757' title='bbox 1509 5480 1565 5535; x_wconf 74' lang='lat'><strong>2.</strong></span> 
     </span>
    </p>
   </div>
   <div class='ocr_carea' id='block_1_101' title="bbox 541 5538 1646 5618">
    <p class='ocr_par' dir='ltr' id='par_1_101' title="bbox 541 5538 1646 5618">
     <span class='ocr_line' id='line_1_101' title="bbox 541 5538 1646 5618; baseline 0.026 -29"><span class='ocrx_word' id='word_1_758' title='bbox 541 5538 618 5618; x_wconf 76' lang='grc' dir='ltr'><strong>(ὁ)</strong></span> <span class='ocrx_word' id='word_1_759' title='bbox 657 5538 1112 5618; x_wconf 37' lang='grc' dir='ltr'><strong>ρθ-ῡέρῃτιςαπλι.</strong></span> <span class='ocrx_word' id='word_1_760' title='bbox 1147 5538 1231 5604; x_wconf 73' lang='lat' dir='ltr'><strong>I3.</strong></span> <span class='ocrx_word' id='word_1_761' title='bbox 1310 5538 1320 5544; x_wconf 60' lang='grc'><em>’</em></span> <span class='ocrx_word' id='word_1_762' title='bbox 1424 5538 1439 5551; x_wconf 75' lang='grc'><em>’</em></span> <span class='ocrx_word' id='word_1_763' title='bbox 1643 5615 1646 5618; x_wconf 84' lang='grc'><strong><em>,</em></strong></span> 
     </span>
    </p>
   </div>
   <div class='ocr_carea' id='block_1_102' title="bbox 539 5609 1770 5695">
    <p class='ocr_par' dir='ltr' id='par_1_102' title="bbox 539 5609 1770 5695">
     <span class='ocr_line' id='line_1_102' title="bbox 539 5609 1770 5695; baseline 0.019 -36"><span class='ocrx_word' id='word_1_764' title='bbox 539 5609 616 5695; x_wconf 53' lang='lat' dir='ltr'><strong>(c)</strong></span> <span class='ocrx_word' id='word_1_765' title='bbox 651 5610 1018 5695; x_wconf 41' lang='grc' dir='ltr'><strong>(Ξοηλτιηςοιι.</strong></span> <span class='ocrx_word' id='word_1_766' title='bbox 1056 5618 1160 5695; x_wconf 69' lang='lat' dir='ltr'><strong>leg.</strong></span> <span class='ocrx_word' id='word_1_767' title='bbox 1192 5621 1296 5684; x_wconf 70' lang='lat'><strong>45,</strong></span> <span class='ocrx_word' id='word_1_768' title='bbox 1331 5621 1572 5695; x_wconf 61' lang='lat' dir='ltr'><strong>li_|3._XVI,</strong></span> <span class='ocrx_word' id='word_1_769' title='bbox 1605 5615 1685 5682; x_wconf 74' lang='lat' dir='ltr'><strong>ut.</strong></span> <span class='ocrx_word' id='word_1_770' title='bbox 1716 5628 1770 5681; x_wconf 72' lang='lat'><strong>2.</strong></span> 
     </span>
    </p>
   </div>
   <div class='ocr_carea' id='block_1_103' title="bbox 541 5679 1477 5752">
    <p class='ocr_par' dir='ltr' id='par_1_103' title="bbox 541 5679 1477 5752">
     <span class='ocr_line' id='line_1_103' title="bbox 541 5679 1477 5752; baseline 0.019 -23"><span class='ocrx_word' id='word_1_771' title='bbox 541 5679 620 5746; x_wconf 81' lang='grc' dir='ltr'><strong>(ά)</strong></span> <span class='ocrx_word' id='word_1_772' title='bbox 648 5679 937 5752; x_wconf 52' lang='lat' dir='ltr'><strong>_I)e_Boitil‘:</strong></span> <span class='ocrx_word' id='word_1_773' title='bbox 965 5695 1068 5737; x_wconf 85' lang='lat' dir='ltr'><strong>:trt.</strong></span> <span class='ocrx_word' id='word_1_774' title='bbox 1098 5679 1131 5740; x_wconf 84' lang='grc'>9</span> <span class='ocrx_word' id='word_1_775' title='bbox 1154 5729 1167 5752; x_wconf 84' lang='grc'><em>,</em></span> <span class='ocrx_word' id='word_1_776' title='bbox 1199 5679 1328 5742; x_wconf 71' lang='lat' dir='ltr'><strong>lout.</strong></span> <span class='ocrx_word' id='word_1_777' title='bbox 1361 5690 1477 5747; x_wconf 77' lang='lat' dir='ltr'><strong>XII.</strong></span> 
     </span>
    </p>
   </div>
   <div class='ocr_carea' id='block_1_104' title="bbox 536 5748 1320 5818">
    <p class='ocr_par' dir='ltr' id='par_1_104' title="bbox 536 5748 1320 5818">
     <span class='ocr_line' id='line_1_104' title="bbox 536 5748 1320 5818; baseline 0.023 -24"><span class='ocrx_word' id='word_1_778' title='bbox 536 5753 607 5818; x_wconf 69' lang='grc' dir='ltr'><strong>(ρ)</strong></span> <span class='ocrx_word' id='word_1_779' title='bbox 648 5748 704 5803; x_wconf 90' lang='lat' dir='ltr'><strong>ltt</strong></span> <span class='ocrx_word' id='word_1_780' title='bbox 738 5748 880 5803; x_wconf 82' lang='lat' dir='ltr'><strong>laud.</strong></span> <span class='ocrx_word' id='word_1_781' title='bbox 914 5750 1036 5807; x_wconf 87' lang='lat' dir='ltr'><strong>Bas.</strong></span> <span class='ocrx_word' id='word_1_782' title='bbox 1065 5748 1201 5810; x_wconf 79' lang='lat' dir='ltr'><strong>orat.</strong></span> <span class='ocrx_word' id='word_1_783' title='bbox 1230 5759 1320 5814; x_wconf 70' lang='lat'><strong>20.</strong></span> 
     </span>
    </p>
   </div>
   <div class='ocr_carea' id='block_1_105' title="bbox 2175 4668 3772 4745">
    <p class='ocr_par' dir='ltr' id='par_1_105' title="bbox 2175 4668 3772 4745">
     <span class='ocr_line' id='line_1_105' title="bbox 2175 4668 3772 4745; baseline 0.008 -24"><span class='ocrx_word' id='word_1_784' title='bbox 2175 4676 2353 4745; x_wconf 88' lang='lat' dir='ltr'><strong>catum</strong></span> <span class='ocrx_word' id='word_1_785' title='bbox 2383 4668 2485 4734; x_wconf 90' lang='lat' dir='ltr'><strong>sit,</strong></span> <span class='ocrx_word' id='word_1_786' title='bbox 2535 4669 2654 4722; x_wconf 87' lang='lat' dir='ltr'><strong>aliis</strong></span> <span class='ocrx_word' id='word_1_787' title='bbox 2685 4673 3054 4727; x_wconf 84' lang='lat' dir='ltr'><strong>asserentibus</strong></span> <span class='ocrx_word' id='word_1_788' title='bbox 3077 4715 3092 4741; x_wconf 93' lang='lat'><strong>,</strong></span> <span class='ocrx_word' id='word_1_789' title='bbox 3125 4677 3448 4745; x_wconf 81' lang='lat' dir='ltr'><strong>negantibus</strong></span> <span class='ocrx_word' id='word_1_790' title='bbox 3475 4677 3595 4733; x_wconf 84' lang='lat' dir='ltr'><strong>aliis</strong></span> <span class='ocrx_word' id='word_1_791' title='bbox 3643 4695 3656 4731; x_wconf 93' lang='lat'>:</span> <span class='ocrx_word' id='word_1_792' title='bbox 3703 4693 3772 4734; x_wconf 91' lang='lat' dir='ltr'><strong>an</strong></span> 
     </span>
    </p>
   </div>
   <div class='ocr_carea' id='block_1_106' title="bbox 2177 4759 3777 4840">
    <p class='ocr_par' dir='ltr' id='par_1_106' title="bbox 2177 4759 3777 4840">
     <span class='ocr_line' id='line_1_106' title="bbox 2177 4759 3777 4840; baseline 0.011 -31"><span class='ocrx_word' id='word_1_793' title='bbox 2177 4768 2438 4826; x_wconf 74' lang='lat' dir='ltr'><strong>prteterea</strong></span> <span class='ocrx_word' id='word_1_794' title='bbox 2473 4759 2724 4816; x_wconf 72' lang='lat' dir='ltr'><strong>Acholius</strong></span> <span class='ocrx_word' id='word_1_795' title='bbox 2747 4763 2986 4830; x_wconf 86' lang='lat' dir='ltr'><strong>ejusdem</strong></span> <span class='ocrx_word' id='word_1_796' title='bbox 3012 4766 3279 4836; x_wconf 80' lang='lat' dir='ltr'><strong>pontificis</strong></span> <span class='ocrx_word' id='word_1_797' title='bbox 3306 4769 3452 4825; x_wconf 89' lang='lat' dir='ltr'><strong>vices</strong></span> <span class='ocrx_word' id='word_1_798' title='bbox 3479 4771 3532 4824; x_wconf 93' lang='lat' dir='ltr'><strong>in</strong></span> <span class='ocrx_word' id='word_1_799' title='bbox 3561 4786 3626 4823; x_wconf 90' lang='lat' dir='ltr'><strong>eo</strong></span> <span class='ocrx_word' id='word_1_800' title='bbox 3647 4785 3777 4840; x_wconf 77' lang='lat' dir='ltr'><strong>ege-</strong></span> 
     </span>
    </p>
   </div>
   <div class='ocr_carea' id='block_1_107' title="bbox 2176 4848 3775 4932">
    <p class='ocr_par' dir='ltr' id='par_1_107' title="bbox 2176 4848 3775 4932">
     <span class='ocr_line' id='line_1_107' title="bbox 2176 4848 3775 4932; baseline 0.011 -31"><span class='ocrx_word' id='word_1_801' title='bbox 2176 4848 2266 4910; x_wconf 81' lang='lat' dir='ltr'><strong>rit.</strong></span> <span class='ocrx_word' id='word_1_802' title='bbox 2300 4849 2656 4921; x_wconf 76' lang='lat' dir='ltr'><strong>Qunditaque</strong></span> <span class='ocrx_word' id='word_1_803' title='bbox 2685 4855 2748 4907; x_wconf 90' lang='lat' dir='ltr'><strong>ad</strong></span> <span class='ocrx_word' id='word_1_804' title='bbox 2780 4857 3010 4923; x_wconf 90' lang='lat' dir='ltr'><strong>primum</strong></span> <span class='ocrx_word' id='word_1_805' title='bbox 3039 4860 3261 4922; x_wconf 84' lang='lat' dir='ltr'><strong>attinet,</strong></span> <span class='ocrx_word' id='word_1_806' title='bbox 3289 4861 3381 4932; x_wconf 91' lang='lat' dir='ltr'><strong>qtti</strong></span> <span class='ocrx_word' id='word_1_807' title='bbox 3422 4863 3556 4917; x_wconf 90' lang='lat' dir='ltr'><strong>illttd</strong></span> <span class='ocrx_word' id='word_1_808' title='bbox 3596 4863 3775 4920; x_wconf 88' lang='lat' dir='ltr'><strong>Theo-</strong></span> 
     </span>
    </p>
   </div>
   <div class='ocr_carea' id='block_1_108' title="bbox 2172 4939 3774 5011">
    <p class='ocr_par' dir='ltr' id='par_1_108' title="bbox 2172 4939 3774 5011">
     <span class='ocr_line' id='line_1_108' title="bbox 2172 4939 3774 5011; baseline 0.011 -17"><span class='ocrx_word' id='word_1_809' title='bbox 2172 4939 2309 4994; x_wconf 86' lang='lat' dir='ltr'><strong>dosii</strong></span> <span class='ocrx_word' id='word_1_810' title='bbox 2335 4941 2522 5009; x_wconf 67' lang='lat' dir='ltr'><strong>jussu,</strong></span> <span class='ocrx_word' id='word_1_811' title='bbox 2567 4944 2779 4998; x_wconf 79' lang='lat' dir='ltr'><strong>Damasi</strong></span> <span class='ocrx_word' id='word_1_812' title='bbox 2821 4949 3114 5004; x_wconf 84' lang='lat' dir='ltr'><strong>accedente</strong></span> <span class='ocrx_word' id='word_1_813' title='bbox 3156 4951 3317 5005; x_wconf 89' lang='lat' dir='ltr'><strong>etiam</strong></span> <span class='ocrx_word' id='word_1_814' title='bbox 3365 4955 3688 5010; x_wconf 86' lang='lat' dir='ltr'><strong>auctoritate</strong></span> <span class='ocrx_word' id='word_1_815' title='bbox 3717 4968 3774 5011; x_wconf 90' lang='lat' dir='ltr'><strong>et</strong></span> 
     </span>
    </p>
   </div>
   <div class='ocr_carea' id='block_1_109' title="bbox 2171 5046 3770 5112">
    <p class='ocr_par' dir='ltr' id='par_1_109' title="bbox 2171 5046 3770 5112">
     <span class='ocr_line' id='line_1_109' title="bbox 2171 5046 3770 5112; baseline 0.012 -28"><span class='ocrx_word' id='word_1_816' title='bbox 2171 5046 2438 5087; x_wconf 91' lang='lat' dir='ltr'><strong>consensu</strong></span> <span class='ocrx_word' id='word_1_817' title='bbox 2484 5047 2840 5091; x_wconf 85' lang='lat' dir='ltr'><strong>convocatum</strong></span> <span class='ocrx_word' id='word_1_818' title='bbox 2877 5054 2940 5094; x_wconf 92' lang='lat' dir='ltr'><strong>ac</strong></span> <span class='ocrx_word' id='word_1_819' title='bbox 2967 5051 3350 5111; x_wconf 76' lang='lat' dir='ltr'><strong>congregatum</strong></span> <span class='ocrx_word' id='word_1_820' title='bbox 3375 5047 3649 5112; x_wconf 86' lang='lat' dir='ltr'><strong>scribunt,</strong></span> <span class='ocrx_word' id='word_1_821' title='bbox 3683 5049 3770 5103; x_wconf 83' lang='lat' dir='ltr'><strong>vix</strong></span> 
     </span>
    </p>
   </div>
   <div class='ocr_carea' id='block_1_110' title="bbox 2167 5127 3773 5208">
    <p class='ocr_par' dir='ltr' id='par_1_110' title="bbox 2167 5127 3773 5208">
     <span class='ocr_line' id='line_1_110' title="bbox 2167 5127 3773 5208; baseline 0.011 -28"><span class='ocrx_word' id='word_1_822' title='bbox 2167 5139 2354 5180; x_wconf 90' lang='lat' dir='ltr'><strong>errare</strong></span> <span class='ocrx_word' id='word_1_823' title='bbox 2404 5127 2626 5182; x_wconf 77' lang='lat' dir='ltr'><strong>dixeris.</strong></span> <span class='ocrx_word' id='word_1_824' title='bbox 2680 5129 2811 5183; x_wconf 85' lang='lat' dir='ltr'><strong>Nam</strong></span> <span class='ocrx_word' id='word_1_825' title='bbox 2857 5146 2978 5186; x_wconf 92' lang='lat' dir='ltr'><strong>cum</strong></span> <span class='ocrx_word' id='word_1_826' title='bbox 3026 5133 3302 5192; x_wconf 83' lang='lat' dir='ltr'><strong>Romanus</strong></span> <span class='ocrx_word' id='word_1_827' title='bbox 3353 5140 3590 5208; x_wconf 79' lang='lat' dir='ltr'><strong>pontifex</strong></span> <span class='ocrx_word' id='word_1_828' title='bbox 3634 5149 3773 5198; x_wconf 85' lang='lat' dir='ltr'><strong>tem-</strong></span> 
     </span>
    </p>
   </div>
   <div class='ocr_carea' id='block_1_111' title="bbox 2169 5218 3770 5302">
    <p class='ocr_par' dir='ltr' id='par_1_111' title="bbox 2169 5218 3770 5302">
     <span class='ocr_line' id='line_1_111' title="bbox 2169 5218 3770 5302; baseline 0.009 -33"><span class='ocrx_word' id='word_1_829' title='bbox 2169 5218 2375 5287; x_wconf 90' lang='lat' dir='ltr'><strong>pestive</strong></span> <span class='ocrx_word' id='word_1_830' title='bbox 2403 5219 2669 5284; x_wconf 88' lang='lat' dir='ltr'><strong>monitus,</strong></span> <span class='ocrx_word' id='word_1_831' title='bbox 2701 5224 3116 5292; x_wconf 77' lang='lat' dir='ltr'><strong>convocatiOni,</strong></span> <span class='ocrx_word' id='word_1_832' title='bbox 3144 5227 3288 5297; x_wconf 88' lang='lat' dir='ltr'><strong>quod</strong></span> <span class='ocrx_word' id='word_1_833' title='bbox 3317 5227 3494 5285; x_wconf 79' lang='lat' dir='ltr'><strong>facere</strong></span> <span class='ocrx_word' id='word_1_834' title='bbox 3523 5230 3648 5300; x_wconf 87' lang='lat' dir='ltr'><strong>jure</strong></span> <span class='ocrx_word' id='word_1_835' title='bbox 3675 5247 3770 5302; x_wconf 90' lang='lat' dir='ltr'><strong>po-</strong></span> 
     </span>
    </p>
   </div>
   <div class='ocr_carea' id='block_1_112' title="bbox 2168 5310 3769 5386">
    <p class='ocr_par' dir='ltr' id='par_1_112' title="bbox 2168 5310 3769 5386">
     <span class='ocr_line' id='line_1_112' title="bbox 2168 5310 3769 5386; baseline 0.011 -21"><span class='ocrx_word' id='word_1_836' title='bbox 2168 5319 2308 5366; x_wconf 88' lang='lat' dir='ltr'><strong>terat</strong></span> <span class='ocrx_word' id='word_1_837' title='bbox 2361 5310 2461 5382; x_wconf 83' lang='lat' dir='ltr'><strong>(i),</strong></span> <span class='ocrx_word' id='word_1_838' title='bbox 2516 5313 2734 5368; x_wconf 89' lang='lat' dir='ltr'><strong>minime</strong></span> <span class='ocrx_word' id='word_1_839' title='bbox 2782 5315 3188 5386; x_wconf 90' lang='lat' dir='ltr'><strong>intercesserit,</strong></span> <span class='ocrx_word' id='word_1_840' title='bbox 3242 5331 3430 5378; x_wconf 89' lang='lat' dir='ltr'><strong>auctor</strong></span> <span class='ocrx_word' id='word_1_841' title='bbox 3473 5324 3648 5381; x_wconf 91' lang='lat' dir='ltr'><strong>videri</strong></span> <span class='ocrx_word' id='word_1_842' title='bbox 3704 5341 3769 5382; x_wconf 88' lang='lat' dir='ltr'><strong>ac</strong></span> 
     </span>
    </p>
   </div>
   <div class='ocr_carea' id='block_1_113' title="bbox 2227 5489 3087 5580">
    <p class='ocr_par' dir='ltr' id='par_1_113' title="bbox 2227 5489 3087 5580">
     <span class='ocr_line' id='line_1_113' title="bbox 2227 5489 3087 5580; baseline -0.006 -28"><span class='ocrx_word' id='word_1_843' title='bbox 2227 5489 2300 5580; x_wconf 64' lang='lat' dir='ltr'><strong>m</strong></span> <span class='ocrx_word' id='word_1_844' title='bbox 2338 5491 2494 5580; x_wconf 37' lang='lat' dir='ltr'><strong>apud</strong></span> <span class='ocrx_word' id='word_1_845' title='bbox 2521 5492 3018 5580; x_wconf 56' lang='lat' dir='ltr'><strong>Cpitst:epist.;21:</strong></span> <span class='ocrx_word' id='word_1_846' title='bbox 3075 5568 3087 5580; x_wconf 44' lang='lat'>.</span> 
     </span>
    </p>
   </div>
   <div class='ocr_carea' id='block_1_114' title="bbox 2228 5564 3328 5651">
    <p class='ocr_par' dir='ltr' id='par_1_114' title="bbox 2228 5564 3328 5651">
     <span class='ocr_line' id='line_1_114' title="bbox 2228 5564 3328 5651; baseline 0.008 -35"><span class='ocrx_word' id='word_1_847' title='bbox 2347 5564 2652 5651; x_wconf 48' lang='lat' dir='ltr'><strong>Epislrniz’,</strong></span> <span class='ocrx_word' id='word_1_848' title='bbox 2684 5564 2831 5651; x_wconf 47' lang='lat' dir='ltr'><strong>Just.</strong></span> <span class='ocrx_word' id='word_1_849' title='bbox 2866 5568 3040 5651; x_wconf 58' lang='grc' dir='ltr'><strong>[δηθά.</strong></span> <span class='ocrx_word' id='word_1_850' title='bbox 3075 5568 3328 5651; x_wconf 30' lang='lat' dir='ltr'><strong>itnp‘ress:</strong></span> 
     </span>
    </p>
   </div>
   <div class='ocr_carea' id='block_1_115' title="bbox 2251 5633 3758 5716">
    <p class='ocr_par' dir='ltr' id='par_1_115' title="bbox 2251 5633 3758 5716">
     <span class='ocr_line' id='line_1_115' title="bbox 2251 5633 3758 5716; baseline 0.013 -30"><span class='ocrx_word' id='word_1_851' title='bbox 2251 5633 2308 5716; x_wconf 60' lang='grc' dir='ltr'><strong>(ε)</strong></span> <span class='ocrx_word' id='word_1_852' title='bbox 2334 5636 2500 5716; x_wconf 39' lang='grc' dir='ltr'><strong>Γᾼρυιι</strong></span> <span class='ocrx_word' id='word_1_853' title='bbox 2526 5637 2804 5716; x_wconf 62' lang='grc' dir='ltr'><strong>(ξριιειθηι.</strong></span> <span class='ocrx_word' id='word_1_854' title='bbox 2825 5680 2838 5703; x_wconf 92' lang='grc'><em>,</em></span> <span class='ocrx_word' id='word_1_855' title='bbox 2874 5638 2926 5693; x_wconf 84' lang='lat' dir='ltr'><strong>in</strong></span> <span class='ocrx_word' id='word_1_856' title='bbox 2951 5633 3115 5716; x_wconf 55' lang='lat' dir='ltr'><strong>epist.</strong></span> <span class='ocrx_word' id='word_1_857' title='bbox 3153 5633 3333 5698; x_wconf 71' lang='lat' dir='ltr'><strong>Bouif.</strong></span> <span class='ocrx_word' id='word_1_858' title='bbox 3366 5646 3430 5707; x_wconf 90' lang='lat'><strong>7.</strong></span> <span class='ocrx_word' id='word_1_859' title='bbox 3469 5647 3532 5714; x_wconf 90' lang='grc'><strong>8,</strong></span> <span class='ocrx_word' id='word_1_860' title='bbox 3569 5648 3634 5716; x_wconf 89' lang='grc'><strong>9,</strong></span> <span class='ocrx_word' id='word_1_861' title='bbox 3669 5649 3758 5705; x_wconf 71' lang='grc'><strong>10.</strong></span> 
     </span>
    </p>
   </div>
   <div class='ocr_carea' id='block_1_116' title="bbox 2156 5703 3753 5835">
    <p class='ocr_par' dir='ltr' id='par_1_116' title="bbox 2156 5703 3753 5835">
     <span class='ocr_line' id='line_1_116' title="bbox 2227 5703 3753 5790; baseline 0.014 -37"><span class='ocrx_word' id='word_1_862' title='bbox 2227 5703 2290 5774; x_wconf 73' lang='grc' dir='ltr'><strong>(ἰ)</strong></span> <span class='ocrx_word' id='word_1_863' title='bbox 2334 5706 2521 5771; x_wconf 88' lang='lat' dir='ltr'><strong>Socr.,</strong></span> <span class='ocrx_word' id='word_1_864' title='bbox 2552 5708 2643 5760; x_wconf 79' lang='lat' dir='ltr'><strong>lilt.</strong></span> <span class='ocrx_word' id='word_1_865' title='bbox 2680 5723 2752 5774; x_wconf 82' lang='grc' dir='ltr'><strong>ιι,</strong></span> <span class='ocrx_word' id='word_1_866' title='bbox 2800 5724 2919 5778; x_wconf 86' lang='lat' dir='ltr'><strong>cap.</strong></span> <span class='ocrx_word' id='word_1_867' title='bbox 2957 5703 3055 5778; x_wconf 80' lang='lat' dir='ltr'><strong>l7;</strong></span> <span class='ocrx_word' id='word_1_868' title='bbox 3089 5715 3304 5774; x_wconf 86' lang='lat' dir='ltr'><strong>Sozom.</strong></span> <span class='ocrx_word' id='word_1_869' title='bbox 3329 5758 3343 5785; x_wconf 92' lang='lat'><strong>,</strong></span> <span class='ocrx_word' id='word_1_870' title='bbox 3382 5703 3474 5774; x_wconf 88' lang='lat' dir='ltr'><strong>lib.</strong></span> <span class='ocrx_word' id='word_1_871' title='bbox 3511 5703 3753 5790; x_wconf 29' lang='lat' dir='ltr'><strong>ittfctip.</strong></span> 
     </span>
     <span class='ocr_line' id='line_1_117' title="bbox 2156 5772 3035 5835; baseline 0.013 -11"><span class='ocrx_word' id='word_1_872' title='bbox 2156 5772 2258 5835; x_wconf 76' lang='lat' dir='ltr'><strong>tu;</strong></span> <span class='ocrx_word' id='word_1_873' title='bbox 2283 5774 2403 5828; x_wconf 86' lang='lat' dir='ltr'><strong>Bar.</strong></span> <span class='ocrx_word' id='word_1_874' title='bbox 2431 5790 2555 5830; x_wconf 89' lang='lat' dir='ltr'><strong>ann.</strong></span> <span class='ocrx_word' id='word_1_875' title='bbox 2589 5778 2728 5835; x_wconf 73' lang='grc'><strong>551.</strong></span> <span class='ocrx_word' id='word_1_876' title='bbox 2761 5795 2912 5835; x_wconf 92' lang='lat' dir='ltr'><strong>num.</strong></span> <span class='ocrx_word' id='word_1_877' title='bbox 2943 5780 3035 5835; x_wconf 77' lang='lat'><strong>20.</strong></span> 
     </span>
    </p>
   </div>
   <div class='ocr_carea' id='block_1_117' title="bbox 2241 5790 3035 5845">
    <p class='ocr_par' dir='ltr' id='par_1_117' title="bbox 2241 5790 3035 5845">
     <span class='ocr_line' id='line_1_118' title="bbox 2241 5790 3035 5845; baseline 0.013 -18"><span class='ocrx_word' id='word_1_878' title='bbox 2241 5790 2403 5842; x_wconf 64' lang='lat' dir='ltr'><strong>guar.</strong></span> <span class='ocrx_word' id='word_1_879' title='bbox 2431 5790 2555 5830; x_wconf 89' lang='lat' dir='ltr'><strong>ann.</strong></span> <span class='ocrx_word' id='word_1_880' title='bbox 2589 5790 2687 5832; x_wconf 72' lang='lat'><strong>&#39;05!</strong></span> <span class='ocrx_word' id='word_1_881' title='bbox 2712 5819 2728 5845; x_wconf 85' lang='lat'><strong>,</strong></span> <span class='ocrx_word' id='word_1_882' title='bbox 2761 5795 2912 5836; x_wconf 90' lang='lat' dir='ltr'><strong>num.</strong></span> <span class='ocrx_word' id='word_1_883' title='bbox 2943 5790 3035 5837; x_wconf 76' lang='lat'><strong>20.</strong></span> 
     </span>
    </p>
   </div>
  </div>
