4138 6178
331 276 444 332 217

1732 276 2104 335 PROLEGOM
2117 278 2270 334 ENA.

3541 290 3648 349 218

331 393 442 448 dici
463 393 638 464 potuit
656 434 672 459 ,
701 401 759 446 ut
781 391 910 447 illttd
940 400 1363 462 cOngregaretur
1389 409 1402 458 ;
1437 407 1558 462 qua:
1586 395 1826 464 profecto
1855 403 1936 448 est
1965 395 2015 455 Α
2041 397 2174 448 rium
2210 396 2560 450 Romanorum
2583 399 2879 469 epist-apum
2907 402 3150 456 miserant
3178 420 3270 472 per
3298 404 3644 475 East/talium,

333 487 508 552 ratio,
555 502 654 541 cur
699 497 854 540 sexta
901 486 1178 557 synodus,
1220 485 1531 541 Theodosio
1588 503 1649 541 ac
1714 488 1943 541 [lamas-0

333 578 583 649 ejusdem
615 578 829 632 concilii
863 577 1312 632 cenvocationcm
1346 578 1542 632 tribuat
1571 577 1647 648 (η)
1669 620 1682 642 ,
1725 588 1779 632 at
1820 581 1940 632 uul-

334 674 430 729 lus
459 674 678 727 omnino
700 673 918 726 Damasi
945 672 1187 742 ejusdem
1217 672 1424 742 legatus
1449 672 1623 738 affuit,
1655 682 1943 742 errantque

339 768 390 823 si
424 768 513 837 qui
541 777 694 827 sunt,
727 767 817 836 qui
849 765 1136 820 Acbolium
1168 765 1432 835 dignitate
1460 767 1550 820 illa
1581 767 1648 820 ab
1676 781 1741 820 eo
1784 783 1943 821 orna-

343 869 459 914 tum
485 869 730 925 censent,
757 873 880 912 cum
905 858 1404 913 Thessalonicensis
1432 859 1718 928 episcOpUS
1742 859 1840 913 sub
1864 861 1940 928 ip-

343 955 457 1016 sius
485 953 693 1006 concilii
724 953 890 1007 ﬁnem
919 993 934 1018 ,
965 966 1127 1022 atque
1175 961 1232 1005 ut
1259 951 1511 1006 electioni
1557 949 1943 1006 Constantinu-

344 1048 558 1118 politani
587 1047 826 1117 episcopi
858 1056 980 1116 post
1008 1047 1252 1116 Gregorii
1281 1046 1652 1101 dimissionem
1678 1045 1941 1101 faciendae

339 1140 592 1205 adesset,
623 1140 916 1194 advocatus
946 1138 1140 1205 fuerit,
1173 1139 1363 1215 utalio
1397 1140 1514 1194 loco
1546 1140 1674 1193 dixi.

409 1231 532 1286 Jam
563 1246 715 1294 vero,
740 1231 878 1302 quod
904 1232 970 1286 ad
997 1232 1241 1302 ejusdem
1274 1232 1490 1287 concilii
1527 1234 1655 1287 Acta
1687 1232 1935 1301 pertinet,

342 1326 433 1380 illa
506 1327 618 1394 jam
666 1326 835 1380 Photii
898 1336 1057 1381 actate
1108 1326 1380 1395 perierant
1427 1344 1438 1376 :
1491 1325 1696 1396 aliquot
1760 1327 1940 1394 itaque

344 1418 629 1474 dumtaxat
657 1428 942 1489 supersunt
967 1433 1202 1473 canones
1227 1461 1240 1482 ,
1273 1434 1501 1489 quorum
1531 1418 1620 1472 alii
1647 1417 1712 1470 ad
1743 1417 1936 1484 ﬁdem,

344 1513 437 1567 alii
469 1514 534 1566 ad
581 1513 916 1582 disciplinam
948 1520 1212 1582 spectant.
1241 1512 1320 1565 Ad
1371 1511 1527 1565 ﬁdem
1560 1511 1792 1580 pertinet
1834 1510 1941 1576 pri-

340 1623 461 1661 mus
483 1623 691 1670 canon,
716 1621 823 1674 quo
843 1622 966 1660 cum
995 1607 1115 1659 aliis
1143 1605 1412 1660 haereticis
1439 1602 1936 1667 Pneumatomacbi,

336 1710 495 1771 atque
524 1700 928 1771 Apollinarista:
959 1699 1196 1754 damnati
1228 1708 1371 1753 sunt.
1407 1699 1478 1753 At
1519 1712 1614 1751 eos
1660 1696 1804 1765 ipsos
1838 1695 1940 1748 Da-

2047 505 2136 542 nec
2159 499 2289 543 recte
2317 507 2401 544 cos
2432 492 2623 559 facere,
2649 495 2736 564 qui
2757 511 2870 548 cum
2893 497 3282 553 consentientem
3305 500 3427 569 ﬁdei
3454 502 3649 557 doctri-

2047 597 2163 633 nam
2193 583 2348 636 semel
2375 587 2702 654 agnoverint,
2751 586 2936 640 iterum
2968 606 3102 642 nunc
3131 605 3222 656 ea,
3268 609 3384 660 qua:
3412 594 3474 647 ab
3520 597 3647 667 ipsis

2046 672 2249 727 decreta
2271 686 2418 742 sunt,
2445 676 2726 732 subvertere
2744 691 3010 734 conentur.
3039 680 3190 736 Unde
3213 683 3356 738 cnim
3379 684 3648 740 Constan-

2047 765 2272 835 tinopoli
2319 771 2628 839 congregati
2678 771 2917 838 episc0pi
2964 773 3264 829 doctrinam
3322 777 3466 832 illam
3518 756 3644 835 lldei

2044 874 2338 913 COHStlllllnl
2371 876 2493 915 esse
2515 873 2876 930 cognoverant
2901 906 2914 929 ,
2946 881 3103 935 quam
3142 881 3206 921 ex
3239 879 3482 925 anteacta
3516 887 3646 941 apo-

2044 951 2248 1005 stolicae
2280 952 2424 1008 sedis
2454 954 2554 1007 sub
2583 954 2800 1009 Liberio
2831 954 3148 1012 deﬁnitione
3169 999 3181 1020 .
3213 968 3266 1014 et
3291 961 3524 1030 judicio,
3557 965 3644 1019 cui

2045 1045 2416 1100 Macedoniaui
2448 1049 2546 1118 ipsi
2591 1064 2710 1102 sese
2755 1051 3275 1107 suluuiserantHlla
3323 1056 3503 1125 itaque
3548 1072 3645 1111 e0-

2045 1141 2286 1194 rumdetn
2318 1143 2696 1210 episcoporum
2745 1144 3042 1210 sententia,
3093 1160 3189 1214 pro
3233 1146 3426 1200 alienis
3470 1163 3497 1200 a
3543 1147 3646 1205 ﬁde

2043 1235 2406 1288 censebantur
2447 1247 2574 1291 ante
2608 1238 2780 1307 ipsum
2815 1239 3133 1302 concilium,
3162 1240 3400 1309 ﬁdeSque
3429 1257 3459 1295 a
3489 1243 3647 1300 Libe-

2042 1329 2124 1381 rio
2170 1331 2475 1397 preposita,
2541 1330 2981 1399 irrclortnabilis,
3030 1343 3189 1404 atque
3237 1334 3647 1396 irrctractabilis

2042 1419 2338 1486 dogmatis,
2383 1437 2574 1477 eorum
2604 1423 2809 1492 judicio
2843 1425 2946 1477 vim
2990 1439 3380 1496 assumpserat.
3427 1429 3645 1488 Erit-ne

2044 1517 2202 1587 igitur
2233 1519 2323 1586 qui
2353 1529 2505 1588 putet
2532 1519 2651 1573 illos
2701 1520 2749 1572 in
2795 1519 3061 1591 synodum
3090 1536 3450 1592 congregasse
3481 1540 3604 1581 sese
3626 1568 3641 1594 ,

2045 1621 2101 1665 ut
2130 1611 2536 1666 deﬁnitionibus
2569 1613 2674 1667 illis
2707 1628 2928 1667 assensu
2956 1630 3054 1668 suo
3085 1609 3249 1670 robur
3294 1618 3604 1672 c0nlerrcnt
3625 1660 3641 1685 ,

2043 1715 2097 1760 et
2123 1705 2536 1759 auctoritatem?
2562 1705 2651 1769 At,
2686 1706 2856 1776 inquit
2897 1709 3129 1778 scriptor
3161 1708 3249 1762 ille
3278 1710 3519 1779 quisquis
3549 1711 3641 1777 sit,

337 1810 520 1849 masus
545 1794 656 1863 jam
685 1805 840 1847 antea
875 1794 1256 1858 damnaverat,
1287 1792 1510 1860 ejuSque
1539 1790 1752 1845 decreta
1777 1831 1791 1854 ,
1827 1796 1935 1842 ιιιιη
1970 1790 2018 1850 Β
2045 1795 2600 1869 Constantt‘nopolitani
2627 1797 2828 1862 Patres,
2850 1799 3026 1852 relatis
3058 1799 3142 1865 iis,
3175 1814 3388 1870 quicque
3417 1801 3553 1854 circa
3579 1802 3645 1870 fi-

338 1883 709 1941 Occidentales
732 1897 921 1938 omnes
946 1883 1215 1954 episcopi,
1251 1893 1358 1936 tum
1388 1881 1708 1944 Orientales,
1738 1881 1780 1934 si
1813 1896 1941 1948 pan-

339 1990 433 2030 cos
487 1975 903 2029 Macedonianos
951 1974 1250 2043 excipias,
1279 1974 1548 2041 complexi
1613 1973 1840 2026 fuerant.
1883 1971 1938 2026 Si

343 2069 468 2137 quis
490 2067 589 2122 hac
612 2067 677 2121 de
708 2085 766 2122 re
797 2067 1039 2135 dubitat,
1070 2070 1226 2123 adeat
1256 2068 1429 2121 virum
1471 2067 1836 2121 doctissimum
1874 2065 1937 2120 P.

341 2160 466 2216 Orsi
490 2203 505 2226 ,
531 2163 616 2232 qui
652 2163 923 2217 Ecclesias
949 2176 1141 2217 omnes
1171 2177 1496 2232 percurrens
1528 2176 1640 2215 rem
1672 2163 1722 2214 in
1755 2171 1939 2229 aperta

339 2257 464 2312 luce
487 2258 710 2312 collocat
744 2257 840 2329 (b).
889 2257 1110 2312 Frustra
1142 2257 1322 2327 itaque
1365 2256 1674 2310 Bossuctius
1706 2255 1808 2308 hoc
1852 2269 1943 2308 ca-

337 2368 481 2407 none
509 2353 782 2419 abutitur,
827 2361 883 2406 ut
932 2353 1150 2421 probet,
1185 2353 1234 2404 in
1287 2351 1409 2405 ﬁdei
1455 2349 1838 2404 controversiis
1877 2347 1940 2400 ﬁ-

332 2445 551 2499 niendis
595 2444 664 2498 ad
709 2444 854 2498 sedis
901 2444 1210 2513 apostolicae
1256 2445 1662 2504 auctoritatem,
1710 2441 1936 2494 aliarum

328 2554 550 2610 quoque
599 2553 926 2594 consensum
975 2537 1336 2591 Ecclesiarum
1398 2535 1656 2590 accedere
1701 2534 1933 2598 debere,

330 2646 567 2701 eumque
614 2643 901 2700 prapterea
951 2630 1004 2683 in
1053 2631 1248 2694 ﬁnem,
1278 2626 1935 2696 Constantinopolitanum

329 2721 434 2778 hoc
460 2722 755 2777 concilium
784 2731 1168 2793 congregatum
1199 2721 1360 2774 fuisse
1382 2763 1395 2786 ,
1431 2731 1487 2774 ut
1519 2735 1586 2774 eo
1613 2719 1820 2774 scilicet
1850 2734 1939 2772 ca-

329 2831 474 2870 none
513 2815 582 2870 de
625 2815 987 2870 consensione
1037 2814 1137 2868 bac
1181 2825 1234 2868 et
1268 2814 1472 2868 unitate
1518 2820 1769 2867 crutstare
1811 2827 1935 2881 pos-

329 2919 413 2962 set
444 2907 540 2978 (τ).
590 2908 671 2960 An
707 2921 836 2960 vero
886 2906 1262 2976 episcoporum
1309 2905 1514 2974 aliquot
1555 2905 1932 2959 lucreticorum

325 3000 666 3056 contumacia
701 2999 918 3054 elﬁcere
947 3000 1144 3068 potuit,
1180 3008 1235 3052 ut
1265 2998 1502 3068 generali
1537 2999 1768 3052 eoat-ilio
1799 3013 1934 3066 Opus

322 3101 505 3160 esset,
550 3109 650 3162 pro
699 3093 985 3162 dogmate,
1033 3091 1175 3160 quod
1219 3091 1533 3160 apostolica:
1562 3091 1706 3144 sedis
1731 3090 1934 3160 jmlicio

2045 1888 2158 1940 dcm
2181 1931 2193 1952 ,
2228 1905 2439 1958 qumque
2465 1891 2600 1943 circa
2632 1891 2956 1958 disciplinam
2989 1907 3018 1942 a
3049 1907 3102 1943 se
3129 1891 3331 1944 decreta
3360 1903 3556 1958 essent,
3589 1894 3644 1948 id

2043 1990 2239 2033 tantum
2269 1982 2526 2050 postulant
2551 2024 2564 2046 ,
2594 1992 2649 2034 ut
2672 1981 2929 2036 Damasus
2952 2024 2965 2047 ,
2993 1992 3039 2035 et
3068 1985 3156 2052 qui
3183 2000 3298 2036 cum
3329 1985 3440 2052 ipso
3471 1995 3638 2052 nant,

2041 2074 2268 2141 episcOpi
2298 2115 2312 2136 ,
2344 2090 2515 2126 secum
2544 2075 2862 2127 collwtentur
2883 2115 2896 2139 ,
2921 2083 3071 2143 atque
3097 2075 3168 2127 ita
3197 2079 3426 2146 futurum
3456 2077 3598 2130 aiunt
3623 2119 3638 2142 ,

2042 2176 2092 2217 ut
2123 2182 2235 2218 cum
2280 2166 2621 2221 verbum-Dei
2650 2167 2904 2220 communi
2934 2182 3182 2220 consensu
3227 2169 3508 2221 stabilitum
3533 2210 3546 2232 ,
3595 2179 3642 2224 et

2042 2256 2334 2312 Christiana
2383 2262 2512 2312 inter
2542 2277 2631 2333 nos
2663 2261 2888 2314 charitas
2932 2261 3236 2326 conﬁrmata
3285 2262 3476 2332 fuerit,
3509 2263 3644 2315 desi-

2041 2367 2223 2405 namus
2251 2353 2305 2405 id
2337 2352 2536 2420 dicere,
2565 2354 2702 2423 quod
2727 2353 2788 2406 ab
2813 2353 3074 2422 Apostolis
3104 2355 3497 2407 condemnatum
3527 2365 3638 2420 est,

2043 2442 2153 2513 Ego
2183 2446 2387 2514 quidem
2415 2463 2524 2498 sum
2553 2445 2762 2516 Apollo,
2795 2463 2886 2514 ego
2919 2455 3088 2499 autem
3119 2443 3322 2515 Cepit-te.
3348 2444 3499 2498 Videt
3521 2461 3642 2498 eru-

2042 2538 2177 2591 ditus
2205 2539 2362 2591 lector
2386 2581 2399 2603 ,
2429 2551 2481 2592 ut
2513 2541 2564 2592 in
2594 2539 2850 2592 communi
2882 2553 3133 2591 consensu
3172 2538 3306 2592 uerbi
3338 2537 3644 2606 interpreta-

2039 2633 2230 2685 tionem
2265 2651 2324 2686 ac
2348 2633 2470 2695 ﬁdei
2499 2633 2827 2686 stabilitatem
2874 2632 3148 2686 collucent.
3185 2630 3276 2685 lla:
3304 2632 3503 2686 littera:
3534 2647 3638 2687 non

2040 2724 2105 2778 ad
2151 2725 2810 2794 (ltmstantinOpolitanutn
2863 2723 3090 2792 primum
3133 2722 3419 2778 c0uciliutn
3477 2723 3641 2792 perti-

2040 2828 2203 2885 nent,
2236 2818 2331 2872 sed
2363 2818 2430 2871 ad
2471 2819 2699 2871 alterum
2729 2816 3022 2886 quemdam
3051 2824 3378 2869 conventum
3409 2829 3640 2883 sequen-

2040 2912 2106 2964 tis
2134 2911 2200 2965 ab
2233 2911 2334 2964 boc
2363 2913 2487 2964 anui
2508 2952 2521 2975 ,
2551 2911 2617 2962 ad
2647 2927 2804 2979 quem
2836 2925 3020 2963 earum
3045 2909 3436 2964 diSCuSsioncm
3464 2907 3642 2976 rejici-

2040 3020 2178 3058 tnus.
2209 3004 2410 3058 Verum
2440 3019 2546 3057 non
2575 3002 2629 3056 id
2667 3003 2962 3073 quauitnus
2985 3043 2998 3065 ,
3031 3018 3098 3055 an
3140 3000 3637 3070 Constantinopoli-

2041 3098 2147 3150 tani
2174 3097 2360 3150 Patres
2389 3096 2703 3164 apostolica:
2736 3095 2880 3148 sedis
2908 3094 3312 3148 delinititmibus
3347 3106 3641 3147 consense-

322 3186 605 3242 deﬁnitum
645 3197 809 3256 atque
858 3186 1110 3239 ECCleSlﬂ:
1137 3186 1299 3237 totius
1329 3184 1586 3252 obsequio
1611 3184 1929 3252 ςοηιριόὺίι-
1959 3168 2004 3229 C
2036 3191 2141 3244 rint
2170 3231 2182 3254 ,
2217 3198 2273 3242 ιιι
2302 3190 2479 3243 facere
2510 3188 2860 3254 tenebanlup,
2899 3187 2992 3242 sed
3024 3204 3090 3239 an
3121 3186 3410 3240 dissentire
3447 3195 3636 3255 ροιυο-

322 3293 440 3336 ιιιηι
495 3281 702 3345 fuerat,
759 3280 952 3333 iterum
1002 3277 1369 3332 stabiliendo?
1424 3276 1477 3329 ld
1531 3289 1693 3340 vero,
1757 3290 1928 3344 neque

319 3373 876 3444 pseudooBOSsuetius
898 3413 911 3435 ,
944 3386 1117 3440 neque
1144 3370 1338 3440 aliquis
1367 3385 1427 3423 ex
1457 3368 1772 3421 doctissimo
1792 3406 1806 3431 ,
1842 3381 1924 3419 te.

317 3467 779 3539 ligiosissimoque
808 3465 1208 3520 Gallicautu'um
1244 3462 1529 3533 prtesulum
1558 3474 1789 3528 corpore
1831 3475 1929 3512 uu-

315 3578 482 3634 quam
517 3561 752 3626 dixerit;
788 3575 911 3614 nam
943 3575 1049 3627 quo
1081 3558 1186 3611 alio
1217 3557 1322 3610 telo
1345 3554 1654 3610 Janseuiani
1687 3552 1927 3606 haeretici

314 3655 580 3728 generale
609 3655 900 3709 Concilium
931 3653 1128 3707 frustra
1153 3697 1166 3719 ,
1198 3651 1430 3721 doloque
1458 3651 1599 3703 malo
1629 3649 1926 3703 inclaman.

319 3761 407 3806 tes
427 3793 441 3815 ,
473 3765 645 3818 nuper
676 3750 742 3802 ab
772 3749 837 3802 iis
863 3747 1073 3816 disjecti
1104 3754 1228 3799 sunt
1265 3755 1316 3798 et
1348 3744 1636 3814 prostrati?
1669 3746 1748 3796 An
1797 3755 1928 3796 vero

315 3845 486 3899 aliam
509 3841 777 3911 Gregorio
805 3841 1019 3908 utrique
1041 3881 1053 3903 ,
1089 3838 1334 3901 Meletio,
1377 3835 1785 3904 Ampliilochio,
1818 3849 1925 3886 cre-

319 3937 562 4005 terisque
607 3934 714 3988 illis
744 3929 1327 3999 Constantiimpolitani
1373 3929 1583 3982 concilii
1636 3928 1886 3981 Patribus
1913 3967 1925 3990 ,

316 4029 485 4084 aliain
545 4026 839 4082 Gallicanis
895 4026 1167 4095 episcopis
1222 4030 1457 4077 utentem
1515 4022 1676 4076 luisse
1732 4019 1929 4074 dixerit

316 4124 560 4192 scriptor
594 4121 683 4175 ille
701 4122 726 4172 ?
1037 4173 1040 4175 .

398 4216 617 4270 Certum
650 4214 830 4284 itaque
850 4254 864 4279 ,
892 4220 1178 4282 ratumque
1205 4211 1307 4276 sit,
1344 4210 1632 4278 episc0pos
1663 4208 1784 4261 illos
1823 4222 1926 4261 non

317 4309 568 4379 potuisse
596 4321 925 4377 congregare
948 4321 1068 4360 sese
1088 4346 1103 4372 ,
1132 4320 1305 4372 neque
1329 4319 1590 4358 canonum
1624 4303 1771 4355 illum
1801 4317 1929 4355 cou-

290 4400 527 4479 .didisse
551 4413 620 4455 eo
641 4399 980 4468 potissimum
1021 4397 1250 4451 consilio
1275 4438 1288 4461 ,
1315 4408 1367 4449 ut
1393 4396 1458 4449 de
1481 4393 1840 4449 consensione
1877 4402 1930 4447 ct

317 4492 534 4547 nnitate
579 4498 887 4556 constaret,
937 4488 1003 4544 de
1043 4504 1143 4558 qua
1173 4488 1351 4542 nullus
1387 4499 1502 4541 erat
1540 4486 1819 4541 dubitandi
1855 4486 1930 4540 lo-

2033 3281 2160 3336 rint.
2193 3282 2247 3336 Id
2280 3297 2410 3335 vero
2456 3290 2564 3347 est,
2611 3281 2751 3352 quod
2786 3280 2886 3334 sibi
2929 3277 3152 3333 tninime
3192 3292 3510 3331 concessum
3543 3292 3639 3346 pu-

2033 3385 2177 3435 tant,
2205 3385 2258 3427 ttt
2283 3391 2346 3428 ex
2371 3376 2594 3429 Socrate
2626 3384 2679 3428 et
2729 3374 3030 3427 Sozomeno
3077 3369 3397 3425 audivimus.
3439 3369 3638 3437 Quant-

2031 3466 2219 3520 obrem
2253 3483 2318 3519 ex
2349 3465 2449 3519 hoc
2479 3467 2630 3528 loco,
2663 3464 2997 3533 detortisque
3027 3479 3054 3517 a
3090 3475 3236 3517 recto
3265 3479 3427 3518 sensu
3459 3463 3638 3517 verbis

2033 3561 2240 3616 nullum
2264 3559 2549 3614 sententia:
2570 3575 2679 3611 suae
2701 3557 3009 3628 praesidium
3030 3571 3225 3628 capere
3245 3556 3384 3610 idem
3407 3557 3640 3625 scriptor

2031 3662 2236 3726 potest.

2105 3745 2168 3799 ll.
2211 3744 2481 3798 Carterum
2506 3785 2519 3808 ,
2553 3756 2672 3809 qua:
2702 3739 2862 3794 fuerit
2891 3738 3472 3807 Constantinopolitani
3511 3751 3641 3789 con-

2031 3837 2137 3891 cilii
2185 3850 2310 3904 erga
2335 3835 2560 3902 primam
2590 3831 2774 3885 sedem
2813 3831 3157 3884 observantia
3181 3870 3195 3892 ,
3220 3838 3274 3882 et
3296 3827 3635 3897 obsequium,

2033 3948 2096 3987 ex
2128 3932 2315 4000 quinto
2339 3930 2457 3997 ejus
2483 3943 2690 3982 canone
2715 3941 2820 3978 non
2851 3925 3082 3978 obscure
3109 3922 3398 3993 colligitur.
3425 3922 3513 3976 Ait
3538 3922 3638 3976 ita-

2035 4040 2142 4095 que
2171 4040 2340 4078 canou
2377 4041 2387 4074 :
2426 4020 2504 4074 De
2536 4035 2673 4073 tomo
2706 4017 3116 4072 Occidentalium
3161 4016 3314 4069 etiam
3342 4032 3426 4068 eos
3471 4031 3638 4069 suscc-

2034 4121 2198 4188 pimus
2227 4120 2315 4187 qui
2335 4113 2838 4182 unam,.-lntioclti(e,
2875 4111 3068 4176 Patris,
3102 4123 3148 4165 et
3173 4109 3320 4173 Filii,
3348 4109 3639 4178 etSpiritus

2033 4210 2198 4264 sancti
2223 4209 2538 4261 divinitatem
2567 4207 2896 4272 conﬁtentur.
2928 4203 3200 4269 Quaeritur
3228 4203 3367 4254 inter
3397 4201 3639 4255 eruditos

2031 4303 2160 4370 quid
2209 4300 2578 4355 intellexerint
2620 4299 2831 4351 eoncilii
2882 4299 3068 4351 Patres
3100 4297 3192 4350 sub
3227 4297 3635 4351 Occidentalium

2033 4405 2202 4460 torno;
2231 4395 2514 4460 variasque
2545 4393 2595 4445 in
2635 4390 2930 4444 sententias
2961 4391 3090 4442 itunt
3116 4399 3226 4452 cst,
3260 4405 3378 4458 qua:
3405 4388 3545 4457 apud
3571 4389 3636 4444 de

2033 4489 2205 4543 Marca
2229 4530 2242 4551 ,
2274 4486 2578 4549 Volusium,
2616 4485 2858 4550 Lupum,
2889 4483 3321 4546 Tillemontium,
3356 4482 3625 4545 Caveuut,

318 4597 444 4640 cus.
490 4584 626 4648 Quin
671 4597 803 4637 vero
833 4582 876 4634 si
907 4582 1182 4636 Socratem
1225 4589 1278 4635 et
1318 4580 1675 4635 Sozomeuum
1723 4585 1926 4631 attente
1956 4556 2009 4614 D
2034 4592 2195 4648 atque
2221 4580 2354 4634 alios
2387 4579 2490 4645 legi
2523 4585 2765 4645 possunt.
2798 4574 3113 4642 Ego’tamen
3140 4572 3205 4624 ad
3237 4571 3519 4625 veritatem
3545 4585 3634 4632 ac-

319 4675 590 4743 legimus,
636 4685 824 4745 aperto
875 4675 1177 4742 colligimus
1234 4692 1261 4725 a
1313 4670 1926 4740 Constantinopolitanis

318 4766 579 4820 Patribus
607 4766 889 4819 damnatos
916 4766 1277 4820 Semiariauos
1317 4775 1370 4819 et
1399 4762 1923 4818 Pneuntaton’tacbos

317 4858 399 4912 ob
427 4873 545 4912 eam
577 4859 912 4926 potissimum
954 4873 1168 4912 causam
1210 4856 1374 4910 fuisse
1395 4897 1408 4919 ,
1449 4856 1592 4924 quod
1623 4873 1652 4909 a
1685 4855 1788 4907 ﬁde
1828 4854 1928 4907 l’a-

319 4966 492 5019 trum,
513 4964 570 5008 ut
595 4956 818 5010 Basilius
846 4957 922 5010 ait
943 4954 1047 5027 (d),
1074 4954 1258 5008 Roma:
1279 4962 1496 5020 accepta
1529 4953 1921 5006 discesserunt.

320 5047 399 5104 Ut
427 5049 568 5103 enim
615 5047 868 5103 Socrates
897 5056 952 5102 et
988 5049 1318 5103 Sozomenus
1347 5035 1590 5099 scribunt
1622 5043 1690 5116 (ρ)
1715 5086 1730 5110 ,
1765 5053 1918 5098 aute-

316 5156 486 5213 quam
515 5157 686 5196 canon
719 5142 808 5196 ille
831 5142 1294 5210 pronuntiaretur,
1323 5154 1430 5208 quo
1455 5137 1793 5203 Scmiariani,
1824 5153 1920 5191 seu

316 5233 694 5290 Macedoniam
726 5234 1010 5304 proscripti
1037 5243 1182 5298 sunt,
1208 5232 1498 5300 Imperator
1526 5247 1640 5283 cum
1668 5232 1921 5300 episcopis

316 5328 490 5400 partis
518 5328 682 5395 ips-ius
712 5327 850 5380 omni
881 5343 978 5396 ope
1016 5325 1376 5380 adnitebantur
1397 5367 1412 5390 ,
1446 5334 1502 5378 ut
1535 5323 1829 5390 Eleusium,
1875 5335 1924 5378 et

313 5421 411 5491 qui
439 5436 558 5473 cum
586 5420 676 5474 illo
705 5427 852 5474 erant
871 5463 885 5487 ,
917 5421 984 5473 ad
1013 5429 1184 5490 partes
1225 5436 1347 5473 suas
1378 5419 1732 5484 traducerent,
1778 5434 1922 5471 revo-

317 5525 440 5568 cata
467 5513 574 5566 illis
602 5513 655 5566 in
699 5513 992 5566 memoriam
1023 5512 1272 5582 legatione
1295 5553 1311 5579 ,
1339 5525 1493 5581 quam
1517 5510 1641 5563 olim
1673 5509 1741 5562 ad
1770 5509 1923 5564 Libe-

395 5648 480 5723 (α)
519 5647 642 5723 ᾼρι.
677 5650 746 5723 l8
776 5648 1069 5723 prosphon.
1101 5648 1329 5723 adjmp.

401 5719 483 5790 ib)
523 5719 679 5774 Tom.
715 5721 770 5782 l,
806 5721 898 5775 lib.
933 5737 987 5784 ι,
1019 5735 1138 5788 cap.
1170 5720 1226 5775 8.

401 5789 482 5864 (ε)
523 5790 644 5847 Vid.
677 5799 817 5864 part:
847 5806 919 5860 tt,
954 5792 1045 5847 lib.
1078 5803 1152 5844 xu
1174 5830 1187 5856 ,
1216 5805 1332 5862 cap.
1369 5789 1421 5845 8.

2033 4672 2230 4728 cedere
2263 4681 2392 4741 puto
2425 4669 2640 4723 Barooii
2676 4664 2742 4737 (ι’)
2774 4665 3115 4735 Opinionem,
3144 4665 3232 4734 qui
3262 4664 3362 4717 sub
3395 4662 3476 4716 Itis
3509 4677 3632 4716 ver-

2034 4765 2119 4821 bis
2160 4763 2384 4818 indicari
2424 4771 2607 4816 censet
2639 4759 2866 4830 regulam
2906 4775 2994 4811 seu
3040 4757 3408 4828 confessionem
3453 4755 3574 4826 fidei
3603 4772 3632 4810 a

2035 4856 2266 4910 Damaso
2309 4855 2659 4921 Romanaque
2709 4850 2917 4922 synodo
2945 4849 3274 4917 expositam,
3315 4847 3382 4901 de
3410 4863 3512 4919 qua
3541 4863 3634 4902 sn-

2035 4947 2238 5019 periori
2279 4960 2421 5000 anno
2469 4946 2700 5014 egimus.
2748 4943 3118 4997 Antiocbenos
3142 4943 3283 4996 enim
3331 4941 3633 4996 Catltolicos

2031 5040 2262 5112 duplicis
2292 5039 2510 5110 generis
2545 5038 2710 5091 fuisse
2741 5046 2994 5089 constat:
3030 5035 3192 5102 alios,
3225 5037 3313 5104 qui
3347 5051 3506 5089 uuam
3553 5035 3633 5086 di-

2029 5136 2342 5199 vinitatein,
2387 5147 2450 5186 ac
2491 5142 2598 5185 trcs
2643 5130 3000 5201 bypostases,
3047 5125 3181 5183 alios
3213 5143 3341 5182 vero
3381 5129 3492 5196 qui,
3537 5126 3633 5196 by-

2030 5237 2315 5299 postascon
2341 5241 2471 5280 voce
2501 5223 2812 5292 repudiata,
2843 5223 3186 5276 divinitatem
3218 5235 3378 5273 uuam
3428 5234 3489 5271 ac
3520 5231 3630 5273 tres

2031 5336 2290 5391 personas
2319 5319 2749 5388 proﬁtebantur;
2777 5330 2937 5386 atque
2971 5317 3043 5369 illi
3077 5313 3344 5368 Meletiutn
3366 5355 3378 5374 ,
3416 5312 3467 5366 bi
3501 5328 3630 5367 vero

2033 5414 2316 5469 Paulinum
2349 5411 2660 5477 episcopum
2693 5407 3080 5476 sequebantur.
3113 5403 3192 5457 Ad
3225 5403 3381 5471 primi
3413 5405 3629 5474 generis

2033 5508 2404 5565 Antiochenos
2428 5503 2567 5574 quod
2591 5502 2783 5555 attinet
2809 5542 2822 5565 ,
2855 5499 2996 5553 nulla
3025 5497 3167 5569 apud
3189 5497 3472 5570 episcopos
3491 5499 3632 5556 Con-

2105 5645 2186 5712 (d)
2228 5637 2531 5712 Epistﬂh
2551 5681 2562 5700 ,
2590 5638 2738 5707 juxta
2765 5635 2868 5712 B_B.

2107 5706 2180 5788 (ε)
2221 5706 2374 5769 Socr.
2396 5711 2503 5788 lib.
2550 5706 2617 5774 v,
2648 5707 2860 5788 eam];
2889 5706 3105 5764 Sozom.
3149 5707 3242 5766 lib.
3276 5723 3389 5774 vn,
3417 5723 3538 5780 cap.
3569 5707 3622 5763 8.

2107 5779 2176 5856 (Γ)
2219 5789 2362 5838 Ann.
2395 5782 2531 5847 58l,
2564 5795 2710 5835 nttm.
2749 5779 2839 5834 28.
