4138 6178
488 239 599 298 219

1617 253 1638 270 ι
1675 231 1989 292 SANGTUS
2029 231 2351 295 DAMASUS
2389 233 2591 292 PAPA.

3687 234 3794 290 ’ἒξ-’0

488 348 837 421 ει.ιηιίηοι›οιί
867 356 1220 420 congregatos
1251 345 1616 400 controversia
1663 359 1786 409 esse
1829 351 2084 420 poterat,
2112 345 2160 407 Α
2190 345 2400 416 legerit.
2457 334 2656 401 Censet
2712 345 2873 402 etiam
2923 358 2989 400 eo
3042 343 3161 400 loco
3214 345 3298 416 agi
3344 345 3413 402 de
3457 346 3791 404 Antioelieno

489 444 619 513 quin
645 441 909 498 Catholici
936 439 1112 493 forent
1131 479 1146 505 ,
1177 448 1336 507 atque
1363 437 1429 490 ad
1456 437 1899 492 communionem
1949 437 2089 491 reci-

489 534 693 606 piendi.
726 533 913 588 Canon
945 532 1127 602 itaque
1154 529 1241 584 ille
1278 529 1501 584 secundi
1533 528 1750 600 generis
1795 527 2089 583 Antioche-

489 642 592 681 nos
611 625 860 693 reSpicit,
890 637 1026 692 quos
1049 621 1115 676 ad
1140 621 1575 676 communiOnem
1605 622 1943 691 recipiendos
1965 635 2089 676 esse

486 720 669 792 jubet,
715 733 1038 788 quamquam
1091 727 1198 771 tres
1245 717 1567 788 bypustases
1611 715 1831 768 minime
1873 713 2092 784 proﬁte-

492 823 679 868 rentur
699 854 714 877 ,
742 811 895 882 cujus
926 814 1001 866 rei
1035 825 1228 864 causas
1257 811 1385 863 alibi
1413 809 1780 878 exposuimus.
1825 807 1933 861 Cur
1961 821 2091 860 vero

496 905 904 960 Occidentalium
934 905 1057 957 tomi
1091 903 1178 958 bic
1210 904 1413 956 mentio
1460 908 1567 965 est,
1600 909 1691 955 aut
1721 899 1840 972 quis
1893 898 1981 952 bic
2012 908 2094 953 to-

495 999 648 1052 mus?
684 995 1098 1049 Occidentalium
1139 1009 1271 1048 voce
1314 995 1616 1047 ltomanum
1667 1006 1829 1045 unum
1876 989 2094 1060 pontifi—

497 1105 614 1144 cem
641 1089 788 1143 velut
815 1103 1001 1142 eorum
1030 1098 1191 1156 caput
1213 1128 1227 1150 ,
1261 1098 1315 1139 et
1346 1102 1376 1140 e
1406 1085 1616 1158 synodo
1644 1100 1738 1138 sua
1778 1084 2094 1154 plerumque

496 1168 828 1237 scribentem
847 1223 861 1248 ,
895 1193 925 1233 a
949 1179 1153 1234 Graecis
1175 1178 1444 1247 designari
1473 1177 1724 1240 solitum,
1752 1185 1858 1229 tam
1883 1188 2092 1230 certum

499 1287 610 1342 est,
659 1291 817 1346 quam
848 1273 990 1344 quod
1032 1274 1435 1328 certissimum:
1464 1271 1569 1325 vid.
1601 1267 1723 1339 cap.
1748 1268 1842 1323 20.
1884 1267 2096 1323 Nemini

502 1377 763 1440 prteterea
795 1366 1084 1419 obscurum
1113 1373 1194 1417 est
1217 1364 1338 1416 tomi
1364 1362 1626 1417 vocabulo
1649 1360 1942 1431 signiﬁcari
1968 1358 2098 1427 dog:

497 1462 724 1516 maticas
740 1457 1086 1513 deﬁnitiones
1108 1456 1175 1508 ab
1192 1471 1257 1510 eo
1275 1455 1599 1525 propositas.
1619 1452 1751 1506 Hinc
1771 1448 1997 1504 Basilius
2019 1447 2092 1519 (a)

498 1558 629 1611 alias
645 1557 856 1611 Damasi
884 1555 1087 1609 litteras
1109 1553 1171 1606 ad
1199 1551 1502 1607 Orientales
1527 1552 1758 1620 scriptas
1788 1548 2100 1602 Occidenta-

499 1651 624 1704 lium
652 1660 844 1703 tomum
870 1657 1058 1714 vocat,
1094 1657 1255 1719 atque
1286 1661 1377 1700 eas
1411 1644 1574 1700 veluti
1603 1644 1669 1700 ad
1698 1646 1822 1701 ﬁdei
1851 1660 2096 1702 normam

509 1752 786 1815 provocat.

577 1836 687 1890 lloc
737 1836 896 1904 igitur
951 1834 1070 1888 loco
1119 1833 1380 1902 agebatur
1433 1831 1501 1887 de
1557 1832 1734 1903 aliqua
1791 1832 2107 1888 deﬁnitione

501 1922 732 1982 Romani
786 1925 1059 1996 episcopi,
1104 1924 1328 1996 ejusque
1354 1924 1607 1990 concilii,
1639 1941 1756 1995 quin
1784 1925 1850 1979 ad
1893 1940 2110 1980 eorum-

499 2018 620 2073 dem
654 2017 1083 2072 Antiehenorutn
1128 2032 1345 2071 eausam
1381 2017 1708 2087 pertineret;
1751 2027 1806 2072 at
1849 2018 2110 2074 Damasus

501 2109 954 2164 anatliematismo
981 2108 1052 2162 20
1083 2120 1130 2163 el
1163 2109 1229 2162 21
1255 2151 1270 2176 ,
1300 2110 1508 2163 sublata
1541 2111 1699 2164 trium
1757 2110 2107 2168 dicendarum

503 2203 864 2274 hypostaseon
896 2200 1214 2256 necessitate
1231 2242 1245 2268 ,
1271 2217 1365 2255 eos
1395 2200 1633 2271 perfecte
1655 2201 1964 2257 Catholieos
1990 2218 2112 2262 esse

502 2294 945 2364 pronuntiaverat
973 2334 985 2360 ,
1016 2292 1106 2362 qui
1141 2309 1298 2346 unam
1341 2291 1676 2347 divinitatem
1703 2335 1716 2360 ,
1749 2303 2066 2364 potestatem
2093 2336 2109 2362 ,

503 2387 836 2456 majestatem
864 2400 926 2439 ac
953 2381 1178 2454 gloriam
1223 2383 1400 2438 Patris
1425 2425 1440 2451 ,
1493 2396 1545 2438 et
1581 2382 1739 2449 Filii,
1774 2395 1828 2438 et
1877 2383 2113 2454 Spiritus

503 2481 706 2547 sancti,
739 2495 800 2534 ac
846 2487 954 2534 tres
983 2494 1138 2533 veras
1163 2520 1177 2546 ,
1211 2479 1444 2549 aequales
1465 2520 1478 2542 .
1512 2494 1728 2549 semper
1755 2479 2114 2536 subsistentes

506 2589 766 2645 personas
794 2572 1201 2644 proﬁterentur.
1236 2572 1362 2627 Haec
1394 2589 1519 2628 vero
1564 2583 1678 2628 erat
1706 2589 1894 2628 eorum
1924 2573 2116 2629 Antio—

506 2667 801 2720 eltenoruin
830 2665 985 2732 ﬁdes,
1008 2674 1066 2720 ut
1089 2682 1152 2720 ex
1187 2661 1518 2737 Hieronymo
1538 2665 1637 2737 (b),
1661 2665 1996 2722 Nazianzeno
2016 2663 2112 2742 (c),

507 2775 571 2814 ac
628 2775 692 2813 ex
744 2759 968 2812 Paulino
1027 2760 1144 2830 ipso
1219 2768 1463 2822 constat,
1521 2774 1691 2829 eaque
1735 2759 1965 2814 formula
2004 2759 2116 2814 An-

509 2852 778 2907 tiochense
826 2853 1034 2924 synodo
1080 2852 1287 2922 adjecta
1316 2894 1331 2917 ,
1378 2868 1538 2923 quam
1585 2868 1766 2907 coram
1817 2853 2116 2912 Athanasio

510 2945 788 3016 professus
816 2957 917 2999 est.
967 2943 1065 2999 Ille
1115 2946 1274 3015 igitur
1322 2944 1732 3000 Occidentalium
1780 2957 1941 3006 tomus
1972 2945 2113 3002 aliud

512 3037 644 3091 nihil
690 3049 772 3092 est
818 3036 870 3090 in
920 3034 1520 3106 Gonstantin0politano
1564 3053 1630 3092 eo
1661 3053 1904 3104 canone,
1953 3054 2112 3110 quam

2192 440 2484 498 schismate
2518 449 2646 494 tunc
2669 439 2916 505 sublato,
2949 453 3011 493 ac
3041 447 3223 494 mutua
3255 438 3632 500 dissidentium
3661 457 3792 498 eon-

2190 531 2370 587 cordia
2401 533 2670 598 extineto,
2696 531 2838 601 quod
2867 541 3073 588 certum
3105 533 3327 592 omnino
3354 544 3476 600 est;
3512 551 3632 590 nam
3663 537 3794 592 Gre-

2191 623 2373 694 gorius
2411 623 2477 677 de
2520 624 2842 694 reintegrata
2874 623 3137 679 charitate
3185 626 3383 695 gaudio
3433 627 3696 691 allectus,
3729 630 3795 686 ad

2193 718 2423 772 Arianos
2465 731 2585 770 sese
2629 727 2988 784 convertens,
3023 718 3110 786 qui
3156 726 3460 774 anteactam
3503 720 3799 777 dissensio—

2194 825 2315 864 nem
2356 807 2646 862 Catholieis
2683 809 2883 880 probro
2914 818 3208 874 verterant,
3248 809 3348 864 Ubi
3375 823 3494 870 sunt
3517 853 3531 877 ,
3566 813 3664 878 ait,
3699 815 3798 885 igi-

2194 913 2307 963 tur.
2337 904 2424 980 qui
2451 920 2528 957 res
2551 912 2751 957 nostras
2778 914 2880 957 tam
2910 901 3063 968 bene,
3095 919 3249 971 quam
3283 905 3411 958 male
3438 921 3492 958 se
3521 905 3798 972 habentes,

2194 995 2493 1060 observant,
2532 1012 2634 1049 non
2675 1005 2730 1048 ut
2768 996 3040 1064 judicent,
3083 1000 3174 1049 sed
3216 1005 3271 1049 ut
3315 997 3618 1066 improbent.
3650 999 3805 1071 Agite

2194 1089 2444 1159 igitur....
2503 1086 2570 1139 ad
2613 1087 2884 1139 concilium
2934 1102 3018 1139 vos
3053 1087 3205 1140 etiam
3251 1089 3388 1142 exosi
3426 1104 3690 1156 vocamus,
3742 1099 3803 1152 ut

2197 1181 2455 1252 pudefacti
2477 1221 2492 1246 ,
2524 1179 2742 1250 victique
2772 1178 3017 1233 recedatis
3040 1219 3055 1244 ,
3105 1180 3312 1252 cognita
3355 1180 3592 1236 nimirum
3640 1198 3704 1236 ex
3741 1198 3801 1235 eo

2194 1282 2308 1344 ipso
2338 1274 2473 1344 quod
2513 1273 2905 1342 wgrotavimus,
2947 1283 3122 1325 nostra
3161 1273 3472 1327 sanitate....
3508 1271 3628 1326 Non
3670 1275 3804 1327 enim

2199 1368 2260 1422 de
2290 1365 2494 1419 Deitate
2521 1365 2892 1429 dissensimus;
2924 1363 3011 1416 sed
3037 1362 3234 1416 ordinis
3267 1373 3314 1416 et
3367 1364 3661 1435 disciplina:
3684 1382 3805 1418 cuu-

2199 1474 2255 1510 sa
2298 1457 2640 1510 certavimus:
2671 1472 2762 1509 nec
2806 1455 2868 1508 de
2906 1471 2962 1508 eo
3007 1457 3141 1509 inter
3183 1472 3275 1509 nos
3314 1456 3572 1510 contentio
3600 1458 3800 1522 extitit,

2177 1556 2314 1600 .utra
2339 1547 2572 1614 impietas
2598 1545 2832 1616 eligenda
2857 1554 3001 1608 esset,
3032 1561 3160 1599 eane
3185 1561 3301 1618 qua:
3336 1546 3498 1599 Deum
3526 1548 3804 1615 contra/iit,

2201 1654 2264 1690 an
2292 1638 2383 1690 illa
2412 1652 2524 1706 qua:
2554 1636 2811 1706 Spiritum
2858 1647 3089 1689 sanctum
3133 1637 3403 1690 dumtaxat
3425 1678 3438 1695 .
3485 1637 3562 1691 vel
3611 1636 3806 1697 Filium

2127 1752 2175 1812 Β
2204 1748 2402 1804 quoque
2445 1734 2612 1800 ipsum
2651 1748 2683 1785 a
2728 1731 2900 1783 divina
2949 1731 3165 1784 essentia
3219 1730 3551 1785 distruliit....
3605 1732 3811 1799 Quibus

2213 1824 2457 1895 profecto
2489 1824 2668 1878 verbis
2709 1824 3057 1878 Paulinianos
3087 1839 3148 1878 ac
3188 1823 3500 1878 Melctianos
3545 1827 3809 1895 respicit,

2210 1937 2412 1998 eosque
2465 1936 2655 1976 omnes
2705 1921 2940 1990 perfecte
2970 1919 3277 1974 Catholicos
3325 1928 3378 1974 et
3419 1921 3641 1990 integrae
3685 1921 3809 1980 ﬁdei

2211 2012 2379 2068 fuisse
2406 2013 2514 2079 ait,
2557 2029 2884 2082 quamquam
2917 2011 3008 2066 alii
3039 2012 3108 2066 ob
3141 2013 3474 2068 reticentiam
3509 2017 3670 2068 trium
3713 2015 3812 2086 by-

2213 2117 2500 2178 postaseon
2541 2106 2614 2193 pc
2666 2105 2969 2162 Sabelliana
3020 2104 3248 2171 limresi,
3295 2106 3384 2160 alii
3437 2121 3603 2172 vero,
3656 2121 3716 2158 ac
3764 2109 3809 2164 si

2213 2198 2398 2253 Ariani
2431 2207 2484 2252 et
2524 2197 2889 2252 Macedoniani
2920 2207 3104 2252 essent
3129 2239 3144 2264 ,
3185 2199 3519 2254 calumniosc
3567 2199 3812 2256 traduce-

2213 2299 2401 2346 rentur
2424 2333 2437 2357 ,
2468 2291 2536 2343 ob
2565 2299 2832 2370 retentam
2880 2304 3001 2344 cum
3045 2290 3108 2344 iis
3153 2291 3490 2345 societatem.
3526 2292 3657 2346 Tum
3694 2309 3816 2363 per-

2213 2391 2289 2461 git
2317 2407 2329 2446 :
2367 2388 2562 2444 Nostra
2594 2406 2692 2442 non
2723 2389 2901 2442 eadem
2931 2387 3062 2441 ratio
3089 2398 3188 2442 est.
3235 2387 3374 2441 Nam
3402 2389 3537 2458 quod
3574 2388 3642 2441 ad
3679 2389 3814 2442 divi-

2217 2486 2428 2537 nitatem
2478 2486 2697 2546 attinet,
2748 2483 2877 2534 inter
2943 2497 3034 2534 nos
3087 2482 3473 2548 consentimus,
3531 2483 3817 2552 labiumque

2217 2594 2410 2640 unum,
2453 2587 2499 2630 et
2550 2593 2648 2630 vox
2692 2594 2795 2629 una
2841 2577 3130 2647 fuimus....
3170 2575 3361 2629 Verum
3401 2577 3521 2630 aliis
3564 2577 3628 2632 de
3670 2578 3819 2632 rebus

2216 2670 2471 2724 contentio
2499 2670 2751 2723 inter'uos
2797 2670 2915 2739 fuit.
2950 2667 3089 2722 Male
3128 2669 3279 2721 etiam
3327 2668 3381 2721 id
3425 2669 3668 2740 quidem,
3719 2685 3820 2724 non

2219 2763 2353 2814 enim
2377 2761 2686 2828 inﬁciabor:
2719 2759 2856 2814 Nam
2887 2776 3003 2813 cum
3031 2761 3142 2827 ﬁeri
3188 2777 3289 2814 non
3335 2770 3537 2830 posset,
3570 2761 3693 2830 quin
3719 2762 3821 2814 ali-

2217 2855 2345 2924 quid
2365 2896 2379 2921 ,
2416 2855 2645 2908 homines
2687 2871 2802 2908 cum
2832 2855 3023 2920 simus,
3055 2869 3376 2925 peccuremus
3397 2894 3412 2919 ,
3445 2862 3676 2908 nostrum
3722 2855 3820 2910 hoc

2217 2959 2440 3002 erratum
2467 2947 2563 3020 [uit
2583 2988 2597 3012 ,
2621 2945 2758 3015 quod
2790 2946 2948 2999 nimio
2977 2949 3190 3011 pastoris
3214 2960 3385 2999 amore
3416 2943 3590 3010 aﬂ'ecti
3617 2961 3816 3008 sumus,

2219 3056 2308 3092 nec
2337 3055 2399 3093 ex
2446 3037 2644 3090 duobus
2677 3037 2820 3090 bonis
2868 3045 3038 3090 utrum
3091 3037 3251 3107 magis
3301 3026 3646 3106 expetendum
3691 3045 3820 3091 esset

510 3129 741 3183 celebris
769 3127 857 3183 illa
883 3128 1128 3183 Damasis
1154 3129 1410 3202 ectbesis,
1439 3147 1596 3200 quam
1625 3132 1859 3201 episcopi
1893 3131 1970 3185 illi
1992 3147 2113 3187 cum
2145 3137 2190 3201 α
2221 3132 2445 3199 reperire
2471 3131 2776 3198 potuimus;
2823 3144 3084 3198 quousque
3134 3129 3185 3180 in
3219 3133 3310 3180 hoc
3356 3129 3685 3180 convenimus
3706 3171 3718 3191 ,
3765 3137 3819 3182 ut

511 3236 610 3290 pro
651 3220 767 3291 lege
807 3221 1060 3275 haberent
1085 3263 1099 3288 ,
1132 3236 1225 3275 eos
1265 3237 1400 3292 quos
1441 3233 1600 3277 antea
1645 3240 1742 3294 pro
1771 3225 1962 3280 alienis
2014 3226 2113 3280 lia-

512 3314 770 3376 buerant,
799 3314 1259 3382 complectuntur,
1289 3315 1433 3370 velut
1457 3315 1520 3369 ad
1549 3318 1664 3386 ejus
1695 3331 1936 3371 normam
1965 3333 2116 3388 egre-

511 3407 596 3475 gie
623 3403 950 3459 Catholicos.
985 3403 1040 3459 Id
1070 3420 1198 3459 vero
1241 3416 1323 3460 est
1351 3407 1493 3476 quod
1533 3417 1730 3477 prtetcr
1777 3409 1990 3464 Damasi
2040 3411 2120 3481 ip-

512 3499 625 3552 sius
663 3508 779 3552 acta
813 3514 841 3551 a
886 3499 1178 3553 Sarazanio
1211 3500 1516 3570 publicata,
1559 3500 1854 3573 Eulycbius
1886 3503 2118 3558 Alcman-

513 3589 699 3643 drinus
728 3601 912 3658 aperte
931 3591 1126 3644 asserit
1153 3591 1293 3659 apud
1323 3590 1719 3647 Renaudotium
1745 3593 1931 3664 (d),ae
1959 3610 2118 3667 syno.

514 3682 666 3736 dicus
708 3683 921 3738 libellus
968 3699 1073 3737 non
1133 3685 1361 3739 obscure
1401 3684 1637 3751 indicat,
1671 3702 1791 3742 cum
1840 3689 1951 3754 ait,
1997 3703 2117 3743 eum

517 3777 848 3846 pontiﬁcem,
877 3779 1107 3834 collecta
1127 3778 1312 3834 Retine
1328 3781 1558 3851 synodo,
1583 3783 1821 3837 divinum
1841 3783 2118 3840 decretum

517 3872 772 3936 edidisse,
807 3882 859 3926 et
885 3873 950 3926 ad
992 3889 1110 3926 eam
1163 3891 1283 3944 quae
1313 3876 1779 3945 Constantinopoli
1805 3878 2118 3946 cogebatur,

519 3964 770 4017 emisisse
799 3964 1068 4034 synodum
1099 3965 1196 4032 (e).
1692 4032 1694 4034 _

589 4053 743 4108 Hunc
769 4071 869 4125 ego
899 4070 1161 4110 canonem
1184 4098 1200 4124 ,
1234 4066 1290 4110 ut
1319 4057 1495 4112 obiter
1528 4057 1736 4126 dicam,
1785 4059 1999 4116 Meletio
2027 4077 2122 4116 au-

518 4155 667 4200 ctore
689 4187 702 4213 ,
735 4147 888 4216 cujus
917 4163 1108 4218 magna
1141 4163 1270 4220 erga
1311 4150 1492 4205 sedem
1536 4153 1888 4220 apostolicam
1927 4153 2120 4210 obser-

521 4239 700 4292 vantia
747 4238 988 4310 profecto
1016 4238 1154 4306 fuit,
1185 4241 1460 4296 conditum
1493 4245 1656 4299 luisse
1698 4253 1862 4316 puto,
1896 4246 2124 4302 dictam-

520 4345 625 4400 que
671 4346 732 4386 ea
766 4333 1051 4388 occasione
1080 4332 1404 4390 Nazianzeni
1448 4337 1746 4392 orationem
1783 4339 1954 4394 l5-de
1984 4340 2122 4396 Pace

521 4423 854 4495 inscriptam.
906 4428 1050 4483 Elias
1097 4427 1373 4484 Cretensis
1421 4445 1540 4484 eam
1573 4431 1740 4486 refert
1780 4431 1846 4487 ad
1876 4433 2121 4490 eamdem

521 4532 739 4572 causam
766 4561 778 4583 ,
809 4519 877 4574 ob
907 4536 1065 4590 quam
1092 4521 1267 4575 oratio
1300 4520 1366 4576 l2
1390 4521 1571 4576 habita
1605 4521 1812 4591 fuerat,
1845 4523 1909 4578 ad
1941 4525 2123 4579 subla-
2156 4527 2203 4588 ι)
2232 4520 2484 4574 damento
2534 4519 2632 4572 niti
2669 4536 2680 4570 :

523 4619 634 4662 tum
671 4626 862 4682 nempe
892 4612 1276 4668 Monachoruni
1299 4655 1313 4677 ,
1357 4615 1450 4684 qui
1494 4615 1562 4668 ab
1591 4616 1710 4686 ejus
1741 4626 1890 4686 parte
1917 4616 2120 4671 disces-

524 4715 741 4768 sierant,
786 4706 1041 4760 schisma.
1087 4707 1272 4762 Dillius
1299 4707 1391 4778 qui
1437 4709 1627 4761 tnerito
1657 4709 1909 4764 observat
1936 4710 2119 4782 plures

527 4809 648 4849 esse
678 4796 825 4850 locos
845 4837 860 4860 ,
886 4798 979 4866 qui
1011 4813 1184 4868 neque
1211 4799 1276 4852 ad
1321 4814 1439 4852 eam
1471 4813 1686 4852 causam
1709 4840 1724 4866 ,
1758 4816 1932 4872 neque
1958 4801 2025 4855 ad
2070 4802 2120 4860 id

529 4889 790 4959 temporis
814 4889 1001 4944 referri
1031 4901 1285 4960 possunt,
1319 4891 1386 4946 ab
1417 4893 1548 4946 Elite
1576 4893 1831 4963 opinione
1858 4896 2122 4962 discedit,

527 4982 622 5039 sed
663 4998 690 5034 a
727 4982 934 5053 judicio
965 4983 1239 5049 abstinet,
1274 5000 1448 5055 neque
1477 4985 1590 5057 ipse
1636 4986 1870 5054 indicat,
1899 5003 2001 5059 qua
2032 5002 2126 5042 oc-

528 5079 779 5144 casione,
813 5091 988 5145 quove
1031 5087 1271 5146 tempore
1316 5079 1454 5132 dicta
1502 5078 1669 5133 videri
1716 5081 1908 5151 possit.
1953 5079 2117 5135 Tille-

528 5168 762 5223 montius
795 5169 971 5238 itaque
1003 5167 1068 5239 (ί)
1113 5183 1232 5222 eam
1273 5168 1736 5238 Constantinopoli
1781 5171 1977 5224 dietam
2027 5180 2123 5242 pu’-

530 5269 639 5328 tat,
675 5271 794 5330 post
823 5259 1063 5315 Valentis
1103 5260 1345 5325 obitum,
1378 5275 1440 5313 ac
1475 5261 1730 5316 collatum
1764 5279 1870 5315 non
1913 5262 2000 5317 diu
2033 5279 2128 5316 an-

532 5361 615 5407 tea
649 5354 954 5410 Theodosio
995 5354 1312 5423 imperium,
1346 5353 1488 5420 quod
1535 5353 1776 5425 profecto
1825 5371 1982 5410 nemo
2036 5373 2130 5412 nc-

531 5446 736 5512 gaverit
762 5487 777 5513 ,
818 5449 907 5517 qui
953 5448 1253 5503 orationem
1285 5448 1456 5518 ipsam
1510 5463 1679 5520 prope
1725 5449 1888 5503 ﬁnem
1925 5458 2128 5508 attente

607 5584 684 5658 (α)
726 5589 897 5655 Epist.
932 5594 1040 5648 265
1066 5631 1082 5655 ,
1113 5607 1261 5646 num.
1293 5591 1348 5647 δ.

608 5660 690 5732 (b)
728 5659 878 5732 ﬂier.
905 5666 1063 5732 epist.
1094 5664 1180 5719 15.

613 5664 666 5727 (b
731 5664 878 5714 Hier.
905 5666 1063 5732 epist.
1094 5664 1180 5719 15.

613 5664 690 5802 (cl
726 5728 969 5788 Nazianz.
1001 5749 1080 5790 0r.
1114 5737 1196 5803 52.

2223 3237 2512 3284 urnuuoue
2563 3236 2683 3274 PAR!
2740 3235 2789 3274 IN
2834 3234 3006 3274 mune
3038 3228 3084 3272 et
3126 3218 3467 3270 admiratione
3497 3234 3816 3286 poneremus.

2221 3320 2303 3371 An
2351 3333 2482 3371 vero
2531 3316 2657 3386 quid
2689 3315 2927 3378 clarius,
2974 3324 3029 3369 et
3081 3312 3434 3383 exprimendo
3477 3310 3820 3367 Antiocheno

2221 3410 2494 3466 scbismati
2547 3421 2598 3462 et
2641 3408 2870 3463 concilio
2896 3449 2910 3474 ,
2951 3406 3092 3476 quod
3143 3416 3268 3461 tunc
3315 3405 3606 3460 habebatur
3635 3401 3819 3473 desig-

2221 3503 2438 3574 gnando
2458 3545 2471 3568 ,
2507 3501 2686 3571 aptius
2724 3500 2847 3570 quid
2879 3498 2985 3554 dici
3014 3499 3263 3570 poterat?
3291 3497 3362 3553 At
3389 3511 3710 3566 quamquam
3739 3495 3823 3550 vir

2223 3595 2505 3663 exquisitae
2540 3593 2836 3665 diligentim
2871 3593 2938 3648 ad
2994 3593 3278 3646 veritatem
3330 3590 3546 3660 propius
3576 3603 3827 3643 accesse-

2224 3691 2328 3754 rit,
2365 3687 2563 3740 fallitur
2597 3697 2811 3751 tamen,
2855 3700 2976 3739 cum
3012 3692 3164 3752 putat
3206 3699 3367 3754 agere
3415 3681 3737 3752 Gregorium
3769 3681 3824 3736 in

2224 3794 2284 3834 ea
2315 3779 2560 3832 oratione
2600 3777 2666 3833 de
2699 3777 2953 3848 peculiari
3002 3792 3113 3830 suae
3168 3775 3425 3830 Ecclesia:
3467 3773 3724 3834 dissidio;
3760 3789 3827 3828 ex

2225 3873 2382 3941 cujus
2408 3873 2556 3926 clero
2585 3887 2707 3926 cum
2741 3869 2939 3941 aliquis
2965 3909 2980 3934 ,
3029 3879 3120 3922 aut
3167 3868 3412 3936 Melctio,
3459 3877 3546 3922 aut
3602 3867 3828 3922 Paulino

2226 3976 2428 4024 tantum
2458 4006 2472 4030 ,
2518 3962 3026 4020 eomtnunicandum
3075 3963 3361 4026 crederet,
3406 3976 3434 4014 a
3484 3960 3828 4014 Nazianzeno

2226 4060 2374 4129 ipso,
2405 4057 2496 4128 qui
2528 4073 2587 4112 se
2612 4057 2859 4127 designat
2887 4058 3095 4110 candidi
3126 4073 3185 4109 ac
3214 4056 3358 4125 probi
3383 4057 3546 4125 patris
3577 4053 3826 4122 nmnine,

2225 4149 2590 4207 seeossiunem
2636 4149 2879 4214 fecerat,
2920 4163 2982 4202 ac
3027 4147 3220 4202 deinde
3269 4147 3335 4199 ad
3373 4161 3494 4200 eum
3549 4145 3823 4211 redierat,

2225 4259 2384 4314 quem
2419 4241 2644 4312 proinde
2675 4241 2967 4308 Gregorius
2993 4240 3091 4310 [itii
3121 4239 3441 4310 obsequentis
3475 4237 3593 4291 loco
3627 4236 3824 4292 habet:

2227 4351 2348 4390 nam
2382 4333 2427 4388 si
2455 4334 2577 4405 quis
2604 4336 2905 4388 orationem
2941 4333 3083 4386 illam
3117 4341 3263 4385 recte
3307 4330 3635 4402 perpendat,
3674 4328 3830 4384 facile

2226 4428 2542 4498 dijudicabit
2567 4470 2580 4492 ,
2617 4426 2947 4482 'l‘illemontii
2983 4425 3486 4493 interpretationem
3519 4423 3667 4476 nullo
3709 4422 3830 4476 fun-

2729 4517 2994 4584 siqnidein
3041 4515 3409 4570 Nazianzenus
3450 4514 3660 4584 utrique
3691 4513 3829 4583 parti

2227 4611 2744 4667 Communicaverat.
2800 4608 3001 4663 Deinde
3055 4606 3305 4660 candidus
3354 4605 3480 4670 ille,
3531 4621 3591 4656 ac
3643 4605 3832 4673 probus

2228 4715 2372 4778 pater
2400 4703 2664 4774 Gregorio
2695 4693 2819 4757 tunc
2845 4701 3043 4756 dicenti
3079 4700 3347 4753 assidebat
3377 4713 3501 4752 cum
3533 4697 3834 4768 obsequente

2230 4801 2333 4854 sibi
2393 4800 2525 4866 ﬁlio.
2579 4797 2673 4852 llle
2725 4807 2986 4865 prseterea
3038 4804 3164 4850 ante
3212 4792 3530 4862 Gregorium
3580 4791 3646 4846 de
3697 4805 3833 4861 pace

2233 4895 2399 4950 verba
2427 4893 2650 4948 fecerat.
2679 4893 2832 4950 Alius
2861 4893 3038 4962 itaque
3068 4889 3136 4944 ab
3160 4888 3277 4959 ipso
3302 4886 3564 4956 Gregorio
3591 4885 3676 4939 ille
3707 4899 3835 4938 esse

2236 4989 2416 5044 debet.
2441 4987 2722 5041 Postremo
2752 4985 2976 5053 probum
3028 4982 3174 5036 illum
3204 4995 3266 5032 ac
3292 4978 3578 5033 candidum
3622 4986 3838 5046 patrem

2232 5089 2286 5136 et
2326 5081 2712 5148 obsequentem
2755 5075 2921 5129 ﬁlium
2967 5074 3070 5132 sibi
3115 5071 3414 5127 assidentes
3443 5111 3457 5137 ,
3497 5079 3551 5123 et
3599 5077 3836 5141 mutuum

2234 5174 2328 5228 sibi
2356 5173 2480 5245 ipsis
2497 5179 2851 5224 ornamentum
2873 5165 3140 5246 a/[crcntes
3170 5165 3263 5218 ait.
3296 5165 3348 5216 ld
3371 5178 3500 5216 vero
3517 5177 3577 5216 ea
3601 5177 3702 5231 qua
3723 5172 3843 5217 erat

2237 5264 2548 5320 humilitate
2585 5277 2648 5315 ac
2698 5260 2960 5314 modestia
2993 5257 3288 5328 Gregorius
3320 5253 3541 5309 minime
3571 5252 3636 5307 de
3664 5267 3722 5306 se
3751 5252 3835 5319 di-

2237 5366 2402 5413 ceret.
2439 5355 2548 5423 Ego
2579 5354 2754 5422 itaque
2785 5351 2889 5406 hoc
2919 5350 3040 5405 loco
3063 5391 3076 5415 ,
3109 5359 3269 5417 atque
3299 5347 3366 5401 iis
3399 5345 3578 5400 verbis
3618 5343 3685 5397 de
3731 5341 3842 5396 Me-

2240 5450 2368 5504 letio
2410 5457 2464 5502 et
2506 5447 2796 5512 Flaviano,
2826 5460 2986 5516 quem
3036 5442 3279 5497 Meletius
3313 5455 3416 5494 non
3444 5439 3534 5493 diu
3582 5448 3740 5494 antea
3773 5435 3841 5490 ad

2315 5589 2395 5677 (Id)
2435 5589 2683 5677 Benaud.
2716 5589 2781 5644 ﬂ.
2812 5587 2873 5644 P.
2902 5587 3061 5643 Alex.
3089 5588 3142 5641 in
3169 5583 3476 5642 Timotheo.

2725 5729 2855 5796 Nat.
2885 5740 2990 5788 act.
3021 5729 3091 5794 56
3116 5738 3171 5787 et
3195 5737 3310 5785 not.
3339 5727 3412 5788 50
3431 5766 3447 5796 ,
3483 5732 3615 5786 tom.
3645 5721 3737 5790 lx.
