4138 6178
251 285 356 342 221

1653 288 2180 350 PROLEGOMENA.

3444 289 3551 346 2‘22

259 402 668 474 presbyteratus
705 402 953 460 ordinem
977 416 1250 472 evexerat,
1275 409 1358 479 agi
1403 416 1550 478 puto.
1583 405 1735 460 Huiic
1762 407 1859 476 igi-
1886 411 1931 476 Α
1960 409 2174 462 (χρίει-ις
2216 407 2425 464 ratione
2466 422 2626 474 usus,
2660 407 2802 478 quod
2853 405 3007 462 venia
3057 405 3284 460 fortasse
3331 403 3550 472 dignum

258 505 378 561 tur,
431 494 576 563 probi
621 511 684 548 ac
728 496 939 551 candidi
990 500 1190 567 patris,
1239 500 1386 555 illiilli
1416 515 1547 556 vero
1574 499 1671 569 ﬁlii
1714 500 1857 553 obse-

254 588 462 656 quentis
492 589 710 642 nomine
753 591 992 658 appellat
1038 607 1101 645 ac
1140 592 1404 662 designat.
1466 592 1700 662 Uterque
1729 590 1858 648 Gre-

256 680 420 749 gorio
452 690 577 734 tunc
620 681 821 735 dicenti
873 682 1221 746 assidebant,
1255 701 1317 739 ac
1350 695 1534 739 mutuo
1576 684 1680 740 sibi
1725 685 1855 754 ipsis

260 779 798 837 ornamentoerant,
841 776 966 844 quia
1018 775 1303 832 Flavianus
1344 777 1618 836 Mcletiunt
1664 778 1730 831 ad
1772 793 1855 832 re-

257 867 406 936 giam
438 868 613 921 urbem
638 876 862 922 secutus
893 867 1087 924 fuerat.
1124 871 1366 926 Meletius
1393 871 1606 926 tandem
1634 873 1708 925 uir
1733 874 1857 926 sini-

265 959 425 1027 plex,
466 960 648 1028 apertis
698 963 966 1027 moribus,
1006 972 1055 1017 et
1103 964 1548 1034 vultu-placidus,
1595 973 1706 1018 tum
1758 979 1855 1033 pro

266 1067 396 1121 pace
424 1053 801 1120 laboraverat,
836 1063 947 1109 tum
982 1057 1139 1124 paulo
1170 1067 1323 1112 antea
1349 1099 1363 1123 ,
1412 1068 1468 1111 ut
1512 1067 1628 1112 erat
1667 1072 1852 1112 eorum

263 1158 557 1216 temporum
607 1166 761 1215 mos,
792 1150 859 1203 ad
894 1152 1149 1220 populum
1194 1151 1262 1206 de
1306 1153 1494 1207 eadem
1547 1167 1853 1206 sermonem

261 1239 520 1294 habuerat
554 1239 636 1310 (τι)
664 1283 678 1306 ,
720 1256 812 1296 eos
844 1242 1006 1312 igitur
1054 1243 1218 1298 veluti
1253 1244 1400 1313 pacis
1452 1252 1506 1298 et
1548 1244 1854 1298 concordia:

256 1348 325 1386 eo
353 1333 577 1387 concilii
617 1348 821 1388 canone
854 1335 1131 1400 restituta:
1169 1345 1457 1401 auctores,
1486 1336 1586 1390 sibi
1620 1342 1744 1389 tunc
1769 1335 1853 1388 di-

254 1426 409 1480 cemi
453 1425 789 1492 assidentes,
832 1443 930 1496 pro
973 1429 1235 1482 concione
1281 1427 1500 1493 laudat,
1543 1439 1704 1498 atque
1754 1427 1856 1482 hoc

257 1528 383 1584 est,
433 1520 486 1573 ni
530 1517 723 1584 fallor,
769 1528 974 1573 certum
1027 1522 1356 1592 minimeque
1395 1521 1685 1576 obscurum
1735 1521 1854 1589 ejus

251 1612 518 1667 orationis
539 1623 933 1682 argumentum.
962 1617 1136 1685 Atque
1166 1616 1289 1670 hinc
1319 1617 1479 1670 etiam
1512 1616 1602 1669 lux
1633 1614 1854 1685 all'ulget

253 1705 322 1758 ad
347 1703 776 1774 cogno~cendam
803 1722 1020 1761 causam
1043 1750 1058 1774 ,
1089 1709 1158 1762 ob
1195 1725 1354 1778 quam
1385 1710 1560 1764 oratio
1594 1708 1662 1764 M
1688 1751 1702 1775 ,
1734 1725 1853 1780 qua:

1958 499 2126 556 videri
2178 509 2388 569 poterat
2434 499 2813 556 Occidentales
2869 499 2936 554 ab
2982 496 3344 554 Orientalibus
3386 498 3554 554 mole-

1957 593 2055 648 stia
2079 593 2256 658 aliqua
2279 593 2418 648 allici
2447 634 2459 657 ,
2489 608 2768 662 quousque
2809 591 3044 646 nondum
3074 589 3412 646 inanil‘estum
3442 590 3557 642 lues

1958 692 2070 750 rat,
2101 702 2165 739 an
2207 684 2282 740 illi
2318 685 2589 740 Meletium
2615 727 2628 749 ,
2669 685 2794 740 dum
2834 686 3039 738 viveret
3067 726 3080 748 ,
3113 699 3206 753 pro
3233 681 3553 737 Antioclieno

1957 777 2190 848 episcopo
2223 777 2446 833 habituri
2473 787 2634 831 essent
2660 819 2672 843 ,
2704 789 2857 846 atque
2902 777 3162 843 excepturi
3191 773 3288 847 (r).
3330 775 3400 832 At
3428 790 3552 832 cunt

1957 868 2117 924 iidem
2163 870 2310 926 illum
2357 870 2740 938 excepissent,
2787 885 2850 923 ac
2896 879 3047 937 parta
3088 872 3338 939 utrinque
3382 884 3550 939 pace,

1957 974 2046 1015 res
2075 962 2124 1016 in
2158 961 2577 1029 tranquillitate,
2615 961 2710 1014 Dei
2743 960 3004 1014 beneficio
3026 1002 3040 1025 ,
3073 962 3259 1029 positae
3284 960 3392 1029 jam
3425 960 3554 1014 fuis-t

1957 1061 2116 1119 seut,
2163 1053 2301 1108 alios
2344 1053 2411 1108 ab
2453 1053 2818 1108 Orientalibus
2856 1053 3065 1106 animos
3112 1051 3446 1117 induendos,
3491 1067 3554 1109 ao

1959 1145 2092 1202 nihil
2125 1145 2349 1202 omnino
2395 1147 2760 1200 innovandum
2788 1147 2887 1218 (ll).
2919 1145 3116 1200 Verum
3151 1145 3390 1215 episcOpi
3433 1145 3551 1213 illi,

1960 1239 2186 1294 tumultu
2212 1281 2225 1304 ,
2260 1238 2499 1294 clamore
2523 1280 2536 1303 ,
2580 1254 2642 1293 ac
2685 1237 2827 1306 turpi
2857 1239 3016 1292 etiam
3060 1237 3552 1304 arte-ellecerunt,

1957 1339 2010 1384 ut
2041 1328 2439 1399 sapientissimo
2467 1329 2716 1399 Gregorii
2755 1339 2914 1399 atque
2967 1329 3198 1384 aliorum
3246 1330 3553 1398 graviorum

1958 1421 2176 1476 Patrum
2217 1424 2446 1477 consilio
2480 1423 2822 1492 posthabito,
2875 1424 3027 1476 unico
3070 1424 3276 1493 pueruli
3304 1464 3318 1487 ,
3366 1422 3556 1491 pra'sul

1959 1530 2118 1568 novus
2149 1524 2493 1585 opponeretur
2516 1556 2531 1582 ,
2565 1523 2726 1585 atque
2776 1526 2830 1568 ut
2873 1515 3160 1570 Flavianus
3207 1515 3429 1569 Paulino
3467 1531 3557 1570 ους

1959 1607 2246 1676 perpositus
2299 1609 2474 1677 potius
2517 1622 2677 1676 quam
2715 1621 3000 1662 successor
3041 1607 3253 1662 vacanti
3298 1607 3554 1664 Ecclesia:

1957 1698 2113 1753 datus
2134 1715 2256 1755 esse
2282 1700 2573 1754 videretur.
2609 1701 2742 1756 Rem
2774 1717 2986 1756 omnem
3014 1701 3082 1756 ab
3111 1702 3303 1756 eodem
3334 1699 3555 1756 Nazian-

252 1797 503 1854 similiter
531 1797 599 1852 de
632 1813 763 1870 pace
796 1798 1140 1868 inscribitur,
1170 1803 1394 1858 recitata
1432 1811 1537 1856 est.
1567 1801 1698 1856 Nam
1728 1817 1850 1856 cum
1881 1794 1927 1856 Β
1956 1805 2093 1844 κθηο
2122 1791 2173 1844 ill
2202 1792 2440 1846 carmine
2463 1791 2528 1844 de
2551 1793 2659 1845 Vlla
2689 1806 2785 1846 blla
2817 1801 2978 1861 διίιιιε
2996 1791 3124 1844 alibi
3153 1791 3554 1858 ειειξειηιὶεκίιηθ

251 1889 469 1944 divinus
501 1890 594 1945 ille
642 1893 759 1958 vir,
802 1891 1146 1948 concordiam
1195 1894 1418 1948 vixdum
1466 1903 1700 1960 sartam,
1749 1894 1850 1950 ile-

256 1999 372 2038 rum
405 1999 466 2037 ac
517 1984 749 2052 turpiter
792 1986 1073 2056 abruptam
1101 2028 1115 2052 ,
1148 1998 1194 2044 et
1227 1989 1456 2056 publica:
1486 2005 1546 2042 ac
1579 1988 1688 2042 Deo
1729 1998 1850 2046 teste

252 2077 586 2145 conﬁrmatos
615 2078 876 2146 pactiones
907 2080 960 2133 in
983 2079 1187 2136 irritum
1209 2081 1386 2134 missas
1417 2081 1630 2147 doleat,
1661 2095 1778 2150 aper
1797 2090 1848 2137 te

251 2171 602 2239 intelligimus
634 2171 868 2230 habitam
917 2170 1083 2227 fuisse
1113 2172 1178 2228 ad
1224 2174 1508 2243 episc0pos
1536 2173 1846 2230 Constanti-

247 2267 437 2336 nopoli
464 2277 815 2336 congregatos
837 2307 850 2330 ,
889 2274 1196 2337 postquam,
1227 2267 1441 2322 Meletio
1472 2266 1747 2334 defuncto,
1777 2267 1846 2324 de

247 2355 593 2426 subrogando
616 2367 806 2414 contra
839 2357 944 2412 vim
978 2358 1118 2428 pacti
1149 2359 1198 2411 in
1229 2358 1347 2427 ejus
1381 2358 1554 2413 locmu
1589 2358 1846 2414 Flaviano

247 2452 327 2520 agi
359 2460 600 2516 emptum
629 2459 709 2503 est
730 2490 744 2514 ,
789 2465 1018 2520 eamque
1063 2465 1183 2504 esse
1213 2450 1356 2504 illam
1398 2451 1602 2520 ipsam,
1638 2451 1789 2520 cujus
1815 2466 1845 2504 a

249 2559 307 2598 se
345 2559 409 2602 ea
455 2543 742 2598 occasione
784 2541 942 2600 dicta:
989 2544 1234 2598 meminit
1278 2543 1328 2596 in
1360 2544 1599 2602 carmine
1629 2543 1694 2596 de
1740 2544 1846 2602 vita

250 2651 340 2690 sua
350 2673 364 2688 ο

319 2727 409 2783 Ill.
452 2726 536 2784 Ad
579 2741 841 2784 cntionem
870 2727 936 2792 ὅ,
963 2726 1096 2780 alias
1123 2725 1158 2778 4
1179 2768 1192 2790 ,
1229 2725 1508 2780 transitum
1539 2723 1709 2790 facio,
1739 2739 1847 2797 quo

250 2823 454 2874 scilicet
486 2818 701 2874 Maximi
728 2817 915 2886 Cynici
947 2817 1216 2874 ordinatio
1242 2818 1294 2870 in
1327 2817 1539 2871 irritum
1570 2817 1803 2872 mittitur
1828 2859 1843 2884 ,

252 2928 353 2981 qua
384 2911 549 2965 etiam
578 2910 631 2966 in
658 2926 714 2966 re
758 2910 967 2968 Damasi
999 2908 1280 2965 sententiae
1303 2909 1593 2963 concilium
1622 2910 1846 2964 obsecu-

253 3015 361 3059 tum
390 3017 493 3059 εει.
523 3004 657 3061 llinc
684 3019 818 3066 vero
841 3002 1040 3057 factum
1085 3012 1138 3056 ut
1185 3001 1422 3074 {Egyptii
1447 3011 1502 3056 et
1529 3001 1846 3058 Macedones

251 3099 534 3167 episcopi,
588 3112 722 3165 quos
781 3096 922 3150 inter
984 3094 1242 3152 Acholius
1298 3093 1664 3149 recensendos
1719 3106 1841 3160 est,

1953 1879 2272 1951 descriptam
2302 1923 2316 1949 ,
2350 1891 2610 1952 prieterea
2655 1882 2884 1948 recitant
2923 1883 3183 1936 Baronius
3211 1921 3224 1946 ,
3255 1881 3552 1936 Tillemon-

1952 1973 2056 2028 tius
2083 2015 2098 2038 ,
2139 1981 2300 2042 atque
2339 1973 2468 2040 alii,
2504 1981 2560 2027 ιιι
2606 1973 2741 2027 nihil
2771 1988 2907 2040 opus
2953 1973 3022 2028 sit
3079 1973 3226 2026 illam
3272 1973 3465 2026 iterum
3521 1986 3552 2026 tl

1951 2079 2038 2118 me
2078 2065 2364 2118 recantari.
2398 2064 2613 2119 Minime
2662 2076 2837 2119 tamen
2881 2065 3171 2147 impetrare
3214 2079 3244 2120 a
3293 2080 3378 2118 tne
3431 2078 3553 2133 pos-

1949 2171 2064 2210 sum
2092 2198 2105 2220 ,
2137 2156 2263 2226 quin
2307 2157 2497 2211 iterum
2534 2173 2771 2214 asseram
2805 2157 3207 2214 Theodoretum
3239 2157 3405 2214 nimio
3453 2171 3551 2211 suo

1949 2262 2074 2320 erga
2103 2247 2418 2304 Flavianum
2468 2251 2646 2304 studio
2691 2251 2971 2320 abreptum
3020 2250 3225 2315 fcisse,
3271 2266 3392 2304 cum
3437 2249 3551 2319 epi-

1949 2355 2143 2412 scopos
2177 2340 2297 2395 illos
2321 2381 2335 2408 ,
2366 2355 2500 2411 quos
2539 2340 2832 2412 Gregorius
2868 2343 3240 2411 graeculornm
3301 2355 3364 2396 ac
3427 2355 3551 2395 ves-

1950 2447 2134 2501 parum
2187 2433 2403 2488 nomine
2433 2435 2759 2503 compellat,
2797 2436 2935 2488 tueri
2969 2432 3138 2488 voluit
3184 2449 3279 2503 per
3308 2441 3549 2502 apertam

1948 2521 2206 2577 adversus
2248 2523 2531 2580 Paulinum
2578 2525 2926 2594 calumniam,
2978 2527 3094 2580 haec
3145 2525 3387 2579 scribens
3429 2521 3547 2594 (e):

1948 2613 2206 2669 Paulinus
2251 2617 2453 2688 quidem
2482 2617 2814 2688 praesulatum
2850 2617 3094 2671 Ecclesia:
3131 2619 3270 2672 illius
3309 2615 3406 2670 sibi
3436 2617 3551 2670 viu-

1948 2707 2148 2761 dicabat
2176 2724 2194 2763 :
2219 2712 2308 2763 sed
2351 2713 2644 2764 reclomavit
2683 2712 2968 2765 antistitum
3000 2721 3176 2776 cretus,
3219 2712 3406 2764 rationi
3427 2726 3552 2765 cou-

1947 2810 2240 2854 sentaneum
2291 2818 2389 2854 non
2435 2819 2545 2856 esse
2593 2804 2767 2856 dicens
2831 2812 2887 2855 ut
2957 2802 3043 2872 qui
3094 2801 3290 2854 Meletii
3333 2802 3550 2854 consilia

1947 2894 2258 2962 respuisset,
2305 2903 2419 2966 post
2458 2897 2571 2967 ejus
2617 2895 2809 2948 obitum
2861 2894 3033 2948 sedem
3072 2893 3216 2946 illius
3265 2893 3544 2964 acciperet.

1955 2996 2089 3050 Nam
2121 2997 2165 3049 si
2216 2997 2459 3050 Meletius
2499 3005 2553 3051 et
2582 2997 2837 3052 Paulinus
2869 3005 3025 3066 pacto
3053 3003 3457 3059 convenerant,
3492 3002 3548 3048 ut

1947 3088 2037 3158 qui
2065 3102 2248 3144 eorum
2273 3088 2428 3142 alteri
2453 3098 2730 3158 superstes
2755 3099 2927 3155 esset,
2961 3089 3256 3144 Ecclesiam
3283 3089 3547 3157 integram

250 3203 573 3259 quamquam
603 3187 847 3256 Gregorii
880 3185 1204 3242 Nazianzeni
1243 3185 1614 3256 episcopatum
1644 3186 1845 3254 impro—
1869 3185 1914 3245 C
1949 3181 2389 3244 administraret,
2425 3179 2612 3236 falsum
2662 3179 2901 3250 prolecm
2935 3190 3016 3235 est
3043 3223 3057 3248 ,
3112 3179 3390 3234 Paulinum
3438 3177 3546 3232 Me-

251 3281 382 3333 bare
416 3277 517 3332 visi
543 3280 675 3344 sint,
715 3292 777 3331 ac
820 3279 1043 3332 violatos
1070 3277 1140 3330 ob
1166 3275 1282 3344 ejus
1319 3278 1724 3330 translationem
1755 3290 1844 3328 ca-

251 3387 454 3436 nones,
487 3378 868 3433 causarentur,
900 3369 1031 3422 nihil
1055 3379 1233 3422 tamen
1265 3383 1360 3442 pro
1387 3367 1576 3422 eodem
1606 3365 1840 3437 Cynico,

249 3475 338 3518 aut
369 3472 558 3518 contra
588 3463 705 3533 ejus
732 3462 1228 3516 esauctorationem
1263 3461 1544 3514 moverint.
1581 3461 1718 3526 Quin
1752 3473 1847 3528 po-

251 3559 353 3612 tius
387 3558 503 3610 ha-c
528 3556 594 3609 ab
636 3555 743 3610 illis
770 3554 1096 3624 gerebantur
1117 3596 1130 3620 ,
1177 3571 1280 3608 non
1311 3565 1418 3608 tam
1451 3553 1575 3608 odio
1601 3553 1843 3622 ejusdem

248 3649 573 3702 Nazianzcni
597 3689 614 3714 ,
645 3647 729 3702 vel
757 3657 813 3700 ut
843 3649 893 3702 in
925 3647 1041 3717 ejus
1075 3645 1268 3700 throno
1290 3647 1450 3698 alium
1475 3645 1840 3711 collocarent,

248 3755 404 3809 quam
429 3753 485 3792 ut
513 3740 579 3794 iis
627 3739 714 3808 qui
743 3737 891 3792 illum
911 3739 1218 3810 episcopum
1234 3735 1696 3806 Constantinopoli
1717 3751 1845 3790 eon-

246 3836 569 3898 stituerant,
598 3831 840 3886 dolorem
869 3832 1136 3900 aliquem,
1169 3841 1226 3884 ut
1257 3831 1370 3900 ipse
1400 3830 1477 3884 ait
1519 3830 1593 3900 (li)
1613 3870 1626 3894 ,
1657 3828 1842 3884 inure-

249 3934 390 3978 rent.
419 3924 498 3978 Ex
524 3938 630 3994 quo
652 3924 912 3978 discimus
938 3924 1227 3978 Maximum
1251 3925 1423 3996 ipsum
1449 3923 1513 3976 ad
1544 3923 1646 3976 hoc
1677 3937 1846 3993 usque

249 4026 494 4086 tempus,
530 4032 702 4088 neque
731 4019 780 4070 in
805 4017 1008 4071 Italiam
1037 4017 1249 4072 venisse
1269 4059 1281 4080 ,
1317 4034 1492 4090 neque
1517 4020 1659 4074 aliud
1691 4019 1848 4090 quid-

247 4110 392 4178 piam
421 4112 596 4178 egisse
621 4108 761 4178 apud
790 4109 1079 4164 Damasum
1129 4118 1185 4164 et
1237 4110 1612 4166 Occidentales
1637 4111 1847 4181 episco-

247 4218 344 4270 pos
375 4243 389 4267 ,
434 4216 541 4268 quo
586 4202 748 4255 rebus
799 4201 910 4256 suis
957 4216 1115 4270 Opem
1165 4200 1348 4256 ferret.
1381 4198 1618 4256 theros
1663 4211 1843 4258 autem

245 4292 463 4346 concilii
505 4307 740 4348 canones
770 4294 1068 4346 omittimus
1091 4335 1105 4359 ,
1136 4301 1247 4346 tum
1277 4293 1417 4364 quod
1449 4292 1582 4356 nihil
1610 4292 1676 4346 ad
1720 4307 1843 4358 eum

244 4383 558 4452 pOIlllﬁCCIn
605 4384 895 4453 sedemque
940 4385 1290 4454 apostolicam
1341 4388 1680 4456 pertineant,
1735 4397 1843 4440 tum

243 4479 392 4549 quod
423 4479 640 4531 dubium
683 4479 859 4532 adhuc
889 4482 994 4544 sit,
1024 4494 1093 4534 an
1123 4495 1192 4533 ex
1236 4479 1300 4533 iis
1349 4477 1595 4531 nonnulli
1627 4477 1696 4532 ad
1742 4479 1845 4536 hoc

1948 3273 2058 3327 letii
2080 3275 2302 3328 consilia
2335 3275 2635 3330 concordia:
2675 3276 3018 3330 restituendae
3041 3274 3228 3328 idonea
3252 3273 3543 3342 respuisse.

1947 3365 2080 3422 Hinc
2118 3368 2442 3438 Gregorius,
2483 3370 2634 3438 cujus
2682 3371 3044 3424 testimonium
3093 3383 3252 3422 nemo
3293 3367 3544 3437 repudia-

1946 3461 2106 3527 verit,
2139 3461 2330 3528 aliam,
2375 3478 2603 3532 eamque
2635 3477 2854 3532 prorsus
2885 3461 3184 3525 ridiculam,
3226 3475 3442 3514 causam
3471 3458 3548 3510 al-

1946 3553 2047 3605 lert
2089 3568 2186 3606 cur
2237 3553 2458 3624 sequior
2509 3555 2640 3617 illa,
2690 3569 3013 3623 quamquam
3060 3551 3234 3622 major
3261 3550 3549 3620 episcopo-

1945 3661 2062 3699 rum
2093 3661 2214 3714 pars
2260 3643 2572 3699 Flavianum
2615 3635 2831 3700 Meletio
2888 3643 3283 3713 subrogandum
3323 3655 3549 3696 censue-

1948 3738 2035 3792 rit.
2069 3737 2430 3806 Quamohrem
2464 3738 2508 3792 si
2555 3736 2840 3790 Flavianus
2879 3737 2990 3805 ipse
3017 3776 3031 3800 ,
3079 3751 3144 3788 ne
3175 3735 3545 3802 episcopatum

1946 3830 2091 3883 illum
2138 3840 2232 3882 aut
2262 3829 2526 3892 ambiret,
2575 3838 2666 3882 aut
2714 3837 2907 3898 sponte
2947 3827 3186 3880 oblatum
3227 3830 3539 3898 acciperet,

1941 3923 2250 3994 juramento
2307 3939 2430 3979 sese
2485 3923 2890 3987 obsuinxerat,
2943 3921 3086 3976 nulla
3135 3931 3216 3975 εει
3266 3920 3402 3973 ratio
3448 3933 3546 3971 cur

1941 4016 2233 4085 juramenti
2265 4016 2588 4086 religionem
2634 4018 2905 4086 sprevisse
2953 4031 3058 4068 non
3100 4013 3374 4080 videatur,
3422 4026 3547 4066 cont

1948 4109 2140 4172 nedum
2168 4125 2226 4164 se
2277 4111 2399 4180 eligi
2453 4117 2510 4166 et
2538 4109 2774 4164 ordinari
2809 4109 3201 4163 Autiochenum
3233 4106 3545 4176 episcopum

1946 4217 2134 4273 passus
2163 4212 2247 4258 est
2271 4245 2285 4269 ,
2314 4203 2408 4259 sed
2459 4211 2605 4258 tanta
2640 4205 2833 4260 deinde
2859 4205 3205 4258 contentione
3235 4201 3417 4258 sedem
3452 4216 3536 4253 re-

1946 4296 2118 4350 tinere
2160 4295 2385 4352 studuit.
2436 4295 2662 4365 Neque,
2707 4295 2849 4366 quod
2901 4295 3089 4350 Graeca
3141 4294 3379 4348 Ecclesia
3431 4291 3547 4360 ejus

1948 4388 2086 4442 inter
2130 4399 2348 4444 sanctos
2389 4392 2705 4444 incnioriam
2752 4391 2896 4442 colat
2921 4431 2934 4452 ,
2969 4388 3241 4442 aestimare
3284 4387 3546 4441 debemus

1947 4480 2146 4536 nullius
2174 4497 2293 4536 eum
2321 4481 2528 4553 peccati
2560 4498 2706 4536 reum
2737 4480 2851 4536 ﬁeri
2881 4480 3122 4551 potuisse
3141 4521 3154 4547 ,
3184 4479 3322 4549 quod
3347 4476 3545 4534 deinde

242 4573 423 4640 ipsum
458 4572 776 4638 concilium,
803 4588 870 4626 an
903 4587 1031 4628 vero
1070 4571 1137 4626 ad
1184 4571 1341 4628 aliud.
1374 4571 1664 4642 quodpiam
1688 4613 1703 4640 ,
1751 4588 1838 4628 re-
1865 4558 1918 4618 D
1945 4576 2256 4646 paenitentia
2296 4575 2522 4647 aliisque
2549 4576 2834 4629 virtutibus
2861 4574 3073 4630 eluerit.

243 4661 373 4717 ferri
408 4663 679 4731 debeant,
710 4665 852 4734 quod
881 4679 1009 4718 vero
1036 4665 1253 4734 propius
1281 4663 1516 4718 videtur.

316 4754 407 4807 IV.
440 4755 716 4824 Agendum
744 4757 924 4826 itaque
953 4766 1230 4826 superest,
1256 4757 1326 4811 de
1351 4757 1690 4812 ordinatione
1720 4756 1841 4811 Fla-

239 4846 418 4911 viani,
454 4858 508 4900 et
538 4845 858 4901 Nazianzeni
888 4847 1230 4901 abdicatione
1253 4889 1266 4912 ,
1295 4864 1413 4918 qua:
1441 4859 1562 4902 sunt
1593 4849 1836 4920 ejusdem

239 4939 458 4995 concilii
508 4955 635 5010 pars
679 4949 735 4994 et
781 4941 1040 4994 accessio.
1096 4941 1309 4995 Meletio
1355 4950 1478 4995 ante
1518 4941 1635 5016 ejus
1682 4944 1843 4997 linem

238 5034 538 5099 detoneto,
580 5035 852 5101 Paulinus,
884 5037 932 5088 vi
972 5037 1111 5105 pacti
1176 5036 1316 5104 quod
1360 5038 1596 5104 juratum
1627 5038 1839 5102 fuerat,

238 5131 641 5182 Antiochenam
677 5128 974 5184 Ecclesiam
1017 5131 1253 5185 retinere
1283 5132 1434 5186 solus
1471 5131 1750 5186 debuerat.
1784 5129 1840 5186 ld

235 5221 500 5278 censebat
540 5221 832 5292 Gregorius
854 5264 867 5285 ,
899 5233 1058 5291 atque
1089 5233 1146 5277 ut
1183 5224 1298 5280 haec
1336 5226 1604 5279 sententia
1631 5224 1843 5280 obtine-

235 5323 359 5378 ret,
415 5315 540 5368 totis
587 5315 913 5383 eloquentia:
960 5313 1164 5370 viribus
1209 5315 1580 5384 adlaboravit,
1625 5332 1687 5372 ea
1727 5332 1840 5388 prae

309 5426 396 5496 (ιι)
440 5425 559 5496 \lid.
591 5424 760 5496 Gri-g.
784 5427 963 5481 Carm.
989 5427 1056 5482 de
1085 5427 1204 5483 Vita
1233 5435 1327 5482 sua
1357 5444 1426 5484 ex
1455 5446 1509 5485 n.
1546 5430 1669 5485 121.

307 5495 397 5568 (ὁ)
437 5495 615 5552 Carm.
650 5495 717 5551 de
747 5495 852 5551 Vit.
883 5513 976 5552 sua
1003 5516 1065 5553 ex
1101 5513 1248 5554 num.
1282 5501 1407 5556 155.

497 5585 568 5648 (c)
593 5586 668 5641 ἐκ
692 5599 755 5645 μιν
778 5590 840 5634 οὖν
861 5590 903 5644 ἦν
927 5599 963 5635 ιν
987 5600 1085 5650 μη.
1103 5599 1198 5643 ιαος
1221 5598 1361 5644 σιωιὸς

495 5655 589 5698 οὔδ’
605 5652 647 5706 ἦν
671 5665 781 5710 σατις
803 5671 872 5705 ιιι,
895 5661 977 5700 ποθ’
1001 5661 1036 5699 ei
1059 5666 1123 5708 τῆς
1143 5653 1304 5712 ἑσπίμς

496 5723 563 5759 τὸν
585 5717 704 5773 ἄνδρα
722 5717 864 5770 δέξαντ’
886 5726 1096 5778 ᾑρημένοι
1119 5730 1226 5774 τίσις·

230 5780 454 5840 Norunt
482 5795 613 5838 vero
638 5796 828 5838 omnes
849 5825 864 5852 ,
897 5800 1018 5857 qua:
1045 5786 1116 5842 sit
1145 5785 1519 5848 Ecclesiastico
1546 5784 1694 5858 style
1723 5799 1842 5858 per.-

2018 4669 2190 4726 Hosce
2218 4670 2398 4740 itaque
2427 4668 2704 4741 improbos
2730 4669 3014 4737 cpia-epos
3061 4676 3114 4721 et
3167 4662 3543 4720 tumultuarios

1943 4773 2118 4816 cmtus
2161 4779 2281 4817 cum
2313 4764 2631 4818 abhorreret
2668 4761 2959 4830 Gregorius
2979 4798 2993 4824 ,
3024 4757 3090 4811 de
3120 4757 3280 4827 regiae
3311 4757 3544 4810 civitatis

1942 4857 2260 4925 episcopatu
2307 4856 2631 4912 dimitteudo
2671 4854 2954 4910 consilium
2994 4852 3178 4922 cepit,
3225 4851 3366 4921 quod
3423 4857 3546 4920 post

1951 4948 2237 5003 adventqu
2261 4947 2638 5020 Egyptiorum
2682 4964 2744 5003 ac
2789 4946 3139 5003 Macedonum
3167 4946 3541 5014 episcoporum

1949 5049 2235 5094 exsecutus
2265 5050 2382 5103 est,
2417 5052 2544 5094 tunc
2576 5042 2820 5104 scilicet,
2855 5058 2976 5096 cum
3011 5041 3256 5094 manibus
3286 5038 3540 5092 Flaviano

1951 5131 2162 5186 tandem
2192 5132 2455 5200 impositis
2481 5173 2495 5198 ,
2534 5133 2677 5188 nulla
2729 5134 2957 5204 amplius
3009 5140 3288 5202 supererat
3325 5138 3541 5182 tentaue

1947 5225 2013 5277 ab
2059 5239 2124 5277 eo
2163 5225 2469 5280 concordiae
2515 5243 2658 5297 spes.
2705 5226 2990 5281 Flavianus
3059 5225 3202 5280 enim
3260 5221 3541 5273 ordinatus

1947 5328 2030 5373 est
2054 5361 2067 5384 ,
2101 5328 2158 5372 ut
2184 5335 2285 5389 ego
2317 5330 2447 5390 puto
2472 5363 2484 5385 ,
2527 5323 2702 5377 medio
2753 5322 2845 5375 illo
2887 5330 3124 5389 tempore.
3151 5357 3167 5383 ,
3205 5329 3310 5384 quo
3336 5310 3542 5380 Grego-

1948 5442 2103 5514 petua
2139 5432 2294 5514 hujus
2325 5434 2762 5514 verbi_vis._l_liuc
2802 5430 3114 5514 durantqui
3145 5425 3540 5514 communionis

1942 5497 2066 5573 jure
2096 5497 2349 5568 utuntur,
2377 5505 2568 5572 quibus
2597 5503 2794 5561 ἄδικτοι
2820 5497 3056 5571 oppositi
3078 5509 3222 5573 sunt.
3255 5497 3533 5573 γιιιηιςωιτ

1947 5569 2049 5643 λι).
2089 5575 2180 5638 15,
2214 5591 2276 5628 ac
2320 5569 2635 5630 Swicerum.
2664 5575 2796 5629 Vide
2816 5569 2977 5628 etiam
3007 5570 3288 5642 epistolam
3317 5569 3438 5624 Julii
3471 5569 3538 5623 ad

1947 5644 2252 5700 Orientales
2275 5663 2328 5700 ιι.
2359 5648 2444 5702 15.

2045 5663 2252 5700 «uitales
2275 5663 2328 5700 tt.
2359 5663 2444 5700 lo.

2045 5715 2102 5788 ιι)
2131 5715 2588 5788 νιά.Νιιι.ϐιιι·ιῐι.
2614 5717 2680 5776 de
2703 5716 2918 5788 Vit.sua
2942 5711 3299 5788 exinum.127
3317 5721 3533 5785 etseqq.

2020 5717 2102 5859 ἑά)
2131 5717 2588 5783 Vid.Naz.Carm.
2614 5717 2680 5776 de
2703 5717 2918 5788 YiI.sua
2942 5731 3009 5773 ex
3032 5730 3176 5770 num.

2043 5786 2093 5859 α)
2137 5787 2254 5846 Lib.
2289 5804 2352 5859 ν,
2379 5805 2502 5864 cap.
2529 5791 2601 5846 ‘25
2623 5830 2640 5860 ,
2674 5805 2740 5859 ex
2768 5789 2963 5869 interp.
3001 5787 3176 5868 Vales.
