4138 6178
548 263 658 322 225

1709 260 2020 322 SANCTUS
2060 260 2383 319 DAMASUS
2420 260 2596 318 PAPA
2609 302 2625 350 .y

3751 266 3860 323 224

549 387 686 455 rius,
714 385 950 443 nondum
998 385 1363 457 resignatione
1401 385 1539 441 facta
1565 428 1580 455 ,
1612 400 1640 440 a
1687 385 1853 442 domo
1897 387 2152 443 Ecclesize
2178 391 2227 447 Α
2255 394 2372 441 ctus
2396 396 2480 441 est
2506 427 2521 454 ,
2569 385 2790 442 minime
2834 385 2936 440 sibi
2997 399 3220 441 necesse
3265 383 3503 440 duxerit.
3543 385 3613 440 At
3639 385 3708 442 de
3753 385 3858 442 hoc

551 489 891 545 secesserat,
929 493 1097 545 seque
1135 478 1454 545 abdiderat,
1489 495 1558 535 ne
1587 481 1769 548 malis,
1801 489 1859 534 ut
1900 480 1992 535 ille
2030 481 2103 535 ait
2132 523 2147 547 ,

552 573 905 628 conventibus
949 571 1145 628 adesse
1176 583 1463 643 cogeretur
1495 573 1595 644 (α).
1629 575 1760 629 Nam
1799 590 1922 630 cum
1950 576 2150 630 oratio-

551 680 676 720 nem
708 663 1109 719 valedictoriam
1141 665 1207 719 ad
1237 664 1427 721 Patres
1460 667 1562 723 150
1593 667 1775 722 habuit
1796 707 1812 734 ,
1841 667 2150 737 exemplum

552 769 614 811 se
657 755 964 826 relinquere
1016 755 1290 824 professus
1318 767 1402 812 est
1429 799 1444 824 ,
1476 758 1614 828 quod
1644 760 1688 811 si
1717 759 1953 812 nonnulli
1983 759 2151 814 imita-

551 856 730 902 rentur
753 890 769 912 ,
796 865 856 901 ac
896 847 1096 903 thronis
1123 849 1392 914 cederent,
1427 867 1528 903 non
1568 850 1758 919 facturi
1793 861 1956 905 essent
1981 851 2152 920 iactu-

549 955 697 1004 ram,
747 939 835 994 sed
863 939 1090 994 habituri
1134 957 1408 1010 supernam
1448 941 1744 994 cathedram
1789 941 1950 995 multo
1993 941 2151 995 subli-

552 1032 765 1086 miorem
787 1074 802 1098 ,
833 1047 892 1085 ac
920 1034 1176 1086 tutiorem.
1210 1033 1286 1087 Ex
1326 1034 1522 1103 quibus
1567 1050 1669 1088 non
1701 1033 1932 1089 obscure
1971 1035 2150 1105 colligi

553 1133 774 1195 potest,
810 1123 1128 1179 Flavianum
1169 1125 1345 1195 ipsum
1367 1166 1381 1189 ,
1412 1125 1503 1196 qui
1537 1127 1638 1180 hoc
1679 1125 1799 1180 loco
1831 1124 2150 1196 perstringi-

554 1224 680 1282 tur,
733 1218 1088 1288 episcopum,
1150 1233 1271 1272 cum
1325 1218 1439 1273 lucc
1485 1203 1853 1272 Nazianzenus
1909 1217 2150 1285 diceret,

549 1307 662 1380 jam
692 1317 973 1376 creatum,
1018 1325 1081 1364 ac
1109 1310 1160 1363 in
1207 1309 1403 1364 throno
1445 1310 1766 1364 collocatum
1800 1311 1981 1366 luisse.
2027 1310 2152 1364 Fla-

553 1402 745 1457 vianus
781 1402 976 1458 deinde
1001 1445 1016 1470 ,
1059 1404 1104 1457 si
1151 1404 1454 1458 Sozomeno
1483 1404 1778 1470 credimus,
1814 1414 2004 1457 auctor
2050 1404 2151 1458 im-

552 1498 744 1568 primis
786 1498 884 1553 luit
910 1542 924 1564 ,
956 1509 1015 1554 ut
1061 1499 1340 1555 Nectarius
1368 1500 1631 1570 Gregorio
1679 1502 1776 1570 ipsi
1818 1501 2150 1556 succederet.

554 1589 694 1656 Quid
742 1601 920 1645 autem
972 1590 1040 1645 de
1090 1602 1314 1660 utraque
1355 1591 1454 1645 hac
1499 1593 1838 1648 ordinatione
1887 1592 2154 1647 Damasus

553 1684 791 1738 senserit
813 1724 827 1745 ,
854 1683 1029 1738 dicam
1062 1674 1310 1754 sequenti
1339 1699 1505 1738 anno.

628 1780 710 1832 Me
757 1793 862 1833 non
896 1779 1024 1832 latet
1063 1777 1136 1850 (ὁ)
1165 1779 1568 1833 Tillemontium
1612 1780 1854 1836 scribere
1878 1823 1892 1846 ,
1925 1780 1993 1836 ab
2039 1782 2154 1852 epi-
2186 1783 2234 1843 B

555 1873 733 1940 scopis
789 1870 900 1924 sedi
967 1885 1079 1924 sure
1136 1869 1409 1936 redditis,
1469 1880 1630 1939 atque
1696 1872 1887 1928 deinde
1961 1875 2158 1928 Antio-

555 1965 693 2021 chia:
731 1965 782 2017 in
823 1978 947 2019 eum
995 1964 1156 2019 ﬁnem
1207 1965 1403 2020 iterum
1453 1969 1835 2037 congregatis,
1881 1967 2159 2037 impositas

554 2054 815 2112 Flaviano
843 2073 1052 2112 manus.
1089 2058 1158 2111 At
1195 2057 1284 2111 ille
1325 2059 1517 2124 quaerit
1546 2058 1785 2128 opinioni
1821 2073 1934 2113 suze
1977 2059 2162 2128 praesi-

557 2149 703 2205 dium
735 2193 749 2215 ,
795 2151 937 2206 unde
983 2153 1069 2206 illa
1113 2151 1442 2218 destruitur,
1484 2163 1541 2206 ut
1589 2153 1695 2207 alio
1726 2153 1844 2207 loco
1875 2153 2158 2223 probatum

556 2240 701 2296 dedi.
751 2243 953 2298 Deinde
998 2243 1116 2298 h:ec
1141 2245 1241 2298 viri
1284 2244 1430 2299 docti
1461 2247 1727 2300 sententia
1759 2256 1989 2315 recepta:
2037 2258 2162 2303 tunc

557 2333 860 2402 disciplinae
892 2336 1113 2390 minime
1148 2345 1516 2393 consentanea
1554 2347 1654 2392 est.
1691 2338 1819 2392 Nam
1852 2340 2157 2408 episcopis,

559 2426 647 2494 qui
680 2437 772 2479 aut
809 2425 1084 2492 defuncti,
1114 2437 1206 2481 aut
1253 2429 1304 2483 in
1354 2430 1512 2498 plena
1559 2430 1766 2502 synodo
1810 2428 2007 2499 dejecti
2045 2430 2163 2486 fue—

556 2524 718 2582 rant,
767 2508 924 2572 alter‘
949 2518 1216 2584 dabatur,
1266 2529 1321 2576 et
1368 2523 1795 2576 consecrabatur
1855 2523 2045 2578 eodem
2108 2524 2158 2576 in

559 2609 682 2666 loco
721 2627 781 2665 ac
819 2612 887 2666 ab
934 2613 1122 2668 eadem
1162 2615 1317 2682 plena
1369 2616 1578 2686 synodo
1622 2631 1905 2671 successor
1955 2635 1967 2670 :
2008 2617 2162 2685 cujus

558 2705 638 2761 rei
683 2720 711 2760 a
758 2705 971 2761 Nicmua
1000 2749 1014 2771 ,
1061 2723 1181 2777 qua:
1232 2708 1624 2779 Philogonum,
1668 2707 2164 2778 Constantinopoli-

562 2806 680 2852 tana
717 2798 868 2865 ipsa.
915 2814 1035 2868 quae
1084 2798 1425 2868 Nectar-ium,
1469 2801 1738 2870 Ephesina
1769 2844 1783 2865 ,
1827 2817 1948 2872 quae.
1996 2802 2163 2856 Maxi-

561 2889 800 2943 miamnn
848 2887 1277 2947 Chalcedonensi
1305 2934 1320 2958 ,
1354 2909 1474 2963 quae
1517 2894 1679 2947 alimn
1721 2894 1963 2950 Dioscori
2005 2896 2159 2961 loco‘,

562 2997 626 3036 ac
664 2993 820 3038 sexta
847 3025 860 3047 ,
895 2997 1015 3054 qua:
1054 2984 1439 3053 TheOphanem
1486 2990 1823 3043 consecravit
1850 3031 1863 3050 .
1912 2991 2161 3059 exempla

563 3078 670 3148 peti
713 3086 955 3144 possunt.
989 3078 1165 3133 Unum
1201 3096 1296 3148 pro
1343 3080 1692 3135 Tillemontio
1733 3082 2041 3150 praesidium
2083 3083 2163 3136 vi-

2253 479 2484 535 coneilio
2514 481 2782 550 rebusque
2808 481 2874 535 ad
2904 480 3032 536 illud
3061 481 3422 537 attinentibus
3470 480 3663 537 iterum
3695 498 3857 554 agen-

2253 573 2378 628 dmn
2406 574 2512 629 erit
2537 574 2785 644 sequenti
2819 589 2984 628 anno.

2849 709 3078 768 CAPUT
3116 710 3264 767 XIX.

2253 827 2294 884 I.
2334 826 2414 881 De
2440 826 2753 896 Aquileiensi
2797 826 3015 879 concilio
3057 825 3358 896 scriptisque
3385 826 3448 881 ab
3478 828 3571 882 illo
3599 827 3860 898 synodicis

2326 921 2576 990 epistolis,
2612 921 2804 987 priores
2838 918 2954 971 dua:
2981 921 3049 970 ad
3081 917 3387 972 Gratianum
3444 929 3772 973 recensentur
3819 929 3864 974 et

2327 1012 2719 1082 expenduntur,
2757 1011 2825 1064 ad
2865 1026 3039 1063 eorum
3076 1019 3358 1079 temporum
3403 1010 3670 1064 historiam
3716 1011 3868 1063 illus—

2325 1108 2581 1161 trandum.
2633 1105 2696 1158 ll.
2757 1103 2993 1158 Gratiani
3040 1103 3362 1171 imperatoris
3434 1105 3737 1174 rescriptum
3797 1102 3868 1156 ad

2329 1200 2636 1270 Aquilinum
2671 1198 2927 1252 vicarium
2959 1197 3175 1263 affertur
3203 1207 3249 1251 et
3297 1198 3599 1252 illustratur.
3661 1197 3866 1251 Neute-

2326 1310 2423 1346 nus
2445 1302 2671 1355 notatur,
2698 1301 2743 1345 et
2766 1291 3020 1360 Anonymi
3037 1289 3526 1344 Amstelodameusis
3550 1289 3866 1360 impudentia

2329 1386 2629 1454 castigatur.
2691 1382 2779 1436 Ill.
2823 1381 2999 1436 Tertia
3029 1383 3371 1453 Aquileiensis
3399 1382 3630 1455 ejusdem
3661 1382 3868 1436 concilii

2329 1479 2544 1549 epistola
2591 1477 2897 1550 expenditur
2949 1487 2996 1529 et
3025 1477 3335 1548 explicatur.
3368 1477 3456 1531 IV.
3495 1476 3864 1532 Priscillianus

2331 1572 2551 1627 Romam
2582 1573 2734 1638 venit,
2754 1581 2808 1625 ut
2829 1588 2883 1626 se
2921 1581 3121 1643 purget.
3157 1571 3486 1638 Quesnellius
3525 1580 3573 1625 et
3607 1570 3865 1642 Dupinius

2331 1664 2658 1735 refelluntur.

2333 1779 2372 1834 I.
2417 1778 2531 1832 Non
2561 1778 2650 1832 diu
2685 1786 2806 1847 post
2858 1775 3519 1846 ConstantinOpolitanum
3549 1776 3864 1842 concilium,

2265 1873 2614 1942 Aquileiense
2644 1880 3025 1942 congregatum
3071 1881 3176 1936 est,
3211 1887 3273 1925 ac
3318 1885 3502 1925 mense
3555 1868 3868 1936 Septembri

2263 1964 2592 2019 absolutum.
2619 1963 2694 2017 Ex
2721 1963 2813 2017 illo
2857 1965 3038 2033 igitur,
3083 1962 3227 2032 quod
3274 1963 3320 2016 si
3370 1977 3477 2016 non
3530 1961 3860 2031 frequentia,

2264 2057 2524 2126 dignitate
2550 2057 2764 2119 saltem,
2796 2072 2859 2110 ac
2887 2055 3172 2110 sanctitate
3208 2055 3585 2124 episcoporum
3628 2053 3720 2124 qui
3764 2053 3863 2107 ad-

2264 2149 2502 2214 fuerunt,
2541 2149 2953 2204 celeberrimum
3007 2150 3147 2204 inter
3186 2147 3419 2202 concilia
3468 2147 3644 2201 locum
3694 2154 3859 2210 tenet,

2264 2258 2365 2314 ego
2394 2259 2456 2296 ea
2479 2243 2756 2296 dumtaxat
2795 2242 3041 2307 colligam
3071 2282 3084 2305 ,
3141 2256 3263 2312 qua;
3319 2242 3386 2295 ah
3436 2240 3683 2294 instituto
3741 2252 3863 2292 meo

2266 2335 2405 2391 haud
2437 2336 2615 2390 aliena
2646 2319 2790 2397 sunt,
2825 2344 2985 2405 atque
3013 2334 3078 2389 ad
3119 2335 3404 2388 Damasum
3435 2335 3687 2388 attinent.

2341 2430 2542 2484 Practer
2560 2429 2677 2497 ejus
2695 2433 2846 2492 Aeta,
2876 2445 2995 2497 qum
3018 2443 3046 2480 a
3064 2425 3338 2481 Chilﬂetio
3353 2426 3552 2480 frustra
3574 2424 3866 2481 Sollicitata

2264 2531 2412 2587 sunt,
2440 2530 2550 2576 tres
2578 2531 2795 2576 exstant
2823 2520 3091 2591 epistolae,
3119 2534 3345 2589 quarum
3371 2519 3602 2588 geminae
3629 2519 3694 2570 ad
3717 2515 3866 2572 Gra-

2263 2614 2467 2669 tianmn
2494 2613 2804 2669 Occidentis
2837 2614 3244 2682 imperatorem,
3279 2613 3450 2666 altera
3497 2611 3563 2665 ad
3613 2608 3869 2664 Theodo-

2264 2707 2402 2763 sium
2436 2708 2689 2776 pertinet,
2719 2720 3042 2774 quamquam
3083 2721 3267 2758 earum
3295 2702 3575 2772 inscriptio
3614 2701 3870 2756 omnibus

2264 2800 2567 2854 communis
2591 2799 2682 2854 sit.
2713 2799 3082 2852 Memorantur
3112 2798 3294 2866 priore
3347 2794 3576 2864 epismla
3627 2809 3688 2848 ca
3741 2809 3871 2862 qua:

2265 2893 2330 2947 ad
2363 2894 2520 2945 ﬁdem
2556 2901 2824 2961 spectant,
2856 2899 2911 2946 et
2937 2891 3182 2944 conlecta
3229 2891 3278 2943 in
3319 2887 3552 2942 concilio
3607 2885 3822 2940 fuerant
3852 2902 3869 2940 :

2264 2987 2542 3057 depositos
2572 2987 2779 3040 scilicet
2827 2984 3122 3040 Palladium
3169 2993 3218 3038 et
3278 2981 3705 3047 Secundianum,
3756 2980 3873 3050 epi-

2265 3093 2460 3148 sc0pos
2489 3079 2743 3143 Arianos,
2778 3087 2940 3146 atque
2965 3075 3200 3131 Attalum
3228 3077 3604 3145 presbyterum
3637 3072 3871 3127 concilio

564 3172 890 3246 deturcapi
938 3191 1098 3246 posse
1151 3193 1214 3231 ex
1267 3178 1509 3246 ejusdem
1560 3171 2245 3250 Constantinopolitanmc
2278 3173 2397 3241 ipso
2427 3182 2741 3240 praesentes.
2793 3168 3020 3223 Palladii
3051 3177 3106 3222 et
3158 3166 3487 3221 Secundiani
3537 3165 3743 3218 mentio
3787 3172 3874 3216 est

567 3267 771 3339 Synodi
800 3269 963 3335 actis,
1003 3271 1199 3338 quibus
1237 3271 1530 3326 Flavianus
1572 3273 1687 3342 ipse
1730 3274 2057 3341 subscribit,
2109 3287 2178 3332 ut.

565 3361 870 3432 presbyter.
932 3363 1002 3416 At
1051 3365 1138 3433 qui
1190 3381 1256 3418 ex
1318 3365 1624 3435 lmjusmodi
1677 3368 2165 3438 subscriptionibus

566 3453 782 3522 aliquod
814 3455 879 3508 ad
905 3471 1028 3510 snas
1057 3457 1339 3525 opiniones
1365 3458 1763 3514 conlirmandas
1792 3472 2162 3532 argumentum

568 3544 825 3611 trahunt,
857 3561 941 3600 me
975 3548 1006 3600 ii
1039 3562 1256 3616 prorsus
1294 3563 1325 3603 e
1373 3551 1613 3604 tenebris
1654 3551 1828 3606 lucem
1876 3564 2122 3622 qumrunt
2148 3596 2161 3618 ,

569 3645 627 3692 ut
656 3637 796 3693 idem
828 3639 1204 3695 Tillemomius
1246 3641 1353 3696 alio
1397 3643 1514 3697 loco
1547 3645 1739 3712 probat
1782 3645 1881 3716 (c),
1915 3662 2014 3715 ego
2041 3662 2168 3702 vero

570 3737 698 3799 puto
723 3730 829 3785 duo
880 3730 1059 3786 habita
1099 3732 1262 3787 fuiSse
1287 3775 1301 3798 ,
1334 3749 1397 3788 ac
1443 3735 1698 3806 distingui
1731 3747 1984 3803 oportere
2025 3754 2169 3790 con-

569 3823 690 3878 cilia
710 3863 722 3883 ,
751 3840 870 3894 qam
898 3837 978 3879 est
1011 3826 1240 3892 plurium
1274 3827 1712 3881 doctissimorum
1743 3827 2018 3882 hominum
2047 3845 2171 3883 sen-

570 3915 776 3978 tentia,
819 3917 1061 3971 Socratis
1112 3933 1173 3971 ac
1221 3919 1507 3972 Sozomeni
1558 3920 1869 3972 testimonio
1919 3936 2024 3974 non
2075 3922 2170 3977 ob-

571 4019 730 4059 scure
757 4007 1096 4063 conﬁrmata.
1137 4009 1373 4063 Primum
1406 4027 1508 4063 non
1536 4011 1671 4067 adeo
1705 4014 1956 4082 frequens
1985 4033 1997 4068 :
2031 4015 2167 4071 alte-

571 4111 690 4150 rum
725 4099 892 4152 multo
921 4098 1274 4166 frequentius.
1309 4101 1362 4156 In
1397 4103 1572 4169 primo
1602 4103 1887 4159 Maximum
1916 4117 2174 4162 exaucto-

571 4195 745 4242 ratum
776 4230 792 4254 ,
838 4205 902 4245 ac
952 4190 1332 4247 conﬁrmatum
1381 4194 1595 4250 Meletio
1658 4197 1888 4265 praeside
1933 4198 1984 4251 in
2039 4200 2170 4254 sede

573 4280 914 4352 Gregorium.
947 4283 1002 4338 In
1035 4285 1208 4340 altero
1230 4328 1243 4352 ,
1274 4287 1357 4341 cui
1386 4287 1680 4358 Gregorius
1709 4290 1997 4360 aliquando
2025 4307 2168 4360 pra:-

572 4371 707 4439 luit,
783 4373 1095 4432 Flavianum
1163 4379 1511 4445 ordinatum,
1575 4396 1638 4436 ac
1705 4381 1904 4438 deinde
1975 4382 2169 4439 Necta-

573 4464 712 4520 rium
741 4508 754 4532 ,
788 4468 1069 4539 editosque
1118 4471 1321 4540 aliquot
1362 4481 1621 4541 pra-terea
1653 4489 1889 4530 canones
1925 4493 1936 4528 :
1971 4477 2173 4531 utrius-

573 4573 677 4628 que
707 4571 885 4615 autem
919 4563 1343 4632 subscriptiones
1366 4606 1380 4627 ,
1413 4573 1468 4619 et
1508 4581 1745 4620 canones
1789 4567 1839 4620 in
1883 4583 2046 4620 unmn
2079 4567 2174 4622 de-

579 4649 703 4705 inde
733 4654 960 4707 collatos
981 4696 994 4718 ,
1027 4669 1092 4709 ac
1122 4671 1188 4710 ex
1225 4656 1427 4726 duplici
1482 4673 1646 4710 unum
1697 4656 1944 4712 eﬁ‘ectum
1991 4673 2055 4713 ac
2082 4676 2169 4714 rc-

576 4753 841 4811 putatum.
892 4746 1026 4802 Hinc
1075 4748 1271 4802 factum
1300 4791 1315 4814 ,
1355 4761 1412 4802 ut
1451 4749 1742 4805 Flavianus
1767 4792 1783 4817 ,
1813 4752 1905 4820 qui
1955 4752 2171 4808 Meletio

577 4833 729 4899 vivo,
767 4837 940 4905 primo
970 4838 1404 4908 subscripserat,
1435 4850 1492 4894 ut
1523 4841 1805 4913 presbyter
1829 4883 1843 4908 ,
1873 4844 2028 4899 alteri
2062 4845 2168 4910 illi,

576 4925 772 4981 iterum
815 4928 1158 4985 subscribere
1205 4940 1486 5002 postquam
1530 4933 1596 4988 ad
1637 4933 2005 5006 episc0patum
2047 4951 2172 4992 eve-

647 5097 726 5171 (a)
765 5098 946 5157 Carm.
975 5103 1042 5158 de
1064 5104 1174 5161 Vit.
1204 5122 1300 5163 sua
1330 5125 1396 5164 ex
1429 5124 1577 5163 num.
1606 5110 1728 5165 151.

651 5172 725 5246 (b)
771 5175 845 5246 ille
871 5173 1109 5246 Flavia".
1140 5189 1242 5233 art.
1273 5182 1334 5245 5,
1371 5190 1502 5234 tom.
1530 5179 1599 5233 Χ.

647 5247 719 5311 (ε)
760 5245 836 5300 De
873 5245 1126 5302 Nazianz.
1165 5262 1292 5305 tom.
1331 5251 1402 5305 IX
1426 5293 1439 5312 ,
1470 5262 1584 5304 not.
1618 5250 1711 5304 42.

647 5317 726 5391 (ά)
752 5316 919 5391 Gpnc.
951 5320 1087 5376 Ven.
1114 5322 1245 5377 edit.
1281 5333 1410 5377 tom.
1439 5321 1503 5382 ll,
1538 5338 1658 5391 pag.
1683 5320 1808 5376 989.

650 5387 723 5460 (e)
767 5389 868 5446 llic
917 5391 1310 5449 latrocinaliter
1364 5387 1812 5449 l’etavionensem
1870 5392 2170 5447 Ecclesiam

577 5470 958 5536 occupaverat.
989 5464 1126 5519 Sunt
1151 5466 1244 5536 qui
1291 5481 1356 5521 eo
1388 5465 1651 5522 vocabulo
1684 5465 1828 5519 illam
1871 5463 2178 5535 intelligant

577 5540 700 5608 qua:
727 5533 1266 5608 nunc‘Passaviensis
1293 5537 1512 5602 dicitur,
1545 5536 1689 5605 quod
1718 5546 1944 5608 utraque
1987 5533 2173 5589 in‘No-

578 5601 695 5654 rico
711 5601 823 5679 sita
850 5603 938 5679 sit,
967 5621 1030 5679 ac
1055 5607 1172 5679 ﬁeri
1203 5601 1613 5679 facilepomerit
1665 5616 1725 5679 ut
1764 5601 2177 5679 Petavionensis,

577 5667 1023 5750 seuuPetavtensis
1051 5677 1103 5750 in
1135 5667 1525 5750 Petavien'sent,
1553 5695 1614 5734 ac
1658 5673 1936 5749 pustremo
1969 5678 2020 5731 in
2051 5667 2181 5732 Pas;

581 5747 866 5795 sariensem
898 5747 1191 5802 transierit.
1231 5750 1349 5806 Vid.
1402 5747 1678 5810 auctorem
1709 5750 2085 5808 commentarii
2113 5751 2182 5805 de

2268 3265 2322 3320 in
2353 3265 2546 3318 litteris
2573 3261 3003 3332 Singcdunensis
3030 3260 3398 3324 conciliabuli,
3425 3269 3478 3312 et
3504 3259 3556 3312 in
3609 3255 3872 3313 Gertninii

2268 3363 2333 3416 ad
2359 3378 2451 3416 eas
2480 3376 2766 3431 respooso,
2801 3375 2944 3413 anno
2974 3359 3079 3414 566
3106 3359 3217 3428 jam
3266 3359 3478 3413 labente
3507 3357 3757 3426 Scriptis:
3814 3367 3878 3409 at

2268 3455 2641 3511 Secundianus
2700 3452 2938 3506 nondum
3004 3463 3288 3522 promotus
3355 3450 3420 3504 ad
3497 3450 3876 3519 episcopatum

2268 3548 2444 3601 fuerat
2477 3547 2580 3618 (ά).
2613 3546 2995 3614 Presbyterum
3020 3545 3254 3599 Attalum
3278 3543 3652 3614 Aquileienses
3684 3541 3879 3597 Patres

2269 3639 2467 3694 .luliani
2500 3639 2740 3693 Valentis
2763 3638 3087 3709 discipulum
3145 3647 3342 3692 vocant
3368 3657 3381 3691 :
3431 3637 3712 3692 Valenttm
3743 3651 3878 3690 vero

2274 3734 2472 3802 ipsum,
2516 3748 2842 3802 quamquam
2876 3749 2980 3786 non
3007 3732 3163 3798 longe
3191 3732 3431 3797 abesset,
3461 3732 3748 3784 concilium
3779 3729 3881 3784 de-

2273 3824 2506 3878 clinasse
2535 3824 2799 3882 scribunt.
2837 3841 2903 3876 nc
2930 3840 3118 3878 eversa:
3165 3824 3350 3894 patria:
3381 3866 3395 3890 ,
3455 3825 3882 3895 perditorumque

2271 3915 2459 3969 nivium
2489 3932 2672 3969 causas
2714 3906 2986 3984 praéstares
3017 3917 3069 3970 in
3089 3934 3145 3970 eo
3177 3927 3432 3970 teneretur
3479 3915 3572 3986 le).
3632 3915 3730 3968 Hic
3759 3927 3880 3987 post

2275 4010 2551 4079 proditam,
2584 4019 2643 4063 ut
2674 4011 2990 4064 Ambrosius
3020 4011 3115 4076 ait,
3151 4009 3335 4064 Gal/tis
3357 4015 3599 4080 patriam,
3658 4011 3710 4064 in
3765 4009 3876 4064 Ila-

2278 4100 2403 4155 liam
2442 4112 2766 4164 secesserat,
2807 4117 3037 4171 eamque
3077 4104 3449 4157 contaminare
3485 4144 3498 4168 ,
3545 4113 3601 4156 et
3650 4101 3878 4155 inﬁcere

2276 4196 2576 4248 cOnahatur
2600 4194 2914 4248 constitutis
2943 4194 3106 4248 variis
3139 4195 3189 4246 in
3221 4192 3374 4257 locis,
3406 4193 3557 4247 falsis
3574 4209 3687 4248 sua:
3709 4203 3878 4248 sectae

2277 4286 2758 4356 episcopis,atque
2801 4285 2904 4340 hoc
2951 4286 3070 4352 ipso
3120 4300 3304 4352 anno,
3361 4294 3416 4339 et
3460 4294 3724 4354 tempore,
3770 4299 3880 4353 quo

2277 4382 2566 4436 concilium
2613 4393 2995 4451 cungregatum
3042 4382 3252 4446 luerat,
3317 4380 3602 4435 Mediolani
3654 4379 3878 4443 latebat,

2277 4474 2504 4531 Iustinae
2525 4474 2669 4530 forte
2700 4475 2954 4544 prmsidio
2987 4484 3150 4530 tutus.
3184 4474 3336 4530 Hunc
3374 4475 3535 4544 igitur
3563 4490 3592 4528 a
3620 4474 3882 4529 Gratiano

2281 4579 2470 4638 petunt
2502 4578 2559 4621 ut
2579 4568 2797 4623 domum
2827 4584 2979 4622 suam
3003 4577 3258 4638 repetere
3291 4568 3516 4638 jnheat,
3573 4576 3736 4637 atque
3776 4564 3880 4619 llo-

2278 4663 2618 4716 rcntissimas
2649 4661 2813 4717 Italia:
2843 4662 3094 4717 civitates
3125 4677 3186 4716 ea
3215 4671 3372 4732 peste
3402 4661 3618 4715 liberet.

2349 4752 2405 4806 lu
2435 4754 2601 4806 altera
2629 4752 2746 4822 ejus
2768 4753 2982 4808 concilii
3025 4753 3254 4822 epistola
3286 4752 3355 4807 de
3405 4751 3654 4807 Ursicino
3677 4749 3882 4820 agitur,

2275 4859 2446 4914 eaque
2475 4845 2665 4900 eodem
2699 4856 2964 4918 tempore,
3008 4864 3116 4916 quo
3150 4848 3316 4915 prior,
3343 4845 3546 4916 scripta
3596 4861 3658 4900 ac
3691 4846 3890 4911 legatis

2276 4939 2601 4994 abeuntibus
2633 4940 2827 4995 tradita
2859 4949 2962 5006 est,
2997 4949 3056 4994 ut
3085 4940 3261 4995 cidem
3312 4939 3574 4996 Gratiano
3626 4937 3892 4994 reddere-

2287 5109 2566 5164 Litteratis
2592 5109 2780 5176 Italiae,
2811 5108 3055 5162 Venetiis
3077 5108 3327 5179 impressi
3356 5125 3484 5164 ann.
3536 5110 3700 5176 1749,
3750 5120 3889 5166 tom.

2285 5181 2354 5246 Il,
2385 5195 2447 5233 ac
2476 5179 2786 5234 Tillemont.
2818 5188 2950 5233 tom.
2988 5180 3049 5244 V,
3079 5196 3199 5250 pag.
3229 5181 3356 5235 707.
3411 5179 3593 5236 IEtate
3643 5182 3892 5249 profecto

2289 5251 2566 5305 Innocenti
2594 5250 2683 5312 Ill,
2710 5262 2766 5303 nt
2794 5265 2892 5320 ego
2922 5266 2988 5304 ex
3012 5250 3128 5319 ejus
3161 5252 3431 5320 pontiﬁcis
3462 5253 3690 5315 cpistola
3723 5253 3776 5306 in
3799 5268 3894 5306 ar-

2282 5323 2468 5377 chivio
2492 5322 2828 5376 Passaviensi
2859 5332 3136 5377 asservata
3162 5323 3290 5376 olim
3317 5323 3420 5392 legi
3454 5321 3777 5378 Patauiensis
3807 5325 3893 5378 di-

2282 5393 2526 5448 cebatur.
2556 5392 2612 5447 Si
2637 5393 2813 5462 itaque
2864 5394 2978 5447 ha-c
3021 5409 3142 5448 vera
3188 5403 3336 5460 sunt,
3370 5395 3735 5450 Passavnensis
3783 5394 3890 5449 Ec-

2283 5464 2450 5520 clesia
2483 5463 2816 5519 Victorinum
2859 5468 3172 5535 episcopum
3203 5474 3256 5517 et
3286 5475 3605 5536 martyrem,
3645 5467 3729 5520 cui
3763 5465 3892 5520 Ilie-

2285 5551 2546 5605 ronymus
2570 5538 2619 5589 in
2648 5536 2891 5602 catalogo
2925 5539 3099 5590 locum
3123 5537 3294 5602 dedit,
3341 5536 3442 5590 sibi
3483 5539 3682 5592 merito
3712 5538 3894 5591 vindi-

2285 5609 2451 5663 cabit.
2480 5607 2681 5661 Deinde
2705 5608 2931 5662 illustris
2954 5610 3070 5671 eius
3093 5607 3231 5662 eleri
3275 5617 3330 5661 et
3383 5608 3566 5677 populi
3624 5608 3892 5663 laudanda

2286 5679 2500 5751 religio,
2534 5689 2587 5732 et
2618 5679 2752 5734 lldes
2775 5679 2900 5744 erit,
2931 5679 3026 5751 qui
3058 5680 3318 5734 latronem
3350 5679 3498 5751 illum
3526 5679 3628 5751 sibi
3655 5693 3894 5751 praeesse

2288 5749 2523 5808 noluerit
2547 5764 2609 5804 ac
2640 5751 2871 5820 turpiter
2896 5749 3155 5819 reiectum
3188 5764 3220 5804 a
3251 5765 3311 5806 se
3343 5749 3632 5820 expulerit.
