  <div class='ocr_page' id='page_1' title='image "/cluster/home/n/w/nwhite01/storage/ocr_20150623/13/hvd.32044096580428/118.png"; bbox 0 0 4138 6178; ppageno 0'>
   <div class='ocr_carea' id='block_1_1' title="bbox 215 213 332 270">
    <p class='ocr_par' dir='ltr' id='par_1_1' title="bbox 215 213 332 270">
     <span class='ocr_line' id='line_1_1' title="bbox 215 213 332 270; baseline 0 -1"><span class='ocrx_word' id='word_1_1' title='bbox 215 213 332 270; x_wconf 68' lang='grc'><strong>225</strong></span> 
     </span>
    </p>
   </div>
   <div class='ocr_carea' id='block_1_2' title="bbox 1609 216 2164 276">
    <p class='ocr_par' dir='ltr' id='par_1_2' title="bbox 1609 216 2164 276">
     <span class='ocr_line' id='line_1_2' title="bbox 1609 216 2164 276; baseline -0.004 -3"><span class='ocrx_word' id='word_1_2' title='bbox 1609 216 2164 276; x_wconf 63' lang='grc' dir='ltr'><strong>ΡΚΟΕΕΟΟΜΕΝΑ.’</strong></span> 
     </span>
    </p>
   </div>
   <div class='ocr_carea' id='block_1_3' title="bbox 3417 228 3524 286">
    <p class='ocr_par' dir='ltr' id='par_1_3' title="bbox 3417 228 3524 286">
     <span class='ocr_line' id='line_1_3' title="bbox 3417 228 3524 286; baseline 0.019 -3"><span class='ocrx_word' id='word_1_3' title='bbox 3417 228 3524 286; x_wconf 71' lang='grc' dir='ltr'><strong>2Ξ6</strong></span> 
     </span>
    </p>
   </div>
   <div class='ocr_carea' id='block_1_4' title="bbox 221 325 3529 409">
    <p class='ocr_par' dir='ltr' id='par_1_4' title="bbox 221 325 3529 409">
     <span class='ocr_line' id='line_1_4' title="bbox 221 325 3529 409; baseline 0.005 -29"><span class='ocrx_word' id='word_1_4' title='bbox 221 339 324 381; x_wconf 90' lang='lat' dir='ltr'><strong>tur.</strong></span> <span class='ocrx_word' id='word_1_5' title='bbox 358 329 654 396; x_wconf 75' lang='lat' dir='ltr'><strong>Postquam</strong></span> <span class='ocrx_word' id='word_1_6' title='bbox 677 327 842 398; x_wconf 77' lang='lat' dir='ltr'><strong>igitur</strong></span> <span class='ocrx_word' id='word_1_7' title='bbox 870 325 1106 383; x_wconf 77' lang='lat' dir='ltr'><strong>decretis</strong></span> <span class='ocrx_word' id='word_1_8' title='bbox 1122 326 1236 383; x_wconf 85' lang='lat' dir='ltr'><strong>suis</strong></span> <span class='ocrx_word' id='word_1_9' title='bbox 1263 342 1322 384; x_wconf 90' lang='lat' dir='ltr'><strong>se</strong></span> <span class='ocrx_word' id='word_1_10' title='bbox 1354 330 1650 398; x_wconf 81' lang='lat' dir='ltr'><strong>providisse</strong></span> <span class='ocrx_word' id='word_1_11' title='bbox 1671 341 1823 399; x_wconf 88' lang='lat' dir='ltr'><strong>puta-</strong></span> <span class='ocrx_word' id='word_1_12' title='bbox 1850 343 1896 401; x_wconf 76' lang='grc' dir='ltr'><strong>Α</strong></span> <span class='ocrx_word' id='word_1_13' title='bbox 1928 331 2270 398; x_wconf 91' lang='lat' dir='ltr'><strong>Ambrosius,</strong></span> <span class='ocrx_word' id='word_1_14' title='bbox 2295 331 2492 405; x_wconf 84' lang='lat' dir='ltr'><strong>aliique</strong></span> <span class='ocrx_word' id='word_1_15' title='bbox 2519 349 2706 390; x_wconf 86' lang='lat' dir='ltr'><strong>eorum</strong></span> <span class='ocrx_word' id='word_1_16' title='bbox 2735 337 2940 406; x_wconf 80' lang='lat' dir='ltr'><strong>plures,</strong></span> <span class='ocrx_word' id='word_1_17' title='bbox 2968 339 3058 409; x_wconf 89' lang='lat' dir='ltr'><strong>qui</strong></span> <span class='ocrx_word' id='word_1_18' title='bbox 3087 339 3261 396; x_wconf 89' lang='lat' dir='ltr'><strong>eidem</strong></span> <span class='ocrx_word' id='word_1_19' title='bbox 3294 341 3529 396; x_wconf 90' lang='lat' dir='ltr'><strong>concilio</strong></span> 
     </span>
    </p>
   </div>
   <div class='ocr_carea' id='block_1_5' title="bbox 220 417 1821 491">
    <p class='ocr_par' dir='ltr' id='par_1_5' title="bbox 220 417 1821 491">
     <span class='ocr_line' id='line_1_5' title="bbox 220 417 1821 491; baseline 0.004 -19"><span class='ocrx_word' id='word_1_20' title='bbox 220 427 429 482; x_wconf 87' lang='lat' dir='ltr'><strong>verant,</strong></span> <span class='ocrx_word' id='word_1_21' title='bbox 463 434 534 473; x_wconf 90' lang='lat' dir='ltr'><strong>ne</strong></span> <span class='ocrx_word' id='word_1_22' title='bbox 561 419 672 473; x_wconf 89' lang='lat' dir='ltr'><strong>duo</strong></span> <span class='ocrx_word' id='word_1_23' title='bbox 695 417 795 483; x_wconf 85' lang='lat' dir='ltr'><strong>illi,</strong></span> <span class='ocrx_word' id='word_1_24' title='bbox 817 419 907 489; x_wconf 91' lang='lat' dir='ltr'><strong>qui</strong></span> <span class='ocrx_word' id='word_1_25' title='bbox 929 418 1080 486; x_wconf 80' lang='lat' dir='ltr'><strong>juxta</strong></span> <span class='ocrx_word' id='word_1_26' title='bbox 1100 419 1355 490; x_wconf 91' lang='lat' dir='ltr'><strong>angulum</strong></span> <span class='ocrx_word' id='word_1_27' title='bbox 1374 421 1601 491; x_wconf 83' lang='lat' dir='ltr'><strong>ripensis</strong></span> <span class='ocrx_word' id='word_1_28' title='bbox 1626 423 1821 488; x_wconf 66' lang='lat' dir='ltr'><strong>Daciae,</strong></span> 
     </span>
    </p>
   </div>
   <div class='ocr_carea' id='block_1_6' title="bbox 220 511 1827 585">
    <p class='ocr_par' dir='ltr' id='par_1_6' title="bbox 220 511 1827 585">
     <span class='ocr_line' id='line_1_6' title="bbox 220 511 1827 585; baseline 0.004 -19"><span class='ocrx_word' id='word_1_29' title='bbox 220 512 498 568; x_wconf 65' lang='lat' dir='ltr'><strong>Nicaeuum</strong></span> <span class='ocrx_word' id='word_1_30' title='bbox 526 511 822 567; x_wconf 87' lang='lat' dir='ltr'><strong>concilium</strong></span> <span class='ocrx_word' id='word_1_31' title='bbox 853 528 1168 584; x_wconf 79' lang='lat' dir='ltr'><strong>Oppugnare</strong></span> <span class='ocrx_word' id='word_1_32' title='bbox 1194 515 1310 569; x_wconf 86' lang='lat' dir='ltr'><strong>ausi</strong></span> <span class='ocrx_word' id='word_1_33' title='bbox 1340 513 1572 580; x_wconf 89' lang='lat' dir='ltr'><strong>fuerant,</strong></span> <span class='ocrx_word' id='word_1_34' title='bbox 1593 518 1827 585; x_wconf 79' lang='lat' dir='ltr'><strong>amplius</strong></span> 
     </span>
    </p>
   </div>
   <div class='ocr_carea' id='block_1_7' title="bbox 219 603 1828 675">
    <p class='ocr_par' dir='ltr' id='par_1_7' title="bbox 219 603 1828 675">
     <span class='ocr_line' id='line_1_7' title="bbox 219 603 1828 675; baseline 0.004 -17"><span class='ocrx_word' id='word_1_35' title='bbox 219 603 399 660; x_wconf 88' lang='lat' dir='ltr'><strong>latere</strong></span> <span class='ocrx_word' id='word_1_36' title='bbox 438 619 502 660; x_wconf 88' lang='lat' dir='ltr'><strong>ac</strong></span> <span class='ocrx_word' id='word_1_37' title='bbox 529 620 792 659; x_wconf 87' lang='lat' dir='ltr'><strong>venenum</strong></span> <span class='ocrx_word' id='word_1_38' title='bbox 826 604 1085 659; x_wconf 90' lang='lat' dir='ltr'><strong>Arianum</strong></span> <span class='ocrx_word' id='word_1_39' title='bbox 1114 605 1302 660; x_wconf 79' lang='lat' dir='ltr'><strong>amare</strong></span> <span class='ocrx_word' id='word_1_40' title='bbox 1328 618 1569 675; x_wconf 78' lang='lat' dir='ltr'><strong>possent,</strong></span> <span class='ocrx_word' id='word_1_41' title='bbox 1600 609 1744 663; x_wconf 87' lang='lat' dir='ltr'><strong>aliud</strong></span> <span class='ocrx_word' id='word_1_42' title='bbox 1769 624 1828 664; x_wconf 89' lang='lat' dir='ltr'><strong>se</strong></span> 
     </span>
    </p>
   </div>
   <div class='ocr_carea' id='block_1_8' title="bbox 225 697 1826 769">
    <p class='ocr_par' dir='ltr' id='par_1_8' title="bbox 225 697 1826 769">
     <span class='ocr_line' id='line_1_8' title="bbox 225 697 1826 769; baseline 0.002 -17"><span class='ocrx_word' id='word_1_43' title='bbox 225 699 508 768; x_wconf 88' lang='lat' dir='ltr'><strong>negotium</strong></span> <span class='ocrx_word' id='word_1_44' title='bbox 537 714 724 752; x_wconf 87' lang='lat' dir='ltr'><strong>curare</strong></span> <span class='ocrx_word' id='word_1_45' title='bbox 755 697 1008 754; x_wconf 86' lang='lat' dir='ltr'><strong>debuisse</strong></span> <span class='ocrx_word' id='word_1_46' title='bbox 1058 700 1229 763; x_wconf 88' lang='lat' dir='ltr'><strong>aiunt,</strong></span> <span class='ocrx_word' id='word_1_47' title='bbox 1256 700 1634 769; x_wconf 88' lang='lat' dir='ltr'><strong>gravissimum</strong></span> <span class='ocrx_word' id='word_1_48' title='bbox 1672 717 1826 767; x_wconf 90' lang='lat' dir='ltr'><strong>sane,</strong></span> 
     </span>
    </p>
   </div>
   <div class='ocr_carea' id='block_1_9' title="bbox 223 791 1826 865">
    <p class='ocr_par' dir='ltr' id='par_1_9' title="bbox 223 791 1826 865">
     <span class='ocr_line' id='line_1_9' title="bbox 223 791 1826 865; baseline 0.002 -20"><span class='ocrx_word' id='word_1_49' title='bbox 223 806 292 847; x_wconf 85' lang='lat' dir='ltr'><strong>ac</strong></span> <span class='ocrx_word' id='word_1_50' title='bbox 325 808 568 861; x_wconf 84' lang='lat' dir='ltr'><strong>magnam</strong></span> <span class='ocrx_word' id='word_1_51' title='bbox 599 791 730 861; x_wconf 83' lang='lat' dir='ltr'><strong>ipsis</strong></span> <span class='ocrx_word' id='word_1_52' title='bbox 751 791 1173 847; x_wconf 71' lang='lat' dir='ltr'><strong>sollicitudinem</strong></span> <span class='ocrx_word' id='word_1_53' title='bbox 1196 791 1448 857; x_wconf 81' lang='lat' dir='ltr'><strong>all&#39;erens,</strong></span> <span class='ocrx_word' id='word_1_54' title='bbox 1470 795 1666 864; x_wconf 90' lang='lat' dir='ltr'><strong>quippe</strong></span> <span class='ocrx_word' id='word_1_55' title='bbox 1685 795 1826 865; x_wconf 90' lang='lat' dir='ltr'><strong>quod</strong></span> 
     </span>
    </p>
   </div>
   <div class='ocr_carea' id='block_1_10' title="bbox 225 885 1827 959">
    <p class='ocr_par' dir='ltr' id='par_1_10' title="bbox 225 885 1827 959">
     <span class='ocr_line' id='line_1_10' title="bbox 225 885 1827 959; baseline 0.001 -17"><span class='ocrx_word' id='word_1_56' title='bbox 225 887 490 943; x_wconf 77' lang='lat' dir='ltr'><strong>Ecclesia:</strong></span> <span class='ocrx_word' id='word_1_57' title='bbox 514 902 705 957; x_wconf 91' lang='lat' dir='ltr'><strong>corpus</strong></span> <span class='ocrx_word' id='word_1_58' title='bbox 740 895 853 941; x_wconf 91' lang='lat' dir='ltr'><strong>toto</strong></span> <span class='ocrx_word' id='word_1_59' title='bbox 883 887 1016 941; x_wconf 89' lang='lat' dir='ltr'><strong>orbe</strong></span> <span class='ocrx_word' id='word_1_60' title='bbox 1055 885 1307 940; x_wconf 69' lang='lat' dir='ltr'><strong>diliusum</strong></span> <span class='ocrx_word' id='word_1_61' title='bbox 1359 888 1575 942; x_wconf 91' lang='lat' dir='ltr'><strong>turbare</strong></span> <span class='ocrx_word' id='word_1_62' title='bbox 1621 898 1827 959; x_wconf 91' lang='lat' dir='ltr'><strong>posset.</strong></span> 
     </span>
    </p>
   </div>
   <div class='ocr_carea' id='block_1_11' title="bbox 227 978 1828 1049">
    <p class='ocr_par' dir='ltr' id='par_1_11' title="bbox 227 978 1828 1049">
     <span class='ocr_line' id='line_1_11' title="bbox 227 978 1828 1049; baseline 0.001 -15"><span class='ocrx_word' id='word_1_63' title='bbox 227 980 434 1034; x_wconf 82' lang='lat' dir='ltr'><strong>Eorum</strong></span> <span class='ocrx_word' id='word_1_64' title='bbox 466 994 585 1034; x_wconf 85' lang='lat' dir='ltr'><strong>vero</strong></span> <span class='ocrx_word' id='word_1_65' title='bbox 615 978 798 1033; x_wconf 77' lang='lat' dir='ltr'><strong>verbis</strong></span> <span class='ocrx_word' id='word_1_66' title='bbox 827 979 1150 1046; x_wconf 77' lang='lat' dir='ltr'><strong>exprimam,</strong></span> <span class='ocrx_word' id='word_1_67' title='bbox 1185 979 1311 1049; x_wconf 88' lang='lat' dir='ltr'><strong>quid</strong></span> <span class='ocrx_word' id='word_1_68' title='bbox 1337 980 1437 1035; x_wconf 89' lang='lat' dir='ltr'><strong>hoc</strong></span> <span class='ocrx_word' id='word_1_69' title='bbox 1474 980 1652 1034; x_wconf 90' lang='lat' dir='ltr'><strong>fuerit.</strong></span> <span class='ocrx_word' id='word_1_70' title='bbox 1687 980 1828 1035; x_wconf 88' lang='lat' dir='ltr'><strong>Licet</strong></span> 
     </span>
    </p>
   </div>
   <div class='ocr_carea' id='block_1_12' title="bbox 224 1070 1830 1141">
    <p class='ocr_par' dir='ltr' id='par_1_12' title="bbox 224 1070 1830 1141">
     <span class='ocr_line' id='line_1_12' title="bbox 224 1070 1830 1141; baseline 0.004 -18"><span class='ocrx_word' id='word_1_71' title='bbox 224 1072 516 1141; x_wconf 75' lang='lat' dir='ltr'><strong>frequenter</strong></span> <span class='ocrx_word' id='word_1_72' title='bbox 566 1071 976 1141; x_wconf 86' lang='lat' dir='ltr'><strong>compererimus</strong></span> <span class='ocrx_word' id='word_1_73' title='bbox 1013 1070 1259 1126; x_wconf 78' lang='lat' dir='ltr'><strong>Ursinum</strong></span> <span class='ocrx_word' id='word_1_74' title='bbox 1288 1089 1392 1126; x_wconf 88' lang='lat' dir='ltr'><strong>non</strong></span> <span class='ocrx_word' id='word_1_75' title='bbox 1421 1075 1645 1141; x_wconf 84' lang='lat' dir='ltr'><strong>potuisse</strong></span> <span class='ocrx_word' id='word_1_76' title='bbox 1684 1074 1830 1130; x_wconf 88' lang='lat' dir='ltr'><strong>obre-</strong></span> 
     </span>
    </p>
   </div>
   <div class='ocr_carea' id='block_1_13' title="bbox 221 1164 1830 1236">
    <p class='ocr_par' dir='ltr' id='par_1_13' title="bbox 221 1164 1830 1236">
     <span class='ocr_line' id='line_1_13' title="bbox 221 1164 1830 1236; baseline 0.002 -20"><span class='ocrx_word' id='word_1_77' title='bbox 221 1180 344 1234; x_wconf 84' lang='lat' dir='ltr'><strong>pere</strong></span> <span class='ocrx_word' id='word_1_78' title='bbox 367 1165 547 1235; x_wconf 76' lang='lat' dir='ltr'><strong>pietati</strong></span> <span class='ocrx_word' id='word_1_79' title='bbox 581 1173 780 1226; x_wconf 74' lang='lat' dir='ltr'><strong>vestrm,</strong></span> <span class='ocrx_word' id='word_1_80' title='bbox 806 1165 1038 1231; x_wconf 79' lang='lat' dir='ltr'><strong>quamvis</strong></span> <span class='ocrx_word' id='word_1_81' title='bbox 1066 1165 1292 1234; x_wconf 88' lang='lat' dir='ltr'><strong>quietum</strong></span> <span class='ocrx_word' id='word_1_82' title='bbox 1325 1164 1457 1217; x_wconf 81' lang='lat' dir='ltr'><strong>nihil</strong></span> <span class='ocrx_word' id='word_1_83' title='bbox 1496 1181 1604 1219; x_wconf 85' lang='lat' dir='ltr'><strong>esse</strong></span> <span class='ocrx_word' id='word_1_84' title='bbox 1658 1168 1830 1236; x_wconf 90' lang='lat' dir='ltr'><strong>patia-</strong></span> 
     </span>
    </p>
   </div>
   <div class='ocr_carea' id='block_1_14' title="bbox 220 1258 1830 1330">
    <p class='ocr_par' dir='ltr' id='par_1_14' title="bbox 220 1258 1830 1330">
     <span class='ocr_line' id='line_1_14' title="bbox 220 1258 1830 1330; baseline 0.003 -20"><span class='ocrx_word' id='word_1_85' title='bbox 220 1267 329 1319; x_wconf 81' lang='lat' dir='ltr'><strong>tur,</strong></span> <span class='ocrx_word' id='word_1_86' title='bbox 376 1267 424 1311; x_wconf 89' lang='lat' dir='ltr'><strong>et</strong></span> <span class='ocrx_word' id='word_1_87' title='bbox 468 1259 607 1311; x_wconf 87' lang='lat' dir='ltr'><strong>inter</strong></span> <span class='ocrx_word' id='word_1_88' title='bbox 638 1258 847 1311; x_wconf 88' lang='lat' dir='ltr'><strong>bellicas</strong></span> <span class='ocrx_word' id='word_1_89' title='bbox 896 1259 1223 1312; x_wconf 76' lang='lat' dir='ltr'><strong>necessitates</strong></span> <span class='ocrx_word' id='word_1_90' title='bbox 1264 1259 1490 1330; x_wconf 87' lang='lat' dir='ltr'><strong>obreptio</strong></span> <span class='ocrx_word' id='word_1_91' title='bbox 1536 1261 1830 1328; x_wconf 83' lang='lat' dir='ltr'><strong>importuna</strong></span> 
     </span>
    </p>
   </div>
   <div class='ocr_carea' id='block_1_15' title="bbox 221 1353 1827 1422">
    <p class='ocr_par' dir='ltr' id='par_1_15' title="bbox 221 1353 1827 1422">
     <span class='ocr_line' id='line_1_15' title="bbox 221 1353 1827 1422; baseline 0.002 -20"><span class='ocrx_word' id='word_1_92' title='bbox 221 1359 476 1415; x_wconf 83' lang='lat' dir='ltr'><strong>tentetur,</strong></span> <span class='ocrx_word' id='word_1_93' title='bbox 501 1362 668 1405; x_wconf 83' lang='lat' dir='ltr'><strong>tamen</strong></span> <span class='ocrx_word' id='word_1_94' title='bbox 699 1368 760 1404; x_wconf 89' lang='lat' dir='ltr'><strong>ne</strong></span> <span class='ocrx_word' id='word_1_95' title='bbox 801 1360 979 1405; x_wconf 86' lang='lat' dir='ltr'><strong>sancta</strong></span> <span class='ocrx_word' id='word_1_96' title='bbox 1015 1368 1157 1406; x_wconf 87' lang='lat' dir='ltr'><strong>mens</strong></span> <span class='ocrx_word' id='word_1_97' title='bbox 1187 1361 1352 1406; x_wconf 85' lang='lat' dir='ltr'><strong>t&#39;estra</strong></span> <span class='ocrx_word' id='word_1_98' title='bbox 1399 1353 1658 1422; x_wconf 80' lang='lat' dir='ltr'><strong>animique</strong></span> <span class='ocrx_word' id='word_1_99' title='bbox 1685 1365 1827 1408; x_wconf 88' lang='lat' dir='ltr'><strong>tran-</strong></span> 
     </span>
    </p>
   </div>
   <div class='ocr_carea' id='block_1_16' title="bbox 218 1444 1829 1517">
    <p class='ocr_par' dir='ltr' id='par_1_16' title="bbox 218 1444 1829 1517">
     <span class='ocr_line' id='line_1_16' title="bbox 218 1444 1829 1517; baseline 0.004 -24"><span class='ocrx_word' id='word_1_100' title='bbox 218 1445 488 1511; x_wconf 85' lang='lat' dir='ltr'><strong>quillitas,</strong></span> <span class='ocrx_word' id='word_1_101' title='bbox 516 1461 626 1512; x_wconf 79' lang='lat' dir='ltr'><strong>qute</strong></span> <span class='ocrx_word' id='word_1_102' title='bbox 647 1444 879 1497; x_wconf 88' lang='lat' dir='ltr'><strong>onmibus</strong></span> <span class='ocrx_word' id='word_1_103' title='bbox 906 1444 1175 1498; x_wconf 83' lang='lat' dir='ltr'><strong>consulere</strong></span> <span class='ocrx_word' id='word_1_104' title='bbox 1196 1446 1365 1517; x_wconf 80' lang='lat' dir='ltr'><strong>gestit,</strong></span> <span class='ocrx_word' id='word_1_105' title='bbox 1405 1447 1691 1516; x_wconf 88' lang='lat' dir='ltr'><strong>importuni</strong></span> <span class='ocrx_word' id='word_1_106' title='bbox 1733 1450 1829 1500; x_wconf 83' lang='lat' dir='ltr'><strong>lto-</strong></span> 
     </span>
    </p>
   </div>
   <div class='ocr_carea' id='block_1_17' title="bbox 218 1538 1823 1608">
    <p class='ocr_par' dir='ltr' id='par_1_17' title="bbox 218 1538 1823 1608">
     <span class='ocr_line' id='line_1_17' title="bbox 218 1538 1823 1608; baseline 0.004 -20"><span class='ocrx_word' id='word_1_107' title='bbox 218 1539 383 1590; x_wconf 86' lang='lat' dir='ltr'><strong>minis</strong></span> <span class='ocrx_word' id='word_1_108' title='bbox 407 1538 651 1592; x_wconf 82' lang='lat' dir='ltr'><strong>simulata</strong></span> <span class='ocrx_word' id='word_1_109' title='bbox 675 1538 973 1592; x_wconf 78' lang='lat' dir='ltr'><strong>adulatione</strong></span> <span class='ocrx_word' id='word_1_110' title='bbox 992 1540 1230 1607; x_wconf 79' lang='lat' dir='ltr'><strong>ﬂectatur</strong></span> <span class='ocrx_word' id='word_1_111' title='bbox 1255 1579 1269 1601; x_wconf 92' lang='lat'><strong>,</strong></span> <span class='ocrx_word' id='word_1_112' title='bbox 1321 1539 1676 1608; x_wconf 81' lang='lat' dir='ltr'><strong>deprecandos</strong></span> <span class='ocrx_word' id='word_1_113' title='bbox 1717 1557 1823 1604; x_wconf 86' lang='lat' dir='ltr'><strong>vos,</strong></span> 
     </span>
    </p>
   </div>
   <div class='ocr_carea' id='block_1_18' title="bbox 212 1631 1830 1704">
    <p class='ocr_par' dir='ltr' id='par_1_18' title="bbox 212 1631 1830 1704">
     <span class='ocr_line' id='line_1_18' title="bbox 212 1631 1830 1704; baseline 0.002 -20"><span class='ocrx_word' id='word_1_114' title='bbox 212 1641 266 1684; x_wconf 87' lang='lat' dir='ltr'><strong>ct</strong></span> <span class='ocrx_word' id='word_1_115' title='bbox 295 1631 662 1693; x_wconf 84' lang='lat' dir='ltr'><strong>obsecrandos,</strong></span> <span class='ocrx_word' id='word_1_116' title='bbox 691 1632 735 1684; x_wconf 87' lang='lat' dir='ltr'><strong>si</strong></span> <span class='ocrx_word' id='word_1_117' title='bbox 770 1632 1044 1704; x_wconf 77' lang='lat' dir='ltr'><strong>dignanter</strong></span> <span class='ocrx_word' id='word_1_118' title='bbox 1080 1632 1294 1696; x_wconf 78' lang='lat' dir='ltr'><strong>ducitis,</strong></span> <span class='ocrx_word' id='word_1_119' title='bbox 1332 1634 1648 1686; x_wconf 76' lang='lat' dir='ltr'><strong>(estimamus</strong></span> <span class='ocrx_word' id='word_1_120' title='bbox 1674 1675 1688 1698; x_wconf 91' lang='lat'><strong>,</strong></span> <span class='ocrx_word' id='word_1_121' title='bbox 1728 1651 1830 1687; x_wconf 85' lang='lat' dir='ltr'><strong>non</strong></span> 
     </span>
    </p>
   </div>
   <div class='ocr_carea' id='block_1_19' title="bbox 1929 425 3526 498">
    <p class='ocr_par' dir='ltr' id='par_1_19' title="bbox 1929 425 3526 498">
     <span class='ocr_line' id='line_1_19' title="bbox 1929 425 3526 498; baseline 0.008 -20"><span class='ocrx_word' id='word_1_122' title='bbox 1929 425 2234 490; x_wconf 78' lang='lat' dir='ltr'><strong>adfuerant,</strong></span> <span class='ocrx_word' id='word_1_123' title='bbox 2264 433 2388 481; x_wconf 91' lang='lat' dir='ltr'><strong>tunc</strong></span> <span class='ocrx_word' id='word_1_124' title='bbox 2417 425 2684 498; x_wconf 64' lang='lat' dir='ltr'><strong>Aquileia:</strong></span> <span class='ocrx_word' id='word_1_125' title='bbox 2708 431 2889 498; x_wconf 89' lang='lat' dir='ltr'><strong>positi,</strong></span> <span class='ocrx_word' id='word_1_126' title='bbox 2922 431 3271 488; x_wconf 81' lang='lat' dir='ltr'><strong>scribendum</strong></span> <span class='ocrx_word' id='word_1_127' title='bbox 3329 435 3526 490; x_wconf 86' lang='lat' dir='ltr'><strong>iterum</strong></span> 
     </span>
    </p>
   </div>
   <div class='ocr_carea' id='block_1_20' title="bbox 1928 519 3526 594">
    <p class='ocr_par' dir='ltr' id='par_1_20' title="bbox 1928 519 3526 594">
     <span class='ocr_line' id='line_1_20' title="bbox 1928 519 3526 594; baseline 0.007 -24"><span class='ocrx_word' id='word_1_128' title='bbox 1928 525 2280 584; x_wconf 74' lang='lat' dir='ltr'><strong>censuerunt,</strong></span> <span class='ocrx_word' id='word_1_129' title='bbox 2333 519 2741 591; x_wconf 87' lang='lat' dir='ltr'><strong>rogandumque</strong></span> <span class='ocrx_word' id='word_1_130' title='bbox 2774 522 3178 590; x_wconf 86' lang='lat' dir='ltr'><strong>imperatorem,</strong></span> <span class='ocrx_word' id='word_1_131' title='bbox 3213 535 3269 579; x_wconf 89' lang='lat' dir='ltr'><strong>ut</strong></span> <span class='ocrx_word' id='word_1_132' title='bbox 3296 526 3526 594; x_wconf 89' lang='lat' dir='ltr'><strong>provide</strong></span> 
     </span>
    </p>
   </div>
   <div class='ocr_carea' id='block_1_21' title="bbox 1929 611 3525 685">
    <p class='ocr_par' dir='ltr' id='par_1_21' title="bbox 1929 611 3525 685">
     <span class='ocr_line' id='line_1_21' title="bbox 1929 611 3525 685; baseline 0.008 -24"><span class='ocrx_word' id='word_1_133' title='bbox 1929 624 2027 678; x_wconf 91' lang='lat' dir='ltr'><strong>pro</strong></span> <span class='ocrx_word' id='word_1_134' title='bbox 2051 625 2232 663; x_wconf 89' lang='lat' dir='ltr'><strong>rerum</strong></span> <span class='ocrx_word' id='word_1_135' title='bbox 2261 611 2583 667; x_wconf 85' lang='lat' dir='ltr'><strong>necessitate</strong></span> <span class='ocrx_word' id='word_1_136' title='bbox 2613 614 2923 670; x_wconf 84' lang='lat' dir='ltr'><strong>consuleret</strong></span> <span class='ocrx_word' id='word_1_137' title='bbox 2950 631 2964 675; x_wconf 89' lang='lat'><strong>:</strong></span> <span class='ocrx_word' id='word_1_138' title='bbox 2991 615 3136 685; x_wconf 93' lang='lat' dir='ltr'><strong>quod</strong></span> <span class='ocrx_word' id='word_1_139' title='bbox 3168 627 3345 673; x_wconf 87' lang='lat' dir='ltr'><strong>tamen</strong></span> <span class='ocrx_word' id='word_1_140' title='bbox 3373 627 3525 674; x_wconf 86' lang='lat' dir='ltr'><strong>extra</strong></span> 
     </span>
    </p>
   </div>
   <div class='ocr_carea' id='block_1_22' title="bbox 1931 701 3528 780">
    <p class='ocr_par' dir='ltr' id='par_1_22' title="bbox 1931 701 3528 780">
     <span class='ocr_line' id='line_1_22' title="bbox 1931 701 3528 780; baseline 0.008 -26"><span class='ocrx_word' id='word_1_141' title='bbox 1931 701 2145 755; x_wconf 88' lang='lat' dir='ltr'><strong>Damasi</strong></span> <span class='ocrx_word' id='word_1_142' title='bbox 2176 703 2340 771; x_wconf 79' lang='lat' dir='ltr'><strong>ipsius</strong></span> <span class='ocrx_word' id='word_1_143' title='bbox 2367 705 2654 759; x_wconf 89' lang='lat' dir='ltr'><strong>consilium</strong></span> <span class='ocrx_word' id='word_1_144' title='bbox 2684 707 3117 779; x_wconf 89' lang='lat' dir='ltr'><strong>sententiamque</strong></span> <span class='ocrx_word' id='word_1_145' title='bbox 3162 724 3267 764; x_wconf 91' lang='lat' dir='ltr'><strong>non</strong></span> <span class='ocrx_word' id='word_1_146' title='bbox 3306 726 3406 780; x_wconf 89' lang='lat' dir='ltr'><strong>ego</strong></span> <span class='ocrx_word' id='word_1_147' title='bbox 3448 712 3528 766; x_wconf 86' lang='lat' dir='ltr'><strong>fa-</strong></span> 
     </span>
    </p>
   </div>
   <div class='ocr_carea' id='block_1_23' title="bbox 1928 795 3529 866">
    <p class='ocr_par' dir='ltr' id='par_1_23' title="bbox 1928 795 3529 866">
     <span class='ocr_line' id='line_1_23' title="bbox 1928 795 3529 866; baseline 0.008 -20"><span class='ocrx_word' id='word_1_148' title='bbox 1928 801 2074 846; x_wconf 91' lang='lat' dir='ltr'><strong>ctum</strong></span> <span class='ocrx_word' id='word_1_149' title='bbox 2103 795 2446 848; x_wconf 90' lang='lat' dir='ltr'><strong>crediderim.</strong></span> <span class='ocrx_word' id='word_1_150' title='bbox 2479 796 2611 850; x_wconf 87' lang='lat' dir='ltr'><strong>Nam</strong></span> <span class='ocrx_word' id='word_1_151' title='bbox 2641 797 2782 866; x_wconf 92' lang='lat' dir='ltr'><strong>quod</strong></span> <span class='ocrx_word' id='word_1_152' title='bbox 2811 798 3070 854; x_wconf 90' lang='lat' dir='ltr'><strong>Acholius</strong></span> <span class='ocrx_word' id='word_1_153' title='bbox 3099 801 3152 854; x_wconf 89' lang='lat' dir='ltr'><strong>in</strong></span> <span class='ocrx_word' id='word_1_154' title='bbox 3179 801 3374 857; x_wconf 88' lang='lat' dir='ltr'><strong>eodem</strong></span> <span class='ocrx_word' id='word_1_155' title='bbox 3399 819 3529 858; x_wconf 89' lang='lat' dir='ltr'><strong>con-</strong></span> 
     </span>
    </p>
   </div>
   <div class='ocr_carea' id='block_1_24' title="bbox 1929 885 3529 967">
    <p class='ocr_par' dir='ltr' id='par_1_24' title="bbox 1929 885 3529 967">
     <span class='ocr_line' id='line_1_24' title="bbox 1929 885 3529 967; baseline 0.008 -27"><span class='ocrx_word' id='word_1_156' title='bbox 1929 885 2075 949; x_wconf 89' lang='lat' dir='ltr'><strong>cilio,</strong></span> <span class='ocrx_word' id='word_1_157' title='bbox 2108 885 2268 955; x_wconf 75' lang='lat' dir='ltr'><strong>legati</strong></span> <span class='ocrx_word' id='word_1_158' title='bbox 2301 903 2523 942; x_wconf 89' lang='lat' dir='ltr'><strong>munere</strong></span> <span class='ocrx_word' id='word_1_159' title='bbox 2555 889 2771 944; x_wconf 91' lang='lat' dir='ltr'><strong>functus</strong></span> <span class='ocrx_word' id='word_1_160' title='bbox 2801 892 2891 957; x_wconf 88' lang='lat' dir='ltr'><strong>sit,</strong></span> <span class='ocrx_word' id='word_1_161' title='bbox 2924 893 3304 950; x_wconf 90' lang='lat' dir='ltr'><strong>nonnullorum</strong></span> <span class='ocrx_word' id='word_1_162' title='bbox 3346 897 3529 967; x_wconf 85' lang='lat' dir='ltr'><strong>Opinio</strong></span> 
     </span>
    </p>
   </div>
   <div class='ocr_carea' id='block_1_25' title="bbox 1930 978 3080 1050">
    <p class='ocr_par' dir='ltr' id='par_1_25' title="bbox 1930 978 3080 1050">
     <span class='ocr_line' id='line_1_25' title="bbox 1930 978 3080 1050; baseline 0.006 -18"><span class='ocrx_word' id='word_1_163' title='bbox 1930 988 2034 1043; x_wconf 90' lang='lat' dir='ltr'><strong>est,</strong></span> <span class='ocrx_word' id='word_1_164' title='bbox 2068 993 2228 1047; x_wconf 91' lang='lat' dir='ltr'><strong>quam</strong></span> <span class='ocrx_word' id='word_1_165' title='bbox 2256 978 2367 1048; x_wconf 89' lang='lat' dir='ltr'><strong>ipsa</strong></span> <span class='ocrx_word' id='word_1_166' title='bbox 2398 980 2594 1050; x_wconf 87' lang='lat' dir='ltr'><strong>synodi</strong></span> <span class='ocrx_word' id='word_1_167' title='bbox 2626 990 2741 1036; x_wconf 90' lang='lat' dir='ltr'><strong>acta</strong></span> <span class='ocrx_word' id='word_1_168' title='bbox 2771 982 3080 1039; x_wconf 80' lang='lat' dir='ltr'><strong>destruunt.</strong></span> 
     </span>
    </p>
   </div>
   <div class='ocr_carea' id='block_1_26' title="bbox 2001 1070 3533 1147">
    <p class='ocr_par' dir='ltr' id='par_1_26' title="bbox 2001 1070 3533 1147">
     <span class='ocr_line' id='line_1_26' title="bbox 2001 1070 3533 1147; baseline 0.008 -24"><span class='ocrx_word' id='word_1_169' title='bbox 2001 1070 2063 1124; x_wconf 87' lang='lat' dir='ltr'><strong>II.</strong></span> <span class='ocrx_word' id='word_1_170' title='bbox 2106 1070 2202 1124; x_wconf 84' lang='lat' dir='ltr'><strong>His</strong></span> <span class='ocrx_word' id='word_1_171' title='bbox 2229 1071 2409 1142; x_wconf 90' lang='lat' dir='ltr'><strong>itaque</strong></span> <span class='ocrx_word' id='word_1_172' title='bbox 2436 1072 2628 1127; x_wconf 85' lang='lat' dir='ltr'><strong>litteris</strong></span> <span class='ocrx_word' id='word_1_173' title='bbox 2659 1073 2949 1130; x_wconf 84' lang='lat' dir='ltr'><strong>Gratianus</strong></span> <span class='ocrx_word' id='word_1_174' title='bbox 3008 1078 3273 1133; x_wconf 82' lang='lat' dir='ltr'><strong>excitatus</strong></span> <span class='ocrx_word' id='word_1_175' title='bbox 3321 1089 3426 1147; x_wconf 85' lang='lat' dir='ltr'><strong>est,</strong></span> <span class='ocrx_word' id='word_1_176' title='bbox 3475 1088 3533 1136; x_wconf 90' lang='lat' dir='ltr'><strong>ut</strong></span> 
     </span>
    </p>
   </div>
   <div class='ocr_carea' id='block_1_27' title="bbox 1931 1163 3530 1240">
    <p class='ocr_par' dir='ltr' id='par_1_27' title="bbox 1931 1163 3530 1240">
     <span class='ocr_line' id='line_1_27' title="bbox 1931 1163 3530 1240; baseline 0.008 -23"><span class='ocrx_word' id='word_1_177' title='bbox 1931 1163 2034 1218; x_wconf 88' lang='lat' dir='ltr'><strong>hoc</strong></span> <span class='ocrx_word' id='word_1_178' title='bbox 2059 1180 2201 1218; x_wconf 88' lang='lat' dir='ltr'><strong>anno</strong></span> <span class='ocrx_word' id='word_1_179' title='bbox 2228 1167 2550 1235; x_wconf 87' lang='lat' dir='ltr'><strong>rescriptum</strong></span> <span class='ocrx_word' id='word_1_180' title='bbox 2582 1167 2736 1222; x_wconf 92' lang='lat' dir='ltr'><strong>daret</strong></span> <span class='ocrx_word' id='word_1_181' title='bbox 2763 1170 2829 1222; x_wconf 87' lang='lat' dir='ltr'><strong>ad</strong></span> <span class='ocrx_word' id='word_1_182' title='bbox 2861 1169 3199 1238; x_wconf 89' lang='lat' dir='ltr'><strong>Aquilinum,</strong></span> <span class='ocrx_word' id='word_1_183' title='bbox 3221 1183 3278 1228; x_wconf 93' lang='lat' dir='ltr'><strong>ut</strong></span> <span class='ocrx_word' id='word_1_184' title='bbox 3300 1174 3530 1240; x_wconf 80' lang='lat' dir='ltr'><strong>videtur,</strong></span> 
     </span>
    </p>
   </div>
   <div class='ocr_carea' id='block_1_28' title="bbox 1932 1257 3530 1336">
    <p class='ocr_par' dir='ltr' id='par_1_28' title="bbox 1932 1257 3530 1336">
     <span class='ocr_line' id='line_1_28' title="bbox 1932 1257 3530 1336; baseline 0.009 -27"><span class='ocrx_word' id='word_1_185' title='bbox 1932 1257 2084 1311; x_wconf 88' lang='lat' dir='ltr'><strong>urbis</strong></span> <span class='ocrx_word' id='word_1_186' title='bbox 2115 1258 2410 1322; x_wconf 90' lang='lat' dir='ltr'><strong>vicarium,</strong></span> <span class='ocrx_word' id='word_1_187' title='bbox 2466 1260 2600 1315; x_wconf 88' lang='lat' dir='ltr'><strong>Cod.</strong></span> <span class='ocrx_word' id='word_1_188' title='bbox 2651 1261 2862 1316; x_wconf 90' lang='lat' dir='ltr'><strong>Theod.</strong></span> <span class='ocrx_word' id='word_1_189' title='bbox 2897 1263 2991 1318; x_wconf 85' lang='lat' dir='ltr'><strong>lib.</strong></span> <span class='ocrx_word' id='word_1_190' title='bbox 3024 1281 3135 1330; x_wconf 80' lang='lat' dir='ltr'><strong>xvi,</strong></span> <span class='ocrx_word' id='word_1_191' title='bbox 3172 1266 3252 1320; x_wconf 89' lang='lat' dir='ltr'><strong>tit.</strong></span> <span class='ocrx_word' id='word_1_192' title='bbox 3284 1266 3336 1334; x_wconf 75' lang='grc'><strong>2,</strong></span> <span class='ocrx_word' id='word_1_193' title='bbox 3371 1267 3406 1322; x_wconf 94' lang='grc' dir='ltr'><strong>Ι.</strong></span> <span class='ocrx_word' id='word_1_194' title='bbox 3437 1268 3530 1336; x_wconf 82' lang='grc'><strong>55,</strong></span> 
     </span>
    </p>
   </div>
   <div class='ocr_carea' id='block_1_29' title="bbox 1934 1350 3532 1422">
    <p class='ocr_par' dir='ltr' id='par_1_29' title="bbox 1934 1350 3532 1422">
     <span class='ocr_line' id='line_1_29' title="bbox 1934 1350 3532 1422; baseline 0.008 -22"><span class='ocrx_word' id='word_1_195' title='bbox 1934 1360 2312 1414; x_wconf 87' lang='lat' dir='ltr'><strong>memOratum,</strong></span> <span class='ocrx_word' id='word_1_196' title='bbox 2338 1350 2844 1422; x_wconf 88' lang='lat' dir='ltr'><strong>confirmatumque,</strong></span> <span class='ocrx_word' id='word_1_197' title='bbox 2869 1370 2976 1422; x_wconf 92' lang='lat' dir='ltr'><strong>quo</strong></span> <span class='ocrx_word' id='word_1_198' title='bbox 3002 1365 3110 1409; x_wconf 93' lang='lat' dir='ltr'><strong>tum</strong></span> <span class='ocrx_word' id='word_1_199' title='bbox 3142 1356 3394 1422; x_wconf 82' lang='lat' dir='ltr'><strong>Romani,</strong></span> <span class='ocrx_word' id='word_1_200' title='bbox 3422 1369 3532 1413; x_wconf 88' lang='lat' dir='ltr'><strong>tum</strong></span> 
     </span>
    </p>
   </div>
   <div class='ocr_carea' id='block_1_30' title="bbox 1933 1437 3536 1513">
    <p class='ocr_par' dir='ltr' id='par_1_30' title="bbox 1933 1437 3536 1513">
     <span class='ocr_line' id='line_1_30' title="bbox 1933 1437 3536 1513; baseline 0.009 -23"><span class='ocrx_word' id='word_1_201' title='bbox 1933 1437 2098 1506; x_wconf 74' lang='lat' dir='ltr'><strong>ipsius</strong></span> <span class='ocrx_word' id='word_1_202' title='bbox 2135 1440 2498 1508; x_wconf 73' lang='lat' dir='ltr'><strong>Aquileiensis</strong></span> <span class='ocrx_word' id='word_1_203' title='bbox 2528 1443 2745 1498; x_wconf 84' lang='lat' dir='ltr'><strong>concilii</strong></span> <span class='ocrx_word' id='word_1_204' title='bbox 2774 1447 3064 1513; x_wconf 87' lang='lat' dir='ltr'><strong>postulatis</strong></span> <span class='ocrx_word' id='word_1_205' title='bbox 3086 1447 3211 1501; x_wconf 85' lang='lat' dir='ltr'><strong>fecit</strong></span> <span class='ocrx_word' id='word_1_206' title='bbox 3234 1450 3386 1503; x_wconf 85' lang='lat' dir='ltr'><strong>satis.</strong></span> <span class='ocrx_word' id='word_1_207' title='bbox 3423 1449 3536 1504; x_wconf 89' lang='lat' dir='ltr'><strong>Hoc</strong></span> 
     </span>
    </p>
   </div>
   <div class='ocr_carea' id='block_1_31' title="bbox 1933 1533 3530 1611">
    <p class='ocr_par' dir='ltr' id='par_1_31' title="bbox 1933 1533 3530 1611">
     <span class='ocr_line' id='line_1_31' title="bbox 1933 1533 3530 1611; baseline 0.009 -27"><span class='ocrx_word' id='word_1_208' title='bbox 1933 1547 1998 1584; x_wconf 84' lang='lat' dir='ltr'><strong>ex</strong></span> <span class='ocrx_word' id='word_1_209' title='bbox 2031 1533 2280 1587; x_wconf 84' lang='lat' dir='ltr'><strong>vaticano</strong></span> <span class='ocrx_word' id='word_1_210' title='bbox 2307 1534 2493 1590; x_wconf 91' lang='lat' dir='ltr'><strong>codice</strong></span> <span class='ocrx_word' id='word_1_211' title='bbox 2521 1551 2744 1606; x_wconf 89' lang='lat' dir='ltr'><strong>magnus</strong></span> <span class='ocrx_word' id='word_1_212' title='bbox 2765 1539 3055 1593; x_wconf 87' lang='lat' dir='ltr'><strong>Annalium</strong></span> <span class='ocrx_word' id='word_1_213' title='bbox 3086 1557 3284 1611; x_wconf 90' lang='lat' dir='ltr'><strong>parens</strong></span> <span class='ocrx_word' id='word_1_214' title='bbox 3332 1543 3398 1598; x_wconf 90' lang='lat' dir='ltr'><strong>ad</strong></span> <span class='ocrx_word' id='word_1_215' title='bbox 3440 1560 3530 1600; x_wconf 89' lang='lat' dir='ltr'><strong>an.</strong></span> 
     </span>
    </p>
   </div>
   <div class='ocr_carea' id='block_1_32' title="bbox 1933 1625 3539 1707">
    <p class='ocr_par' dir='ltr' id='par_1_32' title="bbox 1933 1625 3539 1707">
     <span class='ocr_line' id='line_1_32' title="bbox 1933 1625 3539 1707; baseline 0.007 -27"><span class='ocrx_word' id='word_1_216' title='bbox 1933 1625 2059 1692; x_wconf 75' lang='grc'><strong>581,</strong></span> <span class='ocrx_word' id='word_1_217' title='bbox 2097 1636 2206 1681; x_wconf 91' lang='lat' dir='ltr'><strong>tum</strong></span> <span class='ocrx_word' id='word_1_218' title='bbox 2233 1628 2428 1684; x_wconf 90' lang='lat' dir='ltr'><strong>deinde</strong></span> <span class='ocrx_word' id='word_1_219' title='bbox 2462 1631 2634 1699; x_wconf 86' lang='lat' dir='ltr'><strong>magis</strong></span> <span class='ocrx_word' id='word_1_220' title='bbox 2677 1641 2980 1688; x_wconf 89' lang='lat' dir='ltr'><strong>correctum</strong></span> <span class='ocrx_word' id='word_1_221' title='bbox 3037 1636 3383 1702; x_wconf 88' lang='lat' dir='ltr'><strong>Sirmondus,</strong></span> <span class='ocrx_word' id='word_1_222' title='bbox 3445 1655 3539 1707; x_wconf 91' lang='lat' dir='ltr'><strong>po-</strong></span> 
     </span>
    </p>
   </div>
   <div class='ocr_carea' id='block_1_33' title="bbox 216 1721 3536 1800">
    <p class='ocr_par' dir='ltr' id='par_1_33' title="bbox 216 1721 3536 1800">
     <span class='ocr_line' id='line_1_33' title="bbox 216 1721 3536 1800; baseline 0.004 -25"><span class='ocrx_word' id='word_1_223' title='bbox 216 1725 385 1775; x_wconf 82' lang='lat' dir='ltr'><strong>solum</strong></span> <span class='ocrx_word' id='word_1_224' title='bbox 404 1731 754 1794; x_wconf 62' lang='lat' dir='ltr'><strong>praecaventes</strong></span> <span class='ocrx_word' id='word_1_225' title='bbox 802 1727 1005 1792; x_wconf 82' lang='lat' dir='ltr'><strong>futura,</strong></span> <span class='ocrx_word' id='word_1_226' title='bbox 1061 1723 1150 1776; x_wconf 87' lang='lat' dir='ltr'><strong>sed</strong></span> <span class='ocrx_word' id='word_1_227' title='bbox 1197 1725 1347 1778; x_wconf 81' lang='lat' dir='ltr'><strong>etiam</strong></span> <span class='ocrx_word' id='word_1_228' title='bbox 1383 1726 1660 1793; x_wconf 78' lang='lat' dir='ltr'><strong>prteterita,</strong></span> <span class='ocrx_word' id='word_1_229' title='bbox 1719 1727 2138 1794; x_wconf 76' lang='lat' dir='ltr'><strong>quwBstremo</strong></span> <span class='ocrx_word' id='word_1_230' title='bbox 2168 1721 2516 1777; x_wconf 84' lang='lat' dir='ltr'><strong>Constantius</strong></span> <span class='ocrx_word' id='word_1_231' title='bbox 2563 1724 2733 1780; x_wconf 85' lang='lat' dir='ltr'><strong>edidit</strong></span> <span class='ocrx_word' id='word_1_232' title='bbox 2785 1727 2929 1782; x_wconf 87' lang='lat' dir='ltr'><strong>inter</strong></span> <span class='ocrx_word' id='word_1_233' title='bbox 2988 1729 3203 1784; x_wconf 89' lang='lat' dir='ltr'><strong>Damasi</strong></span> <span class='ocrx_word' id='word_1_234' title='bbox 3257 1731 3536 1800; x_wconf 88' lang='lat' dir='ltr'><strong>epistolas.</strong></span> 
     </span>
    </p>
   </div>
   <div class='ocr_carea' id='block_1_34' title="bbox 205 1813 1832 1884">
    <p class='ocr_par' dir='ltr' id='par_1_34' title="bbox 205 1813 1832 1884">
     <span class='ocr_line' id='line_1_34' title="bbox 205 1813 1832 1884; baseline 0.002 -19"><span class='ocrx_word' id='word_1_235' title='bbox 205 1815 326 1883; x_wconf 80' lang='lat' dir='ltr'><strong>jam</strong></span> <span class='ocrx_word' id='word_1_236' title='bbox 348 1814 515 1882; x_wconf 77' lang='lat' dir='ltr'><strong>ipsius</strong></span> <span class='ocrx_word' id='word_1_237' title='bbox 547 1814 834 1866; x_wconf 80' lang='lat' dir='ltr'><strong>temeritate</strong></span> <span class='ocrx_word' id='word_1_238' title='bbox 858 1823 999 1884; x_wconf 83' lang='lat' dir='ltr'><strong>gesta</strong></span> <span class='ocrx_word' id='word_1_239' title='bbox 1027 1823 1164 1875; x_wconf 83' lang='lat' dir='ltr'><strong>sunt,</strong></span> <span class='ocrx_word' id='word_1_240' title='bbox 1192 1813 1656 1883; x_wconf 82' lang='lat' dir='ltr'><strong>perhorrescentes.</strong></span> <span class='ocrx_word' id='word_1_241' title='bbox 1692 1813 1832 1868; x_wconf 85' lang='lat' dir='ltr'><strong>Nam</strong></span> 
     </span>
    </p>
   </div>
   <div class='ocr_carea' id='block_1_35' title="bbox 216 1906 1833 1976">
    <p class='ocr_par' dir='ltr' id='par_1_35' title="bbox 216 1906 1833 1976">
     <span class='ocr_line' id='line_1_35' title="bbox 216 1906 1833 1976; baseline 0.001 -16"><span class='ocrx_word' id='word_1_242' title='bbox 216 1907 262 1960; x_wconf 76' lang='lat' dir='ltr'><strong>si</strong></span> <span class='ocrx_word' id='word_1_243' title='bbox 293 1906 520 1976; x_wconf 82' lang='lat' dir='ltr'><strong>aliquant</strong></span> <span class='ocrx_word' id='word_1_244' title='bbox 554 1906 689 1958; x_wconf 80' lang='lat' dir='ltr'><strong>viam</strong></span> <span class='ocrx_word' id='word_1_245' title='bbox 716 1915 898 1959; x_wconf 87' lang='lat' dir='ltr'><strong>nactus</strong></span> <span class='ocrx_word' id='word_1_246' title='bbox 937 1907 1097 1976; x_wconf 83' lang='lat' dir='ltr'><strong>fuerit</strong></span> <span class='ocrx_word' id='word_1_247' title='bbox 1136 1906 1392 1972; x_wconf 76' lang='lat' dir='ltr'><strong>audacitc,</strong></span> <span class='ocrx_word' id='word_1_248' title='bbox 1426 1907 1550 1971; x_wconf 87' lang='lat' dir='ltr'><strong>quid</strong></span> <span class='ocrx_word' id='word_1_249' title='bbox 1593 1923 1692 1960; x_wconf 88' lang='lat' dir='ltr'><strong>non</strong></span> <span class='ocrx_word' id='word_1_250' title='bbox 1744 1908 1833 1962; x_wconf 85' lang='lat' dir='ltr'><strong>ille</strong></span> 
     </span>
    </p>
   </div>
   <div class='ocr_carea' id='block_1_36' title="bbox 216 1999 1832 2068">
    <p class='ocr_par' dir='ltr' id='par_1_36' title="bbox 216 1999 1832 2068">
     <span class='ocr_line' id='line_1_36' title="bbox 216 1999 1832 2068; baseline -0.001 -15"><span class='ocrx_word' id='word_1_251' title='bbox 216 2000 655 2067; x_wconf 76' lang='lat' dir='ltr'><strong>confundat</strong></span> <span class='ocrx_word' id='word_1_252' title='bbox 680 2009 726 2052; x_wconf 90' lang='lat' dir='ltr'><strong>et</strong></span> <span class='ocrx_word' id='word_1_253' title='bbox 756 1999 870 2052; x_wconf 84' lang='lat' dir='ltr'><strong>ideo</strong></span> <span class='ocrx_word' id='word_1_254' title='bbox 903 2000 1144 2065; x_wconf 84' lang='lat' dir='ltr'><strong>petimus,</strong></span> <span class='ocrx_word' id='word_1_255' title='bbox 1189 2010 1236 2051; x_wconf 86' lang='lat' dir='ltr'><strong>et</strong></span> <span class='ocrx_word' id='word_1_256' title='bbox 1284 2015 1550 2068; x_wconf 77' lang='lat' dir='ltr'><strong>rogamus,</strong></span> <span class='ocrx_word' id='word_1_257' title='bbox 1599 2008 1656 2052; x_wconf 90' lang='lat' dir='ltr'><strong>ut</strong></span> <span class='ocrx_word' id='word_1_258' title='bbox 1695 1999 1832 2053; x_wconf 89' lang='lat' dir='ltr'><strong>obri-</strong></span> 
     </span>
    </p>
   </div>
   <div class='ocr_carea' id='block_1_37' title="bbox 218 2092 1832 2164">
    <p class='ocr_par' dir='ltr' id='par_1_37' title="bbox 218 2092 1832 2164">
     <span class='ocr_line' id='line_1_37' title="bbox 218 2092 1832 2164; baseline 0.001 -20"><span class='ocrx_word' id='word_1_259' title='bbox 218 2093 407 2160; x_wconf 76' lang='lat' dir='ltr'><strong>piendi</strong></span> <span class='ocrx_word' id='word_1_260' title='bbox 435 2099 481 2146; x_wconf 86' lang='lat' dir='ltr'><strong>et</strong></span> <span class='ocrx_word' id='word_1_261' title='bbox 500 2092 722 2145; x_wconf 85' lang='lat' dir='ltr'><strong>adimere</strong></span> <span class='ocrx_word' id='word_1_262' title='bbox 738 2093 1024 2164; x_wconf 84' lang='lat' dir='ltr'><strong>dignemini</strong></span> <span class='ocrx_word' id='word_1_263' title='bbox 1046 2092 1368 2161; x_wconf 81' lang='lat' dir='ltr'><strong>facultatem.</strong></span> <span class='ocrx_word' id='word_1_264' title='bbox 1400 2092 1626 2147; x_wconf 85' lang='lat' dir='ltr'><strong>Ursinus</strong></span> <span class='ocrx_word' id='word_1_265' title='bbox 1651 2093 1832 2161; x_wconf 89' lang='lat' dir='ltr'><strong>itaque</strong></span> 
     </span>
    </p>
   </div>
   <div class='ocr_carea' id='block_1_38' title="bbox 219 2185 1828 2256">
    <p class='ocr_par' dir='ltr' id='par_1_38' title="bbox 219 2185 1828 2256">
     <span class='ocr_line' id='line_1_38' title="bbox 219 2185 1828 2256; baseline 0 -16"><span class='ocrx_word' id='word_1_266' title='bbox 219 2187 587 2242; x_wconf 70' lang='lat' dir='ltr'><strong>Valentiniani</strong></span> <span class='ocrx_word' id='word_1_267' title='bbox 613 2187 1056 2256; x_wconf 87' lang='lat' dir='ltr'><strong>rescripto,quod</strong></span> <span class='ocrx_word' id='word_1_268' title='bbox 1082 2187 1337 2241; x_wconf 63' lang='lat' dir='ltr'><strong>annos“</strong></span> <span class='ocrx_word' id='word_1_269' title='bbox 1365 2185 1548 2239; x_wconf 90' lang='lat' dir='ltr'><strong>datum</strong></span> <span class='ocrx_word' id='word_1_270' title='bbox 1571 2185 1828 2253; x_wconf 76' lang='lat' dir='ltr'><strong>diximus,</strong></span> 
     </span>
    </p>
   </div>
   <div class='ocr_carea' id='block_1_39' title="bbox 217 2280 1852 2369">
    <p class='ocr_par' dir='ltr' id='par_1_39' title="bbox 217 2280 1852 2369">
     <span class='ocr_line' id='line_1_39' title="bbox 217 2280 1852 2369; baseline -0.001 -34"><span class='ocrx_word' id='word_1_271' title='bbox 217 2281 434 2352; x_wconf 81' lang='lat' dir='ltr'><strong>pridem</strong></span> <span class='ocrx_word' id='word_1_272' title='bbox 458 2282 727 2336; x_wconf 83' lang='lat' dir='ltr'><strong>relaxatus</strong></span> <span class='ocrx_word' id='word_1_273' title='bbox 749 2297 775 2333; x_wconf 90' lang='lat' dir='ltr'><strong>a</strong></span> <span class='ocrx_word' id='word_1_274' title='bbox 791 2290 939 2336; x_wconf 90' lang='lat' dir='ltr'><strong>certo</strong></span> <span class='ocrx_word' id='word_1_275' title='bbox 960 2282 1362 2350; x_wconf 84' lang='lat' dir='ltr'><strong>constitutaque</strong></span> <span class='ocrx_word' id='word_1_276' title='bbox 1385 2281 1598 2344; x_wconf 84' lang='lat' dir='ltr'><strong>exsilio,</strong></span> <span class='ocrx_word' id='word_1_277' title='bbox 1624 2280 1852 2369; x_wconf 37' lang='lat' dir='ltr'><strong>Medio-v</strong></span> 
     </span>
    </p>
   </div>
   <div class='ocr_carea' id='block_1_40' title="bbox 216 2372 1830 2442">
    <p class='ocr_par' dir='ltr' id='par_1_40' title="bbox 216 2372 1830 2442">
     <span class='ocr_line' id='line_1_40' title="bbox 216 2372 1830 2442; baseline -0.001 -13"><span class='ocrx_word' id='word_1_278' title='bbox 216 2375 326 2430; x_wconf 87' lang='lat' dir='ltr'><strong>lani</strong></span> <span class='ocrx_word' id='word_1_279' title='bbox 353 2375 542 2429; x_wconf 86' lang='lat' dir='ltr'><strong>sedem</strong></span> <span class='ocrx_word' id='word_1_280' title='bbox 571 2373 786 2436; x_wconf 85' lang='lat' dir='ltr'><strong>ﬁxerat,</strong></span> <span class='ocrx_word' id='word_1_281' title='bbox 819 2390 881 2427; x_wconf 90' lang='lat' dir='ltr'><strong>ac</strong></span> <span class='ocrx_word' id='word_1_282' title='bbox 913 2389 1033 2429; x_wconf 89' lang='lat' dir='ltr'><strong>cum</strong></span> <span class='ocrx_word' id='word_1_283' title='bbox 1065 2372 1830 2442; x_wconf 73' lang='lat' dir='ltr'><strong>Juliauo\‘alente,quieliam</strong></span> 
     </span>
    </p>
   </div>
   <div class='ocr_carea' id='block_1_41' title="bbox 218 2463 1824 2529">
    <p class='ocr_par' dir='ltr' id='par_1_41' title="bbox 218 2463 1824 2529">
     <span class='ocr_line' id='line_1_41' title="bbox 218 2463 1824 2529; baseline -0.005 -5"><span class='ocrx_word' id='word_1_284' title='bbox 218 2484 286 2524; x_wconf 88' lang='lat' dir='ltr'><strong>eo</strong></span> <span class='ocrx_word' id='word_1_285' title='bbox 310 2465 512 2522; x_wconf 89' lang='lat' dir='ltr'><strong>deinde</strong></span> <span class='ocrx_word' id='word_1_286' title='bbox 542 2474 868 2529; x_wconf 81' lang='lat' dir='ltr'><strong>secesserat,</strong></span> <span class='ocrx_word' id='word_1_287' title='bbox 896 2466 946 2518; x_wconf 92' lang='lat' dir='ltr'><strong>in</strong></span> <span class='ocrx_word' id='word_1_288' title='bbox 978 2465 1202 2520; x_wconf 78' lang='lat' dir='ltr'><strong>sceleris</strong></span> <span class='ocrx_word' id='word_1_289' title='bbox 1243 2463 1559 2519; x_wconf 90' lang='lat' dir='ltr'><strong>societatem</strong></span> <span class='ocrx_word' id='word_1_290' title='bbox 1601 2464 1824 2518; x_wconf 87' lang='lat' dir='ltr'><strong>coierat.</strong></span> 
     </span>
    </p>
   </div>
   <div class='ocr_carea' id='block_1_42' title="bbox 217 2560 1830 2630">
    <p class='ocr_par' dir='ltr' id='par_1_42' title="bbox 217 2560 1830 2630">
     <span class='ocr_line' id='line_1_42' title="bbox 217 2560 1830 2630; baseline -0.002 -13"><span class='ocrx_word' id='word_1_291' title='bbox 217 2562 345 2617; x_wconf 89' lang='lat' dir='ltr'><strong>lude</strong></span> <span class='ocrx_word' id='word_1_292' title='bbox 367 2577 506 2617; x_wconf 81' lang='lat' dir='ltr'><strong>vero</strong></span> <span class='ocrx_word' id='word_1_293' title='bbox 532 2561 596 2616; x_wconf 90' lang='lat' dir='ltr'><strong>ad</strong></span> <span class='ocrx_word' id='word_1_294' title='bbox 623 2560 854 2617; x_wconf 81' lang='lat' dir='ltr'><strong>Romani</strong></span> <span class='ocrx_word' id='word_1_295' title='bbox 881 2561 1100 2615; x_wconf 89' lang='lat' dir='ltr'><strong>c0ucilii</strong></span> <span class='ocrx_word' id='word_1_296' title='bbox 1151 2574 1338 2630; x_wconf 87' lang='lat' dir='ltr'><strong>preces</strong></span> <span class='ocrx_word' id='word_1_297' title='bbox 1367 2574 1510 2614; x_wconf 90' lang='lat' dir='ltr'><strong>anno</strong></span> <span class='ocrx_word' id='word_1_298' title='bbox 1558 2560 1830 2630; x_wconf 85' lang='lat' dir='ltr'><strong>superiori</strong></span> 
     </span>
    </p>
   </div>
   <div class='ocr_carea' id='block_1_43' title="bbox 217 2651 1826 2722">
    <p class='ocr_par' dir='ltr' id='par_1_43' title="bbox 217 2651 1826 2722">
     <span class='ocr_line' id='line_1_43' title="bbox 217 2651 1826 2722; baseline -0.002 -14"><span class='ocrx_word' id='word_1_299' title='bbox 217 2655 367 2709; x_wconf 83' lang='lat' dir='ltr'><strong>abire</strong></span> <span class='ocrx_word' id='word_1_300' title='bbox 393 2664 617 2709; x_wconf 88' lang='lat' dir='ltr'><strong>coactus</strong></span> <span class='ocrx_word' id='word_1_301' title='bbox 641 2695 655 2718; x_wconf 91' lang='lat'><strong>,</strong></span> <span class='ocrx_word' id='word_1_302' title='bbox 684 2664 738 2708; x_wconf 88' lang='lat' dir='ltr'><strong>et</strong></span> <span class='ocrx_word' id='word_1_303' title='bbox 767 2653 818 2706; x_wconf 90' lang='lat' dir='ltr'><strong>in</strong></span> <span class='ocrx_word' id='word_1_304' title='bbox 847 2652 1076 2708; x_wconf 89' lang='lat' dir='ltr'><strong>Galliam</strong></span> <span class='ocrx_word' id='word_1_305' title='bbox 1131 2653 1402 2722; x_wconf 87' lang='lat' dir='ltr'><strong>relegatus</strong></span> <span class='ocrx_word' id='word_1_306' title='bbox 1428 2693 1444 2718; x_wconf 95' lang='lat'><strong>,</strong></span> <span class='ocrx_word' id='word_1_307' title='bbox 1502 2651 1826 2707; x_wconf 86' lang='lat' dir='ltr'><strong>Gratianum</strong></span> 
     </span>
    </p>
   </div>
   <div class='ocr_carea' id='block_1_44' title="bbox 222 2743 1830 2813">
    <p class='ocr_par' dir='ltr' id='par_1_44' title="bbox 222 2743 1830 2813">
     <span class='ocr_line' id='line_1_44' title="bbox 222 2743 1830 2813; baseline -0.002 -12"><span class='ocrx_word' id='word_1_308' title='bbox 222 2752 347 2802; x_wconf 84' lang='lat' dir='ltr'><strong>tunc</strong></span> <span class='ocrx_word' id='word_1_309' title='bbox 367 2748 518 2804; x_wconf 86' lang='lat' dir='ltr'><strong>bello</strong></span> <span class='ocrx_word' id='word_1_310' title='bbox 546 2747 901 2801; x_wconf 86' lang='lat' dir='ltr'><strong>Alamannico</strong></span> <span class='ocrx_word' id='word_1_311' title='bbox 920 2753 1238 2812; x_wconf 86' lang='lat' dir='ltr'><strong>occupatum</strong></span> <span class='ocrx_word' id='word_1_312' title='bbox 1267 2743 1418 2798; x_wconf 91' lang='lat' dir='ltr'><strong>adire</strong></span> <span class='ocrx_word' id='word_1_313' title='bbox 1447 2743 1644 2813; x_wconf 89' lang='lat' dir='ltr'><strong>potuit,</strong></span> <span class='ocrx_word' id='word_1_314' title='bbox 1669 2754 1830 2812; x_wconf 88' lang='lat' dir='ltr'><strong>atque</strong></span> 
     </span>
    </p>
   </div>
   <div class='ocr_carea' id='block_1_45' title="bbox 221 2835 1824 2908">
    <p class='ocr_par' dir='ltr' id='par_1_45' title="bbox 221 2835 1824 2908">
     <span class='ocr_line' id='line_1_45' title="bbox 221 2835 1824 2908; baseline -0.004 -12"><span class='ocrx_word' id='word_1_315' title='bbox 221 2842 366 2896; x_wconf 82' lang='lat' dir='ltr'><strong>Omni</strong></span> <span class='ocrx_word' id='word_1_316' title='bbox 426 2855 528 2894; x_wconf 87' lang='lat' dir='ltr'><strong>suo</strong></span> <span class='ocrx_word' id='word_1_317' title='bbox 562 2853 896 2908; x_wconf 86' lang='lat' dir='ltr'><strong>suorumque</strong></span> <span class='ocrx_word' id='word_1_318' title='bbox 925 2837 1105 2891; x_wconf 89' lang='lat' dir='ltr'><strong>studio</strong></span> <span class='ocrx_word' id='word_1_319' title='bbox 1136 2851 1318 2907; x_wconf 83' lang='lat' dir='ltr'><strong>agere,</strong></span> <span class='ocrx_word' id='word_1_320' title='bbox 1353 2848 1408 2890; x_wconf 89' lang='lat' dir='ltr'><strong>ut</strong></span> <span class='ocrx_word' id='word_1_321' title='bbox 1440 2835 1824 2903; x_wconf 88' lang='lat' dir='ltr'><strong>imperatorem</strong></span> 
     </span>
    </p>
   </div>
   <div class='ocr_carea' id='block_1_46' title="bbox 221 2928 1829 3000">
    <p class='ocr_par' dir='ltr' id='par_1_46' title="bbox 221 2928 1829 3000">
     <span class='ocr_line' id='line_1_46' title="bbox 221 2928 1829 3000; baseline -0.004 -11"><span class='ocrx_word' id='word_1_322' title='bbox 221 2935 371 2989; x_wconf 92' lang='lat' dir='ltr'><strong>illum</strong></span> <span class='ocrx_word' id='word_1_323' title='bbox 405 2933 692 2997; x_wconf 81' lang='lat' dir='ltr'><strong>ﬂecteret,</strong></span> <span class='ocrx_word' id='word_1_324' title='bbox 743 2945 977 3000; x_wconf 86' lang='lat' dir='ltr'><strong>suasque</strong></span> <span class='ocrx_word' id='word_1_325' title='bbox 1028 2930 1079 2983; x_wconf 92' lang='lat' dir='ltr'><strong>in</strong></span> <span class='ocrx_word' id='word_1_326' title='bbox 1132 2939 1314 2999; x_wconf 88' lang='lat' dir='ltr'><strong>partes</strong></span> <span class='ocrx_word' id='word_1_327' title='bbox 1363 2928 1620 2983; x_wconf 81' lang='lat' dir='ltr'><strong>traheret.</strong></span> <span class='ocrx_word' id='word_1_328' title='bbox 1655 2928 1829 2982; x_wconf 85' lang='lat' dir='ltr'><strong>Obse-</strong></span> 
     </span>
    </p>
   </div>
   <div class='ocr_carea' id='block_1_47' title="bbox 220 3020 1830 3096">
    <p class='ocr_par' dir='ltr' id='par_1_47' title="bbox 220 3020 1830 3096">
     <span class='ocr_line' id='line_1_47' title="bbox 220 3020 1830 3096; baseline -0.006 -12"><span class='ocrx_word' id='word_1_329' title='bbox 220 3040 444 3084; x_wconf 85' lang='lat' dir='ltr'><strong>crautur</strong></span> <span class='ocrx_word' id='word_1_330' title='bbox 470 3030 673 3096; x_wconf 86' lang='lat' dir='ltr'><strong>itaque,</strong></span> <span class='ocrx_word' id='word_1_331' title='bbox 709 3024 1089 3079; x_wconf 83' lang='lat' dir='ltr'><strong>utseditiosum</strong></span> <span class='ocrx_word' id='word_1_332' title='bbox 1133 3022 1330 3088; x_wconf 89' lang='lat' dir='ltr'><strong>illum,</strong></span> <span class='ocrx_word' id='word_1_333' title='bbox 1387 3020 1699 3074; x_wconf 76' lang='lat' dir='ltr'><strong>Arianorum</strong></span> <span class='ocrx_word' id='word_1_334' title='bbox 1745 3037 1830 3074; x_wconf 87' lang='lat' dir='ltr'><strong>so-</strong></span> 
     </span>
    </p>
   </div>
   <div class='ocr_carea' id='block_1_48' title="bbox 221 3113 1900 3190">
    <p class='ocr_par' dir='ltr' id='par_1_48' title="bbox 221 3113 1900 3190">
     <span class='ocr_line' id='line_1_48' title="bbox 221 3113 1900 3190; baseline -0.005 -15"><span class='ocrx_word' id='word_1_335' title='bbox 221 3126 377 3186; x_wconf 79' lang='lat' dir='ltr'><strong>ciunt,</strong></span> <span class='ocrx_word' id='word_1_336' title='bbox 408 3137 474 3176; x_wconf 88' lang='lat' dir='ltr'><strong>ac</strong></span> <span class='ocrx_word' id='word_1_337' title='bbox 501 3120 824 3175; x_wconf 88' lang='lat' dir='ltr'><strong>sceleratum</strong></span> <span class='ocrx_word' id='word_1_338' title='bbox 856 3117 1132 3172; x_wconf 88' lang='lat' dir='ltr'><strong>hominem</strong></span> <span class='ocrx_word' id='word_1_339' title='bbox 1162 3130 1191 3168; x_wconf 92' lang='lat' dir='ltr'><strong>a</strong></span> <span class='ocrx_word' id='word_1_340' title='bbox 1221 3130 1279 3169; x_wconf 90' lang='lat' dir='ltr'><strong>se</strong></span> <span class='ocrx_word' id='word_1_341' title='bbox 1307 3113 1537 3183; x_wconf 89' lang='lat' dir='ltr'><strong>rejiciat,</strong></span> <span class='ocrx_word' id='word_1_342' title='bbox 1569 3122 1728 3181; x_wconf 87' lang='lat' dir='ltr'><strong>atque</strong></span> <span class='ocrx_word' id='word_1_343' title='bbox 1759 3129 1825 3168; x_wconf 92' lang='lat' dir='ltr'><strong>eo</strong></span> <span class='ocrx_word' id='word_1_344' title='bbox 1854 3128 1900 3190; x_wconf 72' lang='grc' dir='ltr'><strong>ρ</strong></span> 
     </span>
    </p>
   </div>
   <div class='ocr_carea' id='block_1_49' title="bbox 224 3206 1830 3279">
    <p class='ocr_par' dir='ltr' id='par_1_49' title="bbox 224 3206 1830 3279">
     <span class='ocr_line' id='line_1_49' title="bbox 224 3206 1830 3279; baseline -0.004 -11"><span class='ocrx_word' id='word_1_345' title='bbox 224 3215 367 3269; x_wconf 80' lang='lat' dir='ltr'><strong>facto</strong></span> <span class='ocrx_word' id='word_1_346' title='bbox 427 3213 726 3267; x_wconf 78' lang='lat' dir='ltr'><strong>Ecclesiam</strong></span> <span class='ocrx_word' id='word_1_347' title='bbox 768 3219 935 3264; x_wconf 91' lang='lat' dir='ltr'><strong>tutam</strong></span> <span class='ocrx_word' id='word_1_348' title='bbox 984 3207 1436 3279; x_wconf 63' lang='lat' dir='ltr'><strong>tranquillan‘ique</strong></span> <span class='ocrx_word' id='word_1_349' title='bbox 1463 3214 1666 3261; x_wconf 84' lang='lat' dir='ltr'><strong>servet.</strong></span> <span class='ocrx_word' id='word_1_350' title='bbox 1719 3206 1830 3261; x_wconf 87' lang='lat' dir='ltr'><strong>lloc</strong></span> 
     </span>
    </p>
   </div>
   <div class='ocr_carea' id='block_1_50' title="bbox 223 3299 1829 3374">
    <p class='ocr_par' dir='ltr' id='par_1_50' title="bbox 223 3299 1829 3374">
     <span class='ocr_line' id='line_1_50' title="bbox 223 3299 1829 3374; baseline -0.005 -15"><span class='ocrx_word' id='word_1_351' title='bbox 223 3322 348 3361; x_wconf 77' lang='lat' dir='ltr'><strong>vero</strong></span> <span class='ocrx_word' id='word_1_352' title='bbox 370 3305 682 3369; x_wconf 84' lang='lat' dir='ltr'><strong>consilium,</strong></span> <span class='ocrx_word' id='word_1_353' title='bbox 715 3312 880 3374; x_wconf 90' lang='lat' dir='ltr'><strong>atque</strong></span> <span class='ocrx_word' id='word_1_354' title='bbox 910 3301 1049 3356; x_wconf 89' lang='lat' dir='ltr'><strong>hanc</strong></span> <span class='ocrx_word' id='word_1_355' title='bbox 1073 3299 1267 3370; x_wconf 82' lang='lat' dir='ltr'><strong>agendi</strong></span> <span class='ocrx_word' id='word_1_356' title='bbox 1294 3300 1560 3353; x_wconf 89' lang='lat' dir='ltr'><strong>rationem</strong></span> <span class='ocrx_word' id='word_1_357' title='bbox 1603 3312 1668 3351; x_wconf 91' lang='lat' dir='ltr'><strong>eo</strong></span> <span class='ocrx_word' id='word_1_358' title='bbox 1718 3313 1829 3351; x_wconf 89' lang='lat' dir='ltr'><strong>ma-</strong></span> 
     </span>
    </p>
   </div>
   <div class='ocr_carea' id='block_1_51' title="bbox 226 3388 1826 3470">
    <p class='ocr_par' dir='ltr' id='par_1_51' title="bbox 226 3388 1826 3470">
     <span class='ocr_line' id='line_1_51' title="bbox 226 3388 1826 3470; baseline -0.009 -14"><span class='ocrx_word' id='word_1_359' title='bbox 226 3401 304 3470; x_wconf 74' lang='lat' dir='ltr'><strong>gis</strong></span> <span class='ocrx_word' id='word_1_360' title='bbox 330 3399 593 3455; x_wconf 86' lang='lat' dir='ltr'><strong>Gratiano</strong></span> <span class='ocrx_word' id='word_1_361' title='bbox 617 3396 983 3452; x_wconf 87' lang='lat' dir='ltr'><strong>necessariam</strong></span> <span class='ocrx_word' id='word_1_362' title='bbox 1029 3393 1297 3456; x_wconf 89' lang='lat' dir='ltr'><strong>scribunt,</strong></span> <span class='ocrx_word' id='word_1_363' title='bbox 1343 3405 1450 3460; x_wconf 93' lang='lat' dir='ltr'><strong>quo</strong></span> <span class='ocrx_word' id='word_1_364' title='bbox 1478 3388 1659 3445; x_wconf 86' lang='lat' dir='ltr'><strong>Ursini</strong></span> <span class='ocrx_word' id='word_1_365' title='bbox 1709 3389 1826 3442; x_wconf 78' lang='lat' dir='ltr'><strong>ani-</strong></span> 
     </span>
    </p>
   </div>
   <div class='ocr_carea' id='block_1_52' title="bbox 225 3482 1826 3559">
    <p class='ocr_par' dir='ltr' id='par_1_52' title="bbox 225 3482 1826 3559">
     <span class='ocr_line' id='line_1_52' title="bbox 225 3482 1826 3559; baseline -0.007 -13"><span class='ocrx_word' id='word_1_366' title='bbox 225 3508 340 3546; x_wconf 87' lang='lat' dir='ltr'><strong>mus</strong></span> <span class='ocrx_word' id='word_1_367' title='bbox 369 3487 617 3559; x_wconf 84' lang='lat' dir='ltr'><strong>apertius</strong></span> <span class='ocrx_word' id='word_1_368' title='bbox 639 3502 760 3542; x_wconf 77' lang='lat' dir='ltr'><strong>sese</strong></span> <span class='ocrx_word' id='word_1_369' title='bbox 791 3484 1121 3556; x_wconf 86' lang='lat' dir='ltr'><strong>prodiderat.</strong></span> <span class='ocrx_word' id='word_1_370' title='bbox 1150 3483 1226 3538; x_wconf 81' lang='lat' dir='ltr'><strong>Eo</strong></span> <span class='ocrx_word' id='word_1_371' title='bbox 1249 3482 1367 3550; x_wconf 87' lang='lat' dir='ltr'><strong>ipso</strong></span> <span class='ocrx_word' id='word_1_372' title='bbox 1391 3482 1533 3536; x_wconf 91' lang='lat' dir='ltr'><strong>enim</strong></span> <span class='ocrx_word' id='word_1_373' title='bbox 1561 3491 1826 3550; x_wconf 88' lang='lat' dir='ltr'><strong>tempore,</strong></span> 
     </span>
    </p>
   </div>
   <div class='ocr_carea' id='block_1_53' title="bbox 223 3571 1831 3655">
    <p class='ocr_par' dir='ltr' id='par_1_53' title="bbox 223 3571 1831 3655">
     <span class='ocr_line' id='line_1_53' title="bbox 223 3571 1831 3655; baseline -0.007 -17"><span class='ocrx_word' id='word_1_374' title='bbox 223 3600 327 3655; x_wconf 85' lang='lat' dir='ltr'><strong>quo</strong></span> <span class='ocrx_word' id='word_1_375' title='bbox 354 3584 447 3638; x_wconf 90' lang='lat' dir='ltr'><strong>ille</strong></span> <span class='ocrx_word' id='word_1_376' title='bbox 474 3579 796 3650; x_wconf 84' lang='lat' dir='ltr'><strong>imperatori</strong></span> <span class='ocrx_word' id='word_1_377' title='bbox 847 3580 900 3634; x_wconf 90' lang='lat' dir='ltr'><strong>in</strong></span> <span class='ocrx_word' id='word_1_378' title='bbox 947 3576 1138 3633; x_wconf 87' lang='lat' dir='ltr'><strong>Galliis</strong></span> <span class='ocrx_word' id='word_1_379' title='bbox 1176 3575 1437 3631; x_wconf 88' lang='lat' dir='ltr'><strong>molestus</strong></span> <span class='ocrx_word' id='word_1_380' title='bbox 1478 3573 1672 3639; x_wconf 86' lang='lat' dir='ltr'><strong>fuerat,</strong></span> <span class='ocrx_word' id='word_1_381' title='bbox 1722 3571 1831 3626; x_wconf 85' lang='lat' dir='ltr'><strong>Ro-</strong></span> 
     </span>
    </p>
   </div>
   <div class='ocr_carea' id='block_1_54' title="bbox 226 3667 1830 3744">
    <p class='ocr_par' dir='ltr' id='par_1_54' title="bbox 226 3667 1830 3744">
     <span class='ocr_line' id='line_1_54' title="bbox 226 3667 1830 3744; baseline -0.006 -14"><span class='ocrx_word' id='word_1_382' title='bbox 226 3693 439 3730; x_wconf 86' lang='lat' dir='ltr'><strong>manam</strong></span> <span class='ocrx_word' id='word_1_383' title='bbox 497 3687 716 3744; x_wconf 80' lang='lat' dir='ltr'><strong>quoque</strong></span> <span class='ocrx_word' id='word_1_384' title='bbox 764 3673 1102 3734; x_wconf 79' lang='lat' dir='ltr'><strong>Ecclesium,-</strong></span> <span class='ocrx_word' id='word_1_385' title='bbox 1151 3671 1531 3738; x_wconf 89' lang='lat' dir='ltr'><strong>civitatemque</strong></span> <span class='ocrx_word' id='word_1_386' title='bbox 1569 3667 1830 3722; x_wconf 81' lang='lat' dir='ltr'><strong>adversus</strong></span> 
     </span>
    </p>
   </div>
   <div class='ocr_carea' id='block_1_55' title="bbox 228 3755 1828 3830">
    <p class='ocr_par' dir='ltr' id='par_1_55' title="bbox 228 3755 1828 3830">
     <span class='ocr_line' id='line_1_55' title="bbox 228 3755 1828 3830; baseline -0.008 -8"><span class='ocrx_word' id='word_1_387' title='bbox 228 3767 518 3822; x_wconf 83' lang='lat' dir='ltr'><strong>Damasum</strong></span> <span class='ocrx_word' id='word_1_388' title='bbox 544 3763 874 3830; x_wconf 81' lang='lat' dir='ltr'><strong>concitabat,</strong></span> <span class='ocrx_word' id='word_1_389' title='bbox 911 3762 1091 3816; x_wconf 88' lang='lat' dir='ltr'><strong>missis</strong></span> <span class='ocrx_word' id='word_1_390' title='bbox 1122 3757 1534 3828; x_wconf 61' lang='lat' dir='ltr'><strong>distributis-que</strong></span> <span class='ocrx_word' id='word_1_391' title='bbox 1582 3773 1678 3828; x_wconf 91' lang='lat' dir='ltr'><strong>per</strong></span> <span class='ocrx_word' id='word_1_392' title='bbox 1727 3755 1828 3810; x_wconf 74' lang='lat' dir='ltr'><strong>Ur-</strong></span> 
     </span>
    </p>
   </div>
   <div class='ocr_carea' id='block_1_56' title="bbox 227 3851 1830 3929">
    <p class='ocr_par' dir='ltr' id='par_1_56' title="bbox 227 3851 1830 3929">
     <span class='ocr_line' id='line_1_56' title="bbox 227 3851 1830 3929; baseline -0.007 -13"><span class='ocrx_word' id='word_1_393' title='bbox 227 3861 345 3916; x_wconf 84' lang='lat' dir='ltr'><strong>bem</strong></span> <span class='ocrx_word' id='word_1_394' title='bbox 374 3859 575 3915; x_wconf 88' lang='lat' dir='ltr'><strong>litteris</strong></span> <span class='ocrx_word' id='word_1_395' title='bbox 626 3875 723 3929; x_wconf 89' lang='lat' dir='ltr'><strong>per</strong></span> <span class='ocrx_word' id='word_1_396' title='bbox 768 3856 1120 3913; x_wconf 82' lang='lat' dir='ltr'><strong>Paschasium</strong></span> <span class='ocrx_word' id='word_1_397' title='bbox 1181 3853 1466 3924; x_wconf 89' lang='lat' dir='ltr'><strong>quemdam</strong></span> <span class='ocrx_word' id='word_1_398' title='bbox 1491 3869 1538 3917; x_wconf 73' lang='grc' dir='ltr'><strong>,ο</strong></span> <span class='ocrx_word' id='word_1_399' title='bbox 1564 3851 1830 3907; x_wconf 84' lang='lat' dir='ltr'><strong>seditione</strong></span> 
     </span>
    </p>
   </div>
   <div class='ocr_carea' id='block_1_57' title="bbox 227 3942 1830 4023">
    <p class='ocr_par' dir='ltr' id='par_1_57' title="bbox 227 3942 1830 4023">
     <span class='ocr_line' id='line_1_57' title="bbox 227 3942 1830 4023; baseline -0.006 -19"><span class='ocrx_word' id='word_1_400' title='bbox 227 3953 425 4023; x_wconf 86' lang='lat' dir='ltr'><strong>plenis.</strong></span> <span class='ocrx_word' id='word_1_401' title='bbox 459 3950 598 4006; x_wconf 89' lang='lat' dir='ltr'><strong>Hinc</strong></span> <span class='ocrx_word' id='word_1_402' title='bbox 628 3949 914 4020; x_wconf 70' lang='lat' dir='ltr'><strong>prtefcctus</strong></span> <span class='ocrx_word' id='word_1_403' title='bbox 946 3946 1125 4010; x_wconf 85' lang='lat' dir='ltr'><strong>Urbis,</strong></span> <span class='ocrx_word' id='word_1_404' title='bbox 1173 3959 1203 3998; x_wconf 89' lang='lat' dir='ltr'><strong>a</strong></span> <span class='ocrx_word' id='word_1_405' title='bbox 1231 3959 1337 4014; x_wconf 94' lang='lat' dir='ltr'><strong>quo</strong></span> <span class='ocrx_word' id='word_1_406' title='bbox 1366 3942 1663 3998; x_wconf 89' lang='lat' dir='ltr'><strong>curandum</strong></span> <span class='ocrx_word' id='word_1_407' title='bbox 1713 3951 1830 3996; x_wconf 89' lang='lat' dir='ltr'><strong>erat</strong></span> 
     </span>
    </p>
   </div>
   <div class='ocr_carea' id='block_1_58' title="bbox 228 4035 1829 4115">
    <p class='ocr_par' dir='ltr' id='par_1_58' title="bbox 228 4035 1829 4115">
     <span class='ocr_line' id='line_1_58' title="bbox 228 4035 1829 4115; baseline -0.007 -16"><span class='ocrx_word' id='word_1_408' title='bbox 228 4061 295 4099; x_wconf 87' lang='lat' dir='ltr'><strong>ne</strong></span> <span class='ocrx_word' id='word_1_409' title='bbox 315 4045 439 4115; x_wconf 92' lang='lat' dir='ltr'><strong>quid</strong></span> <span class='ocrx_word' id='word_1_410' title='bbox 458 4043 658 4098; x_wconf 82' lang='lat' dir='ltr'><strong>civium</strong></span> <span class='ocrx_word' id='word_1_411' title='bbox 682 4041 838 4113; x_wconf 87' lang='lat' dir='ltr'><strong>quies</strong></span> <span class='ocrx_word' id='word_1_412' title='bbox 860 4039 1169 4096; x_wconf 89' lang='lat' dir='ltr'><strong>detrimenti</strong></span> <span class='ocrx_word' id='word_1_413' title='bbox 1194 4045 1437 4106; x_wconf 88' lang='lat' dir='ltr'><strong>caperet,</strong></span> <span class='ocrx_word' id='word_1_414' title='bbox 1476 4037 1540 4090; x_wconf 92' lang='lat' dir='ltr'><strong>iis</strong></span> <span class='ocrx_word' id='word_1_415' title='bbox 1567 4035 1634 4090; x_wconf 90' lang='lat' dir='ltr'><strong>de</strong></span> <span class='ocrx_word' id='word_1_416' title='bbox 1666 4035 1829 4090; x_wconf 89' lang='lat' dir='ltr'><strong>rebus</strong></span> 
     </span>
    </p>
   </div>
   <div class='ocr_carea' id='block_1_59' title="bbox 226 4129 1826 4204">
    <p class='ocr_par' dir='ltr' id='par_1_59' title="bbox 226 4129 1826 4204">
     <span class='ocr_line' id='line_1_59' title="bbox 226 4129 1826 4204; baseline -0.008 -12"><span class='ocrx_word' id='word_1_417' title='bbox 226 4136 612 4204; x_wconf 82' lang='lat' dir='ltr'><strong>Gratianoipsi</strong></span> <span class='ocrx_word' id='word_1_418' title='bbox 644 4133 943 4197; x_wconf 87' lang='lat' dir='ltr'><strong>retulerat,</strong></span> <span class='ocrx_word' id='word_1_419' title='bbox 989 4146 1052 4186; x_wconf 91' lang='lat' dir='ltr'><strong>ac</strong></span> <span class='ocrx_word' id='word_1_420' title='bbox 1097 4130 1326 4201; x_wconf 88' lang='lat' dir='ltr'><strong>populus</strong></span> <span class='ocrx_word' id='word_1_421' title='bbox 1376 4129 1652 4183; x_wconf 85' lang='lat' dir='ltr'><strong>Romanus</strong></span> <span class='ocrx_word' id='word_1_422' title='bbox 1704 4143 1826 4182; x_wconf 88' lang='lat' dir='ltr'><strong>cum</strong></span> 
     </span>
    </p>
   </div>
   <div class='ocr_carea' id='block_1_60' title="bbox 226 4222 1829 4298">
    <p class='ocr_par' dir='ltr' id='par_1_60' title="bbox 226 4222 1829 4298">
     <span class='ocr_line' id='line_1_60' title="bbox 226 4222 1829 4298; baseline -0.006 -14"><span class='ocrx_word' id='word_1_423' title='bbox 226 4229 344 4285; x_wconf 56' lang='lat' dir='ltr'><strong>hare</strong></span> <span class='ocrx_word' id='word_1_424' title='bbox 381 4229 644 4298; x_wconf 80' lang='lat' dir='ltr'><strong>Aquileia:</strong></span> <span class='ocrx_word' id='word_1_425' title='bbox 680 4225 1098 4289; x_wconf 85' lang='lat' dir='ltr'><strong>scribebantur,</strong></span> <span class='ocrx_word' id='word_1_426' title='bbox 1147 4222 1398 4294; x_wconf 82' lang='lat' dir='ltr'><strong>pendebat</strong></span> <span class='ocrx_word' id='word_1_427' title='bbox 1457 4223 1714 4287; x_wconf 90' lang='lat' dir='ltr'><strong>incertus,</strong></span> <span class='ocrx_word' id='word_1_428' title='bbox 1766 4236 1829 4276; x_wconf 89' lang='lat' dir='ltr'><strong>ac</strong></span> 
     </span>
    </p>
   </div>
   <div class='ocr_carea' id='block_1_61' title="bbox 227 4313 1828 4390">
    <p class='ocr_par' dir='ltr' id='par_1_61' title="bbox 227 4313 1828 4390">
     <span class='ocr_line' id='line_1_61' title="bbox 227 4313 1828 4390; baseline -0.007 -12"><span class='ocrx_word' id='word_1_429' title='bbox 227 4324 304 4378; x_wconf 91' lang='lat' dir='ltr'><strong>rei</strong></span> <span class='ocrx_word' id='word_1_430' title='bbox 336 4323 549 4377; x_wconf 81' lang='lat' dir='ltr'><strong>exitum</strong></span> <span class='ocrx_word' id='word_1_431' title='bbox 579 4318 956 4390; x_wconf 81' lang='lat' dir='ltr'><strong>exspectabat.</strong></span> <span class='ocrx_word' id='word_1_432' title='bbox 1010 4316 1185 4386; x_wconf 83' lang='lat' dir='ltr'><strong>Hujus</strong></span> <span class='ocrx_word' id='word_1_433' title='bbox 1234 4315 1511 4370; x_wconf 85' lang='lat' dir='ltr'><strong>Paschasii</strong></span> <span class='ocrx_word' id='word_1_434' title='bbox 1541 4356 1557 4381; x_wconf 93' lang='lat'><strong>,</strong></span> <span class='ocrx_word' id='word_1_435' title='bbox 1607 4329 1727 4368; x_wconf 92' lang='lat' dir='ltr'><strong>cum</strong></span> <span class='ocrx_word' id='word_1_436' title='bbox 1774 4313 1828 4367; x_wconf 90' lang='lat' dir='ltr'><strong>in</strong></span> 
     </span>
    </p>
   </div>
   <div class='ocr_carea' id='block_1_62' title="bbox 227 4407 1830 4476">
    <p class='ocr_par' dir='ltr' id='par_1_62' title="bbox 227 4407 1830 4476">
     <span class='ocr_line' id='line_1_62' title="bbox 227 4407 1830 4476; baseline -0.006 -6"><span class='ocrx_word' id='word_1_437' title='bbox 227 4415 378 4471; x_wconf 86' lang='lat' dir='ltr'><strong>hisce</strong></span> <span class='ocrx_word' id='word_1_438' title='bbox 412 4415 609 4469; x_wconf 87' lang='lat' dir='ltr'><strong>litteris</strong></span> <span class='ocrx_word' id='word_1_439' title='bbox 651 4413 931 4468; x_wconf 87' lang='lat' dir='ltr'><strong>dumtaxat</strong></span> <span class='ocrx_word' id='word_1_440' title='bbox 967 4411 1171 4466; x_wconf 89' lang='lat' dir='ltr'><strong>mentio</strong></span> <span class='ocrx_word' id='word_1_441' title='bbox 1219 4409 1326 4476; x_wconf 90' lang='lat' dir='ltr'><strong>sit,</strong></span> <span class='ocrx_word' id='word_1_442' title='bbox 1385 4408 1520 4463; x_wconf 89' lang='lat' dir='ltr'><strong>nihil</strong></span> <span class='ocrx_word' id='word_1_443' title='bbox 1566 4407 1696 4462; x_wconf 90' lang='lat' dir='ltr'><strong>mihi</strong></span> <span class='ocrx_word' id='word_1_444' title='bbox 1738 4421 1830 4462; x_wconf 89' lang='lat' dir='ltr'><strong>oc—</strong></span> 
     </span>
    </p>
   </div>
   <div class='ocr_carea' id='block_1_63' title="bbox 1938 1807 3540 1890">
    <p class='ocr_par' dir='ltr' id='par_1_63' title="bbox 1938 1807 3540 1890">
     <span class='ocr_line' id='line_1_63' title="bbox 1938 1807 3540 1890; baseline 0.01 -28"><span class='ocrx_word' id='word_1_445' title='bbox 1938 1807 2238 1865; x_wconf 85' lang='lat' dir='ltr'><strong>Ohscurum</strong></span> <span class='ocrx_word' id='word_1_446' title='bbox 2271 1813 2398 1866; x_wconf 89' lang='lat' dir='ltr'><strong>illud</strong></span> <span class='ocrx_word' id='word_1_447' title='bbox 2433 1814 2752 1881; x_wconf 89' lang='lat' dir='ltr'><strong>identidem,</strong></span> <span class='ocrx_word' id='word_1_448' title='bbox 2782 1819 3212 1890; x_wconf 86' lang='lat' dir='ltr'><strong>perplexumque</strong></span> <span class='ocrx_word' id='word_1_449' title='bbox 3265 1833 3366 1886; x_wconf 89' lang='lat' dir='ltr'><strong>est,</strong></span> <span class='ocrx_word' id='word_1_450' title='bbox 3426 1823 3540 1879; x_wconf 90' lang='lat' dir='ltr'><strong>sive</strong></span> 
     </span>
    </p>
   </div>
   <div class='ocr_carea' id='block_1_64' title="bbox 1936 1902 3538 1985">
    <p class='ocr_par' dir='ltr' id='par_1_64' title="bbox 1936 1902 3538 1985">
     <span class='ocr_line' id='line_1_64' title="bbox 1936 1902 3538 1985; baseline 0.007 -29"><span class='ocrx_word' id='word_1_451' title='bbox 1936 1902 2006 1956; x_wconf 90' lang='lat' dir='ltr'><strong>ob</strong></span> <span class='ocrx_word' id='word_1_452' title='bbox 2031 1904 2245 1973; x_wconf 89' lang='lat' dir='ltr'><strong>aliquod</strong></span> <span class='ocrx_word' id='word_1_453' title='bbox 2283 1908 2728 1976; x_wconf 79' lang='lat' dir='ltr'><strong>lranscriptorum</strong></span> <span class='ocrx_word' id='word_1_454' title='bbox 2759 1909 2948 1964; x_wconf 89' lang='lat' dir='ltr'><strong>vitium</strong></span> <span class='ocrx_word' id='word_1_455' title='bbox 2983 1952 3000 1977; x_wconf 95' lang='lat'><strong>,</strong></span> <span class='ocrx_word' id='word_1_456' title='bbox 3051 1912 3165 1965; x_wconf 85' lang='lat' dir='ltr'><strong>sive</strong></span> <span class='ocrx_word' id='word_1_457' title='bbox 3215 1913 3284 1966; x_wconf 90' lang='lat' dir='ltr'><strong>ob</strong></span> <span class='ocrx_word' id='word_1_458' title='bbox 3335 1914 3538 1985; x_wconf 88' lang='lat' dir='ltr'><strong>stylum</strong></span> 
     </span>
    </p>
   </div>
   <div class='ocr_carea' id='block_1_65' title="bbox 1935 1995 3540 2075">
    <p class='ocr_par' dir='ltr' id='par_1_65' title="bbox 1935 1995 3540 2075">
     <span class='ocr_line' id='line_1_65' title="bbox 1935 1995 3540 2075; baseline 0.006 -25"><span class='ocrx_word' id='word_1_459' title='bbox 1935 1995 2134 2065; x_wconf 92' lang='lat' dir='ltr'><strong>ipsum,</strong></span> <span class='ocrx_word' id='word_1_460' title='bbox 2160 1998 2250 2067; x_wconf 87' lang='lat' dir='ltr'><strong>qui</strong></span> <span class='ocrx_word' id='word_1_461' title='bbox 2281 1997 2563 2053; x_wconf 88' lang='lat' dir='ltr'><strong>Gallicano</strong></span> <span class='ocrx_word' id='word_1_462' title='bbox 2593 1999 2862 2055; x_wconf 89' lang='lat' dir='ltr'><strong>cothurno</strong></span> <span class='ocrx_word' id='word_1_463' title='bbox 2895 2012 3158 2072; x_wconf 88' lang='lat' dir='ltr'><strong>perpetuo</strong></span> <span class='ocrx_word' id='word_1_464' title='bbox 3181 2005 3436 2075; x_wconf 85' lang='lat' dir='ltr'><strong>assurgit.</strong></span> <span class='ocrx_word' id='word_1_465' title='bbox 3469 2007 3540 2060; x_wconf 92' lang='lat' dir='ltr'><strong>At</strong></span> 
     </span>
    </p>
   </div>
   <div class='ocr_carea' id='block_1_66' title="bbox 1935 2091 3540 2166">
    <p class='ocr_par' dir='ltr' id='par_1_66' title="bbox 1935 2091 3540 2166">
     <span class='ocr_line' id='line_1_66' title="bbox 1935 2091 3540 2166; baseline 0.007 -24"><span class='ocrx_word' id='word_1_466' title='bbox 1935 2102 2149 2153; x_wconf 87' lang='lat' dir='ltr'><strong>eorum,</strong></span> <span class='ocrx_word' id='word_1_467' title='bbox 2183 2106 2302 2158; x_wconf 64' lang='lat' dir='ltr'><strong>quur</strong></span> <span class='ocrx_word' id='word_1_468' title='bbox 2330 2091 2604 2152; x_wconf 86' lang='lat' dir='ltr'><strong>continet.</strong></span> <span class='ocrx_word' id='word_1_469' title='bbox 2639 2091 2754 2145; x_wconf 67' lang='lat' dir='ltr'><strong>haec</strong></span> <span class='ocrx_word' id='word_1_470' title='bbox 2793 2108 3004 2147; x_wconf 89' lang='lat' dir='ltr'><strong>summa</strong></span> <span class='ocrx_word' id='word_1_471' title='bbox 3054 2105 3139 2149; x_wconf 87' lang='lat' dir='ltr'><strong>est</strong></span> <span class='ocrx_word' id='word_1_472' title='bbox 3171 2096 3280 2150; x_wconf 87' lang='lat' dir='ltr'><strong>:Se</strong></span> <span class='ocrx_word' id='word_1_473' title='bbox 3332 2097 3540 2166; x_wconf 86' lang='lat' dir='ltr'><strong>pridem</strong></span> 
     </span>
    </p>
   </div>
   <div class='ocr_carea' id='block_1_67' title="bbox 1934 2175 3535 2257">
    <p class='ocr_par' dir='ltr' id='par_1_67' title="bbox 1934 2175 3535 2257">
     <span class='ocr_line' id='line_1_67' title="bbox 1934 2175 3535 2257; baseline 0.007 -25"><span class='ocrx_word' id='word_1_474' title='bbox 1934 2177 2154 2234; x_wconf 76' lang='lat' dir='ltr'><strong>dedisse</strong></span> <span class='ocrx_word' id='word_1_475' title='bbox 2193 2180 2402 2234; x_wconf 88' lang='lat' dir='ltr'><strong>litteras</strong></span> <span class='ocrx_word' id='word_1_476' title='bbox 2447 2181 2513 2235; x_wconf 91' lang='lat' dir='ltr'><strong>ad</strong></span> <span class='ocrx_word' id='word_1_477' title='bbox 2557 2182 2894 2250; x_wconf 89' lang='lat' dir='ltr'><strong>Simplicium</strong></span> <span class='ocrx_word' id='word_1_478' title='bbox 2928 2186 3199 2255; x_wconf 84' lang='lat' dir='ltr'><strong>quondam</strong></span> <span class='ocrx_word' id='word_1_479' title='bbox 3255 2175 3535 2257; x_wconf 86' lang='lat' dir='ltr'><strong>vicarium,</strong></span> 
     </span>
    </p>
   </div>
   <div class='ocr_carea' id='block_1_68' title="bbox 1933 2272 3536 2348">
    <p class='ocr_par' dir='ltr' id='par_1_68' title="bbox 1933 2272 3536 2348">
     <span class='ocr_line' id='line_1_68' title="bbox 1933 2272 3536 2348; baseline 0.007 -24"><span class='ocrx_word' id='word_1_480' title='bbox 1933 2272 2128 2340; x_wconf 89' lang='lat' dir='ltr'><strong>quibus</strong></span> <span class='ocrx_word' id='word_1_481' title='bbox 2151 2272 2442 2340; x_wconf 88' lang='lat' dir='ltr'><strong>jubebatur</strong></span> <span class='ocrx_word' id='word_1_482' title='bbox 2469 2274 2676 2343; x_wconf 90' lang='lat' dir='ltr'><strong>:primo</strong></span> <span class='ocrx_word' id='word_1_483' title='bbox 2708 2285 2762 2328; x_wconf 89' lang='lat' dir='ltr'><strong>ut</strong></span> <span class='ocrx_word' id='word_1_484' title='bbox 2794 2293 2990 2342; x_wconf 87' lang='lat' dir='ltr'><strong>omnes,</strong></span> <span class='ocrx_word' id='word_1_485' title='bbox 3023 2281 3108 2347; x_wconf 89' lang='lat' dir='ltr'><strong>qui</strong></span> <span class='ocrx_word' id='word_1_486' title='bbox 3139 2280 3323 2348; x_wconf 89' lang='lat' dir='ltr'><strong>impios</strong></span> <span class='ocrx_word' id='word_1_487' title='bbox 3356 2291 3536 2348; x_wconf 80' lang='lat' dir='ltr'><strong>ctetus,</strong></span> 
     </span>
    </p>
   </div>
   <div class='ocr_carea' id='block_1_69' title="bbox 1933 2365 3540 2436">
    <p class='ocr_par' dir='ltr' id='par_1_69' title="bbox 1933 2365 3540 2436">
     <span class='ocr_line' id='line_1_69' title="bbox 1933 2365 3540 2436; baseline 0.007 -21"><span class='ocrx_word' id='word_1_488' title='bbox 1933 2366 2207 2433; x_wconf 68' lang='lat' dir='ltr'><strong>profanata</strong></span> <span class='ocrx_word' id='word_1_489' title='bbox 2255 2365 2502 2436; x_wconf 71' lang='lat' dir='ltr'><strong>religione</strong></span> <span class='ocrx_word' id='word_1_490' title='bbox 2558 2375 2848 2434; x_wconf 85' lang='lat' dir='ltr'><strong>tentarent,</strong></span> <span class='ocrx_word' id='word_1_491' title='bbox 2886 2368 2954 2421; x_wconf 93' lang='lat' dir='ltr'><strong>ad</strong></span> <span class='ocrx_word' id='word_1_492' title='bbox 2999 2371 3325 2424; x_wconf 85' lang='lat' dir='ltr'><strong>centesimum</strong></span> <span class='ocrx_word' id='word_1_493' title='bbox 3386 2371 3540 2427; x_wconf 87' lang='lat' dir='ltr'><strong>Urbis</strong></span> 
     </span>
    </p>
   </div>
   <div class='ocr_carea' id='block_1_70' title="bbox 1933 2456 3540 2536">
    <p class='ocr_par' dir='ltr' id='par_1_70' title="bbox 1933 2456 3540 2536">
     <span class='ocr_line' id='line_1_70' title="bbox 1933 2456 3540 2536; baseline 0.012 -30"><span class='ocrx_word' id='word_1_494' title='bbox 1933 2456 2154 2510; x_wconf 88' lang='lat' dir='ltr'><strong>milliare</strong></span> <span class='ocrx_word' id='word_1_495' title='bbox 2177 2458 2504 2528; x_wconf 85' lang='lat' dir='ltr'><strong>pellerentur,</strong></span> <span class='ocrx_word' id='word_1_496' title='bbox 2538 2461 2623 2513; x_wconf 89' lang='lat' dir='ltr'><strong>ubi</strong></span> <span class='ocrx_word' id='word_1_497' title='bbox 2645 2462 2880 2530; x_wconf 72' lang='lat' dir='ltr'><strong>pertinax</strong></span> <span class='ocrx_word' id='word_1_498' title='bbox 2903 2467 3050 2534; x_wconf 78' lang='lat' dir='ltr'><strong>[urar</strong></span> <span class='ocrx_word' id='word_1_499' title='bbox 3070 2465 3132 2518; x_wconf 86' lang='lat' dir='ltr'><strong>ab</strong></span> <span class='ocrx_word' id='word_1_500' title='bbox 3155 2465 3540 2536; x_wconf 75' lang='lat' dir='ltr'><strong>obsequentibtts</strong></span> 
     </span>
    </p>
   </div>
   <div class='ocr_carea' id='block_1_71' title="bbox 1933 2549 3538 2630">
    <p class='ocr_par' dir='ltr' id='par_1_71' title="bbox 1933 2549 3538 2630">
     <span class='ocr_line' id='line_1_71' title="bbox 1933 2549 3538 2630; baseline 0.01 -30"><span class='ocrx_word' id='word_1_501' title='bbox 1933 2549 2231 2617; x_wconf 87' lang='lat' dir='ltr'><strong>destitutus,</strong></span> <span class='ocrx_word' id='word_1_502' title='bbox 2264 2552 2316 2604; x_wconf 91' lang='lat' dir='ltr'><strong>in</strong></span> <span class='ocrx_word' id='word_1_503' title='bbox 2338 2556 2452 2626; x_wconf 85' lang='lat' dir='ltr'><strong>ejus</strong></span> <span class='ocrx_word' id='word_1_504' title='bbox 2481 2562 2679 2607; x_wconf 86' lang='lat' dir='ltr'><strong>tmttum</strong></span> <span class='ocrx_word' id='word_1_505' title='bbox 2701 2557 2982 2623; x_wconf 86' lang='lat' dir='ltr'><strong>perniciem</strong></span> <span class='ocrx_word' id='word_1_506' title='bbox 3020 2567 3209 2623; x_wconf 81' lang='lat' dir='ltr'><strong>rueret,</strong></span> <span class='ocrx_word' id='word_1_507' title='bbox 3261 2561 3348 2630; x_wconf 89' lang='lat' dir='ltr'><strong>qui</strong></span> <span class='ocrx_word' id='word_1_508' title='bbox 3393 2562 3538 2617; x_wconf 87' lang='lat' dir='ltr'><strong>solus</strong></span> 
     </span>
    </p>
   </div>
   <div class='ocr_carea' id='block_1_72' title="bbox 1933 2645 3540 2720">
    <p class='ocr_par' dir='ltr' id='par_1_72' title="bbox 1933 2645 3540 2720">
     <span class='ocr_line' id='line_1_72' title="bbox 1933 2645 3540 2720; baseline 0.007 -27"><span class='ocrx_word' id='word_1_509' title='bbox 1933 2653 2160 2707; x_wconf 86' lang='lat' dir='ltr'><strong>erraret;</strong></span> <span class='ocrx_word' id='word_1_510' title='bbox 2189 2645 2430 2699; x_wconf 84' lang='lat' dir='ltr'><strong>seCundo</strong></span> <span class='ocrx_word' id='word_1_511' title='bbox 2459 2654 2511 2697; x_wconf 91' lang='lat' dir='ltr'><strong>ut</strong></span> <span class='ocrx_word' id='word_1_512' title='bbox 2541 2645 2867 2699; x_wconf 87' lang='lat' dir='ltr'><strong>condemnati</strong></span> <span class='ocrx_word' id='word_1_513' title='bbox 2905 2647 3110 2720; x_wconf 86' lang='lat' dir='ltr'><strong>judicio</strong></span> <span class='ocrx_word' id='word_1_514' title='bbox 3161 2661 3292 2704; x_wconf 86' lang='lat' dir='ltr'><strong>recte</strong></span> <span class='ocrx_word' id='word_1_515' title='bbox 3317 2653 3540 2705; x_wconf 86' lang='lat' dir='ltr'><strong>sentien-</strong></span> 
     </span>
    </p>
   </div>
   <div class='ocr_carea' id='block_1_73' title="bbox 1932 2733 3540 2812">
    <p class='ocr_par' dir='ltr' id='par_1_73' title="bbox 1932 2733 3540 2812">
     <span class='ocr_line' id='line_1_73' title="bbox 1932 2733 3540 2812; baseline 0.008 -26"><span class='ocrx_word' id='word_1_516' title='bbox 1932 2733 2057 2787; x_wconf 88' lang='lat' dir='ltr'><strong>tium</strong></span> <span class='ocrx_word' id='word_1_517' title='bbox 2081 2735 2424 2801; x_wconf 84' lang='lat' dir='ltr'><strong>sacerdotum,</strong></span> <span class='ocrx_word' id='word_1_518' title='bbox 2457 2737 2679 2790; x_wconf 79' lang='lat' dir='ltr'><strong>reditum</strong></span> <span class='ocrx_word' id='word_1_519' title='bbox 2733 2740 2801 2791; x_wconf 89' lang='lat' dir='ltr'><strong>ad</strong></span> <span class='ocrx_word' id='word_1_520' title='bbox 2849 2737 3130 2805; x_wconf 86' lang='lat' dir='ltr'><strong>Ecclesias,</strong></span> <span class='ocrx_word' id='word_1_521' title='bbox 3175 2758 3303 2812; x_wconf 90' lang='lat' dir='ltr'><strong>quas</strong></span> <span class='ocrx_word' id='word_1_522' title='bbox 3359 2754 3540 2799; x_wconf 88' lang='lat' dir='ltr'><strong>conta-</strong></span> 
     </span>
    </p>
   </div>
   <div class='ocr_carea' id='block_1_74' title="bbox 1933 2826 3540 2907">
    <p class='ocr_par' dir='ltr' id='par_1_74' title="bbox 1933 2826 3540 2907">
     <span class='ocr_line' id='line_1_74' title="bbox 1933 2826 3540 2907; baseline 0.008 -30"><span class='ocrx_word' id='word_1_523' title='bbox 1933 2826 2272 2890; x_wconf 85' lang='lat' dir='ltr'><strong>minaverant,</strong></span> <span class='ocrx_word' id='word_1_524' title='bbox 2302 2843 2404 2880; x_wconf 89' lang='lat' dir='ltr'><strong>non</strong></span> <span class='ocrx_word' id='word_1_525' title='bbox 2429 2827 2691 2893; x_wconf 84' lang='lat' dir='ltr'><strong>haberent,</strong></span> <span class='ocrx_word' id='word_1_526' title='bbox 2722 2845 2784 2883; x_wconf 86' lang='lat' dir='ltr'><strong>ac</strong></span> <span class='ocrx_word' id='word_1_527' title='bbox 2818 2831 3309 2902; x_wconf 87' lang='lat' dir='ltr'><strong>redintegrationem</strong></span> <span class='ocrx_word' id='word_1_528' title='bbox 3345 2836 3540 2907; x_wconf 88' lang='lat' dir='ltr'><strong>judicii</strong></span> 
     </span>
    </p>
   </div>
   <div class='ocr_carea' id='block_1_75' title="bbox 1933 2914 3534 2998">
    <p class='ocr_par' dir='ltr' id='par_1_75' title="bbox 1933 2914 3534 2998">
     <span class='ocr_line' id='line_1_75' title="bbox 1933 2914 3534 2998; baseline 0.01 -29"><span class='ocrx_word' id='word_1_529' title='bbox 1933 2914 2133 2970; x_wconf 82' lang='lat' dir='ltr'><strong>frustra</strong></span> <span class='ocrx_word' id='word_1_530' title='bbox 2165 2917 2304 2986; x_wconf 88' lang='lat' dir='ltr'><strong>apud</strong></span> <span class='ocrx_word' id='word_1_531' title='bbox 2338 2920 2722 2989; x_wconf 87' lang='lat' dir='ltr'><strong>imperatorem</strong></span> <span class='ocrx_word' id='word_1_532' title='bbox 2756 2935 3108 2992; x_wconf 73' lang='lat' dir='ltr'><strong>precarentur.</strong></span> <span class='ocrx_word' id='word_1_533' title='bbox 3148 2925 3322 2982; x_wconf 85' lang='lat' dir='ltr'><strong>Prima</strong></span> <span class='ocrx_word' id='word_1_534' title='bbox 3375 2927 3534 2998; x_wconf 85' lang='lat' dir='ltr'><strong>hujus</strong></span> 
     </span>
    </p>
   </div>
   <div class='ocr_carea' id='block_1_76' title="bbox 1933 3009 3539 3087">
    <p class='ocr_par' dir='ltr' id='par_1_76' title="bbox 1933 3009 3539 3087">
     <span class='ocr_line' id='line_1_76' title="bbox 1933 3009 3539 3087; baseline 0.009 -24"><span class='ocrx_word' id='word_1_535' title='bbox 1933 3009 2000 3064; x_wconf 89' lang='lat' dir='ltr'><strong>ad</strong></span> <span class='ocrx_word' id='word_1_536' title='bbox 2047 3011 2384 3080; x_wconf 86' lang='lat' dir='ltr'><strong>Simplicium</strong></span> <span class='ocrx_word' id='word_1_537' title='bbox 2441 3015 2694 3085; x_wconf 89' lang='lat' dir='ltr'><strong>rescripti</strong></span> <span class='ocrx_word' id='word_1_538' title='bbox 2755 3031 2878 3086; x_wconf 87' lang='lat' dir='ltr'><strong>pars</strong></span> <span class='ocrx_word' id='word_1_539' title='bbox 2927 3017 3270 3087; x_wconf 88' lang='lat' dir='ltr'><strong>Donatistas,</strong></span> <span class='ocrx_word' id='word_1_540' title='bbox 3327 3021 3539 3079; x_wconf 79' lang='lat' dir='ltr'><strong>Lucife—</strong></span> 
     </span>
    </p>
   </div>
   <div class='ocr_carea' id='block_1_77' title="bbox 1934 3104 3538 3180">
    <p class='ocr_par' dir='ltr' id='par_1_77' title="bbox 1934 3104 3538 3180">
     <span class='ocr_line' id='line_1_77' title="bbox 1934 3104 3538 3180; baseline 0.007 -22"><span class='ocrx_word' id='word_1_541' title='bbox 1934 3105 2136 3170; x_wconf 76' lang='lat' dir='ltr'><strong>riauos,</strong></span> <span class='ocrx_word' id='word_1_542' title='bbox 2161 3121 2223 3158; x_wconf 90' lang='lat' dir='ltr'><strong>ac</strong></span> <span class='ocrx_word' id='word_1_543' title='bbox 2247 3104 2572 3162; x_wconf 82' lang='lat' dir='ltr'><strong>Nnvalianos</strong></span> <span class='ocrx_word' id='word_1_544' title='bbox 2603 3109 2936 3180; x_wconf 84' lang='lat' dir='ltr'><strong>perstringit,</strong></span> <span class='ocrx_word' id='word_1_545' title='bbox 2963 3126 3026 3166; x_wconf 91' lang='lat' dir='ltr'><strong>ac</strong></span> <span class='ocrx_word' id='word_1_546' title='bbox 3053 3127 3175 3166; x_wconf 91' lang='lat' dir='ltr'><strong>cum</strong></span> <span class='ocrx_word' id='word_1_547' title='bbox 3199 3113 3265 3167; x_wconf 91' lang='lat' dir='ltr'><strong>iis</strong></span> <span class='ocrx_word' id='word_1_548' title='bbox 3285 3114 3538 3172; x_wconf 90' lang='lat' dir='ltr'><strong>omnibus</strong></span> 
     </span>
    </p>
   </div>
   <div class='ocr_carea' id='block_1_78' title="bbox 1933 3197 3534 3275">
    <p class='ocr_par' dir='ltr' id='par_1_78' title="bbox 1933 3197 3534 3275">
     <span class='ocr_line' id='line_1_78' title="bbox 1933 3197 3534 3275; baseline 0.008 -25"><span class='ocrx_word' id='word_1_549' title='bbox 1933 3199 2316 3252; x_wconf 89' lang='lat' dir='ltr'><strong>communione</strong></span> <span class='ocrx_word' id='word_1_550' title='bbox 2343 3197 2562 3264; x_wconf 82' lang='lat' dir='ltr'><strong>junctus</strong></span> <span class='ocrx_word' id='word_1_551' title='bbox 2585 3200 2922 3256; x_wconf 86' lang='lat' dir='ltr'><strong>Ursiniauos.</strong></span> <span class='ocrx_word' id='word_1_552' title='bbox 2952 3201 3124 3258; x_wconf 86' lang='lat' dir='ltr'><strong>Alteri</strong></span> <span class='ocrx_word' id='word_1_553' title='bbox 3149 3221 3274 3259; x_wconf 82' lang='lat' dir='ltr'><strong>vero</strong></span> <span class='ocrx_word' id='word_1_554' title='bbox 3291 3206 3534 3275; x_wconf 90' lang='lat' dir='ltr'><strong>ejusdem</strong></span> 
     </span>
    </p>
   </div>
   <div class='ocr_carea' id='block_1_79' title="bbox 1933 3289 3537 3369">
    <p class='ocr_par' dir='ltr' id='par_1_79' title="bbox 1933 3289 3537 3369">
     <span class='ocr_line' id='line_1_79' title="bbox 1933 3289 3537 3369; baseline 0.007 -27"><span class='ocrx_word' id='word_1_555' title='bbox 1933 3290 2116 3369; x_wconf 84' lang='lat' dir='ltr'><strong>capiti,</strong></span> <span class='ocrx_word' id='word_1_556' title='bbox 2153 3289 2485 3346; x_wconf 87' lang='lat' dir='ltr'><strong>Florentium</strong></span> <span class='ocrx_word' id='word_1_557' title='bbox 2534 3292 2910 3361; x_wconf 89' lang='lat' dir='ltr'><strong>Puteolanum,</strong></span> <span class='ocrx_word' id='word_1_558' title='bbox 2935 3310 2998 3350; x_wconf 89' lang='lat' dir='ltr'><strong>ac</strong></span> <span class='ocrx_word' id='word_1_559' title='bbox 3029 3296 3378 3352; x_wconf 87' lang='lat' dir='ltr'><strong>Parmensem</strong></span> <span class='ocrx_word' id='word_1_560' title='bbox 3422 3299 3537 3369; x_wconf 88' lang='lat' dir='ltr'><strong>epi-</strong></span> 
     </span>
    </p>
   </div>
   <div class='ocr_carea' id='block_1_80' title="bbox 1933 3362 3537 3462">
    <p class='ocr_par' dir='ltr' id='par_1_80' title="bbox 1933 3362 3537 3462">
     <span class='ocr_line' id='line_1_80' title="bbox 1933 3362 3537 3462; baseline 0.008 -27"><span class='ocrx_word' id='word_1_561' title='bbox 1933 3362 2180 3450; x_wconf 71' lang='grc' dir='ltr'><strong>έὲοβιιηι,</strong></span> <span class='ocrx_word' id='word_1_562' title='bbox 2212 3395 2495 3453; x_wconf 81' lang='lat' dir='ltr'><strong>postquam</strong></span> <span class='ocrx_word' id='word_1_563' title='bbox 2529 3401 2557 3438; x_wconf 93' lang='lat' dir='ltr'><strong>a</strong></span> <span class='ocrx_word' id='word_1_564' title='bbox 2583 3385 2824 3440; x_wconf 80' lang='lat' dir='ltr'><strong>Romana</strong></span> <span class='ocrx_word' id='word_1_565' title='bbox 2883 3388 3119 3444; x_wconf 85' lang='lat' dir='ltr'><strong>secunda</strong></span> <span class='ocrx_word' id='word_1_566' title='bbox 3169 3391 3378 3462; x_wconf 82' lang='lat' dir='ltr'><strong>synodo</strong></span> <span class='ocrx_word' id='word_1_567' title='bbox 3435 3393 3537 3450; x_wconf 90' lang='lat' dir='ltr'><strong>sub</strong></span> 
     </span>
    </p>
   </div>
   <div class='ocr_carea' id='block_1_81' title="bbox 1934 3474 3536 3548">
    <p class='ocr_par' dir='ltr' id='par_1_81' title="bbox 1934 3474 3536 3548">
     <span class='ocr_line' id='line_1_81' title="bbox 1934 3474 3536 3548; baseline 0.009 -20"><span class='ocrx_word' id='word_1_568' title='bbox 1934 3474 2165 3529; x_wconf 90' lang='lat' dir='ltr'><strong>Damaso</strong></span> <span class='ocrx_word' id='word_1_569' title='bbox 2193 3477 2417 3531; x_wconf 89' lang='lat' dir='ltr'><strong>collecta</strong></span> <span class='ocrx_word' id='word_1_570' title='bbox 2449 3477 2684 3532; x_wconf 88' lang='lat' dir='ltr'><strong>damnati</strong></span> <span class='ocrx_word' id='word_1_571' title='bbox 2743 3479 2990 3548; x_wconf 87' lang='lat' dir='ltr'><strong>fuerant,</strong></span> <span class='ocrx_word' id='word_1_572' title='bbox 3047 3498 3265 3538; x_wconf 86' lang='lat' dir='ltr'><strong>causam</strong></span> <span class='ocrx_word' id='word_1_573' title='bbox 3321 3485 3536 3542; x_wconf 89' lang='lat' dir='ltr'><strong>dedisse</strong></span> 
     </span>
    </p>
   </div>
   <div class='ocr_carea' id='block_1_82' title="bbox 1934 3567 3536 3639">
    <p class='ocr_par' dir='ltr' id='par_1_82' title="bbox 1934 3567 3536 3639">
     <span class='ocr_line' id='line_1_82' title="bbox 1934 3567 3536 3639; baseline 0.009 -19"><span class='ocrx_word' id='word_1_574' title='bbox 1934 3578 2084 3636; x_wconf 87' lang='lat' dir='ltr'><strong>puto.</strong></span> <span class='ocrx_word' id='word_1_575' title='bbox 2118 3567 2453 3637; x_wconf 88' lang='lat' dir='ltr'><strong>Simplicium</strong></span> <span class='ocrx_word' id='word_1_576' title='bbox 2483 3570 2746 3639; x_wconf 88' lang='lat' dir='ltr'><strong>siquidem</strong></span> <span class='ocrx_word' id='word_1_577' title='bbox 2771 3575 2954 3628; x_wconf 85' lang='lat' dir='ltr'><strong>vicarii</strong></span> <span class='ocrx_word' id='word_1_578' title='bbox 2989 3575 3147 3632; x_wconf 89' lang='lat' dir='ltr'><strong>Urbis</strong></span> <span class='ocrx_word' id='word_1_579' title='bbox 3178 3576 3415 3634; x_wconf 81' lang='lat' dir='ltr'><strong>ofﬁcium</strong></span> <span class='ocrx_word' id='word_1_580' title='bbox 3441 3579 3536 3635; x_wconf 87' lang='lat' dir='ltr'><strong>ad-</strong></span> 
     </span>
    </p>
   </div>
   <div class='ocr_carea' id='block_1_83' title="bbox 1934 3660 3529 3738">
    <p class='ocr_par' dir='ltr' id='par_1_83' title="bbox 1934 3660 3529 3738">
     <span class='ocr_line' id='line_1_83' title="bbox 1934 3660 3529 3738; baseline 0.008 -26"><span class='ocrx_word' id='word_1_581' title='bbox 1934 3660 2272 3715; x_wconf 84' lang='lat' dir='ltr'><strong>ministrasse</strong></span> <span class='ocrx_word' id='word_1_582' title='bbox 2301 3661 2501 3714; x_wconf 89' lang='lat' dir='ltr'><strong>scimus</strong></span> <span class='ocrx_word' id='word_1_583' title='bbox 2529 3661 2786 3716; x_wconf 89' lang='lat' dir='ltr'><strong>Gratiano</strong></span> <span class='ocrx_word' id='word_1_584' title='bbox 2814 3667 2879 3719; x_wconf 84' lang='grc' dir='ltr'><strong>Α.</strong></span> <span class='ocrx_word' id='word_1_585' title='bbox 2913 3682 2971 3721; x_wconf 90' lang='lat' dir='ltr'><strong>ut</strong></span> <span class='ocrx_word' id='word_1_586' title='bbox 3010 3678 3065 3722; x_wconf 92' lang='lat' dir='ltr'><strong>et</strong></span> <span class='ocrx_word' id='word_1_587' title='bbox 3101 3669 3315 3736; x_wconf 82' lang='lat' dir='ltr'><strong>Equitio</strong></span> <span class='ocrx_word' id='word_1_588' title='bbox 3360 3684 3529 3738; x_wconf 90' lang='lat' dir='ltr'><strong>coss.,</strong></span> 
     </span>
    </p>
   </div>
   <div class='ocr_carea' id='block_1_84' title="bbox 1933 3756 3532 3829">
    <p class='ocr_par' dir='ltr' id='par_1_84' title="bbox 1933 3756 3532 3829">
     <span class='ocr_line' id='line_1_84' title="bbox 1933 3756 3532 3829; baseline 0.006 -18"><span class='ocrx_word' id='word_1_589' title='bbox 1933 3772 2076 3811; x_wconf 87' lang='lat' dir='ltr'><strong>anno</strong></span> <span class='ocrx_word' id='word_1_590' title='bbox 2103 3756 2305 3811; x_wconf 88' lang='lat' dir='ltr'><strong>scilicet</strong></span> <span class='ocrx_word' id='word_1_591' title='bbox 2335 3757 2440 3811; x_wconf 70' lang='grc'><strong>574</strong></span> <span class='ocrx_word' id='word_1_592' title='bbox 2471 3759 2573 3826; x_wconf 86' lang='lat' dir='ltr'><strong>(a),</strong></span> <span class='ocrx_word' id='word_1_593' title='bbox 2608 3770 2771 3829; x_wconf 89' lang='lat' dir='ltr'><strong>atque</strong></span> <span class='ocrx_word' id='word_1_594' title='bbox 2817 3762 2888 3815; x_wconf 88' lang='lat' dir='ltr'><strong>ita</strong></span> <span class='ocrx_word' id='word_1_595' title='bbox 2933 3761 3309 3817; x_wconf 84' lang='lat' dir='ltr'><strong>Valentiniano</strong></span> <span class='ocrx_word' id='word_1_596' title='bbox 3355 3763 3532 3820; x_wconf 87' lang='lat' dir='ltr'><strong>adhuc</strong></span> 
     </span>
    </p>
   </div>
   <div class='ocr_carea' id='block_1_85' title="bbox 1933 3849 3532 3923">
    <p class='ocr_par' dir='ltr' id='par_1_85' title="bbox 1933 3849 3532 3923">
     <span class='ocr_line' id='line_1_85' title="bbox 1933 3849 3532 3923; baseline 0.006 -20"><span class='ocrx_word' id='word_1_597' title='bbox 1933 3849 2076 3903; x_wconf 86' lang='lat' dir='ltr'><strong>vivo.</strong></span> <span class='ocrx_word' id='word_1_598' title='bbox 2108 3852 2176 3904; x_wconf 86' lang='lat' dir='ltr'><strong>At</strong></span> <span class='ocrx_word' id='word_1_599' title='bbox 2207 3849 2615 3904; x_wconf 86' lang='lat' dir='ltr'><strong>Valentinianus</strong></span> <span class='ocrx_word' id='word_1_600' title='bbox 2657 3849 3057 3921; x_wconf 84' lang='lat' dir='ltr'><strong>Ursicinianos,</strong></span> <span class='ocrx_word' id='word_1_601' title='bbox 3120 3853 3417 3923; x_wconf 84' lang='lat' dir='ltr'><strong>dumtaxat,</strong></span> <span class='ocrx_word' id='word_1_602' title='bbox 3476 3866 3532 3912; x_wconf 87' lang='lat' dir='ltr'><strong>et</strong></span> 
     </span>
    </p>
   </div>
   <div class='ocr_carea' id='block_1_86' title="bbox 1933 3941 3530 4015">
    <p class='ocr_par' dir='ltr' id='par_1_86' title="bbox 1933 3941 3530 4015">
     <span class='ocr_line' id='line_1_86' title="bbox 1933 3941 3530 4015; baseline 0.004 -19"><span class='ocrx_word' id='word_1_603' title='bbox 1933 3941 2330 4011; x_wconf 87' lang='lat' dir='ltr'><strong>rcbaptizantcs</strong></span> <span class='ocrx_word' id='word_1_604' title='bbox 2353 3942 2558 4012; x_wconf 90' lang='lat' dir='ltr'><strong>legibus</strong></span> <span class='ocrx_word' id='word_1_605' title='bbox 2587 3943 2699 3998; x_wconf 90' lang='lat' dir='ltr'><strong>suis</strong></span> <span class='ocrx_word' id='word_1_606' title='bbox 2726 3944 2966 4000; x_wconf 89' lang='lat' dir='ltr'><strong>coercuit</strong></span> <span class='ocrx_word' id='word_1_607' title='bbox 2994 3945 3092 4015; x_wconf 87' lang='lat' dir='ltr'><strong>(b),</strong></span> <span class='ocrx_word' id='word_1_608' title='bbox 3147 3947 3213 4000; x_wconf 85' lang='lat' dir='ltr'><strong>ad</strong></span> <span class='ocrx_word' id='word_1_609' title='bbox 3255 3946 3355 4002; x_wconf 86' lang='lat' dir='ltr'><strong>hos</strong></span> <span class='ocrx_word' id='word_1_610' title='bbox 3387 3948 3530 4003; x_wconf 90' lang='lat' dir='ltr'><strong>enim</strong></span> 
     </span>
    </p>
   </div>
   <div class='ocr_carea' id='block_1_87' title="bbox 1931 4033 3534 4104">
    <p class='ocr_par' dir='ltr' id='par_1_87' title="bbox 1931 4033 3534 4104">
     <span class='ocr_line' id='line_1_87' title="bbox 1931 4033 3534 4104; baseline 0.003 -14"><span class='ocrx_word' id='word_1_611' title='bbox 1931 4033 2266 4104; x_wconf 82' lang='lat' dir='ltr'><strong>Augustinus</strong></span> <span class='ocrx_word' id='word_1_612' title='bbox 2295 4036 2484 4090; x_wconf 87' lang='lat' dir='ltr'><strong>scribit</strong></span> <span class='ocrx_word' id='word_1_613' title='bbox 2513 4053 2528 4088; x_wconf 89' lang='lat'>:</span> <span class='ocrx_word' id='word_1_614' title='bbox 2562 4035 2721 4103; x_wconf 85' lang='lat' dir='ltr'><strong>Huic,</strong></span> <span class='ocrx_word' id='word_1_615' title='bbox 2754 4037 3000 4104; x_wconf 76' lang='lat' dir='ltr'><strong>Joviano,</strong></span> <span class='ocrx_word' id='word_1_616' title='bbox 3051 4040 3292 4094; x_wconf 84' lang='lat' dir='ltr'><strong>successit</strong></span> <span class='ocrx_word' id='word_1_617' title='bbox 3349 4041 3534 4096; x_wconf 88' lang='lat' dir='ltr'><strong>Valen-</strong></span> 
     </span>
    </p>
   </div>
   <div class='ocr_carea' id='block_1_88' title="bbox 1933 4129 3533 4205">
    <p class='ocr_par' dir='ltr' id='par_1_88' title="bbox 1933 4129 3533 4205">
     <span class='ocr_line' id='line_1_88' title="bbox 1933 4129 3533 4205; baseline 0.005 -23"><span class='ocrx_word' id='word_1_618' title='bbox 1933 4130 2158 4184; x_wconf 86' lang='lat' dir='ltr'><strong>tiniantts</strong></span> <span class='ocrx_word' id='word_1_619' title='bbox 2184 4145 2202 4182; x_wconf 90' lang='lat'><strong><em>:</em></strong></span> <span class='ocrx_word' id='word_1_620' title='bbox 2226 4129 2375 4200; x_wconf 84' lang='lat' dir='ltr'><strong>legite</strong></span> <span class='ocrx_word' id='word_1_621' title='bbox 2403 4146 2518 4198; x_wconf 76' lang='lat' dir='ltr'><strong>qua:</strong></span> <span class='ocrx_word' id='word_1_622' title='bbox 2545 4141 2726 4185; x_wconf 90' lang='lat' dir='ltr'><strong>contra</strong></span> <span class='ocrx_word' id='word_1_623' title='bbox 2749 4148 2836 4186; x_wconf 85' lang='lat' dir='ltr'><strong>vos</strong></span> <span class='ocrx_word' id='word_1_624' title='bbox 2854 4133 3089 4204; x_wconf 84' lang='lat' dir='ltr'><strong>jusserit.</strong></span> <span class='ocrx_word' id='word_1_625' title='bbox 3124 4131 3298 4200; x_wconf 86' lang='lat' dir='ltr'><strong>Hujus</strong></span> <span class='ocrx_word' id='word_1_626' title='bbox 3350 4132 3533 4205; x_wconf 87' lang='lat' dir='ltr'><strong>itaque</strong></span> 
     </span>
    </p>
   </div>
   <div class='ocr_carea' id='block_1_89' title="bbox 1932 4221 3529 4293">
    <p class='ocr_par' dir='ltr' id='par_1_89' title="bbox 1932 4221 3529 4293">
     <span class='ocr_line' id='line_1_89' title="bbox 1932 4221 3529 4293; baseline 0.003 -17"><span class='ocrx_word' id='word_1_627' title='bbox 1932 4221 2154 4278; x_wconf 80' lang='lat' dir='ltr'><strong>furfuris</strong></span> <span class='ocrx_word' id='word_1_628' title='bbox 2194 4231 2249 4278; x_wconf 91' lang='lat' dir='ltr'><strong>et</strong></span> <span class='ocrx_word' id='word_1_629' title='bbox 2311 4223 2625 4293; x_wconf 78' lang='lat' dir='ltr'><strong>pertinaciae</strong></span> <span class='ocrx_word' id='word_1_630' title='bbox 2677 4222 2961 4288; x_wconf 88' lang='lat' dir='ltr'><strong>homines,</strong></span> <span class='ocrx_word' id='word_1_631' title='bbox 2993 4225 3132 4280; x_wconf 89' lang='lat' dir='ltr'><strong>ultra</strong></span> <span class='ocrx_word' id='word_1_632' title='bbox 3175 4228 3529 4282; x_wconf 84' lang='lat' dir='ltr'><strong>centesimum</strong></span> 
     </span>
    </p>
   </div>
   <div class='ocr_carea' id='block_1_90' title="bbox 1934 4313 3531 4384">
    <p class='ocr_par' dir='ltr' id='par_1_90' title="bbox 1934 4313 3531 4384">
     <span class='ocr_line' id='line_1_90' title="bbox 1934 4313 3531 4384; baseline 0.004 -16"><span class='ocrx_word' id='word_1_633' title='bbox 1934 4314 2188 4384; x_wconf 86' lang='lat' dir='ltr'><strong>lapidem,</strong></span> <span class='ocrx_word' id='word_1_634' title='bbox 2223 4313 2510 4384; x_wconf 90' lang='lat' dir='ltr'><strong>episcopos</strong></span> <span class='ocrx_word' id='word_1_635' title='bbox 2546 4331 2678 4370; x_wconf 87' lang='lat' dir='ltr'><strong>vero</strong></span> <span class='ocrx_word' id='word_1_636' title='bbox 2722 4316 2790 4371; x_wconf 88' lang='lat' dir='ltr'><strong>ab</strong></span> <span class='ocrx_word' id='word_1_637' title='bbox 2834 4331 3020 4370; x_wconf 85' lang='lat' dir='ltr'><strong>earum</strong></span> <span class='ocrx_word' id='word_1_638' title='bbox 3081 4317 3472 4384; x_wconf 87' lang='lat' dir='ltr'><strong>Ecclesiarum,</strong></span> <span class='ocrx_word' id='word_1_639' title='bbox 3499 4335 3531 4375; x_wconf 85' lang='lat' dir='ltr'><strong>a</strong></span> 
     </span>
    </p>
   </div>
   <div class='ocr_carea' id='block_1_91' title="bbox 1933 4409 3530 4482">
    <p class='ocr_par' dir='ltr' id='par_1_91' title="bbox 1933 4409 3530 4482">
     <span class='ocr_line' id='line_1_91' title="bbox 1933 4409 3530 4482; baseline 0.004 -20"><span class='ocrx_word' id='word_1_640' title='bbox 1933 4409 2127 4480; x_wconf 91' lang='lat' dir='ltr'><strong>quibus</strong></span> <span class='ocrx_word' id='word_1_641' title='bbox 2153 4409 2382 4479; x_wconf 83' lang='lat' dir='ltr'><strong>depositi</strong></span> <span class='ocrx_word' id='word_1_642' title='bbox 2415 4409 2646 4474; x_wconf 90' lang='lat' dir='ltr'><strong>fuerant,</strong></span> <span class='ocrx_word' id='word_1_643' title='bbox 2683 4409 2878 4465; x_wconf 87' lang='lat' dir='ltr'><strong>finibus</strong></span> <span class='ocrx_word' id='word_1_644' title='bbox 2908 4411 3186 4482; x_wconf 80' lang='lat' dir='ltr'><strong>expellere</strong></span> <span class='ocrx_word' id='word_1_645' title='bbox 3215 4413 3530 4482; x_wconf 89' lang='lat' dir='ltr'><strong>Simplicius</strong></span> 
     </span>
    </p>
   </div>
   <div class='ocr_carea' id='block_1_92' title="bbox 227 4500 3532 4583">
    <p class='ocr_par' dir='ltr' id='par_1_92' title="bbox 227 4500 3532 4583">
     <span class='ocr_line' id='line_1_92' title="bbox 227 4500 3532 4583; baseline -0.001 -19"><span class='ocrx_word' id='word_1_646' title='bbox 227 4509 406 4564; x_wconf 87' lang='lat' dir='ltr'><strong>currit</strong></span> <span class='ocrx_word' id='word_1_647' title='bbox 451 4506 594 4574; x_wconf 88' lang='lat' dir='ltr'><strong>quod</strong></span> <span class='ocrx_word' id='word_1_648' title='bbox 631 4506 872 4560; x_wconf 87' lang='lat' dir='ltr'><strong>addam:</strong></span> <span class='ocrx_word' id='word_1_649' title='bbox 929 4505 1054 4572; x_wconf 89' lang='lat' dir='ltr'><strong>quia</strong></span> <span class='ocrx_word' id='word_1_650' title='bbox 1085 4517 1265 4558; x_wconf 86' lang='lat' dir='ltr'><strong>tamen</strong></span> <span class='ocrx_word' id='word_1_651' title='bbox 1310 4501 1556 4557; x_wconf 87' lang='lat' dir='ltr'><strong>abscisus</strong></span> <span class='ocrx_word' id='word_1_652' title='bbox 1603 4501 1825 4568; x_wconf 81' lang='lat' dir='ltr'><strong>dicitur,</strong></span> <span class='ocrx_word' id='word_1_653' title='bbox 1853 4515 1961 4583; x_wconf 82' lang='lat' dir='ltr'><strong>Da</strong></span> <span class='ocrx_word' id='word_1_654' title='bbox 1995 4501 2372 4557; x_wconf 88' lang='lat' dir='ltr'><strong>Valentiniano</strong></span> <span class='ocrx_word' id='word_1_655' title='bbox 2403 4511 2458 4556; x_wconf 88' lang='lat' dir='ltr'><strong>et</strong></span> <span class='ocrx_word' id='word_1_656' title='bbox 2482 4500 2740 4557; x_wconf 89' lang='lat' dir='ltr'><strong>Gratiano</strong></span> <span class='ocrx_word' id='word_1_657' title='bbox 2783 4502 2966 4571; x_wconf 88' lang='lat' dir='ltr'><strong>jussus</strong></span> <span class='ocrx_word' id='word_1_658' title='bbox 3017 4503 3211 4559; x_wconf 90' lang='lat' dir='ltr'><strong>fuerat.</strong></span> <span class='ocrx_word' id='word_1_659' title='bbox 3269 4506 3532 4573; x_wconf 61' lang='lat' dir='ltr'><strong>Quaerunt</strong></span> 
     </span>
    </p>
   </div>
   <div class='ocr_carea' id='block_1_93' title="bbox 226 4593 1830 4665">
    <p class='ocr_par' dir='ltr' id='par_1_93' title="bbox 226 4593 1830 4665">
     <span class='ocr_line' id='line_1_93' title="bbox 226 4593 1830 4665; baseline -0.004 -10"><span class='ocrx_word' id='word_1_660' title='bbox 226 4601 378 4655; x_wconf 90' lang='lat' dir='ltr'><strong>illum</strong></span> <span class='ocrx_word' id='word_1_661' title='bbox 412 4599 720 4653; x_wconf 87' lang='lat' dir='ltr'><strong>eunuchum</strong></span> <span class='ocrx_word' id='word_1_662' title='bbox 751 4594 919 4651; x_wconf 89' lang='lat' dir='ltr'><strong>fuisse</strong></span> <span class='ocrx_word' id='word_1_663' title='bbox 946 4595 1211 4665; x_wconf 75' lang='lat' dir='ltr'><strong>intelligo,</strong></span> <span class='ocrx_word' id='word_1_664' title='bbox 1242 4594 1384 4664; x_wconf 89' lang='lat' dir='ltr'><strong>quod</strong></span> <span class='ocrx_word' id='word_1_665' title='bbox 1434 4593 1708 4648; x_wconf 91' lang='lat' dir='ltr'><strong>hominum</strong></span> <span class='ocrx_word' id='word_1_666' title='bbox 1739 4607 1830 4663; x_wconf 86' lang='lat' dir='ltr'><strong>ge-</strong></span> 
     </span>
    </p>
   </div>
   <div class='ocr_carea' id='block_1_94' title="bbox 225 4689 1827 4765">
    <p class='ocr_par' dir='ltr' id='par_1_94' title="bbox 225 4689 1827 4765">
     <span class='ocr_line' id='line_1_94' title="bbox 225 4689 1827 4765; baseline -0.005 -14"><span class='ocrx_word' id='word_1_667' title='bbox 225 4713 324 4751; x_wconf 86' lang='lat' dir='ltr'><strong>nus</strong></span> <span class='ocrx_word' id='word_1_668' title='bbox 357 4693 669 4765; x_wconf 87' lang='lat' dir='ltr'><strong>impudens,</strong></span> <span class='ocrx_word' id='word_1_669' title='bbox 719 4703 880 4764; x_wconf 88' lang='lat' dir='ltr'><strong>atque</strong></span> <span class='ocrx_word' id='word_1_670' title='bbox 927 4691 994 4748; x_wconf 87' lang='lat' dir='ltr'><strong>ad</strong></span> <span class='ocrx_word' id='word_1_671' title='bbox 1034 4692 1215 4747; x_wconf 89' lang='lat' dir='ltr'><strong>omnia</strong></span> <span class='ocrx_word' id='word_1_672' title='bbox 1273 4689 1449 4746; x_wconf 84' lang='lat' dir='ltr'><strong>audax</strong></span> <span class='ocrx_word' id='word_1_673' title='bbox 1504 4705 1626 4745; x_wconf 89' lang='lat' dir='ltr'><strong>esse</strong></span> <span class='ocrx_word' id='word_1_674' title='bbox 1670 4689 1827 4746; x_wconf 89' lang='lat' dir='ltr'><strong>solet.</strong></span> 
     </span>
    </p>
   </div>
   <div class='ocr_carea' id='block_1_95' title="bbox 223 4783 1830 4855">
    <p class='ocr_par' dir='ltr' id='par_1_95' title="bbox 223 4783 1830 4855">
     <span class='ocr_line' id='line_1_95' title="bbox 223 4783 1830 4855; baseline -0.004 -10"><span class='ocrx_word' id='word_1_675' title='bbox 223 4789 379 4845; x_wconf 78' lang='lat' dir='ltr'><strong>Nunc</strong></span> <span class='ocrx_word' id='word_1_676' title='bbox 410 4790 455 4843; x_wconf 90' lang='lat' dir='ltr'><strong>si</strong></span> <span class='ocrx_word' id='word_1_677' title='bbox 488 4789 604 4842; x_wconf 65' lang='lat' dir='ltr'><strong>hate</strong></span> <span class='ocrx_word' id='word_1_678' title='bbox 629 4786 981 4843; x_wconf 89' lang='lat' dir='ltr'><strong>conferantur</strong></span> <span class='ocrx_word' id='word_1_679' title='bbox 1009 4801 1132 4840; x_wconf 90' lang='lat' dir='ltr'><strong>cum</strong></span> <span class='ocrx_word' id='word_1_680' title='bbox 1160 4785 1387 4855; x_wconf 90' lang='lat' dir='ltr'><strong>epistola</strong></span> <span class='ocrx_word' id='word_1_681' title='bbox 1439 4783 1668 4838; x_wconf 81' lang='lat' dir='ltr'><strong>Romani</strong></span> <span class='ocrx_word' id='word_1_682' title='bbox 1699 4785 1830 4839; x_wconf 61' lang='lat' dir='ltr'><strong>con-‘</strong></span> 
     </span>
    </p>
   </div>
   <div class='ocr_carea' id='block_1_96' title="bbox 223 4877 1831 4954">
    <p class='ocr_par' dir='ltr' id='par_1_96' title="bbox 223 4877 1831 4954">
     <span class='ocr_line' id='line_1_96' title="bbox 223 4877 1831 4954; baseline -0.004 -15"><span class='ocrx_word' id='word_1_683' title='bbox 223 4885 362 4947; x_wconf 86' lang='lat' dir='ltr'><strong>cilii,</strong></span> <span class='ocrx_word' id='word_1_684' title='bbox 389 4898 552 4954; x_wconf 89' lang='lat' dir='ltr'><strong>quam</strong></span> <span class='ocrx_word' id='word_1_685' title='bbox 584 4881 852 4952; x_wconf 87' lang='lat' dir='ltr'><strong>superiori</strong></span> <span class='ocrx_word' id='word_1_686' title='bbox 887 4896 1030 4935; x_wconf 91' lang='lat' dir='ltr'><strong>anno</strong></span> <span class='ocrx_word' id='word_1_687' title='bbox 1060 4879 1468 4947; x_wconf 86' lang='lat' dir='ltr'><strong>adscripsimus,</strong></span> <span class='ocrx_word' id='word_1_688' title='bbox 1525 4894 1686 4933; x_wconf 88' lang='lat' dir='ltr'><strong>nemo</strong></span> <span class='ocrx_word' id='word_1_689' title='bbox 1732 4877 1831 4932; x_wconf 92' lang='lat' dir='ltr'><strong>du-</strong></span> 
     </span>
    </p>
   </div>
   <div class='ocr_carea' id='block_1_97' title="bbox 226 4970 1826 5046">
    <p class='ocr_par' dir='ltr' id='par_1_97' title="bbox 226 4970 1826 5046">
     <span class='ocr_line' id='line_1_97' title="bbox 226 4970 1826 5046; baseline -0.003 -15"><span class='ocrx_word' id='word_1_690' title='bbox 226 4976 488 5031; x_wconf 77' lang='lat' dir='ltr'><strong>bitaverit</strong></span> <span class='ocrx_word' id='word_1_691' title='bbox 538 4975 670 5046; x_wconf 90' lang='lat' dir='ltr'><strong>quin</strong></span> <span class='ocrx_word' id='word_1_692' title='bbox 703 4990 806 5029; x_wconf 88' lang='lat' dir='ltr'><strong>una</strong></span> <span class='ocrx_word' id='word_1_693' title='bbox 835 4973 1138 5042; x_wconf 89' lang='lat' dir='ltr'><strong>eademque</strong></span> <span class='ocrx_word' id='word_1_694' title='bbox 1170 4986 1256 5026; x_wconf 89' lang='lat' dir='ltr'><strong>res</strong></span> <span class='ocrx_word' id='word_1_695' title='bbox 1298 4970 1589 5040; x_wconf 87' lang='lat' dir='ltr'><strong>utrobique</strong></span> <span class='ocrx_word' id='word_1_696' title='bbox 1613 4979 1826 5038; x_wconf 81' lang='lat' dir='ltr'><strong>agatur,</strong></span> 
     </span>
    </p>
   </div>
   <div class='ocr_carea' id='block_1_98' title="bbox 224 5061 1831 5134">
    <p class='ocr_par' dir='ltr' id='par_1_98' title="bbox 224 5061 1831 5134">
     <span class='ocr_line' id='line_1_98' title="bbox 224 5061 1831 5134; baseline -0.005 -10"><span class='ocrx_word' id='word_1_697' title='bbox 224 5085 297 5124; x_wconf 85' lang='lat' dir='ltr'><strong>ne</strong></span> <span class='ocrx_word' id='word_1_698' title='bbox 348 5068 563 5124; x_wconf 85' lang='lat' dir='ltr'><strong>scilicet</strong></span> <span class='ocrx_word' id='word_1_699' title='bbox 596 5066 858 5122; x_wconf 86' lang='lat' dir='ltr'><strong>Damasus</strong></span> <span class='ocrx_word' id='word_1_700' title='bbox 905 5066 1085 5123; x_wconf 78' lang='lat' dir='ltr'><strong>Ursini</strong></span> <span class='ocrx_word' id='word_1_701' title='bbox 1117 5065 1340 5134; x_wconf 88' lang='lat' dir='ltr'><strong>ejusque</strong></span> <span class='ocrx_word' id='word_1_702' title='bbox 1386 5062 1644 5118; x_wconf 90' lang='lat' dir='ltr'><strong>similium</strong></span> <span class='ocrx_word' id='word_1_703' title='bbox 1687 5061 1831 5116; x_wconf 88' lang='lat' dir='ltr'><strong>frau-</strong></span> 
     </span>
    </p>
   </div>
   <div class='ocr_carea' id='block_1_99' title="bbox 220 5157 1827 5225">
    <p class='ocr_par' dir='ltr' id='par_1_99' title="bbox 220 5157 1827 5225">
     <span class='ocr_line' id='line_1_99' title="bbox 220 5157 1827 5225; baseline -0.005 -11"><span class='ocrx_word' id='word_1_704' title='bbox 220 5159 390 5215; x_wconf 85' lang='lat' dir='ltr'><strong>dibus</strong></span> <span class='ocrx_word' id='word_1_705' title='bbox 440 5174 505 5214; x_wconf 89' lang='lat' dir='ltr'><strong>ac</strong></span> <span class='ocrx_word' id='word_1_706' title='bbox 534 5157 819 5220; x_wconf 84' lang='lat' dir='ltr'><strong>calumniis</strong></span> <span class='ocrx_word' id='word_1_707' title='bbox 865 5157 1120 5225; x_wconf 74' lang='lat' dir='ltr'><strong>deinceps</strong></span> <span class='ocrx_word' id='word_1_708' title='bbox 1179 5162 1402 5224; x_wconf 87' lang='lat' dir='ltr'><strong>pateat,</strong></span> <span class='ocrx_word' id='word_1_709' title='bbox 1452 5168 1516 5207; x_wconf 88' lang='lat' dir='ltr'><strong>ac</strong></span> <span class='ocrx_word' id='word_1_710' title='bbox 1565 5160 1827 5224; x_wconf 80' lang='lat' dir='ltr'><strong>praetcrea</strong></span> 
     </span>
    </p>
   </div>
   <div class='ocr_carea' id='block_1_100' title="bbox 223 5246 1828 5324">
    <p class='ocr_par' dir='ltr' id='par_1_100' title="bbox 223 5246 1828 5324">
     <span class='ocr_line' id='line_1_100' title="bbox 223 5246 1828 5324; baseline -0.005 -16"><span class='ocrx_word' id='word_1_711' title='bbox 223 5254 375 5310; x_wconf 78' lang='lat' dir='ltr'><strong>facili</strong></span> <span class='ocrx_word' id='word_1_712' title='bbox 409 5254 628 5324; x_wconf 76' lang='lat' dir='ltr'><strong>negotio</strong></span> <span class='ocrx_word' id='word_1_713' title='bbox 652 5252 969 5321; x_wconf 83' lang='lat' dir='ltr'><strong>intelligitur</strong></span> <span class='ocrx_word' id='word_1_714' title='bbox 997 5264 1157 5304; x_wconf 90' lang='lat' dir='ltr'><strong>unam</strong></span> <span class='ocrx_word' id='word_1_715' title='bbox 1188 5247 1473 5318; x_wconf 78' lang='lat' dir='ltr'><strong>epistolam</strong></span> <span class='ocrx_word' id='word_1_716' title='bbox 1502 5246 1593 5300; x_wconf 92' lang='lat' dir='ltr'><strong>diu</strong></span> <span class='ocrx_word' id='word_1_717' title='bbox 1637 5246 1704 5301; x_wconf 86' lang='lat' dir='ltr'><strong>ab</strong></span> <span class='ocrx_word' id='word_1_718' title='bbox 1748 5246 1828 5300; x_wconf 88' lang='lat' dir='ltr'><strong>al-</strong></span> 
     </span>
    </p>
   </div>
   <div class='ocr_carea' id='block_1_101' title="bbox 223 5340 1900 5416">
    <p class='ocr_par' dir='ltr' id='par_1_101' title="bbox 223 5340 1900 5416">
     <span class='ocr_line' id='line_1_101' title="bbox 223 5340 1900 5416; baseline -0.008 -10"><span class='ocrx_word' id='word_1_719' title='bbox 223 5359 342 5406; x_wconf 75' lang='lat' dir='ltr'><strong>tera</strong></span> <span class='ocrx_word' id='word_1_720' title='bbox 368 5349 576 5404; x_wconf 86' lang='lat' dir='ltr'><strong>distare</strong></span> <span class='ocrx_word' id='word_1_721' title='bbox 615 5362 722 5403; x_wconf 90' lang='lat' dir='ltr'><strong>non</strong></span> <span class='ocrx_word' id='word_1_722' title='bbox 756 5360 932 5416; x_wconf 90' lang='lat' dir='ltr'><strong>posse.</strong></span> <span class='ocrx_word' id='word_1_723' title='bbox 977 5345 1110 5400; x_wconf 90' lang='lat' dir='ltr'><strong>Cum</strong></span> <span class='ocrx_word' id='word_1_724' title='bbox 1158 5344 1317 5412; x_wconf 84' lang='lat' dir='ltr'><strong>igitur</strong></span> <span class='ocrx_word' id='word_1_725' title='bbox 1362 5340 1654 5397; x_wconf 87' lang='lat' dir='ltr'><strong>Gratianus</strong></span> <span class='ocrx_word' id='word_1_726' title='bbox 1704 5348 1830 5394; x_wconf 89' lang='lat' dir='ltr'><strong>tunc</strong></span> <span class='ocrx_word' id='word_1_727' title='bbox 1886 5394 1900 5403; x_wconf 71' lang='grc'>,</span> 
     </span>
    </p>
   </div>
   <div class='ocr_carea' id='block_1_102' title="bbox 219 5431 1830 5510">
    <p class='ocr_par' dir='ltr' id='par_1_102' title="bbox 219 5431 1830 5510">
     <span class='ocr_line' id='line_1_102' title="bbox 219 5431 1830 5510; baseline -0.009 -11"><span class='ocrx_word' id='word_1_728' title='bbox 219 5443 376 5499; x_wconf 81' lang='lat' dir='ltr'><strong>bello</strong></span> <span class='ocrx_word' id='word_1_729' title='bbox 401 5450 719 5510; x_wconf 87' lang='lat' dir='ltr'><strong>occupatus,</strong></span> <span class='ocrx_word' id='word_1_730' title='bbox 760 5454 932 5508; x_wconf 90' lang='lat' dir='ltr'><strong>neque</strong></span> <span class='ocrx_word' id='word_1_731' title='bbox 967 5437 1033 5490; x_wconf 89' lang='lat' dir='ltr'><strong>ad</strong></span> <span class='ocrx_word' id='word_1_732' title='bbox 1080 5435 1307 5490; x_wconf 82' lang='lat' dir='ltr'><strong>Romani</strong></span> <span class='ocrx_word' id='word_1_733' title='bbox 1362 5431 1621 5496; x_wconf 78' lang='lat' dir='ltr'><strong>concilii,</strong></span> <span class='ocrx_word' id='word_1_734' title='bbox 1653 5445 1830 5501; x_wconf 90' lang='lat' dir='ltr'><strong>neque</strong></span> 
     </span>
    </p>
   </div>
   <div class='ocr_carea' id='block_1_103' title="bbox 220 5522 1829 5605">
    <p class='ocr_par' dir='ltr' id='par_1_103' title="bbox 220 5522 1829 5605">
     <span class='ocr_line' id='line_1_103' title="bbox 220 5522 1829 5605; baseline -0.009 -15"><span class='ocrx_word' id='word_1_735' title='bbox 220 5535 294 5590; x_wconf 82' lang='lat' dir='ltr'><strong>ad</strong></span> <span class='ocrx_word' id='word_1_736' title='bbox 324 5533 572 5605; x_wconf 70' lang='lat' dir='ltr'><strong>praefecti</strong></span> <span class='ocrx_word' id='word_1_737' title='bbox 603 5533 758 5588; x_wconf 75' lang='lat' dir='ltr'><strong>Urbis</strong></span> <span class='ocrx_word' id='word_1_738' title='bbox 791 5532 1002 5584; x_wconf 87' lang='lat' dir='ltr'><strong>litteras</strong></span> <span class='ocrx_word' id='word_1_739' title='bbox 1030 5527 1332 5583; x_wconf 85' lang='lat' dir='ltr'><strong>rescribere</strong></span> <span class='ocrx_word' id='word_1_740' title='bbox 1360 5525 1653 5596; x_wconf 85' lang='lat' dir='ltr'><strong>potuisset,</strong></span> <span class='ocrx_word' id='word_1_741' title='bbox 1703 5522 1829 5577; x_wconf 93' lang='lat' dir='ltr'><strong>ideo</strong></span> 
     </span>
    </p>
   </div>
   <div class='ocr_carea' id='block_1_104' title="bbox 323 5639 1360 5715">
    <p class='ocr_par' dir='ltr' id='par_1_104' title="bbox 323 5639 1360 5715">
     <span class='ocr_line' id='line_1_104' title="bbox 323 5639 1360 5715; baseline -0.008 -14"><span class='ocrx_word' id='word_1_742' title='bbox 323 5645 382 5715; x_wconf 81' lang='grc' dir='ltr'><strong>α)</strong></span> <span class='ocrx_word' id='word_1_743' title='bbox 418 5645 559 5701; x_wconf 86' lang='lat' dir='ltr'><strong>Cod.</strong></span> <span class='ocrx_word' id='word_1_744' title='bbox 591 5645 726 5699; x_wconf 85' lang='lat' dir='ltr'><strong>The.</strong></span> <span class='ocrx_word' id='word_1_745' title='bbox 775 5645 869 5699; x_wconf 91' lang='lat' dir='ltr'><strong>lib.</strong></span> <span class='ocrx_word' id='word_1_746' title='bbox 903 5658 979 5708; x_wconf 81' lang='lat' dir='ltr'><strong>1x,</strong></span> <span class='ocrx_word' id='word_1_747' title='bbox 1010 5647 1096 5715; x_wconf 90' lang='lat' dir='ltr'><strong>tit_._</strong></span> <span class='ocrx_word' id='word_1_748' title='bbox 1123 5639 1280 5715; x_wconf 60' lang='lat'><strong>29,].</strong></span> <span class='ocrx_word' id='word_1_749' title='bbox 1309 5641 1360 5695; x_wconf 79' lang='grc'><strong>1.</strong></span> 
     </span>
    </p>
   </div>
   <div class='ocr_carea' id='block_1_105' title="bbox 326 5707 1826 5788">
    <p class='ocr_par' dir='ltr' id='par_1_105' title="bbox 326 5707 1826 5788">
     <span class='ocr_line' id='line_1_105' title="bbox 326 5707 1826 5788; baseline -0.007 -16"><span class='ocrx_word' id='word_1_750' title='bbox 326 5707 377 5788; x_wconf 71' lang='grc' dir='ltr'><strong>ο)</strong></span> <span class='ocrx_word' id='word_1_751' title='bbox 417 5717 558 5774; x_wconf 91' lang='lat' dir='ltr'><strong>Cod.</strong></span> <span class='ocrx_word' id='word_1_752' title='bbox 589 5717 690 5772; x_wconf 89' lang='lat' dir='ltr'><strong>Th.</strong></span> <span class='ocrx_word' id='word_1_753' title='bbox 721 5716 816 5772; x_wconf 90' lang='lat' dir='ltr'><strong>lib.</strong></span> <span class='ocrx_word' id='word_1_754' title='bbox 843 5730 918 5784; x_wconf 75' lang='grc' dir='ltr'><strong>ιι,</strong></span> <span class='ocrx_word' id='word_1_755' title='bbox 955 5707 1034 5770; x_wconf 71' lang='lat' dir='ltr'><strong>tu.</strong></span> <span class='ocrx_word' id='word_1_756' title='bbox 1066 5711 1119 5782; x_wconf 82' lang='lat'><strong>5,</strong></span> <span class='ocrx_word' id='word_1_757' title='bbox 1153 5713 1192 5768; x_wconf 86' lang='grc' dir='ltr'><strong>ι.</strong></span> <span class='ocrx_word' id='word_1_758' title='bbox 1223 5711 1278 5781; x_wconf 84' lang='lat'><strong>5,</strong></span> <span class='ocrx_word' id='word_1_759' title='bbox 1309 5723 1364 5768; x_wconf 84' lang='lat' dir='ltr'><strong>et</strong></span> <span class='ocrx_word' id='word_1_760' title='bbox 1393 5711 1473 5768; x_wconf 84' lang='lat' dir='ltr'><strong>tit.</strong></span> <span class='ocrx_word' id='word_1_761' title='bbox 1505 5708 1660 5779; x_wconf 67' lang='lat'><strong>16,1.</strong></span> <span class='ocrx_word' id='word_1_762' title='bbox 1689 5707 1741 5778; x_wconf 84' lang='lat' dir='ltr'><strong>l,</strong></span> <span class='ocrx_word' id='word_1_763' title='bbox 1770 5707 1826 5762; x_wconf 55' lang='grc' dir='ltr'><strong>ε.</strong></span> 
     </span>
    </p>
   </div>
   <div class='ocr_carea' id='block_1_106' title="bbox 1933 4593 3530 4668">
    <p class='ocr_par' dir='ltr' id='par_1_106' title="bbox 1933 4593 3530 4668">
     <span class='ocr_line' id='line_1_106' title="bbox 1933 4593 3530 4668; baseline 0.005 -21"><span class='ocrx_word' id='word_1_764' title='bbox 1933 4595 2174 4648; x_wconf 90' lang='lat' dir='ltr'><strong>nonnulli</strong></span> <span class='ocrx_word' id='word_1_765' title='bbox 2200 4610 2297 4649; x_wconf 92' lang='lat' dir='ltr'><strong>cur</strong></span> <span class='ocrx_word' id='word_1_766' title='bbox 2339 4593 2430 4648; x_wconf 87' lang='lat' dir='ltr'><strong>hic</strong></span> <span class='ocrx_word' id='word_1_767' title='bbox 2456 4593 2768 4648; x_wconf 89' lang='lat' dir='ltr'><strong>Parmensis</strong></span> <span class='ocrx_word' id='word_1_768' title='bbox 2821 4595 3107 4664; x_wconf 87' lang='lat' dir='ltr'><strong>episcopus</strong></span> <span class='ocrx_word' id='word_1_769' title='bbox 3153 4597 3361 4668; x_wconf 76' lang='lat' dir='ltr'><strong>inclyta:</strong></span> <span class='ocrx_word' id='word_1_770' title='bbox 3402 4598 3530 4655; x_wconf 84' lang='lat' dir='ltr'><strong>Urbi</strong></span> 
     </span>
    </p>
   </div>
   <div class='ocr_carea' id='block_1_107' title="bbox 1933 4685 3527 4762">
    <p class='ocr_par' dir='ltr' id='par_1_107' title="bbox 1933 4685 3527 4762">
     <span class='ocr_line' id='line_1_107' title="bbox 1933 4685 3527 4762; baseline 0.006 -24"><span class='ocrx_word' id='word_1_771' title='bbox 1933 4687 2214 4756; x_wconf 77' lang='lat' dir='ltr'><strong>proximior</strong></span> <span class='ocrx_word' id='word_1_772' title='bbox 2240 4701 2268 4739; x_wconf 88' lang='lat' dir='ltr'><strong>a</strong></span> <span class='ocrx_word' id='word_1_773' title='bbox 2299 4685 2556 4742; x_wconf 89' lang='lat' dir='ltr'><strong>Gratiano</strong></span> <span class='ocrx_word' id='word_1_774' title='bbox 2578 4685 2810 4751; x_wconf 88' lang='lat' dir='ltr'><strong>dicatur,</strong></span> <span class='ocrx_word' id='word_1_775' title='bbox 2828 4693 2990 4755; x_wconf 89' lang='lat' dir='ltr'><strong>atque</strong></span> <span class='ocrx_word' id='word_1_776' title='bbox 3015 4685 3136 4741; x_wconf 89' lang='lat' dir='ltr'><strong>ideo</strong></span> <span class='ocrx_word' id='word_1_777' title='bbox 3152 4687 3527 4762; x_wconf 78' lang='lat' dir='ltr'><strong>perniciosior,</strong></span> 
     </span>
    </p>
   </div>
   <div class='ocr_carea' id='block_1_108' title="bbox 1932 4777 3532 4850">
    <p class='ocr_par' dir='ltr' id='par_1_108' title="bbox 1932 4777 3532 4850">
     <span class='ocr_line' id='line_1_108' title="bbox 1932 4777 3532 4850; baseline 0.005 -18"><span class='ocrx_word' id='word_1_778' title='bbox 1932 4794 2091 4850; x_wconf 86' lang='lat' dir='ltr'><strong>quam</strong></span> <span class='ocrx_word' id='word_1_779' title='bbox 2118 4777 2442 4834; x_wconf 90' lang='lat' dir='ltr'><strong>Florentius.</strong></span> <span class='ocrx_word' id='word_1_780' title='bbox 2466 4780 2546 4832; x_wconf 88' lang='lat' dir='ltr'><strong>Au</strong></span> <span class='ocrx_word' id='word_1_781' title='bbox 2576 4792 2709 4833; x_wconf 88' lang='lat' dir='ltr'><strong>vero</strong></span> <span class='ocrx_word' id='word_1_782' title='bbox 2726 4778 3051 4833; x_wconf 86' lang='lat' dir='ltr'><strong>Pnteolanus</strong></span> <span class='ocrx_word' id='word_1_783' title='bbox 3069 4793 3175 4834; x_wconf 92' lang='lat' dir='ltr'><strong>non</strong></span> <span class='ocrx_word' id='word_1_784' title='bbox 3205 4792 3322 4836; x_wconf 88' lang='lat' dir='ltr'><strong>erat</strong></span> <span class='ocrx_word' id='word_1_785' title='bbox 3343 4781 3532 4840; x_wconf 64' lang='lat' dir='ltr'><strong>Romae</strong></span> 
     </span>
    </p>
   </div>
   <div class='ocr_carea' id='block_1_109' title="bbox 1933 4871 3530 4945">
    <p class='ocr_par' dir='ltr' id='par_1_109' title="bbox 1933 4871 3530 4945">
     <span class='ocr_line' id='line_1_109' title="bbox 1933 4871 3530 4945; baseline 0.004 -17"><span class='ocrx_word' id='word_1_786' title='bbox 1933 4873 2278 4944; x_wconf 85' lang='lat' dir='ltr'><strong>proximior?</strong></span> <span class='ocrx_word' id='word_1_787' title='bbox 2313 4871 2531 4943; x_wconf 65' lang='lat' dir='ltr'><strong>Inclyta:</strong></span> <span class='ocrx_word' id='word_1_788' title='bbox 2563 4873 2724 4943; x_wconf 85' lang='lat' dir='ltr'><strong>igitur</strong></span> <span class='ocrx_word' id='word_1_789' title='bbox 2753 4872 2917 4930; x_wconf 90' lang='lat' dir='ltr'><strong>Urbis</strong></span> <span class='ocrx_word' id='word_1_790' title='bbox 2958 4874 3326 4945; x_wconf 87' lang='lat' dir='ltr'><strong>appellatione</strong></span> <span class='ocrx_word' id='word_1_791' title='bbox 3365 4878 3530 4935; x_wconf 86' lang='lat' dir='ltr'><strong>Tille-</strong></span> 
     </span>
    </p>
   </div>
   <div class='ocr_carea' id='block_1_110' title="bbox 1937 4961 3530 5040">
    <p class='ocr_par' dir='ltr' id='par_1_110' title="bbox 1937 4961 3530 5040">
     <span class='ocr_line' id='line_1_110' title="bbox 1937 4961 3530 5040; baseline 0.006 -22"><span class='ocrx_word' id='word_1_792' title='bbox 1937 4965 2175 5019; x_wconf 89' lang='lat' dir='ltr'><strong>montius</strong></span> <span class='ocrx_word' id='word_1_793' title='bbox 2221 4979 2284 5018; x_wconf 92' lang='lat' dir='ltr'><strong>ac</strong></span> <span class='ocrx_word' id='word_1_794' title='bbox 2327 4961 2674 5019; x_wconf 80' lang='lat' dir='ltr'><strong>Constantius</strong></span> <span class='ocrx_word' id='word_1_795' title='bbox 2721 4965 3082 5023; x_wconf 79' lang='lat' dir='ltr'><strong>Mediolanum</strong></span> <span class='ocrx_word' id='word_1_796' title='bbox 3141 4970 3319 5039; x_wconf 90' lang='lat' dir='ltr'><strong>potius</strong></span> <span class='ocrx_word' id='word_1_797' title='bbox 3371 4988 3530 5040; x_wconf 88' lang='lat' dir='ltr'><strong>quam</strong></span> 
     </span>
    </p>
   </div>
   <div class='ocr_carea' id='block_1_111' title="bbox 1936 5055 3530 5132">
    <p class='ocr_par' dir='ltr' id='par_1_111' title="bbox 1936 5055 3530 5132">
     <span class='ocr_line' id='line_1_111' title="bbox 1936 5055 3530 5132; baseline 0.004 -20"><span class='ocrx_word' id='word_1_798' title='bbox 1936 5057 2163 5112; x_wconf 85' lang='lat' dir='ltr'><strong>Romam</strong></span> <span class='ocrx_word' id='word_1_799' title='bbox 2199 5055 2534 5126; x_wconf 78' lang='lat' dir='ltr'><strong>designatum</strong></span> <span class='ocrx_word' id='word_1_800' title='bbox 2580 5066 2800 5126; x_wconf 89' lang='lat' dir='ltr'><strong>putant,</strong></span> <span class='ocrx_word' id='word_1_801' title='bbox 2846 5060 2992 5130; x_wconf 90' lang='lat' dir='ltr'><strong>quod</strong></span> <span class='ocrx_word' id='word_1_802' title='bbox 3050 5076 3151 5132; x_wconf 87' lang='lat' dir='ltr'><strong>ego</strong></span> <span class='ocrx_word' id='word_1_803' title='bbox 3191 5064 3530 5120; x_wconf 87' lang='lat' dir='ltr'><strong>verissimum</strong></span> 
     </span>
    </p>
   </div>
   <div class='ocr_carea' id='block_1_112' title="bbox 1934 5149 3534 5220">
    <p class='ocr_par' dir='ltr' id='par_1_112' title="bbox 1934 5149 3534 5220">
     <span class='ocr_line' id='line_1_112' title="bbox 1934 5149 3534 5220; baseline 0.003 -15"><span class='ocrx_word' id='word_1_804' title='bbox 1934 5150 2208 5216; x_wconf 83' lang='lat' dir='ltr'><strong>existimo,</strong></span> <span class='ocrx_word' id='word_1_805' title='bbox 2235 5164 2558 5220; x_wconf 89' lang='lat' dir='ltr'><strong>quamquam</strong></span> <span class='ocrx_word' id='word_1_806' title='bbox 2579 5149 2648 5204; x_wconf 89' lang='lat' dir='ltr'><strong>ad</strong></span> <span class='ocrx_word' id='word_1_807' title='bbox 2671 5150 2772 5205; x_wconf 92' lang='lat' dir='ltr'><strong>hoc</strong></span> <span class='ocrx_word' id='word_1_808' title='bbox 2795 5151 3151 5220; x_wconf 86' lang='lat' dir='ltr'><strong>probandum.</strong></span> <span class='ocrx_word' id='word_1_809' title='bbox 3178 5154 3424 5208; x_wconf 89' lang='lat' dir='ltr'><strong>idoneam</strong></span> <span class='ocrx_word' id='word_1_810' title='bbox 3448 5170 3534 5210; x_wconf 89' lang='lat' dir='ltr'><strong>ra-</strong></span> 
     </span>
    </p>
   </div>
   <div class='ocr_carea' id='block_1_113' title="bbox 1936 5241 3529 5313">
    <p class='ocr_par' dir='ltr' id='par_1_113' title="bbox 1936 5241 3529 5313">
     <span class='ocr_line' id='line_1_113' title="bbox 1936 5241 3529 5313; baseline 0.003 -17"><span class='ocrx_word' id='word_1_811' title='bbox 1936 5243 2139 5296; x_wconf 89' lang='lat' dir='ltr'><strong>tionem</strong></span> <span class='ocrx_word' id='word_1_812' title='bbox 2173 5241 2556 5296; x_wconf 75' lang='lat' dir='ltr'><strong>non‘all&#39;erant</strong></span> <span class='ocrx_word' id='word_1_813' title='bbox 2597 5259 2610 5295; x_wconf 77' lang='grc' dir='ltr'><strong>ε</strong></span> <span class='ocrx_word' id='word_1_814' title='bbox 2657 5242 3052 5299; x_wconf 88' lang='lat' dir='ltr'><strong>observandum</strong></span> <span class='ocrx_word' id='word_1_815' title='bbox 3105 5244 3370 5313; x_wconf 87' lang='lat' dir='ltr'><strong>siquidem</strong></span> <span class='ocrx_word' id='word_1_816' title='bbox 3410 5255 3529 5312; x_wconf 89' lang='lat' dir='ltr'><strong>est,</strong></span> 
     </span>
    </p>
   </div>
   <div class='ocr_carea' id='block_1_114' title="bbox 1940 5334 3533 5409">
    <p class='ocr_par' dir='ltr' id='par_1_114' title="bbox 1940 5334 3533 5409">
     <span class='ocr_line' id='line_1_114' title="bbox 1940 5334 3533 5409; baseline -0.005 -19"><span class='ocrx_word' id='word_1_817' title='bbox 1940 5334 2102 5390; x_wconf 86' lang='lat' dir='ltr'><strong>Urbis</strong></span> <span class='ocrx_word' id='word_1_818' title='bbox 2140 5335 2424 5404; x_wconf 61' lang='lat' dir='ltr'><strong>praefectos</strong></span> <span class='ocrx_word' id='word_1_819' title='bbox 2451 5351 2512 5388; x_wconf 91' lang='lat' dir='ltr'><strong>ac</strong></span> <span class='ocrx_word' id='word_1_820' title='bbox 2537 5336 2820 5404; x_wconf 66' lang='lat' dir='ltr'><strong>praefectos</strong></span> <span class='ocrx_word' id='word_1_821' title='bbox 2865 5337 3136 5404; x_wconf 69' lang='lat' dir='ltr'><strong>praetorio,</strong></span> <span class='ocrx_word' id='word_1_822' title='bbox 3192 5335 3409 5407; x_wconf 79' lang='lat' dir='ltr'><strong>inclytus</strong></span> <span class='ocrx_word' id='word_1_823' title='bbox 3440 5356 3533 5409; x_wconf 78' lang='grc' dir='ltr'><strong>ρο-</strong></span> 
     </span>
    </p>
   </div>
   <div class='ocr_carea' id='block_1_115' title="bbox 1939 5425 3531 5501">
    <p class='ocr_par' dir='ltr' id='par_1_115' title="bbox 1939 5425 3531 5501">
     <span class='ocr_line' id='line_1_115' title="bbox 1939 5425 3531 5501; baseline 0.003 -19"><span class='ocrx_word' id='word_1_824' title='bbox 1939 5437 2140 5483; x_wconf 78' lang='lat' dir='ltr'><strong>testates</strong></span> <span class='ocrx_word' id='word_1_825' title='bbox 2158 5443 2252 5499; x_wconf 90' lang='lat' dir='ltr'><strong>per</strong></span> <span class='ocrx_word' id='word_1_826' title='bbox 2266 5427 2642 5483; x_wconf 81' lang='lat' dir='ltr'><strong>excellentiam</strong></span> <span class='ocrx_word' id='word_1_827' title='bbox 2665 5428 2841 5482; x_wconf 85' lang='lat' dir='ltr'><strong>dictos</strong></span> <span class='ocrx_word' id='word_1_828' title='bbox 2873 5425 2970 5498; x_wconf 85' lang='lat' dir='ltr'><strong>(c).</strong></span> <span class='ocrx_word' id='word_1_829' title='bbox 3008 5427 3206 5482; x_wconf 84' lang='lat' dir='ltr'><strong>Eodem</strong></span> <span class='ocrx_word' id='word_1_830' title='bbox 3230 5428 3392 5497; x_wconf 81' lang='lat' dir='ltr'><strong>igitur</strong></span> <span class='ocrx_word' id='word_1_831' title='bbox 3407 5432 3531 5501; x_wconf 89' lang='lat' dir='ltr'><strong>jure</strong></span> 
     </span>
    </p>
   </div>
   <div class='ocr_carea' id='block_1_116' title="bbox 1936 5517 3530 5589">
    <p class='ocr_par' dir='ltr' id='par_1_116' title="bbox 1936 5517 3530 5589">
     <span class='ocr_line' id='line_1_116' title="bbox 1936 5517 3530 5589; baseline 0.008 -15"><span class='ocrx_word' id='word_1_832' title='bbox 1936 5519 2072 5574; x_wconf 88' lang='lat' dir='ltr'><strong>nihil</strong></span> <span class='ocrx_word' id='word_1_833' title='bbox 2095 5519 2274 5574; x_wconf 88' lang='lat' dir='ltr'><strong>obstat</strong></span> <span class='ocrx_word' id='word_1_834' title='bbox 2318 5518 2609 5589; x_wconf 87' lang='lat' dir='ltr'><strong>quominus</strong></span> <span class='ocrx_word' id='word_1_835' title='bbox 2629 5518 2938 5588; x_wconf 81' lang='lat' dir='ltr'><strong>inclytarum</strong></span> <span class='ocrx_word' id='word_1_836' title='bbox 2963 5517 3180 5575; x_wconf 78' lang='lat' dir='ltr'><strong>Urbium</strong></span> <span class='ocrx_word' id='word_1_837' title='bbox 3205 5523 3423 5582; x_wconf 89' lang='lat' dir='ltr'><strong>nomine</strong></span> <span class='ocrx_word' id='word_1_838' title='bbox 3439 5542 3530 5586; x_wconf 84' lang='lat' dir='ltr'><strong>eas</strong></span> 
     </span>
    </p>
   </div>
   <div class='ocr_carea' id='block_1_117' title="bbox 2004 5631 2846 5707">
    <p class='ocr_par' dir='ltr' id='par_1_117' title="bbox 2004 5631 2846 5707">
     <span class='ocr_line' id='line_1_117' title="bbox 2004 5631 2846 5707; baseline 0 -19"><span class='ocrx_word' id='word_1_839' title='bbox 2004 5632 2076 5707; x_wconf 79' lang='grc' dir='ltr'><strong>(ε)</strong></span> <span class='ocrx_word' id='word_1_840' title='bbox 2117 5632 2181 5689; x_wconf 94' lang='lat' dir='ltr'><strong>L.</strong></span> <span class='ocrx_word' id='word_1_841' title='bbox 2216 5633 2302 5689; x_wconf 77' lang='lat' dir='ltr'><strong>t3.</strong></span> <span class='ocrx_word' id='word_1_842' title='bbox 2335 5631 2396 5688; x_wconf 89' lang='lat' dir='ltr'><strong>C.</strong></span> <span class='ocrx_word' id='word_1_843' title='bbox 2425 5631 2528 5688; x_wconf 88' lang='lat' dir='ltr'><strong>Th.</strong></span> <span class='ocrx_word' id='word_1_844' title='bbox 2562 5631 2630 5690; x_wconf 91' lang='lat' dir='ltr'><strong>de</strong></span> <span class='ocrx_word' id='word_1_845' title='bbox 2652 5633 2846 5690; x_wconf 89' lang='lat' dir='ltr'><strong>Aecus.</strong></span> 
     </span>
    </p>
   </div>
  </div>
