4138 6178
554 230 659 292 ευ

1759 224 1835 283 SA
1848 217 2075 283 NCTUS
2112 220 2435 282 DAMASUS
2471 224 2669 281 PAPA.

3758 230 3861 286 29.8

556 350 941 419 intelligamus,
988 346 1041 400 in
1073 344 1267 415 quibus
1308 344 1387 398 illi
1442 342 1682 405 residere
1733 356 1796 397 ac
1838 343 1928 413 jus
1970 342 2155 397 dicere
2182 354 2236 413 Α
2259 339 2509 410 antiquus
2542 337 2753 393 Damasi
2775 334 3155 402 calumniator,
3185 334 3373 405 procul
3406 335 3473 392 ab
3499 337 3642 394 Urbe
3672 343 3860 410 positi,

553 450 983 498 consueverant:
1013 440 1107 494 sed
1140 440 1333 492 iterum
1364 436 1429 492 ad
1460 451 1597 492 rem.

553 566 558 571 -
624 534 733 588 Nec
776 533 1083 586 Donatistas
1123 538 1322 595 tamen,
1382 545 1481 584 nec
1526 528 1844 585 Ursinianos
1871 527 1936 583 ad
1967 539 2153 583 cente-

552 624 745 679 simum
779 624 845 675 ab
873 622 1017 677 Urbe
1046 622 1275 691 lapidem
1306 622 1523 693 pulsos,
1560 636 1660 676 nec
1706 622 2060 676 Puteolanum
2102 629 2158 676 et

553 716 902 771 Par-mensem
942 717 1225 786 episcopos
1256 716 1323 769 ab
1348 730 1532 771 earnm
1568 715 1930 769 Ecclesiarum
1962 715 2156 769 finibus

556 816 731 862 trUSos
774 808 976 861 scimus
1006 825 1019 862 :
1063 810 1177 863 sive
1218 808 1339 876 qttia
1370 808 1509 861 idem
1547 807 1861 876 Simplicius
1888 807 2006 861 aliis
2038 822 2160 877 gra—

552 900 791 955 vioribus
834 911 1157 969 occupatus,
1207 900 1308 955 hoc
1352 900 1624 971 negotium
1670 901 2002 971 neglexerit,
2046 901 2159 955 sive

554 993 678 1062 quia
713 1010 818 1047 non
856 994 947 1045 diu
980 1004 1098 1061 post
1130 992 1230 1046 hoc
1260 993 1606 1058 mandatum,
1644 1008 1867 1059 munere
1895 994 2158 1057 abiverit,

554 1084 643 1137 alii
691 1100 839 1147 vero,
871 1085 964 1155 qui
994 1086 1190 1141 deinde
1231 1096 1636 1151 successerunt,
1667 1096 1723 1141 ut
1749 1087 2002 1158 Aquilino
2030 1102 2163 1141 con-

557 1180 692 1249 tigit,
728 1181 948 1249 privata:
978 1180 1185 1249 gratiae,
1225 1188 1283 1233 nt
1306 1180 1600 1235 Gratianus
1628 1182 1726 1245 ait,
1751 1181 2033 1247 imperiale
2059 1180 2162 1235 hoc

556 1281 883 1340 prmceptum
917 1272 1366 1329 condenavcrint.
1404 1271 1538 1325 Hinc
1571 1289 1632 1327 ea
1665 1274 1903 1341 judicum
1947 1276 2033 1328 ac'
2064 1273 2163 1327 mi-

555 1363 850 1417 nistrorum
882 1363 1127 1417 socordia
1163 1364 1314 1426 freti,
1351 1363 1645 1418 Donatista:
1685 1367 1773 1434 qui
1819 1365 2017 1435 expelli
2068 1366 2163 1420 de-

557 1453 815 1520 buerant,
859 1454 1207 1508 Clandianum
1258 1470 1323 1509 ex
1364 1454 1541 1510 Africa
1576 1456 1629 1509 in
1663 1456 1865 1511 Urbem
1894 1471 2162 1511 evocave-

558 1555 701 1609 rant,
728 1556 784 1599 ut
818 1546 881 1599 iis
915 1547 1033 1600 loco
1058 1548 1294 1617 episcopi
1326 1555 1603 1615 praeesset,
1639 1548 1689 1602 in
1721 1563 1890 1619 eaque
1914 1548 2003 1603 ille
2037 1548 2164 1603 hac-

562 1648 717 1694 tenus
758 1638 1048 1703 residebat,
1082 1640 1277 1708 spretis
1314 1638 1702 1709 imperatorum
1736 1641 1977 1709 legibus;
2016 1640 2167 1695 Ursi-

2260 442 2520 502 certoque
2548 432 2740 485 exsilio
2765 429 3007 484 eonclusi
3039 427 3172 482 nihil
3195 428 3427 497 amplius
3446 428 3660 486 efficere
3681 448 3775 500 per
3803 449 3864 489 se

2259 534 2504 595 possent,
2529 538 2634 594 quo
2661 538 2761 592 pax
2795 522 3048 577 Ecclesiae
3077 520 3409 581 turbaretur,
3438 521 3700 589 reliquum
3724 531 3861 587 erat,

2260 630 2317 673 ut
2346 619 2505 672 etiam
2538 618 2603 671 de
2626 617 2842 671 caeteris
2868 614 3067 684 aliquid
3099 614 3317 683 gravius
3340 623 3695 669 statueretur:
3716 615 3868 685 jubet

2262 714 2441 780 itaque
2473 709 2747 780 Aquilino,
2783 714 2840 761 ut
2863 707 3009 777 leges
3041 715 3369 776 exsequatur
3400 707 3450 760 in
3496 722 3593 761 eos
3627 723 3762 777 quos
3787 723 3869 761 rc-

2262 805 2521 872 scriptum
2566 800 2883 856 nominatim
2918 798 3411 867 complemehatur,
3445 814 3509 854 ac
3532 800 3871 869 rebaptizan-

2266 906 2376 962 tes,
2412 894 2727 950 Ursinianos
2749 935 2762 958 ,
2816 906 3114 961 omnesque
3136 891 3293 955 alios,
3325 905 3460 959 quos
3488 893 3871 963 episcOporum

2262 987 2490 1059 judicia,
2524 986 2831 1055 lllljllslﬂOdl
2858 984 3140 1039 turbarum
3165 999 3288 1039 reos
3318 986 3700 1049 ostenderent,
3734 987 3875 1041 ultra

2264 1078 2873 1135 centesimum‘milliare
2894 1080 2961 1129 ab
2982 1075 3125 1132 Urbe
3150 1075 3414 1144 depellat;
3437 1076 3712 1147 depositus
3742 1093 3875 1132 vero

2266 1174 2551 1243 episcopos
2572 1173 2638 1227 ab
2665 1186 2849 1225 earum
2878 1171 3154 1225 civitatum
3188 1169 3390 1223 finibus
3418 1181 3661 1226 extorres
3688 1170 3875 1235 faciat,

2267 1279 2495 1333 quarum
2547 1263 2754 1332 plebem
2783 1304 2798 1328 ,
2846 1263 2934 1317 vel
2961 1262 3228 1317 Ecclesias
3269 1261 3385 1316 sive
3410 1276 3504 1329 per
3530 1276 3608 1323 se,
3640 1262 3753 1316 sive
3783 1277 3882 1330 per

2269 1359 2408 1410 alios
2439 1356 2521 1409 sui
2544 1355 2754 1409 similes
2786 1362 3003 1418 vexant,
3026 1355 3235 1423 piaculo
3266 1354 3527 1421 neglecta:
3558 1354 3878 1421 Sanctionis,

2272 1451 2373 1503 nisi
2401 1449 2637 1517 paruerit
2665 1491 2678 1515 ,
2712 1447 3156 1518 obstringendus.
3193 1444 3459 1500 Caeterum
3502 1445 3547 1501 si
3572 1445 3881 1501 Parmensis

2271 1541 2555 1612 episcopus
2594 1541 2856 1596 Romana:
2895 1538 3087 1612 synodi
3119 1540 3345 1594 decreto
3371 1538 3658 1593 damnatus
3686 1539 3879 1601 fuerat,

2273 1638 2319 1689 si
2358 1651 2422 1689 ea
2469 1637 2659 1689 civitas
2681 1635 2882 1689 vicario
2915 1633 3079 1688 Italiae
3110 1633 3350 1699 suberat,
3378 1631 3505 1685 hinc
3528 1632 3701 1701 primo
3729 1631 3883 1684 colli-

559 1732 716 1785 niana
754 1746 884 1785 vero
925 1730 1116 1796 factio,
1159 1748 1278 1801 qua:
1321 1741 1473 1786 extra
1522 1735 1874 1788 centesimum
1900 1733 2163 1789 trudenda
2198 1745 2247 1805 Β
2275 1741 2388 1797 gas.
2424 1726 2617 1781 frustra
2649 1727 2900 1782 contendi
2930 1726 3329 1781 suburbicarias
3353 1724 3625 1779 Ecclesias
3647 1739 3738 1777 eas
3755 1737 3882 1777 esse

557 1822 769 1887 fuerat,
824 1823 1100 1877 audaciam
1152 1825 1411 1878 adversus
1444 1826 1727 1880 Damasum
1761 1838 2073 1897 receperat,
2105 1842 2166 1882 ac

562 1916 816 1985 populum
866 1916 1167 1971 Romanum
1201 1919 1547 1985 sollicitabat,
1587 1935 1758 1990 coque
1779 1922 2028 1990 exemplo
2054 1920 2167 1989 epi—

559 2010 707 2075 scopi
736 2008 1003 2071 nonnulli,
1028 2010 1116 2078 qui
1150 2019 1242 2063 aut
1263 2010 1374 2079 jam
1397 2010 1636 2065 damnati
1664 2012 1895 2078 fuerant,
1920 2022 2010 2066 aut
2031 2028 2169 2081 quos

559 2098 805 2154 damnari
852 2099 1170 2168 oportebat,
1218 2102 1461 2171 ejusdem
1536 2105 1744 2157 Damasi
1798 2104 2168 2176 Romanaeque

562 2190 755 2260 synodi
788 2190 1133 2245 deﬁnitiones
1158 2193 1307 2245 nihili
1338 2192 1662 2262 pendebant,
1695 2210 1758 2249 ac
1781 2196 1961 2264 sedes,
1992 2213 2020 2250 a
2049 2198 2169 2267 qui-

561 2281 663 2336 bus
689 2282 922 2351 depOsiti
952 2283 1177 2347 fuerant,
1217 2300 1311 2354 per
1336 2286 1513 2339 scelus
1540 2301 1602 2339 ac
1625 2287 1941 2353 seditiones,
1992 2298 2047 2343 et
2075 2304 2169 2358 po-

562 2376 804 2443 pularem
835 2385 1070 2443 emptam
1099 2377 1270 2445 pretio
1294 2379 1522 2448 gratiam
1543 2418 1558 2443 ,
1587 2387 1679 2433 aut
1707 2380 2044 2447 retinebant,
2077 2389 2172 2437 aut

565 2477 812 2535 repetere
841 2466 1134 2521 audebant.

641 2558 730 2611 llis
763 2558 920 2627 igitur
948 2560 1283 2627 gravissimis
1306 2561 1727 2623 calamitatihus,
1756 2564 1950 2633 partim
1982 2580 2040 2619 se
2057 2564 2168 2635 jam

566 2652 889 2720 providisse,
909 2654 1099 2722 partim
1129 2670 1259 2709 vero
1280 2670 1339 2710 se
1366 2672 1505 2711 nunc
1528 2672 1837 2723 occurrere,
1856 2658 1956 2712 hoc
1977 2658 2172 2713 rescri-

568 2755 661 2815 pto
691 2745 979 2802 Gratianus
1010 2749 1297 2819 significat.
1325 2751 1457 2805 Nam
1487 2751 1662 2821 quoad
1678 2751 1933 2807 Ursinum
1956 2752 2168 2819 attinet,

566 2839 656 2906 qni
705 2837 877 2892 fuerat
915 2841 1249 2907 potissimum
1302 2843 1352 2896 in
1400 2859 1560 2898 causa
1605 2860 1700 2899 cur
1738 2845 2069 2914 Romanum,
2117 2854 2175 2901 et

568 2928 918 2998 Aquileiense
970 2932 1257 2987 concilium
1305 2934 1370 2987 ad
1413 2935 1660 2989 eumdem
1698 2936 2012 2991 Gratianum
2043 2936 2176 2991 scri-

569 3019 780 3087 berent,
807 3038 928 3074 eum
960 3024 1246 3093 Agrippina
1267 3028 1550 3081 secessione
1572 3039 1691 3081 tunc
1720 3029 1949 3083 cohiberi
1978 3030 2070 3095 ait,
2106 3045 2175 3083 ne

2270 1823 2572 1886 dumtaxat,
2601 1836 2720 1889 quze
2762 1818 3151 1874 suburhicariis
3180 1817 3470 1886 provinciis
3498 1816 3876 1871 includuntur.

2274 1914 2474 1970 Deinde
2514 1912 2663 1967 vides
2693 1922 2952 1983 quantum
2987 1926 3052 1965 ex
3093 1926 3158 1964 eo
3190 1910 3329 1964 facto
3358 1909 3614 1964 momenti
3646 1908 3879 1963 accedat

2272 2006 2604 2075 conjecturis
2646 2005 2785 2072 illis,
2820 2019 2883 2058 ac
2932 2003 3265 2064 rationibus,
3296 1999 3493 2070 quibus
3522 1997 3874 2064 Bacchiuius,

2273 2101 2448 2153 serius
2502 2112 2564 2151 ac
2600 2096 2691 2150 alii
2732 2102 2950 2165 putant,
2990 2103 3163 2149 ortam
3206 2093 3417 2147 censuit
3466 2090 3881 2146 Mediolanensis

2272 2194 2513 2261 episcopi
2549 2207 2642 2261 per
2672 2190 2905 2261 reliquas
2934 2189 3227 2243 vicariatus
3253 2186 3422 2242 Italiae
3454 2187 3755 2257 provincias
3782 2184 3873 2256 ju-

2274 2285 2669 2341 risdictionem.

2350 2379 2419 2435 Ut
2460 2394 2587 2432 vero
2628 2375 2871 2447 ejusdem
2908 2375 3124 2429 Damasi
3166 2374 3443 2429 securitati
3469 2374 3638 2444 magis
3679 2388 3877 2429 consu-

2277 2470 2437 2535 lcrct,
2463 2485 2525 2524 ac
2555 2468 2738 2523 caetcri
2768 2470 2819 2522 in
2848 2483 2934 2531 eo,
2966 2482 3072 2537 quo
3101 2482 3195 2537 par
3222 2478 3359 2530 erat,
3379 2483 3503 2538 erga
3528 2467 3879 2537 apostolicam

2278 2565 2462 2618 sedem
2491 2562 2670 2616 officio
2702 2563 3130 2627 continerentur,
3164 2562 3271 2617 duo
3300 2572 3557 2632 praetcrea
3578 2562 3762 2616 statuit
3785 2564 3882 2617 im-

2278 2667 2498 2726 perator
2532 2673 2544 2708 :
2580 2655 2755 2724 primo
2796 2669 2864 2709 ne
2907 2654 3027 2723 quis
3068 2654 3276 2709 scilicet
3308 2656 3423 2709 sive
3470 2655 3541 2709 ob
3567 2655 3885 2725 pravitatem

2280 2763 2515 2813 murum,
2545 2747 2659 2802 sive
2685 2748 2753 2800 ob
2773 2746 3056 2801 calumnias
3078 2748 3281 2802 crimen
3307 2748 3542 2809 infamis,
3563 2755 3655 2801 aut
3677 2749 3889 2816 episco-

2279 2855 2379 2910 pos
2418 2855 2700 2904 accusare,
2734 2848 2824 2893 aut
2871 2841 3025 2895 testis
3051 2850 3239 2894 contra
3268 2839 3393 2893 illos
3420 2854 3540 2895 esse
3569 2841 3770 2909 possit;
3802 2855 3890 2895 se-

2280 2932 2459 2988 cundo
2502 2944 2554 2986 ut
2594 2932 2685 3002 qui
2719 2933 2930 2986 Damasi
2972 2932 3168 3001 judicio
3197 2930 3387 2985 sistere
3409 2946 3469 2985 se
3500 2930 3789 2996 noluisset,
3821 2945 3890 2985 ac

2282 3036 2573 3082 eontnmax
2609 3025 2818 3091 luisset,
2852 3042 2973 3081 cum
3005 3026 3287 3080 damnatus
3310 3026 3378 3077 ab
3407 3040 3494 3090 eo,
3527 3025 3763 3094 quinque
3790 3033 3887 3079 aut

570 3121 737 3165 motus
760 3113 961 3177 aliquos
990 3114 1241 3183 inquietos
1276 3128 1526 3171 exerceat.
1556 3116 1690 3185 Cum
1724 3136 1853 3173 vero
1881 3121 2179 3190 imperator
2207 3108 2255 3172 C
2285 3129 2491 3187 septem
2523 3119 2898 3187 episeoporum
2934 3116 3115 3171 habito
3146 3118 3375 3170 consilio
3397 3117 3779 3186 depositusque
3802 3134 3889 3171 es-

570 3217 692 3257 sese
715 3204 1111 3272 quodannnodo
1139 3222 1365 3275 purgare
1398 3208 1666 3273 videatur,
1693 3210 1836 3278 quod
1868 3210 2170 3280 inquietum

572 3296 722 3350 illum
767 3295 1061 3365 hominem,
1096 3314 1185 3368 per
1216 3311 1538 3354 occursantes
1567 3300 1927 3356 obtundentem
1953 3304 2172 3375 sa’pt'tts,

570 3406 724 3458 quant
754 3402 1044 3445 monentem
1067 3393 1363 3457 audiverit,
1406 3396 1455 3448 id
1484 3396 1689 3451 scilicet
1711 3412 1777 3451 eo
1798 3398 2029 3453 consilio
2059 3414 2087 3451 a
2115 3414 2175 3455 se

571 3479 771 3535 laetum
798 3498 1071 3549 asserens,
1096 3497 1149 3538 nt
1172 3486 1237 3539 ad
1260 3490 1472 3541 saniora
1505 3490 1866 3557 pertraheret,
1895 3492 2177 3546 suaderet-

574 3587 678 3642 que
726 3583 785 3629 ut
835 3586 1109 3630 sectatores
1131 3579 1390 3648 abjiceret,
1422 3580 1529 3633 duo
1560 3582 1685 3637 hinc
1715 3584 1895 3654 colligi
1929 3592 2171 3652 possunt.

574 3664 757 3719 Primo
804 3666 904 3722 hoc
949 3670 1269 3738 rescriptum
1303 3672 1471 3726 videri
1503 3674 1685 3727 datum
1720 3686 1840 3745 post
1868 3676 2181 3745 Aquileien-

571 3759 649 3813 sis
675 3760 885 3813 concilii
910 3760 1133 3824 litteras,
1162 3763 1359 3833 quibus
1385 3765 1454 3819 ob
1476 3782 1593 3819 eam
1618 3782 1835 3819 causam
1864 3767 2178 3822 facilitatem

574 3865 771 3921 nempe
797 3868 969 3917 suam,
1002 3856 1317 3923 perstrictus
1346 3857 1539 3920 fuerat,
1572 3866 1732 3926 atque
1762 3858 1883 3912 ideo
1916 3858 2037 3911 huic
2064 3860 2182 3927 ipso

575 3956 739 4006 anno,
768 3958 874 4011 quo
904 3944 1164 3997 Baronius
1193 3944 1324 3999 illud
1356 3946 1614 4013 collocat,
1650 3962 1808 4001 secus
1837 3962 1901 4001 ac
1927 3948 2016 4002 alii
2046 3964 2179 4004 cen-

576 4043 700 4087 sent
747 4034 967 4087 omnino
1004 4035 1351 4105 alligandum.
1387 4037 1638 4095 Secundo
1669 4039 1926 4096 Ursinum
1963 4042 2139 4112 ipsum
2162 4086 2178 4110 ,

576 4125 670 4194 qui
710 4140 853 4179 anno
883 4127 986 4181 579
1016 4142 1141 4182 snas
1169 4145 1290 4184 cum
1315 4130 1529 4186 Juliano
1569 4132 1798 4189 Valente
1827 4137 1966 4190 vires
1993 4147 2181 4192 c0ntra

577 4218 876 4273 Ecclesiam
917 4220 1199 4277 Mediolani
1231 4225 1507 4293 junxerat.
1536 4238 1688 4282 extra
1720 4228 1925 4283 Italiam
1952 4242 2179 4297 trusum,

577 4325 642 4366 ac
670 4314 836 4367 certis
855 4315 1029 4368 exsilii
1063 4314 1259 4370 finibus
1287 4319 1600 4373 conclusum
1625 4320 1788 4377 fuisse
1816 4336 1900 4387 eo,
1929 4322 2070 4392 quod
2103 4323 2185 4377 in-

578 4413 661 4459 ter
704 4420 903 4461 annum
941 4408 1045 4463 579
1090 4424 1153 4463 ac
1193 4410 1290 4465 38f
1342 4412 1656 4481 interjacet,
1703 4417 1963 4485 temporis
1988 4419 2183 4485 spatio.

2281 3220 2384 3274 set,
2410 3211 2452 3262 si
2484 3208 2808 3273 Ecclesium,
2839 3224 2868 3261 a
2900 3224 3003 3279 qua
3022 3207 3267 3277 dejectus
3288 3208 3484 3273 fuerat,
3505 3212 3738 3263 retinere
3765 3225 3891 3277 per-

2282 3311 2465 3373 geret,
2500 3302 2564 3355 ad
2594 3304 2779 3357 urbem
2804 3302 3029 3356 Romam
3055 3300 3147 3354 sub
3167 3302 3537 3369 prosecutione,
3558 3302 3657 3353 fida
3681 3302 3893 3355 scilicet

2282 3405 2443 3465 atque
2461 3396 2655 3452 idonea
2676 3396 2940 3456 custodia,
2959 3412 3049 3465 per
3060 3396 3329 3466 praefectos
3347 3396 3582 3465 praetorio
3610 3394 3817 3459 Gallice,
3843 3403 3895 3448 et

2285 3488 2478 3551 Italia,
2510 3487 2849 3542 Proconsufes
2893 3498 2940 3541 et
2978 3486 3213 3541 Vicarr'os
3235 3489 3709 3541 transmitterclur.
3733 3488 3892 3554 Quod

2286 3582 2330 3635 si
2360 3581 2481 3650 quis
2511 3581 2636 3633 item
2667 3592 2959 3633 contumax
2978 3579 3360 3648 episcoporum
3380 3578 3645 3648 judicium
3673 3594 3896 3647 spreve-

2287 3675 2359 3729 rit
2410 3672 2814 3745 diﬂugeritque,
2842 3675 3029 3727 eadem
3064 3673 3273 3743 publica
3306 3675 3629 3728 auctoritate
3650 3673 3714 3726 ad
3749 3673 3892 3727 idem

2286 3767 2597 3836 episcopale
2641 3766 2899 3835 judicium
2944 3767 3332 3821 remitteretur.
3366 3767 3590 3820 Constat
3639 3765 3796 3835 igitur
3826 3765 3895 3818 li-

2288 3860 2469 3913 cuisse
2516 3857 2759 3912 Romano
2790 3859 3027 3925 pontifici
3059 3859 3437 3928 episcoporum
3469 3847 3659 3911 causas
3689 3860 3739 3911 in
3780 3859 3895 3926 pri-

2290 3944 2374 4005 ma
2400 3950 2583 4014 etiam,
2611 3960 2665 4004 ut
2690 3952 2859 4016 aiunt,
2887 3952 3143 4005 instantia
3170 3965 3499 4021 cognoscere
3526 3962 3675 4005 extra
3703 3950 3901 4004 subur-

2292 4044 2524 4099 hicarias
2569 4045 2907 4112 provincias,
2956 4059 3052 4113 per
3095 4043 3295 4099 Gallias
3354 4043 3562 4097 scilicet
3598 4054 3651 4098 et
3687 4042 3896 4097 Italiam

2293 4146 2492 4197 totam,
2524 4136 2751 4207 ejusque
2793 4138 2895 4191 hoc
2920 4137 3007 4205 jus
3032 4137 3101 4190 ab
3127 4137 3451 4205 imperatore
3481 4136 3597 4204 ipso
3628 4144 3896 4189 assertum

2292 4230 2780 4301 confirmatumque
2813 4230 2998 4295 fuisse,
3024 4229 3125 4283 nisi
3150 4229 3256 4282 illae
3278 4228 3342 4282 ad
3370 4230 3746 4298 episcoporum
3773 4243 3901 4295 prn-

2296 4322 2488 4377 viucize
2516 4322 2782 4395 synodum
2819 4321 3009 4377 delatte
3040 4330 3194 4375 antea
3231 4320 3477 4375 fuissent.
3509 4320 3727 4374 Minime
3752 4319 3895 4373 difﬁ-

2295 4425 2414 4471 teor
2438 4426 2637 4479 tamen,
2666 4414 2791 4484 quin
2814 4415 2915 4471 hoc
2935 4416 3125 4469 eodem
3157 4414 3420 4483 rescripto
3442 4413 3601 4465 statui
3628 4412 3891 4477 videatur,

577 4495 711 4551 Cum
738 4512 866 4552 vero
891 4500 1061 4568 illum,
1084 4501 1307 4573 ejusque
1332 4506 1533 4559 amicos
1558 4506 1657 4560 sibi
1680 4517 2029 4562 occursantes
2044 4509 2178 4564 Gra-
2205 4499 2258 4559 D
2284 4523 2380 4563 eas
2405 4524 2523 4579 qua!
2554 4510 2604 4561 in
2633 4508 3071 4579 longinquioribus
3096 4508 3324 4576 partibus
3345 4514 3703 4575 emcrgerent,
3731 4519 3759 4575 a
3782 4518 3898 4558 me-

570 4590 757 4649 tiantts
787 4590 840 4644 in
865 4590 1051 4645 Galliis
1079 4607 1108 4646 a
1139 4609 1198 4648 se
1228 4595 1440 4652 auditos
1470 4598 1695 4662 scribat,
1729 4596 1889 4651 facile
1927 4599 2184 4669 intelligi-

578 4696 697 4734 mus
732 4681 833 4736 hoc
862 4683 1154 4754 contigisse
1180 4703 1322 4740 anno
1350 4688 1454 4742 380
1481 4688 1591 4756 jam
1622 4697 1896 4757 provecto,
1928 4705 2050 4745 cum
2078 4694 2183 4747 sci-

578 4771 704 4826 licet
746 4772 945 4830 Sirmio
976 4778 1143 4831 redux
1166 4794 1233 4833 eo
1255 4780 1529 4848 profectus
1552 4791 1656 4847 est,
1688 4790 1746 4835 ut
1773 4783 1913 4837 bello
1937 4783 2187 4840 Alaman-

579 4865 703 4917 nico
744 4876 958 4921 vacaret
997 4868 1108 4938 (a),
1153 4885 1322 4939 eaque
1372 4884 1455 4927 est
1483 4875 1619 4928 ratio
1639 4890 1736 4929 cur
1767 4878 2082 4932 Ambrosius
2110 4880 2187 4933 ait

578 4957 940 5025 Aquileiensis
984 4963 1200 5018 concilii
1248 4966 1498 5034 nomine,
1541 4969 1674 5024 inter
1718 4970 1924 5026 bellicas
1968 4976 2189 5028 necessi-

578 5059 704 5105 tates
726 5051 1074 5121 obreptionem
1095 5057 1445 5122 importunam
1466 5064 1671 5117 tentari.
1702 5063 2053 5119 Verissimum
2084 5068 2185 5119 ita-

577 5158 683 5214 que
727 5151 811 5199 est
853 5145 993 5215 quod
1034 5148 1103 5202 cl.
1138 5148 1461 5207 Muratorius
1500 5154 1617 5209 ait:
1660 5155 1735 5224 (ὁ)
1763 5156 2015 5211 Ursinum
2059 5171 2185 5212 sero

578 5236 869 5291 admodum
903 5238 954 5291 in
978 5238 1166 5294 Galliis
1197 5244 1511 5309 exsulasse;
1532 5260 1857 5315 quamquam
1882 5248 2022 5300 haud
2051 5251 2185 5302 satis

578 5327 838 5399 feliciter,
866 5341 924 5387 ut
950 5333 1054 5387 alio
1077 5334 1195 5390 loco
1221 5334 1354 5403 dixi,
1388 5336 1511 5392 hinc
1544 5339 1821 5407 conjiciat,
1852 5354 1974 5393 eum
2006 5341 2058 5394 in
2091 5355 2185 5396 ca-

579 5419 771 5477 thedra
810 5423 1157 5495 Neapolitana
1205 5428 1398 5486 sedere
1444 5430 1687 5501 potuisse
1731 5440 1856 5487 ante
1892 5430 2180 5488 Severum.

579 5508 711 5569 Cum
755 5516 916 5587 igitur
959 5518 1185 5579 Ursinus
1224 5520 1521 5580 factionum
1557 5523 1698 5591 dux,
1736 5524 1886 5581 Isaac
1911 5533 2178 5595 praeterea

650 5671 730 5746 (a)
768 5674 981 5733 Sozom.
1002 5718 1017 5745 ,
1046 5680 1138 5738 lib.
1172 5697 1277 5753 vn,
1302 5698 1422 5756 cap.
1452 5685 1508 5741 ι.

2289 4602 2633 4670 tropolitanis
2673 4602 3077 4670 cognoscendas
3117 4613 3258 4665 esse,
3298 4598 3399 4653 nisi
3442 4596 3895 4667 metrOpulitanus

2297 4693 2413 4762 ipse
2455 4701 2737 4761 suspectus
2769 4701 2933 4747 esset.
2969 4694 3036 4745 At
3066 4706 3187 4760 qua:
3215 4692 3323 4744 sint
3353 4689 3753 4760 longinquiores
3786 4689 3898 4743 illa:

2298 4795 2479 4856 partes
2501 4825 2514 4850 ,
2564 4794 2656 4839 aut
2685 4794 2836 4840 certo
2870 4784 3099 4840 deflnire
3130 4799 3290 4839 nemo
3319 4784 3551 4852 poterit,
3582 4790 3673 4835 aut
3700 4781 3899 4835 saltem

2296 4888 2529 4945 constat,
2555 4878 2753 4932 nullam
2794 4880 2846 4932 in
2875 4895 2935 4934 re
2962 4878 3029 4931 de
3058 4894 3161 4947 qua
3190 4879 3386 4946 agitur,
3413 4878 3550 4931 intra
3604 4874 3903 4930 Galliarum

2295 4980 2356 5025 et
2378 4970 2539 5025 Italia:
2572 4969 2920 5040 przefecturas
2947 4969 3277 5038 provinciam
3300 5010 3313 5034 ,
3350 4970 3401 5023 in
3432 4966 3905 5037 longinquioribus

2302 5062 2543 5134 partibus
2572 5064 2798 5131 positam
2826 5061 2929 5114 dici
2963 5073 3154 5129 posse;
3186 5059 3453 5129 siquidem
3485 5059 3776 5114 Gratianus
3808 5072 3905 5111 ea-

2294 5171 2414 5209 rum
2452 5155 2719 5223 ιιι-ςιιῐθοιίδ
2750 5161 2936 5221 aperte
2964 5152 3215 5221 imperat,
3246 5161 3304 5206 ut
3329 5153 3647 5222 episcOpos,
3672 5151 3760 5219 qui
3791 5148 3908 5203 Ro-

2296 5262 2458 5299 mano
2508 5246 2745 5314 pontiflci
2773 5254 2866 5297 aut
2895 5259 3001 5298 non
3040 5245 3343 5314 paruerint,
3373 5253 3469 5296 aut
3493 5243 3609 5311 ejus
3635 5240 3903 5310 judicium

2291 5341 2605 5411 diﬂ'ugerint
2627 5382 2641 5406 ,
2688 5340 2753 5393 ad
2793 5339 2982 5394 urbem
3017 5336 3242 5392 Romam
3273 5337 3433 5391 etiam
3466 5338 3661 5390 invitos
3691 5342 3908 5403 pertra-

2293 5433 2444 5487 bant.
2486 5433 2591 5489 Sed
2629 5432 2747 5488 haec
2777 5447 2900 5488 cum
2932 5446 2962 5486 a
2992 5444 3117 5488 meo
3147 5432 3396 5486 instituto
3416 5430 3591 5485 aliena
3617 5429 3746 5493 sint,
3773 5426 3904 5483 atti-

2289 5526 2437 5598 gisse
2467 5528 2599 5582 satis
2627 5527 2714 5582 sit.

2327 5662 2335 5671 ’
2364 5685 2441 5758 (b)
2476 5687 2599 5745 Not.
2628 5685 2696 5743 ad
2722 5684 2918 5745 Joanu.
2948 5680 3097 5739 Diae.
3126 5680 3217 5741 Sc.
3252 5681 3367 5739 Ital.
3404 5690 3533 5738 tom.
3565 5681 3605 5736 l.
