4138 6178
504 209 606 264 251

1696 199 2008 258 SANCTUS
2035 195 2380 252 ‘DAMASUS
2416 194 2618 250 PAPA.

3705 193 3812 248 952

505 324 731 389 addunt,
764 321 832 377 de
871 320 1152 377 mittendis
1177 334 1242 375 ex
1273 332 1371 373 suo
1411 331 1641 387 corpore
1673 316 1861 388 legatis
1891 316 2100 384 cpisco-
2129 321 2177 381 Α
2210 313 2355 382 ipsos
2381 310 2591 365 dis‘sidii
2623 307 2777 377 culpa
2809 306 3066 376 deinceps
3090 305 3374 361 transferri
3401 315 3614 375 posset,
3646 319 3810 380 atque

505 417 653 487 copis
693 418 742 470 in
786 417 1059 471 Orientem
1093 433 1105 466 :
1137 423 1192 466 at
1239 427 1359 466 cum
1418 411 1519 465 hoc
1549 420 1763 479 captum
1812 409 2096 464 consilium

506 507 796 562 hostilibus
827 505 1024 560 deinde
1051 503 1441 573 irruptionibus
1464 544 1478 568 ,
1531 503 1868 572 publicisque
1900 501 2100 554 tumul-

505 599 648 652 tibus
699 597 1027 652 retardatum
1081 596 1507 664 impeditumque
1553 594 1744 650 fuisset
1777 636 1792 658 ,
1829 594 2100 662 negotium

502 691 634 746 illttd
688 705 784 760 per
807 691 1016 744 litteras
1038 689 1305 760 agendum
1332 697 1680 753 censuerant,
1706 689 1902 757 quibus
1926 688 2104 741 Theo-

503 783 714 839 dosiutn
763 791 1116 854 rogaveram,
1171 790 1228 836 ut
1273 792 1518 852 pactum,
1554 798 1660 850 quo
1704 782 2099 835 Antiochenum

504 883 737 938 schistna
795 880 1154 949 compositum
1187 879 1541 947 sedatumque
1581 877 1774 941 fuerat,
1809 887 1982 930 ratum
2016 875 2104 930 lir-

503 985 817 1044 matumque
859 989 980 1030 esse
1019 974 1216 1040 vellet,
1250 987 1387 1028 neve
1419 980 1695 1041 pateretur
1721 969 2105 1024 subordinatio-

507 1086 619 1124 nem
649 1070 874 1140 aliquam
913 1070 1151 1122 attentari
1171 1108 1184 1130 ,
1225 1082 1327 1136 qua
1357 1065 1599 1134 profecto
1630 1064 1922 1118 timendum
1955 1070 2102 1124 erat,

505 1181 574 1221 ne
598 1165 728 1219 illud
751 1163 993 1234 aSperius
1024 1160 1452 1216 recrudescerct.
1479 1159 1584 1214 Sed
1608 1173 1702 1212 eos
1730 1158 1920 1212 audire
1970 1171 2108 1225 prte-

505 1270 613 1315 stat
641 1276 653 1312 :
687 1258 791 1314 Sed
823 1259 942 1327 quia
968 1257 1140 1310 studia
1170 1264 1345 1308 nostra
1373 1263 1500 1320 tunc.
1524 1251 1766 1320 temporis
1807 1249 1990 1302 habere
2031 1250 2109 1317 ef-

506 1358 695 1425 fectum
726 1369 814 1424 per
841 1352 1088 1406 tumultus
1121 1348 1348 1418 publicos
1376 1349 1725 1416 nequiverunt,
1759 1345 1954 1396 oblatas
2001 1343 2108 1410 pie-

507 1451 601 1504 tati
616 1459 796 1504 vestra
815 1449 1084 1520 opinamur
1101 1460 1271 1513 preces
1289 1452 1507 1506 nostras,
1524 1440 1705 1511 quibus
1718 1441 1872 1509 juxta
1885 1437 2106 1504 partium

506 1543 725 1599 Pacruu
756 1553 1072 1596 recusemus
1102 1579 1116 1602 ,
1149 1547 1203 1590 ut
1241 1536 1403 1589 altero
1435 1532 1724 1595 decedente,
1753 1547 1904 1600 penes
1928 1545 2108 1599 super—

506 1637 674 1690 stitem
706 1633 954 1687 Ecclesia:
987 1636 1335 1699 permanerent
1388 1642 1479 1679 nec
1519 1623 1694 1695 aliqua
1733 1622 2103 1693 superordina-

2204 404 2266 457 iis
2301 405 2492 458 iterum
2534 401 2881 472 exprobrari,
2920 400 3063 470 quod
3103 399 3411 455 Orientales
3450 402 3805 472 negligercnt.

2204 497 2470 552 Videntur
2500 506 2680 551 tamen
2727 495 2780 549 in
2829 509 2925 564 spe
2971 495 3174 563 optima
3205 493 3464 565 justaque
3497 497 3652 566 positi
3683 511 3804 551 cum

2205 592 2531 653 scriberent,
2567 604 2654 644 res
2682 587 3055 644 Antiochenas
3079 586 3378 641 feliciorem
3409 588 3461 642 in
3496 588 3806 642 Alexandri-

2206 700 2276 738 no
2306 684 2398 738 illo
2428 684 2682 748 concilio,
2715 697 2873 736 sccus
2895 695 2956 735 ac
2979 681 3029 734 in
3053 680 3660 749 Constantinopolitano
3681 695 3808 734 con-

2206 780 2356 850 tigit,
2384 779 2586 832 exitum
2633 777 2932 832 habituras.
2968 775 3103 830 Hinc
3149 776 3332 840 aiunt,
3364 775 3418 827 id
3449 774 3772 828 obsecramus
3793 815 3807 841 ,

2207 884 2261 927 ut
2289 890 2406 927 cum
2434 875 2562 925 inter
2585 889 2636 924 se
2667 881 2795 925 coetu
2825 870 3053 940 pleniore
3075 869 3403 922 tractaverint
3431 909 3446 933 ,
3477 873 3631 923 etiam
3657 868 3812 922 auxi-

2207 967 2279 1020 lia
2310 966 2523 1019 decretis
2569 962 2977 1019 sacerdotalibus
3010 971 3188 1015 vestra:
3209 962 3410 1029 pietatis
3437 961 3668 1031 aspirent
3695 1002 3710 1026 ,
3766 969 3812 1015 et

2210 1061 2353 1113 nobis
2384 1059 2574 1136 deferri
2604 1059 2654 1110 in
2681 1056 2916 1110 notitiam
2939 1054 3211 1114 censeatis,
3234 1070 3298 1107 ne
3321 1053 3550 1106 titubanti
3575 1063 3813 1106 nutemus

2209 1157 2425 1226 affectu,
2456 1154 2546 1208 sed
2571 1153 2675 1206 la'ti
2699 1165 2851 1221 atque
2893 1151 3059 1204 securi
3083 1150 3261 1219 pietati
3283 1160 3462 1203 vestrce
3482 1150 3619 1218 apud
3643 1148 3810 1204 Deum

2211 1251 2603 1315 omnipotentem
2628 1247 2824 1320 gratias
2847 1261 3060 1317 agamus
3084 1285 3099 1310 ,
3129 1262 3228 1298 non
3251 1245 3418 1298 solum
3444 1244 3564 1316 quia
3604 1246 3812 1298 exclusa

2213 1342 2429 1412 perﬁdia
2457 1353 2530 1396 est
2557 1384 2571 1406 ,
2602 1341 2690 1394 sed
2728 1341 2851 1412 quia
2879 1341 3147 1392 catholicis
3175 1338 3304 1408 fides
3343 1349 3388 1392 et
3421 1339 3698 1392 concordia
3737 1347 3813 1390 est

2210 1439 2463 1489 restituta.
2496 1435 2620 1488 liil‘c
2653 1443 2832 1487 tamen
2861 1435 2938 1488 sic
2967 1432 3279 1502 accipienda
3311 1442 3438 1485 sunt
3460 1472 3475 1496 ,
3508 1431 3552 1485 si
3584 1429 3812 1484 Romani

2211 1529 2406 1584 deinde
2453 1529 2692 1598 episcopi
2751 1531 3049 1582 auctoritas
3107 1527 3414 1583 accederet.
3477 1526 3613 1581 Hinc
3672 1526 3812 1580 idem

2211 1624 2528 1677 Ambrosius
2561 1623 2610 1676 in
2645 1621 2742 1676 hic
2772 1621 3014 1676 Flaviani
3059 1636 3219 1675 eausa
3244 1619 3548 1688 'l‘lieOphilo
3580 1619 3814 1674 Alexan-

507 1727 578 1781 tio
603 1735 956 1780 attentaretur.
990 1721 1086 1775 llic
1111 1721 1275 1790 liquet
1296 1717 1478 1788 igitur,
1507 1718 1682 1784 primo
1707 1715 1821 1768 illas
1844 1711 2108 1766 Occidcu-
2137 1708 2182 1767 Β
2210 1714 2370 1770 drino
2390 1731 2511 1770 cuin
2541 1717 2652 1769 suis
2684 1716 2978 1784 episcopis,
2999 1730 3028 1768 a
3055 1713 3307 1783 Capuana
3341 1714 3578 1782 pleuaria
3605 1712 3814 1784 synodo

510 1822 694 1876 talium
720 1833 910 1890 preces
930 1815 1140 1870 oblatas
1170 1810 1487 1881 imperatori
1518 1809 1707 1871 fuisse,
1731 1805 1852 1877 quia
1884 1804 2107 1859 hostiles

509 1911 839 1982 irruptiones
869 1924 932 1964 ac
966 1905 1166 1976 publici
1196 1904 1460 1958 tumultus
1519 1901 1632 1954 vias
1665 1900 2103 1968 interceperant,

510 2022 578 2062 ne
600 2003 1144 2076 legatiinitterentur;
1172 1997 1409 2052 secundo
1431 2005 1712 2065 postquam
1739 1991 1929 2045 iisdem
1955 1990 2110 2043 inun-

509 2106 691 2154 tuerat
731 2094 1126 2149 Antiochenam
1162 2089 1292 2143 illud
1327 2098 1541 2157 pactum
1572 2127 1585 2150 ,
1625 2083 1768 2155 quod
1798 2081 1974 2136 medio
2000 2081 2107 2134 cir-

510 2192 648 2246 citer
687 2205 830 2243 anno
858 2187 962 2241 579
984 2181 1336 2255 jurejurando
1356 2181 1620 2233 lirmatutn
1641 2178 1690 2230 in
1717 2193 1776 2230 ea
1801 2173 2110 2229 urbefuisse

511 2283 769 2347 diximus,
805 2294 1027 2335 necesse
1050 2279 1125 2332 ita
1147 2291 1232 2344 lue
1253 2283 1364 2338 est,
1389 2283 1446 2327 ut
1475 2286 1663 2341 preces
1695 2271 1835 2340 ipsas
1857 2267 2109 2321 Theodo-

513 2375 595 2432 sio
623 2374 830 2430 oblatas
862 2371 1027 2425 fuisse
1061 2369 1304 2424 dicamus
1331 2382 1473 2419 anno
1496 2365 1682 2427 elapso
1707 2404 1721 2429 ,
1756 2362 1898 2415 bello
1929 2369 2107 2413 tamen

513 2467 745 2527 Gothico
797 2465 1033 2520 nondum
1089 2461 1336 2517 confecto
1374 2474 1459 2520 ac,
1509 2466 1564 2511 ut
1597 2456 1737 2520 dixi,
1770 2456 1889 2522 ejus
1918 2451 2112 2522 synodi

515 2560 773 2616 Romana:
800 2555 1044 2622 nomine,
1075 2554 1161 2609 cui
1189 2551 1420 2606 Aeacius
1453 2548 1652 2604 Meletii
1687 2547 1894 2615 legatus
1919 2543 2110 2597 adfuit.

518 2651 624 2710 Sed
671 2652 791 2706 cum
834 2649 1088 2716 deinceps
1137 2659 1310 2714 neque
1339 2642 1456 2711 ejus
1484 2639 1656 2710 pacti,
1702 2651 1876 2706 neque
1926 2650 2110 2688 carum

519 2761 737 2817 precum
807 2740 1114 2797 Theodosio
1186 2737 1488 2791 oblatarum
1556 2730 1822 2786 rationem
1878 2727 2112 2781 habitam

518 2835 688 2894 fuisse
715 2835 951 2904 aliquam
996 2827 1235 2902 episc0pi
1283 2825 1542 2897 Aquileiae
1572 2821 1883 2893 congregati
1918 2832 2117 2887 c0gno-

518 2932 747 2994 vissent,
767 2945 830 2984 ac
848 2928 936 2983 vix
957 2926 1256 2981 restitutam
1272 2919 1639 2984 concordiam,
1664 2927 1876 2987 ruptam
1900 2916 2115 2977 iterum,

526 3025 981 3092 dissociatamque
1000 3020 1052 3075 in
1078 3015 1680 3084 Constantinopolitano
1700 3011 1932 3084 synodo,
1960 3009 2118 3078 hujus

2211 1809 2459 1878 delegato
2484 1807 2649 1876 judici
2701 1807 2918 1869 scribit,
2962 1823 3085 1860 sane
3131 1805 3456 1874 referendum
3501 1805 3817 1858 arbitramur

2211 1905 2279 1957 ad
2308 1914 2538 1957 sanctum
2584 1905 2794 1972 fratrem
2823 1914 3055 1957 nostrum
3088 1902 3338 1957 Romana:
3363 1905 3674 1957 sacerdotem
3704 1901 3812 1954 Ec.

2213 1998 2398 2062 clesiw,
2433 1999 2676 2067 quoniam
2718 1997 3075 2066 prwsuntimns
3102 2013 3160 2049 ea
3200 2006 3247 2048 te
3262 1997 3620 2067 judicaturum
3642 2035 3656 2060 ,
3700 2010 3816 2064 quae

2212 2094 2361 2145 etiam
2389 2092 2466 2144 illi
2496 2091 2773 2160 displicere
2798 2100 3051 2160 nequeant
3077 2107 3093 2144 :
3117 2091 3187 2142 ita
3218 2091 3352 2143 enim
3383 2091 3476 2142 erit
3519 2089 3812 2142 consultant

2214 2187 2494 2248 sententiw,
2531 2186 2602 2236 ita
2631 2185 2803 2252 pacis,
2851 2197 2896 2238 et
2936 2185 3123 2253 quietis
3173 2184 3455 2248 securitas,
3488 2183 3533 2235 si
3567 2182 3622 2236 id
3653 2191 3812 2236 vestro

2214 2289 2472 2334 statuatur
2513 2279 2766 2344 consilio,
2829 2279 2968 2347 quod
3009 2279 3357 2332 communioni
3408 2287 3596 2332 nostra:
3623 2277 3814 2331 dissen-

2218 2371 2410 2424 sionem
2442 2387 2542 2424 non
2575 2371 2767 2441 afferat
2796 2370 2898 2442 (b).

2291 2465 2380 2520 ιν.
2421 2466 2659 2521 Severus
2687 2464 2956 2534 Sulpicius
2985 2464 3171 2520 scribit
3212 2463 3539 2519 Justantium
3565 2505 3580 2530 ,
3613 2462 3818 2518 Salvia-

2221 2573 2346 2612 ntun
2377 2599 2390 2623 ,
2445 2572 2508 2611 ac
2558 2555 2956 2612 Priscillianum
3011 2572 3041 2610 a
3081 2556 3564 2625 Ctesaraugustana
3609 2553 3818 2627 synodo

2220 2649 2504 2704 damnatos
2527 2690 2540 2711 ,
2573 2665 2635 2703 at:
2665 2649 2888 2703 Romam
2935 2647 3234 2718 profectos,
3277 2659 3337 2703 ut
3366 2648 3508 2718 apud
3539 2647 3820 2700 Damasum

2219 2745 2417 2813 objecta
2447 2752 2740 2812 purgarent,
2771 2759 2836 2796 ne
2867 2743 2917 2795 in
2945 2751 3294 2811 conspectuin
3333 2741 3548 2811 quidem
3581 2740 3700 2811 ejus
3729 2739 3824 2794 ad—

2220 2838 2414 2892 missos
2440 2853 2561 2892 esse
2592 2838 2700 2908 (c);
2731 2837 2874 2908 quod
2907 2837 3149 2905 profecto
3193 2851 3350 2890 nemo
3396 2845 3514 2900 est,
3559 2835 3649 2904 qui
3710 2850 3819 2887 non

2221 2928 2400 2983 videat
2423 2929 2513 2982 uni
2544 2940 2749 2982 tantum
2782 2927 3030 2983 relationi
3057 2927 3123 2981 ad
3152 2926 3502 2996 apostolicam
3546 2924 3733 2978 sedem
3758 2923 3825 2977 de

2224 3038 2374 3077 more
2403 3023 2470 3075 ab
2497 3037 2557 3076 ea
2587 3021 2796 3092 synodo
2829 3030 3037 3076 mature
3075 3021 3406 3074 transmissa:
3449 3017 3819 3072 tribuendum.

522 3118 750 3189 proinde
790 3116 1004 3171 decreta
1056 3111 1502 3183 parvifacientes,
1538 3108 1786 3193 petimus,
1817 3106 2008 3167 aiunt,
2036 3117 2114 3156 vos

2230 3114 2354 3169 Ηωο
2397 3115 2589 3168 eruditi
2629 3116 2726 3168 viri
2760 3114 2825 3168 ad
2859 3115 3000 3169 hunc
3047 3129 3248 3168 annum
3302 3112 3500 3167 merito
3540 3113 3820 3176 referunt;

523 3208 904 3266 clementissimi
939 3217 986 3260 et
1029 3204 1298 3259 christiani
1320 3201 1577 3274 principes
1603 3241 1618 3264 ,
1644 3207 1762 3251 utet
1790 3195 2118 3251 Alexandria:

521 3304 891 3361 catholicorum
930 3300 1158 3354 omnium
1186 3297 1510 3352 sacerdotum
1541 3294 1816 3347 concilium
1853 3292 1964 3360 ﬁeri
1997 3307 2116 3344 cett-

524 3398 678 3452 seatis
698 3437 714 3462 ,
745 3396 833 3466 qui
885 3395 1017 3446 inter
1062 3407 1116 3446 se
1168 3389 1366 3460 plenius
1397 3395 1633 3453 tractent,
1661 3397 1815 3454 atque
1843 3382 2116 3452 deﬁniant,

524 3489 708 3559 quibus
754 3483 1096 3559 impertienda
1141 3480 1470 3544 communio,
1519 3478 1698 3548 quibus
1729 3475 1980 3530 servanda
2029 3473 2116 3527 sit.

524 3587 791 3643 Caeterum
857 3582 1232 3654 Aquileienses
1277 3579 1467 3632 Patres
1521 3590 1628 3628 non
1672 3574 1725 3626 iu
1783 3586 1904 3626 eum
1959 3569 2118 3621 tinent

524 3676 800 3738 Orientale
827 3677 1126 3749 plenarium
1149 3673 1435 3730 concilium
1461 3667 1802 3726 Alexandriae
1825 3662 2121 3720 convocari

525 3779 739 3845 petunt,
773 3779 832 3824 ut
853 3771 974 3838 ejus
1006 3767 1105 3838 ipsi
1132 3764 1502 3821 deﬁnitionem
1527 3763 1580 3816 in
1609 3778 1669 3815 ea
1695 3773 1853 3813 causa
1885 3771 2119 3826 sequan-

526 3875 634 3921 tur.
661 3863 792 3918 Nam
817 3861 960 3931 quod
988 3859 1054 3914 ad
1079 3874 1136 3914 se
1157 3860 1347 3912 attinet
1370 3863 1556 3924 aperte
1582 3859 1851 3913 asserunt,
1874 3863 2124 3918 perinan-

525 3971 684 4012 suros
718 3969 778 4010 se
830 3955 883 4006 in
913 3951 1293 4006 communione
1341 3945 1613 4002 Timothei
1659 3953 1713 3998 ct
1746 3941 2123 3999 Alexandrinae

527 4047 786 4105 Ecclesirc
808 4087 823 4112 ,
856 4059 1031 4114 neque
1077 4059 1110 4098 a
1157 4052 1311 4112 pacto
1337 4065 1368 4105 ,ν
1404 4039 1545 4110 quod
1577 4036 1875 4091 Antiochia:
1918 4035 2124 4106 jureju-

528 4139 699 4196 rando
725 4137 938 4207 adjecto
967 4135 1159 4190 initum
1201 4131 1398 4198 fuerat,
1428 4146 1549 4187 sese
1575 4145 1790 4200 quoquo
1820 4128 1979 4182 modo
2008 4127 2122 4182 dis-

529 4247 804 4297 cessuros,
857 4242 1016 4301 atque
1047 4229 1169 4285 ideo
1196 4228 1476 4282 Paulinum
1509 4239 1608 4296 pro
1634 4223 1977 4280 Autiocheno
2007 4223 2122 4291 epi-

528 4341 694 4398 sc0po
721 4333 977 4397 perpetuo
1016 4323 1292 4379 habituros
1316 4337 1331 4386 ;
1367 4321 1416 4375 iu
1445 4335 1552 4390 quo
1594 4317 1744 4374 vides
1769 4359 1783 4382 ,
1812 4317 1940 4388 quid
1966 4315 2123 4372 Occi-

530 4418 774 4478 dentales
803 4421 902 4492 ipsi
935 4418 1002 4474 de
1047 4416 1266 4489 propria
1312 4415 1573 4485 dignitate
1627 4429 1690 4468 ac
1719 4412 1955 4481 suffragii
1982 4426 2124 4482 prae-

2219 3206 2697 3278 CvesarauguStana
2764 3209 2908 3262 enim
2962 3207 3204 3280 synodus
3272 3206 3455 3261 habita
3535 3206 3633 3259 fuit
3683 3219 3824 3258 anno

2221 3301 2407 3370 elapso
2433 3303 2577 3355 circa
2603 3301 2980 3369 Septembrem
3026 3316 3291 3355 mensem.
3322 3298 3692 3354 Priscillianus
3720 3312 3822 3349 au-

2224 3400 2329 3447 tem
2383 3407 2558 3461 neque
2609 3395 2789 3445 statim
2824 3391 2992 3444 movit
3039 3391 3108 3446 ab
3159 3389 3452 3460 Hispaniis,
3505 3404 3675 3459 neque
3721 3387 3828 3441 iter

2221 3484 2415 3540 deinde
2465 3497 2699 3551 emptum
2736 3493 3054 3554 prosecutus
3105 3494 3186 3537 est
3217 3482 3524 3551 diligenter,
3561 3483 3654 3535 sed
3689 3480 3826 3535 sub-

2222 3581 2358 3633 stitit
2388 3579 2438 3631 in
2486 3578 2795 3648 Aquitania,
2822 3578 3142 3648 Spargendis
3169 3577 3410 3647 perfidiae
3434 3574 3732 3630 seminibus
3763 3589 3829 3629 ac

2223 3672 2644 3740 corrumpendis
2682 3670 2927 3725 moribus
2953 3682 3264 3741 occupatus.
3319 3670 3529 3724 Damasi
3571 3670 3826 3741 pietatem

2223 3781 2285 3820 ac
2317 3765 2630 3833 religionem
2683 3764 2904 3819 laudant
2951 3764 3052 3819 hoc
3097 3765 3219 3820 loco
3267 3763 3357 3834 qui
3413 3764 3656 3832 sapiunt,
3707 3761 3829 3814 ani-

2225 3870 2478 3925 nmmque
2520 3867 2714 3925 gerunt
2746 3855 3078 3926 prtejudiciis
3102 3871 3327 3909 vacuum
3360 3873 3374 3907 ι
3401 3864 3456 3908 at
3483 3857 3570 3922 qui
3602 3852 3684 3907 vel
3716 3851 3832 3906 hec-

2225 3949 2329 4002 resi
2363 3946 2715 4016 patrocinium
2747 3956 3014 4017 quierunt,
3061 3947 3148 4001 vel
3193 3946 3319 4001 odio
3350 3947 3402 4000 in
3453 3958 3826 4000 transversum

2225 4049 2475 4110 aguntur,
2525 4041 2851 4107 Quesnellus
2884 4055 3101 4110 nempe,
3135 4055 3198 4094 ac
3230 4039 3490 4108 aninius
3522 4037 3605 4110 (ὀ)
3635 4036 3735 4090 hoc
3759 4036 3830 4089 ab

2225 4133 2418 4190 eodem
2470 4134 2666 4188 factum
2715 4142 2965 4189 asserunt
3014 4143 3158 4188 metu
3203 4131 3826 4195 excommunicationis,

2225 4243 2330 4299 qua
2359 4227 2546 4282 eadem
2588 4227 2831 4298 synodus
2858 4242 2954 4282 eos
2989 4227 3383 4290 obstrinxerat,
3415 4225 3505 4291 qui
3547 4225 3832 4278 damnatos

2226 4319 2346 4374 illos
2388 4319 2676 4375 haereticos
2705 4320 2756 4374 in
2807 4320 3246 4374 communionem
3279 4317 3603 4387 reciperent.
3645 4316 3832 4384 Apage

2228 4413 2418 4468 deliria
2455 4432 2468 4468 :
2500 4429 2566 4468 au
2610 4429 2740 4470 vero
2783 4413 2891 4469 duo
2919 4415 2992 4469 illi
3027 4415 3268 4484 episcopi
3299 4422 3446 4468 recto
3487 4411 3680 4466 itinere
3721 4410 3829 4464 Ro-

529 4513 770 4585 rogativa
814 4490 1096 4567 sentirent.
1147 4509 1254 4564 Cur
1304 4508 1482 4578 itaque
1510 4505 1796 4560 concilium
1827 4502 1960 4558 illud
1993 4490 2200 4557 con-D
2227 4523 2365 4562 mam
2399 4524 2458 4562 se
2500 4509 2860 4563 contulissem
2897 4523 2963 4563 ρο
3012 4507 3268 4572 consilio,
3321 4515 3381 4560 ut
3428 4504 3640 4574 objecta
3686 4504 3832 4573 apud

529 4608 712 4663 vocari
761 4605 994 4678 petunt?
1022 4603 1180 4658 Ratio
1229 4602 1282 4656 in
1317 4602 1506 4654 iisdem
1565 4600 1756 4653 litteris
1781 4639 1796 4661 ,
1829 4606 1988 4667 atque
2040 4595 2122 4648 liis

530 4698 712 4753 verbis
732 4695 1074 4767 exprimitur,
1091 4711 1154 4748 ne
1175 4703 1264 4746 aut
1285 4692 1444 4760 aliqui
1464 4691 1732 4743 videantur
1757 4705 1866 4741 esse
1910 4689 2122 4758 post/ia-

533 4787 645 4855 biti,
673 4788 754 4858 qui
782 4798 830 4841 et
851 4797 1021 4857 pacto,
1044 4787 1196 4853 Quen
1217 4798 1387 4838 suae
1412 4797 1676 4847 VOLUIIUS,
1719 4780 2128 4834 communionem

534 4889 764 4935 nostram
788 4887 1060 4950 rogarunt,
1083 4887 1170 4931 aut
1194 4877 1349 4930 ullius
1378 4875 1518 4947 pacis
1549 4885 1593 4928 et
1622 4875 1874 4929 societatis
1900 4874 2130 4945 neglecta

535 4971 860 5042 compendia.
886 4969 1085 5038 Duplex
1103 4970 1263 5038 igitur
1280 4967 1438 5037 hujus
1459 4967 1671 5021 concilii
1699 4966 1910 5035 petendi
1931 4981 2123 5023 eausa:

536 5066 728 5130 altera,
763 5071 823 5118 ut
847 5077 913 5118 eo
936 5070 1092 5132 pacto
1121 5076 1329 5126 eorum,
1364 5061 1456 5131 qui
1487 5059 1552 5114 ad
1588 5059 1871 5114 Paulinum
1902 5071 1955 5115 et
1976 5059 2131 5114 Occi-

537 5157 833 5217 dentalittm
861 5154 1294 5210 communionem
1345 5161 1592 5206 recenter
1631 5160 1976 5206 accesserant
2003 5192 2018 5216 ,
2048 5166 2134 5204 ra-

538 5253 740 5310 tionem
783 5249 1036 5304 habuisse
1071 5243 1417 5300 viderentur:
1445 5241 1627 5311 plures
1643 5248 1785 5294 enim
1811 5243 1902 5310 qui
1934 5242 2133 5297 Meletii

540 5355 722 5417 partes
745 5345 914 5399 secuti
932 5340 1164 5404 fuerant,
1183 5339 1252 5392 ab
1275 5336 1534 5392 Flaviano
1552 5334 1619 5390 ob
1641 5335 1894 5389 violatum
1920 5348 2128 5404 pactum

541 5434 736 5490 deinde
783 5441 1119 5490 recesserant
1157 5428 1236 5502 (a)
1281 5446 1293 5480 :
1325 5430 1492 5483 altera
1513 5469 1526 5493 ,
1558 5442 1624 5482 ne
1672 5426 1725 5480 in
1757 5426 2131 5484 Occidentales

643 5575 698 5641 a)
733 5573 946 5628 Sozom.
970 5571 1065 5626 lib.
1108 5585 1214 5636 vu,
1241 5583 1362 5640 cap.
1389 5568 1478 5624 li.

643 5575 698 5641 a)
733 5574 946 5628 Sozom.
970 5574 1065 5626 lib.
1108 5585 1214 5636 vu,
1241 5584 1294 5623 ea

646 5646 673 5697 ὁ
753 5644 926 5709 Apud.
955 5642 1060 5694 BB.
1084 5657 1172 5712 ep.
1204 5641 1294 5695 56.

615 5574 698 5788 ξος
747 5713 886 5768 Hist.
917 5712 1010 5766 lib.
1043 5727 1111 5780 tt,
1145 5729 1201 5766 n.
1231 5711 1294 5766 25

650 5708 698 5783 c)
747 5708 886 5768 Hist.
917 5712 1010 5766 lib.
1043 5708 1201 5780 tt,’n.
1231 5711 1370 5779 250,
1396 5710 1560 5783 Oper.
1596 5708 1789 5780 Sigon.
1827 5719 1957 5766 tom.
1987 5708 2076 5763 IV.

2230 4604 2514 4658 Damasum
2553 4613 2870 4674 purgarent,
2903 4603 2948 4658 si
2987 4617 3094 4657 non
3125 4603 3352 4656 fuissent
3394 4600 3616 4655 omnino
3661 4598 3830 4663 certi,

2230 4695 2332 4750 ltoc
2355 4695 2653 4748 Romanum
2690 4694 3000 4765 pontilicem
3039 4693 3163 4764 jure
3207 4693 3303 4757 ttti,
3354 4701 3411 4746 ut
3449 4706 3738 4761 supremus
3759 4689 3837 4745 sit

2230 4788 2468 4841 omnium
2501 4787 2664 4856 judex
2694 4788 2746 4842 in
2772 4787 2895 4842 lidei
2925 4786 3152 4842 causis?
3183 4788 3264 4840 An
3289 4799 3416 4841 vero
3447 4785 3639 4840 Hosius
3658 4781 3838 4838 Νίκω-

2233 4894 2424 4934 norum
2466 4895 2527 4933 ac
2555 4881 2952 4935 Sardicensium
2993 4894 3260 4934 canonum
3287 4887 3476 4934 auctor
3505 4877 3834 4948 praecipuus,

2235 4985 2297 5024 ac
2322 4979 2617 5040 promotor,
2670 4971 2934 5041 Hispanos
2965 4985 3095 5025 suos
3125 4973 3376 5042 ignorare
3405 4984 3593 5038 passus
3633 4971 3835 5035 fuerat,
3905 4984 3914 4989 '

2235 5059 2373 5114 hanc
2420 5061 2486 5114 iis
2542 5061 2594 5113 in
2636 5061 2883 5116 conciliis
2932 5060 3305 5116 confirmatam
3355 5059 3522 5134 divini
3572 5059 3841 5130 primatus

2236 5153 2691 5223 pricrogativam?
2718 5152 2774 5208 ld
2814 5168 2915 5224 ego
2958 5151 3092 5206 mihi
3123 5151 3435 5222 persuaderi
3478 5166 3588 5207 non
3639 5151 3836 5221 patiar.

2235 5245 2502 5300 Caeterum
2546 5257 2600 5299 ut
2634 5260 2738 5300 non
2767 5261 2831 5300 ex
2863 5245 3192 5316 conjecturis
3241 5256 3467 5310 tantum,
3513 5243 3607 5299 sed
3635 5259 3700 5298 ex
3731 5242 3798 5297 iis
3821 5284 3838 5311 ,

2235 5360 2354 5414 quin
2375 5343 2550 5398 adhuc
2571 5355 2861 5414 supersunt
2877 5344 3239 5399 monumentis
3259 5357 3578 5414 cognoscas,
3605 5341 3843 5410 benigne

2234 5435 2429 5504 lector,
2453 5452 2574 5508 qua:
2601 5436 2764 5492 fuerit
2785 5453 2909 5506 erga
2933 5437 3285 5493 Sardicenses
3314 5449 3551 5491 canones
3584 5433 3843 5504 lliSpatla'.

2314 5573 2393 5647 (τι)
2446 5575 2648 5641 Quesn.
2688 5574 2907 5647 dissert.
2940 5573 3004 5640 5,
3049 5573 3282 5646 capJG;
3331 5573 3526 5643 Dupin.
3599 5571 3733 5628 diss.
3763 5571 3840 5641 2,

2241 5646 2444 5717 capi,
2475 5647 2502 5717 §
2528 5647 2562 5700 2
2585 5687 2598 5711 ,
2631 5661 2750 5718 pag.
2784 5646 2906 5702 161.
