4138 6178
446 214 555 271 255

1620 204 1931 262 SANCTUS
1960 175 2283 261 DAMASUS
2322 203 2529 259 rapa.

3650 210 3759 268 εδδ

442 333 666 407 prtebere
697 329 1207 399 consensumzquesti
1230 328 1381 381 etiam
1439 326 1637 393 publice
1678 324 2047 393 privatimque,
2078 329 2133 389 Α
2155 334 2272 388 est,
2303 332 2361 379 ut
2390 324 2675 381 concilium
2720 324 2907 379 Romae
2951 323 3128 394 potius
3150 366 3163 389 ,
3198 335 3359 393 quam
3406 322 3753 382 Alexandria;

442 444 498 484 se
527 442 627 480 non
649 432 982 480 conventuros
1006 422 1059 473 in
1080 421 1297 481 curiam,
1328 418 1372 471 si
1406 417 1504 470 tale
1524 416 1722 485 aliquid
1744 415 2045 470 decernere-

444 528 675 574 tur......
726 514 877 569 Hunc
916 511 1144 567 libellum
1199 525 1290 581 ego
1336 508 1487 580 fratri
1536 507 1829 562 Clementia:
1872 518 2050 560 vestra:

451 611 635 666 direxi.

520 701 583 757 11.
608 701 681 755 De
707 696 914 771 synodo
940 696 1140 767 itaque,
1172 710 1291 765 quae
1312 693 1417 750 hoc
1437 709 1578 750 anno
1606 692 1792 749 Romae
1821 708 2045 764 congre-

443 802 565 866 gata
595 802 706 856 est,
742 804 883 844 nunc
911 787 1105 860 agendi
1141 789 1308 843 locus.
1343 786 1613 855 Quaeritur
1651 792 1831 841 autem
1874 786 2050 856 primo

446 886 569 943 loco
610 883 731 955 quis
772 898 893 939 eam
942 880 1323 936 convocaverit
1347 922 1361 946 ,
1388 895 1450 933 ac
1477 894 1637 949 quam
1681 879 1749 933 ob
1787 892 2045 932 causam:

442 988 559 1035 tum
604 978 799 1033 deinde
831 990 936 1045 quo
985 983 1227 1043 tempore
1253 983 1571 1035 convocata,
1600 985 1663 1026 ac
1699 969 1861 1025 etiam
1902 968 2049 1026 celeo

444 1070 625 1135 brata,
658 1068 853 1139 quidve
879 1076 1057 1121 actum
1081 1106 1094 1130 ,
1121 1062 1513 1133 deﬁnitumque
1540 1062 1592 1116 in
1620 1078 1682 1116 ea
1710 1060 1889 1116 fuerit.

518 1160 895 1217 Theodoretus
948 1158 1093 1213 illam
1151 1173 1180 1209 a
1232 1157 1463 1210 Damaso
1517 1164 1867 1209 convocatam
1916 1152 2052 1208 scri-

444 1253 614 1324 bit(a)
650 1252 733 1306 his
758 1250 937 1306 verbis
964 1268 975 1304 :
1008 1247 1251 1315 Sequenti
1281 1262 1397 1300 vero
1419 1254 1615 1310 testate,
1641 1244 1707 1299 ab
1729 1260 1791 1300 ea
1812 1244 2048 1310 scilicet,

441 1364 547 1419 qua
590 1343 1244 1414 ConstantinOpolitannm
1276 1340 1530 1412 generale
1582 1338 1870 1393 concilium
1914 1352 2047 1392 con-

444 1438 645 1496 fectum
674 1448 777 1505 est,
806 1454 921 1493 cum
965 1436 1197 1506 plerique
1228 1449 1403 1488 eorum
1429 1433 1808 1501 episcoiiorum
1832 1471 1846 1495 ,
1877 1431 1967 1501 qui
2000 1431 2048 1485 ei

443 1537 761 1598 adfuerant,
813 1533 880 1587 ad
925 1534 1155 1587 eamdem
1201 1530 1375 1584 urbem
1414 1530 1694 1591 venissent,
1722 1540 2052 1581 OCCIDBN’I'A-

444 1643 574 1683 qu
632 1628 986 1697 episcoporum
1035 1622 1305 1696 epistolam
1354 1627 1692 1689 acceperunt,
1747 1632 1860 1685 qua:
1910 1616 2049 1685 ipsos

2154 418 2503 486 indiceretur,
2537 420 2787 490 misitque
2819 421 2871 474 in
2899 435 3022 474 eum
3051 418 3211 473 linem
3243 420 3583 476 evocatorias
3612 422 3750 477 litte-

2151 526 2261 578 ras,
2282 528 2401 582 quae
2416 512 2560 578 ideo,
2579 522 2753 567 testate
2765 513 2876 585 jam
2894 510 3054 582 facta,
3071 510 3341 580 episcopis
3358 511 3464 565 illis
3486 510 3752 569 Constan-

2154 602 2436 673 tin0polim
2458 602 2609 673 juxta
2638 603 2847 658 litteras
2877 601 3240 673 Aquileiensis
3267 602 3484 657 concilii
3515 618 3544 655 a
3574 603 3750 660 Theo-

2152 693 2308 750 do$io
2332 695 2676 761 convocatis,
2709 696 3120 750 communicatae
3169 702 3314 748 sunt.
3353 692 3653 766 Utramque
3681 696 3751 750 si-

2153 787 2368 861 quidem
2396 788 2532 843 hanc
2573 788 2883 859 cpismlam,
2926 802 2956 842 a
2997 787 3233 841 Damaso
3277 786 3467 856 aliam,
3500 788 3661 843 aliam
3690 788 3757 844 ab

2154 880 2589 950 Aquileiensibus
2639 879 2887 934 Patribus
2914 920 2928 945 ,
2973 878 3281 933 Orientales
3319 888 3756 934 commemorant

2153 983 2341 1046 aperte
2395 990 2458 1027 ac
2504 972 2885 1043 distinguunt;
2931 987 2994 1027 ac
3048 970 3191 1041 quod
3237 971 3300 1024 ad
3349 971 3755 1042 Aquileiensem

2154 1066 2375 1133 attinet,
2403 1065 2468 1120 ad
2504 1067 2702 1136 regiam
2734 1065 2923 1120 urbem
2952 1079 3011 1119 se
3043 1064 3257 1119 venisse
3292 1064 3441 1118 aiunt
3469 1064 3755 1120 secundum

2155 1160 2352 1214 litteras
2399 1175 2533 1213 anno
2575 1159 2831 1229 superiori
2877 1167 2991 1230 post
3024 1157 3346 1228 Aquileiense
3385 1159 3655 1212 concilium
3682 1159 3755 1212 ad

2154 1252 2518 1321 imperatorem
2546 1246 2897 1305 Theodosium
2924 1251 3130 1316 missas;
3150 1266 3270 1305 ctttn
3301 1265 3434 1305 vero
3454 1249 3523 1305 de
3548 1252 3751 1306 recenti

2154 1358 2185 1397 a
2206 1342 2437 1399 Damaso
2465 1342 2663 1412 scripta
2677 1351 2865 1413 agunt,
2897 1343 3267 1412 inexspectato
3290 1342 3501 1408 nuntio,
3530 1344 3754 1412 sequasi

2156 1437 2524 1506 deprehensos
2550 1435 2768 1505 dolent,
2802 1451 2865 1492 ac
2894 1436 3140 1490 Romano
3164 1434 3238 1489 illi
3271 1433 3453 1489 itineri
3481 1449 3541 1490 se
3576 1435 3752 1506 impa-

2155 1537 2307 1584 ratos
2337 1538 2609 1583 asserunt.
2642 1528 2913 1582 Caeterum
2950 1526 3177 1582 Romam
3221 1526 3381 1596 hujus
3426 1526 3642 1581 concilii
3676 1530 3757 1583 in-

2155 1620 2322 1677 dictio
2354 1622 2629 1677 minimea
2660 1621 2891 1676 Damaso
2933 1621 3071 1676 facta
3112 1631 3197 1677 est
3237 1621 3574 1690 inexplorata
3618 1622 3757 1678 Gra-

446 1720 766 1785 hortabatur,
795 1730 849 1773 ut
882 1716 1100 1771 Romam
1140 1713 1208 1769 ad
1243 1715 1519 1768 maximam
1544 1710 1819 1783 synodum,
1843 1723 1958 1779 qua!
1981 1708 2049 1762 il-
2079 1724 2125 1782 Β
2155 1712 2285 1768 tiani
2317 1714 2659 1783 imperatoris
2687 1714 2983 1779 sententia,
3014 1729 3172 1784 quem
3207 1712 3328 1767 ideo
3354 1728 3479 1767 suas
3509 1713 3753 1783 ejusdem

443 1817 529 1871 luc
561 1815 839 1885 parabatur
860 1856 873 1879 ,
902 1830 956 1879 se
992 1811 1306 1881 conferrent.
1324 1810 1490 1864 Nemo
1518 1808 1661 1864 enim
1679 1809 1873 1870 nescit,
1896 1804 2053 1860 Occi-

444 1908 740 1963 dentalium
775 1903 1039 1960 vocabulo
1080 1904 1382 1958 Romanum
1427 1902 1746 1971 episcopum
1788 1897 2052 1968 imprimis

442 2001 691 2071 intelligi,
742 2015 929 2056 eorum
982 1998 1187 2052 scilicet
1239 1996 1607 2066 coryphaeum.
1660 1992 1797 2047 Hinc
1846 1991 2052 2046 litteras

441 2094 829 2164 Lampsacenae
857 2090 1069 2162 synodi,
1095 2104 1419 2159 quamquam
1465 2086 1672 2140 Liberio
1704 2095 1748 2139 et
1798 2083 2052 2139 Occiden-

445 2190 631 2244 talibus
655 2187 960 2254 inscriptas,
996 2183 1086 2236 uni
1116 2180 1332 2235 Liberio
1360 2179 1584 2234 traditas
1636 2194 1703 2233 ex
1734 2179 1959 2232 Socrate
1997 2184 2052 2230 et

443 2279 749 2336 Sozomeno
775 2276 975 2331 scimus
1008 2271 1107 2345 (b).
1144 2273 1276 2326 llinc
1304 2285 1519 2341 quoque
1552 2268 1914 2339 Hieronymus
1937 2266 2046 2333 ait,

444 2372 764 2427 ereticum
819 2385 897 2423 me
939 2382 1053 2421 cum
1108 2364 1402 2427 Occidente,
1456 2361 1751 2415 haereticum
1802 2375 1884 2413 me
1936 2375 2051 2412 cum

446 2463 706 2537 Egyplo,
723 2463 817 2515 hoc
838 2470 910 2514 est
927 2474 1040 2513 cum
1062 2455 1306 2519 Damaso,
1330 2452 1582 2523 Petroque
1602 2450 2048 2520 condemnent(c).

446 2560 648 2617 Errant
693 2556 855 2626 igitur
880 2594 893 2618 ,
927 2561 983 2606 ut
1012 2551 1187 2606 obiter
1220 2549 1395 2603 dicam
1416 2587 1430 2611 ,
1462 2546 1550 2615 qui
1591 2545 1693 2598 hoc
1722 2540 2053 2598 Theodoreti

444 2653 569 2711 loco
592 2695 606 2719 ,
649 2647 1053 2705 Occidentalium
1091 2658 1227 2698 voce
1254 2685 1268 2707 ,
1296 2640 1467 2695 Italici
1516 2637 1795 2709 cujusdam
1834 2634 2052 2691 concilii

445 2749 729 2819 episcopos
768 2743 1080 2812 designatos
1126 2744 1351 2807 putant,
1376 2750 1607 2805 quorum
1637 2730 1922 2801 epistolam
1955 2744 2053 2784 ex-

443 2850 589 2897 stare
620 2840 772 2892 aiunt
808 2850 836 2888 a
860 2829 1148 2890 Sirmondo
1171 2829 1439 2898 vulgatam
1473 2827 1576 2896 (tl).
1610 2824 1761 2878 Hanc
1791 2823 1935 2878 enim
1968 2822 2054 2876 in-

444 2931 889 3002 terpretationem
909 2967 922 2990 ,
953 2939 1013 2978 ac
1056 2922 1442 2977 divinationem
1468 2960 1481 2982 ,
1512 2934 1577 2973 ne
1608 2918 1716 2971 alio
1757 2916 1879 2971 loco
1907 2915 2050 2970 dicta

444 3037 722 3093 repetam,
769 3027 967 3091 praeter
1020 3015 1426 3072 Theodoretum
1455 3054 1469 3078 ,
1501 3013 1838 3067 Sozomenus
1887 3010 2049 3065 etiam

2159 1805 2367 1860 Damasi
2400 1806 2594 1860 litteris
2615 1805 2929 1876 adjunxisse
2951 1822 3015 1863 ex
3042 1807 3346 1862 Sozomeno
3368 1807 3565 1876 liquet:
3592 1818 3757 1878 atque

2154 1899 2270 1954 haec
2300 1910 2384 1954 est
2414 1900 2553 1955 ratio
2578 1915 2676 1955 cur
2720 1901 3079 1972 Hieronymus
3113 1900 3345 1955 Orientis
3390 1910 3436 1954 et
3494 1900 3753 1955 Occiden-

2153 1993 2216 2046 tis
2245 1994 2506 2065 episcOpos
2548 1994 2902 2065 imperialibus
2940 1994 3125 2050 litteris
3167 1993 3397 2049 Romam
3442 2004 3755 2051 contractos

2153 2088 2433 2157 scripserit
2457 2087 2550 2160 (e),
2578 2099 2631 2143 et
2660 2102 2766 2144 cur
2791 2099 3051 2158 praeterea
3070 2088 3377 2146 Orientales
3406 2090 3507 2159 ipsi
3539 2090 3757 2161 piissimi

2153 2180 2481 2251 imperatoris
2538 2179 2811 2236 Theodosii
2870 2182 3056 2237 litteris
3104 2181 3173 2236 ad
3230 2181 3532 2238 Romanum
3583 2181 3758 2237 conci-

2130 2270 2285 2326 lium
2337 2287 2396 2328 se
2442 2284 2696 2329 evocatos
2750 2275 2960 2340 dicant;
3010 2274 3276 2346 siquidem
3328 2275 3485 2329 unius
3528 2276 3756 2346 impera-

2153 2368 2288 2419 toris
2318 2365 2540 2432 litterac,
2573 2365 2797 2422 alterius
2818 2369 2981 2423 etiam
3015 2384 3211 2423 nomen
3253 2384 3365 2439 prae
3406 2384 3466 2424 se
3494 2368 3637 2424 ferre
3662 2367 3756 2425 de-

2155 2457 2406 2514 buerant.

2229 2550 2316 2604 ΙΙΙ.
2346 2551 2498 2616 Quod
2522 2550 2586 2605 ad
2611 2566 2825 2607 causam
2866 2553 3092 2624 cogendi
3117 2551 3236 2623 ejus
3262 2552 3477 2609 concilii
3518 2565 3753 2625 spectat,
3818 2596 3821 2600 -

2156 2640 2295 2696 hanc
2334 2646 2671 2712 potissimam
2726 2644 2895 2700 fuisse
2935 2644 3273 2700 Sozomenus
3316 2661 3414 2700 nos
3452 2646 3537 2701 bis
3578 2647 3756 2703 verbis

2157 2733 2347 2790 docet:
2380 2734 2617 2792 Meletius
2662 2738 2984 2807 sepulturam
3004 2750 3078 2795 est
3101 2750 3401 2796 consecutus
3426 2782 3442 2807 ,
3469 2739 3755 2795 Flavianus

2155 2842 2275 2883 vero
2296 2832 2405 2901 ejus
2427 2829 2541 2884 loco
2561 2830 2835 2886 ordinatus
2856 2842 3035 2886 contra
3054 2834 3407 2906 jurisjurandi
3431 2833 3587 2901 ﬁdem
3608 2851 3625 2887 :
3650 2850 3758 2904 qua

2157 2935 2220 2974 ea:
2240 2937 2294 2975 re
2314 2922 2489 2992 ingens
2509 2922 2824 2993 perturbatio
2845 2923 3236 2980 Antiochensem
3264 2924 3546 2981 Ecclesium
3568 2925 3757 2980 iterum

2158 3017 2461 3085 occupavit:
2489 3027 2535 3071 et
2567 3018 2779 3087 plurimi
2822 3036 2875 3073 se
2910 3035 2942 3072 a
2983 3020 3337 3075 communione
3388 3016 3638 3073 Flaviani
3678 3036 3760 3074 se-

448 3114 736 3173 manifeste
766 3112 962 3167 refellit
985 3152 998 3174 ,
1026 3110 1271 3178 inquiens
1299 3106 1587 3159 Romanum
1617 3104 1911 3176 episcopum
1940 3143 1955 3169 ν
1986 3119 2047 3155 ac
2072 3104 2117 3166 C
2143 3111 2450 3181 junxerunt,
2470 3128 2528 3163 ac
2550 3113 2763 3165 seorsim
2779 3114 2873 3166 sub
2892 3110 3113 3165 Paulino
3136 3111 3379 3166 collectas
3393 3110 3757 3166 celebrabant:

444 3210 671 3279 reliquos
695 3202 1110 3261 Occidentalium
1140 3201 1363 3272 partium
1394 3199 1678 3252 sacerdotes
1717 3196 1777 3250 ob
1812 3195 2051 3249 Flaviani

449 3302 823 3356 ordinationem
855 3315 957 3351 non
990 3294 1311 3350 mediocriter
1331 3292 1627 3361 indignatos
1657 3291 1725 3343 ad
1764 3288 2051 3344 Orientales

448 3395 736 3463 scripsisse,
768 3399 825 3445 ut
846 3405 940 3445 eos
968 3389 1021 3443 in
1052 3386 1378 3441 Occidentem
1402 3392 1757 3438 convocarent.

521 3486 656 3542 Cum
679 3496 855 3541 autem
881 3481 1185 3538 Orientales
1211 3479 1439 3533 Romani
1469 3476 1737 3547 pontiﬁcis
1764 3474 2050 3544 epistolam

449 3581 726 3649 accepisse
762 3593 822 3634 se
859 3577 1063 3641 dicant,
1098 3582 1273 3629 testate
1302 3575 1417 3644 jam
1457 3576 1613 3641 facta,
1658 3585 1719 3625 ac
1771 3578 2052 3639 postquam

448 3673 599 3745 juxta
641 3674 847 3727 litteras
914 3668 1277 3740 Aquileiensis
1304 3662 1522 3719 concilii
1585 3677 1726 3717 anno
1784 3660 2052 3732 superiori

449 3768 697 3836 scriptas,
724 3780 753 3819 a
780 3762 1086 3822 Theodosio
1129 3759 1285 3816 acciti
1324 3754 1849 3825 Constantinopolim
1891 3768 2054 3809 vene-

444 3869 613 3925 rant,
663 3871 830 3927 seque
885 3855 973 3907 vix
1030 3867 1136 3907 non
1191 3848 1559 3918 deprehensos
1616 3855 1740 3898 tunc
1783 3844 2048 3912 doleant,

450 3953 647 4008 merito
667 3949 895 4017 colligas
922 3946 1119 4015 primo,
1140 3942 1242 3995 hoc
1264 3940 1553 3994 concilium
1606 3937 1772 3991 fuisse
1807 3935 2055 3991 conlecto

449 4044 558 4115 jam
578 4039 907 4111 Aquileiensi
951 4043 1325 4096 convocatum.
1348 4031 1546 4086 deinde
1568 4029 1875 4086 tractoriam
1905 4030 2052 4085 illam

451 4133 671 4191 Damasi
702 4130 986 4202 epismlam
1016 4128 1203 4197 primis
1229 4125 1390 4196 hujus
1417 4125 1540 4179 anni
1573 4123 1849 4179 mensibus
1880 4134 2055 4177 trans-

448 4228 705 4290 missam;
730 4236 891 4295 atque
923 4221 1063 4275 hanc
1088 4235 1234 4285 esse,
1251 4218 1305 4274 ni
1340 4218 1517 4283 fallor,
1542 4218 1620 4272 rei
1641 4227 1807 4288 gesta:
1830 4216 2048 4272 seriem.

445 4319 693 4376 Diximus
719 4316 864 4373 enim
896 4328 1041 4370 anno
1078 4314 1263 4383 elapso
1305 4311 1651 4383 Aquileiense
1688 4311 1977 4365 concilium
2020 4326 2051 4364 a

453 4410 760 4468 Theodosio
788 4408 1112 4479 postulasse,
1138 4415 1194 4459 ut
1214 4404 1280 4460 ad
1303 4402 1600 4459 sedandum
1621 4418 1687 4458 ex
1707 4402 2051 4457 ordinatione

2157 3199 2247 3253 sed
2274 3210 2319 3253 et
2350 3200 2638 3256 sacerdotes
2690 3204 2790 3273 ipsi
2824 3202 2981 3276 hujus
3022 3206 3095 3257 rei
3121 3220 3279 3257 causa
3298 3204 3433 3259 inter
3461 3220 3515 3257 se
3536 3203 3757 3257 disside-

2160 3294 2300 3347 bant.
2340 3293 2529 3347 l’erum
2559 3296 2827 3367 episcOpus
2858 3294 3143 3361 Romanus,
3165 3312 3225 3350 ac
3253 3295 3437 3366 reliqui
3454 3294 3758 3349 Occidenta-

2157 3386 2281 3441 liam
2309 3388 2533 3459 partium
2553 3389 2842 3444 sacerdotes
2861 3405 2965 3442 non
2986 3388 3309 3443 mediocriter
3331 3386 3755 3460 indignabantur,

2160 3489 2209 3534 et
2238 3480 2307 3532 ad
2332 3479 2614 3533 Paulinum
2656 3480 2864 3551 quidem
2892 3491 3133 3551 tanquam
3155 3481 3449 3552 episcopum
3471 3478 3759 3532 Antiochia:

2159 3582 2425 3628 consuetas
2466 3571 2753 3627 scribebant
2782 3572 3080 3641 epistolas,
3117 3588 3245 3642 quas
3275 3571 3548 3643 synodicas
3580 3570 3760 3643 appel-

2160 3665 2302 3730 lant;
2331 3666 2399 3719 ad
2436 3664 2748 3720 Flavianum
2772 3681 2888 3720 vero
2928 3666 3100 3719 nullas
3139 3665 3337 3718 litteras
3368 3663 3565 3717 dabant
3590 3678 3606 3715 :
3634 3663 3758 3732 quin

2160 3765 2205 3810 et
2227 3755 2517 3811 Diodorum
2540 3757 2751 3821 Tharsi,
2781 3768 2825 3812 et
2855 3757 3098 3811 Acacium
3125 3755 3339 3811 Beroea:
3356 3756 3641 3826 episcopos,
3673 3755 3761 3825 qui

2160 3850 2308 3904 illum
2326 3850 2711 3918 ordinaverant,
2753 3854 2804 3905 in
2846 3852 3038 3906 crimen
3083 3851 3359 3916 vocabant,
3399 3861 3445 3905 et
3476 3850 3537 3903 ab
3580 3865 3759 3903 eorum

2160 3943 2515 3995 communione
2554 3942 2895 3997 abstinebant.
2942 3941 3122 4012 Itaque
3173 3951 3226 3995 ut
3268 3944 3347 3996 his
3376 3941 3439 3995 de
3473 3940 3623 3995 rebus
3672 3957 3759 3995 ca-

2161 4044 2509 4105 gnosceretur,
2552 4046 2659 4089 tum
2702 4036 2835 4107 ipsi,
2887 4046 2991 4089 tum
3040 4037 3316 4109 imperator
3374 4034 3657 4089 Gratianus
3686 4034 3756 4087 ad

2164 4124 2451 4181 Orientales
2465 4128 2730 4199 episc0pos
2747 4127 3086 4197 scripserunt,
3103 4143 3188 4181 eos
3210 4128 3260 4181 in
3285 4125 3612 4180 Occidentem
3636 4142 3757 4180 con-

2160 4231 2399 4275 vocantes
2423 4219 2515 4293 (ι).
2542 4220 2696 4289 Quod
2723 4220 3062 4276 Sozomenus
3088 4233 3273 4293 aperte
3300 4220 3529 4285 asserit,
3560 4221 3755 4275 Hiero-

2162 4326 2354 4383 nymus
2375 4315 2476 4368 sub
2505 4312 2786 4369 involucro
2813 4314 3102 4369 verborum
3135 4313 3339 4369 indicat
3358 4353 3374 4378 ,
3406 4314 3675 4386 episcOpos
3698 4311 3761 4367 ab

2158 4404 2408 4468 quasdam
2450 4405 2799 4460 Ecclesiarum
2837 4406 3177 4460 dissensiones
3209 4405 3426 4461 Romam
3472 4415 3760 4461 contractos

451 4506 695 4564 Flaviani
726 4514 903 4559 ortum
936 4500 1240 4564 di~sidium,
1261 4496 1601 4554 Alexandriae
1631 4496 1895 4568 synodum
1927 4495 2045 4566 cogi
2073 4500 2129 4561 D
2154 4497 2403 4552 scribens
2434 4498 2512 4569 (g)
2535 4540 2549 4565 ,
2577 4507 2737 4568 atque
2767 4497 2883 4553 haec
2913 4510 2994 4553 est
3036 4498 3205 4565 ratio,
3230 4512 3327 4554 cur
3354 4498 3655 4554 Orientales
3683 4497 3760 4552 illi

446 4599 663 4670 juberet
682 4638 697 4663 ,
730 4611 797 4650 ex
826 4593 1079 4649 omnibus
1107 4590 1474 4646 Orientalibus
1500 4587 1807 4643 collectam.
1840 4586 1933 4640 Hae
1962 4588 2049 4641 lit-

452 4700 583 4745 terae
618 4702 805 4743 mense
839 4684 1145 4754 Septembri
1181 4682 1291 4752 jam
1326 4681 1542 4735 labente
1570 4679 1786 4747 scripta:
1812 4718 1826 4741 ,
1855 4693 1918 4731 ac
1953 4693 2049 4747 per

452 4782 663 4851 legatos
690 4781 901 4840 missae,
936 4777 1021 4830 vix
1048 4775 1196 4829 reddi
1228 4781 1523 4844 potuerunt
1549 4785 1691 4824 anno
1723 4770 1813 4825 illo
1838 4770 1948 4837 jam
1979 4770 2047 4825 ad

451 4874 615 4930 ﬁnem
652 4870 929 4925 inclinato.
961 4865 1301 4921 Theodosius
1329 4864 1491 4935 igitur
1522 4864 1588 4917 iis
1617 4873 1735 4933 post
1764 4864 2048 4935 episcopo-

450 4981 574 5023 rum
619 4963 916 5018 discessum
971 4959 1239 5026 acceptis,
1281 4955 1707 5025 Aquileiensium
1763 4956 2048 5012 sententia

450 5060 813 5116 obsecuturos
838 5094 853 5117 ,
899 5052 1107 5121 imperii
1130 5052 1213 5105 sui
1239 5052 1496 5120 praesules
1516 5047 2046 5119 Constantinopolim

449 5153 646 5209 iterum
677 5156 960 5214 convocat,
994 5160 1117 5201 cum
1152 5144 1215 5199 iis
1245 5152 1487 5208 acturus,
1518 5152 1630 5197 tum
1661 5142 1729 5197 de
1759 5144 1908 5206 loco,
1932 5153 2048 5198 tum

449 5244 520 5301 de
548 5259 710 5301 causa
739 5238 990 5302 concilii,
1021 5237 1164 5307 quod
1238 5237 1575 5306 propositum
1609 5235 2050 5305 postulatumque

444 5333 639 5392 fuerat.
655 5336 864 5392 Interea
886 5348 1015 5389 vero
1037 5330 1286 5386 Romano
1310 5326 1551 5399 pontiﬁci
1578 5334 1839 5398 praestare
1866 5328 2041 5384 visum

516 5490 598 5632 ibi
767 5504 840 5624 ιζ’,
1149 5560 1242 5642 lib.
1272 5573 1347 5626 Vl,
1378 5571 1497 5629 cap.
1531 5558 1617 5614 10.

516 5633 586 5683 lci
615 5628 788 5683 Emst.
816 5629 903 5683 18.
980 5644 1059 5683 er.
1094 5630 1222 5683 edit.

528 5628 586 5696 ἐ)
615 5628 788 5698 Epist.
816 5629 903 5693 18,
933 5628 1059 5683 Ver.
1094 5630 1222 5686 edit.

514 5633 596 5773 id)
623 5699 835 5755 Tillem.
867 5700 935 5754 de
960 5699 1222 5767 Ambros,

540 5701 596 5770 ά)
623 5699 835 5755 Tillem.
867 5700 935 5754 de
960 5699 1235 5768 Ambros,
1268 5710 1373 5757 art.
1396 5700 1487 5757 ιο.

2159 4591 2392 4647 Damaso
2425 4593 2750 4663 caeterisque
2800 4593 2899 4648 sub
2934 4592 3026 4647 illo
3059 4593 3331 4664 episcopis
3364 4595 3756 4659 rescribentes,

2160 4695 2406 4754 paratum
2438 4684 2505 4740 ad
2539 4701 2726 4756 pacem
2775 4695 2937 4757 atque
2990 4687 3250 4741 unitatem
3298 4687 3537 4741 animum
3568 4686 3759 4742 decla-

2158 4784 2301 4831 rant.

2231 4869 2406 4925 Nolim
2437 4881 2613 4927 tamen
2641 4888 2741 4944 ego
2769 4887 3013 4928 asserere
3043 4871 3181 4927 hanc
3206 4887 3367 4927 unam
3398 4872 3565 4927 fuisse
3595 4871 3761 4941 hujus

2160 4964 2376 5019 concilii
2415 4966 2744 5022 convocandi
2774 4966 3147 5033 causam;sed
3186 4983 3305 5021 eam
3342 4966 3483 5021 inter
3531 4975 3761 5021 caeteras

2165 5055 2397 5124 probare
2426 5073 2530 5112 non
2558 5073 2776 5128 possum
2796 5099 2811 5123 ,
2841 5073 3002 5125 quam
3022 5055 3296 5123 Valesius,
3330 5056 3610 5123 Baluzius,
3640 5055 3761 5111 alii-

2161 5161 2268 5215 que
2307 5148 2523 5201 Patroni
2554 5148 2722 5202 ltalici
2752 5147 2967 5202 concilii
2999 5148 3243 5204 studiose
3270 5163 3415 5217 εςνμε
3443 5159 3671 5218 urgent,
3702 5156 3760 5203 ut

2163 5253 2360 5308 nempe
2393 5239 2459 5293 de
2484 5239 2719 5294 Nectarii
2748 5240 3091 5297 ordinatione
3119 5248 3564 5311 cognosceretur,
3596 5254 3758 5311 quam

2161 5331 2539 5389 Occidentales
2568 5333 2799 5405 rejicere
2826 5334 3168 5402 videbantur,
3185 5348 3285 5406 pro
3314 5349 3414 5391 suo
3438 5347 3568 5407 erga
3588 5331 3761 5389 Maxi-

2253 5567 2299 5652 [2
2336 5567 2990 5652 ξηοῳῃιηηρῦλγιιγοξρ.
3021 5568 3111 5627 ii.

2158 5530 2161 5534 Α
2230 5494 2303 5564 (e)
2342 5493 2516 5564 Epist.
2555 5496 2677 5563 108,
2708 5496 2837 5553 Ver.
2858 5497 2995 5554 eis.

2256 5512 2282 5549 e
2342 5494 2516 5564 Epist.
2555 5496 2677 5563 108,
2708 5496 2837 5553 Ver.
2858 5497 2995 5554 eis.

2225 5494 2303 5709 gf;
2336 5567 2580 5650 Sosom”
2612 5568 2707 5627 lib.
2743 5585 2990 5652 vn,‘clap.

2250 5657 2280 5709 g
2346 5638 2517 5709 Epist.
2551 5640 2675 5705 127,
2708 5638 2836 5697 Ver.
2871 5630 3001 5697 edit.

2250 5657 2280 5709 9
