4138 6178
347 235 453 294 957

1748 226 1927 285 ΡΒοι
1934 226 2280 291 ΕὒΟΜΕΝΑ.

3546 236 3655 291 258

349 366 497 407 mum
522 349 786 422 Cynicum
809 349 875 404 ad
899 362 1021 405 eum
1046 348 1404 418 appellantem
1428 345 1627 401 studio.
1649 344 1796 400 lianc
1813 346 1954 399 enim
1981 347 2037 407 Α
2062 346 2396 401 Priscianum
2414 384 2428 409 ,
2469 343 2655 413 eisque
2702 342 2973 397 dederunt
3008 343 3060 397 ln
3095 342 3365 399 mandatis
3382 384 3396 411 ,
3442 352 3553 399 tum
3599 357 3657 400 ut

351 443 541 525 falsam
567 458 693 498 esse
725 442 987 511 probant,
1023 450 1135 495 tum
1162 439 1447 495 Sozomeni
1492 437 1767 494 silentium
1791 476 1807 501 ,
1844 446 1954 491 tum

353 534 644 598 Bonifacii,
687 544 740 588 et
786 532 991 588 Nicolai
1034 532 1341 587 teStimonia
1363 570 1376 596 ,
1409 544 1529 601 qua:
1555 528 1659 583 alio
1685 527 1805 582 loco
1830 542 1953 596 proo

359 626 525 692 duxi;
558 634 665 679 tum
690 635 951 696 praeterea
984 622 1127 693 quod
1155 639 1181 676 a
1217 639 1345 678 vero
1377 636 1597 689 prorsus
1642 619 1955 685 abhorreat,

369 717 655 772 Damasum
704 717 797 788 qui
847 715 1245 771 tumultuariam
1297 713 1511 769 Maximi
1562 711 1958 767 ordinationem

373 812 427 866 in
455 810 658 865 irritum
689 812 934 877 miserat,
962 809 1187 865 solemni
1224 809 1538 878 publicoque
1565 806 1710 862 edito
1734 804 1959 875 judicio,

369 903 505 959 adeo
531 904 629 958 sibi
660 902 857 957 deinde
896 917 1002 956 ιιοιι
1058 902 1405 964 constitisse,
1455 910 1511 953 ut
1573 897 1807 953 Nectarii
1857 912 1961 952 or—

367 997 692 1052 dinationem
718 996 909 1051 eodem
949 994 1151 1062 Cynico
1192 993 1501 1061 impellente
1528 989 1957 1060 reprehenderit.

363 1090 749 1160 Quamobrem,
767 1088 809 1142 si
827 1088 876 1142 in
894 1087 1133 1142 Romana
1157 1088 1254 1142 hac
1266 1084 1472 1158 synodo
1489 1084 1556 1139 de
1568 1082 1801 1139 Nectarii
1818 1079 1963 1137 ordi-

358 1185 581 1237 natione
614 1191 790 1235 actum
823 1178 939 1244 fuit,
973 1178 1073 1233 alia
1095 1192 1342 1249 prorsus,
1377 1192 1536 1248 quam
1568 1191 1687 1248 qua:
1719 1172 1965 1229 obtendi-

362 1288 470 1341 tur,
489 1277 633 1331 ratio
654 1291 774 1330 esse
804 1273 1005 1338 debuit,
1023 1287 1119 1327 cur
1142 1272 1209 1328 de
1242 1272 1353 1336 illa,
1390 1280 1444 1325 ut
1467 1269 1663 1336 dicam,
1693 1277 1961 1339 ageretur.

437 1370 530 1426 IV.
554 1369 880 1425 Evocatoriis
902 1368 1115 1422 Damasi
1140 1366 1336 1421 litteris
1358 1362 1967 1435 rescripseruntOrien-

369 1466 510 1520 tales
528 1506 544 1532 ,
567 1464 792 1534 epistola
820 1464 929 1527 illa,
960 1478 1121 1534 quam
1147 1461 1526 1518 Tlieodoretus
1570 1461 1761 1515 recitat
1785 1468 1839 1512 et
1860 1457 1963 1511 im-

364 1574 536 1632 pense
567 1558 751 1613 laudat
786 1557 889 1630 (a),
930 1558 983 1612 in
1017 1571 1191 1627 eaque
1221 1570 1412 1611 causas
1440 1552 1738 1608 attulerunt
1776 1550 1963 1615 binas,

2060 449 2381 495 caeterorum
2398 437 2636 492 omnium
2650 436 2959 490 voluntatem
2984 437 3096 505 paci
3102 437 3254 506 ﬁcam
3275 454 3404 503 esse,
3426 448 3577 508 atque
3587 440 3657 494 ad

2061 534 2310 587 unitatem
2364 540 2593 601 spectare
2665 530 3018 593 declararent,
3065 540 3175 583 tum
3224 539 3281 583 ut
3316 544 3502 585 eorum
3562 548 3657 600 pro

2062 646 2187 683 sana
2230 631 2331 699 ﬁde
2375 631 2543 685 selum
2579 629 2907 701 manifestum
2965 627 3191 697 facerent
3227 644 3245 681 :
3276 643 3376 698 qua
3417 631 3659 700 profecto

2063 722 2434 778 declaratione
2479 722 2513 776 ii
2565 722 2915 776 revincuntur
2955 719 3132 775 fucum
3189 724 3398 787 facere,
3433 723 3525 793 qui
3562 738 3659 779 eos

2065 813 2290 867 Romam
2334 813 2594 869 accedere
2654 813 2895 867 noluisse
2946 813 3131 878 aiunt,
3184 814 3307 882 quia
3365 830 3659 883 supremam

2064 923 2173 961 esse
2187 908 2550 961 contendebant
2571 906 2911 960 Orientalium
2934 904 3265 961 conciliorum
3284 913 3656 968 auctoritatem.

2064 999 2137 1053 CA!
2160 1008 2334 1054 ternm
2376 1015 2483 1068 quo
2519 1001 2617 1069 ipsi
2653 1002 2815 1054 etiam
2852 1015 3016 1056 sanos
3072 1017 3193 1057 sese
3224 1015 3384 1075 atque
3420 1006 3661 1077 integros

2066 1108 2187 1149 esse
2220 1094 2511 1163 probarent
2537 1094 2675 1163 apud
2704 1094 3008 1150 Romanum
3041 1096 3349 1166 pontificem
3370 1141 3385 1165 ,
3417 1098 3468 1153 in
3512 1099 3661 1156 litte-

2068 1188 2173 1251 ris,
2225 1201 2358 1256 quas
2390 1186 2581 1257 legatis
2627 1187 2694 1242 ad
2744 1188 3032 1242 Damasum
3085 1188 3337 1244 ferendas
3377 1190 3661 1259 dederant,

2070 1286 2179 1331 tum
2223 1288 2411 1347 aperta
2453 1278 2785 1345 c0piosaque
2827 1276 2949 1332 lidei
3006 1279 3375 1349 expositione,
3408 1282 3521 1338 Arii
3566 1285 3667 1340 Sa-

2068 1370 2249 1434 bellii,
2282 1371 2565 1436 Eunomii,
2608 1370 2905 1425 Macedonii
2952 1383 3006 1427 et
3062 1374 3380 1444 Apollinarii
3426 1374 3666 1433 haereses

2069 1461 2416 1526 damnarunt,
2450 1471 2563 1518 tum
2596 1473 2872 1532 postremo
2904 1462 3051 1531 haec,
3072 1472 3222 1536 'quae
3250 1466 3455 1522 referre
3484 1460 3667 1538 opera:

2074 1554 2301 1623 pretium
2344 1563 2459 1619 est,
2511 1555 2675 1610 verba
2721 1555 3129 1626 adjunxerunt:
3185 1559 3244 1614 Si
3289 1561 3413 1629 quid
3444 1563 3669 1632 amplius

368 1652 661 1723 quominus
692 1650 920 1705 Romam
948 1649 1307 1705 accederent:
1342 1648 1516 1716 primo
1546 1644 1688 1715 quod
1710 1659 1833 1698 eum
1858 1643 1966 1697 hae-
2071 1649 2395 1714 desideratis,
2426 1650 2551 1703 satis
2577 1650 2717 1705 vobis
2730 1651 2839 1720 ﬁet,
2874 1653 2918 1704 si
2941 1662 3131 1706 tomum
3156 1654 3442 1710 Antiochiet:
3473 1673 3505 1709 a
3546 1674 3670 1727 syn-
3712 1704 3719 1711 ,

373 1744 532 1799 retici
559 1758 885 1815 quamquam
915 1743 989 1799 ah
1002 1741 1233 1797 ovilibus
1260 1740 1503 1812 depulsi,
1532 1751 1723 1808 greges
1746 1736 1799 1791 in
1830 1735 1968 1791 saltu

2087 1744 2206 1807 odo,
2237 1760 2350 1814 quae
2400 1744 2509 1797 illic
2538 1743 2794 1798 celebrata
2821 1754 2925 1809 est,
2950 1744 3235 1811 conditum,
3268 1763 3358 1801 nec
3389 1764 3491 1801 non
3521 1765 3667 1815 eum,

378 1838 642 1906 diripere,
675 1835 932 1908 profanos
964 1842 1263 1891 conventus
1304 1848 1494 1903 agere,
1518 1846 1582 1885 ac
1612 1830 1745 1885 nihil
1777 1843 1884 1883 non
1915 1827 1969 1881 in

369 1933 651 2003 religionis
671 1929 964 1999 perniciem
990 1927 1163 1981 moliri
1191 1936 1500 1996 pergerent,
1520 1922 1750 1978 concilio
1780 1920 1971 1976 adesse

373 2044 485 2082 non
517 2032 766 2095 poterant
797 2041 808 2077 :
843 2023 969 2092 quin
997 2021 1270 2077 Ecclesias
1296 2021 1549 2075 deserere
1574 2032 1638 2073 ac
1665 2014 1971 2073 necessario

371 2122 584 2178 nudare
605 2119 858 2192 praesidio
880 2117 1223 2183 viderentur;
1258 2113 1498 2170 secundo
1529 2112 1673 2182 quod
1700 2111 1971 2183 praestitu-

371 2228 489 2272 tum
530 2223 743 2283 tempus
771 2228 875 2266 non
910 2219 1027 2265 erat
1053 2218 1161 2263 tam
1192 2208 1354 2277 longo
1385 2205 1607 2272 itineri,
1646 2203 1971 2273 caeterisque

366 2310 441 2365 ad
471 2308 596 2364 illud
631 2305 881 2375 parandis
906 2302 1204 2359 sufficiens.
1254 2300 1519 2370 Siquidem
1548 2312 1970 2361 conveneramus,

364 2404 543 2467 aiunt,
564 2398 1069 2468 ConstantinOpolim
1094 2396 1373 2451 secundum
1398 2394 1593 2448 litteras
1614 2410 1646 2447 a
1668 2391 1973 2448 Reverentia

367 2510 543 2554 vestra
580 2512 716 2550 anno
763 2494 1023 2566 superiore
1065 2500 1179 2561 post
1223 2489 1543 2558 Aquileiense
1579 2486 1855 2541 comitium
1904 2481 1974 2537 ad

366 2591 665 2663 piissimum
704 2588 1058 2654 imperatorem
1097 2582 1448 2637 Theodosium
1475 2581 1657 2634 missas
1681 2621 1695 2644 ,
1738 2577 1804 2631 ad
1842 2576 1974 2630 hanc

368 2684 542 2738 solam
600 2680 963 2754 profectionem
1004 2677 1272 2740 instructi,
1315 2684 1360 2727 et
1392 2674 1454 2726 de
1500 2673 1594 2725 hac
1630 2687 1733 2725 una
1777 2668 1975 2740 synodo

372 2792 679 2832 consensum
709 2774 1097 2845 episc0porum,
1126 2770 1213 2840 qui
1244 2769 1296 2822 in
1328 2767 1607 2821 Prouincia
1642 2771 1815 2826 erant,
1848 2759 1977 2828 affe-

372 2880 575 2929 rentes,
609 2882 725 2919 cum
767 2864 830 2917 de
861 2862 1082 2935 longiori
1114 2862 1298 2915 itinere
1328 2857 1655 2928 suscipiendo
1694 2872 1782 2909 nec
1808 2854 1973 2924 suspi-

377 2961 488 3015 cati
538 2973 792 3021 essemus,
823 2972 913 3009 nec
935 2954 1311 3007 audivissemus
1341 2950 1647 3020 quidquam,
1681 2946 1977 3016 priusquam

376 3055 882 3127 ConstantinOpolim
903 3052 1345 3115 conuenissemus;
1367 3064 1427 3101 ac
1446 3055 1693 3116 prwterea
1712 3041 1979 3096 constituti

2072 1835 2161 1906 qui
2187 1837 2450 1904 superiore
2474 1852 2612 1890 anno
2638 1835 3084 1904 Constantinopoli
3113 1838 3177 1891 ab
3198 1842 3513 1894 aecumenica
3538 1858 3668 1911 sgn-

2075 1929 2175 1983 odo
2230 1928 2395 1983 editus
2438 1937 2545 1993 est,
2598 1930 2764 1999 legere
2826 1929 3151 1999 dignemini:
3191 1930 3373 1995 quibus
3425 1932 3478 1984 in
3522 1934 3673 1989 tomis

2076 2023 2235 2091 [idem
2252 2031 2479 2077 nostram
2497 2022 2703 2076 uberius
2726 2023 3083 2090 exposuimus,
3102 2033 3149 2078 et
3170 2026 3223 2078 in
3253 2024 3471 2081 hmreses
3498 2044 3675 2084 recens

2074 2126 2281 2171 exortus
2328 2116 2674 2171 anathematis
2725 2117 3031 2170 sententiam
3080 2117 3408 2189 protulimus.
3462 2117 3542 2174 Ex
3590 2120 3676 2176 his

2076 2209 2223 2264 enim
2272 2209 2374 2263 tria
2420 2209 2763 2278 potissimum
2794 2208 3025 2279 colligo:
3061 2212 3256 2279 primo,
3290 2211 3432 2266 inter
3458 2227 3554 2266 eos
3585 2215 3676 2283 qui

2079 2304 2219 2363 banc
2265 2304 2551 2373 epistolam
2596 2304 2963 2374 scripserunt,
2995 2304 3206 2373 aliquos
3252 2303 3420 2361 fuiSse
3449 2321 3512 2360 ex
3546 2306 3673 2373 illis,

2077 2398 2167 2465 qui
2214 2395 2568 2451 Antiochense
2616 2395 2825 2467 synodo
2874 2395 3195 2462 adfuerant,
3241 2406 3437 2468 atque,
3489 2408 3544 2453 ut
3578 2413 3677 2468 ego

2078 2489 2345 2559 conjicio,
2382 2490 2675 2545 Diodorum
2725 2490 2913 2557 Tarsi,
2950 2490 3205 2544 Acacium
3236 2489 3480 2553 Beroeaa,
3525 2490 3682 2545 Pelac

2078 2583 2224 2653 gium
2273 2582 2589 2648 Laodiceae,
2637 2597 2703 2638 ac
2750 2582 3070 2651 Gregorium
3120 2583 3308 2653 Nyssaa
3351 2585 3676 2654 episcopos;

2080 2674 2341 2739 secundo,
2386 2683 2568 2730 certos
2595 2676 2716 2729 illos
2756 2675 2925 2731 fuisse
2952 2674 3310 2731 Antiochenm
3340 2676 3531 2747 synodi
3563 2689 3683 2732 acta

2081 2768 2148 2820 ad
2182 2768 2467 2821 Damasum
2498 2768 2661 2820 allata
2689 2775 2845 2821 antea
2880 2766 3046 2821 fuisse
3080 2784 3092 2820 :
3139 2784 3262 2822 nam
3295 2785 3402 2839 quo
3431 2779 3588 2839 pacto
3618 2785 3683 2826 ea

2083 2860 2264 2929 legere
2292 2860 2528 2930 alioquin
2560 2860 2647 2915 hic
2678 2868 2911 2929 poterat,
2938 2870 2995 2915 ut
3028 2862 3257 2930 pleniori
3280 2865 3590 2933 cognitione
3617 2879 3683 2919 ea

2083 2951 2151 3007 de
2179 2967 2236 3008 re
2258 2952 2618 3008 instrueretur
2633 2956 2656 3006 ἰ
2686 2953 2865 3023 Atque
2885 2952 2986 3007 hoc
3006 2954 3680 3026 contirmatconjecturam

2087 3061 2287 3110 meam,
2315 3062 2417 3115 qua
2441 3046 2727 3115 opinabar,
2753 3062 2895 3101 anno
2917 3048 3024 3103 580
3046 3058 3161 3103 acta
3190 3049 3280 3104 illa
3309 3065 3406 3121 per
3426 3049 3683 3106 Acacium

378 3150 629 3222 temporis
659 3125 921 3217 angustia,
947 3161 1037 3197 nec
1061 3142 1128 3196 ad
1152 3140 1399 3212 longioris
1418 3137 1617 3193 itineris
1648 3146 1979 3207 apparatum,
2009 3125 2053 3187 C
2086 3138 2247 3194 allata
2275 3137 2342 3193 ad
2370 3137 2571 3195 Urbem
2620 3138 2787 3195 fuisse
2814 3139 2914 3209 (b).
2948 3140 3168 3207 Tertio,
3199 3143 3244 3197 si
3286 3144 3353 3198 ad
3380 3159 3440 3198 ea
3473 3160 3592 3214 quin
3617 3144 3687 3200 de

379 3263 483 3303 nec
510 3246 574 3299 ad
600 3260 771 3299 omnes
808 3239 1184 3297 communionis
1232 3246 1419 3291 nostra:
1464 3234 1769 3304 episcopos,
1807 3230 1894 3300 qui
1928 3229 1982 3283 in

383 3338 600 3393 diversis
631 3334 904 3407 provinciis
923 3340 1040 3386 sunt
1063 3372 1077 3396 ,
1110 3328 1523 3392 commonendos,
1546 3332 1591 3376 et
1618 3336 1894 3377 consensus
1923 3320 1987 3373 ab

386 3434 455 3487 iis
480 3427 806 3499 accipiendos
832 3426 1108 3494 sufﬁceret.
1143 3422 1267 3476 llaec
1298 3434 1429 3475 vero
1457 3432 1557 3488 ego
1587 3415 1775 3479 attuli,
1818 3420 1875 3467 ut
1900 3412 1987 3467 vi-

390 3524 522 3579 deat
549 3523 716 3578 lector
738 3519 839 3574 hoe
864 3520 986 3572 loco
1015 3524 1253 3585 apertam
1278 3513 1344 3567 de
1376 3509 1600 3575 litteris,
1630 3523 1750 3578 quae
1777 3517 1888 3561 tum
1919 3504 1989 3559 ab

386 3613 724 3688 Aquileiensi
769 3610 1033 3673 concilio,
1074 3618 1186 3662 tum
1218 3604 1412 3660 deinde
1444 3618 1472 3655 a
1505 3602 1733 3656 Damaso
1773 3599 1991 3667 scripta:

393 3711 629 3772 fuerant,
654 3704 982 3762 mentionem
1009 3700 1145 3766 fieri,
1165 3699 1365 3753 nullam
1385 3712 1513 3751 vero
1535 3695 1603 3750 de
1628 3695 1715 3749 illa
1736 3692 1989 3762 epistola,

393 3818 555 3873 quam
589 3809 862 3869 postremo
894 3797 1013 3851 loco
1044 3792 1213 3849 Italici
1249 3790 1465 3847 concilii
1507 3788 1723 3843 nomine
1748 3786 1994 3841 Sirmon-

394 3894 498 3949 dus
556 3890 777 3961 protulit
810 3905 821 3941 :
852 3896 1012 3957 atque
1052 3893 1113 3939 ut
1161 3883 1285 3938 hinc
1325 3896 1513 3935 rursus
1554 3878 1807 3948 colligat,
1845 3876 1993 3930 illam

396 3986 794 4058 supposititiam
846 3996 1003 4047 esse,
1036 3995 1100 4034 ac
1146 3991 1416 4047 nunquam
1448 3982 1539 4028 aut
1578 3972 1836 4041 scriptam
1858 4012 1872 4037 ,
1903 3976 1997 4023 aut

408 4082 601 4137 saltem
633 4088 757 4133 ante
787 4074 1003 4129 aestivos
1033 4071 1191 4141 hujus
1213 4070 1335 4124 anni
1370 4081 1585 4123 menses
1607 4064 1997 4120 Constantino-

408 4176 574 4246 polim
620 4171 1030 4233 transmissum;
1062 4178 1176 4221 tum
1208 4163 1405 4219 deinde
1434 4177 1619 4216 errare
1650 4174 1777 4223 eos,
1806 4157 1895 4227 qui
1929 4155 1993 4209 il—

397 4270 505 4324 lam
536 4268 705 4338 ipsam
739 4281 769 4319 a
794 4260 1142 4318 Theodoreti)
1165 4256 1452 4313 indicatam
1494 4260 1686 4323 putant
1715 4248 1815 4303 sub
1850 4246 1999 4301 Occi-

398 4360 683 4415 dentalium
731 4354 957 4429 epistola:
1007 4350 1351 4419 voce,eique
1384 4356 1512 4401 tunc
1540 4360 1664 4399 cum
1699 4342 2000 4398 scriberent

400 4461 669 4523 acceptae,
710 4451 779 4505 ab
808 4445 1176 4512 Orientalibus
1206 4440 1546 4511 responderi.
1592 4436 1726 4492 Nam
1772 4436 1814 4490 si
1852 4434 1996 4488 illam

2092 3231 2685 3301 Constantinopolitana
2708 3234 3079 3289 antecedentis
3098 3234 3223 3288 anni
3246 3236 3475 3306 synodo.
3496 3236 3692 3291 Orien-

2093 3324 2228 3379 tales
2255 3325 2499 3380 scribunt
2522 3326 2762 3379 animum
2795 3325 3085 3395 diligenter
3112 3327 3394 3395 advertas,
3428 3327 3584 3384 facile
3608 3330 3691 3384 in-

2092 3416 2333 3487 telliges,
2382 3433 2571 3473 eorum
2616 3433 2737 3487 qua:
2784 3428 2935 3488 gesta
2995 3435 3058 3473 ac
3109 3422 3403 3476 constituta
3450 3422 3687 3487 fuerant,

2093 3509 2239 3564 aliud
2267 3509 2398 3563 nihil
2428 3509 2494 3563 ad
2519 3510 2872 3579 apostolicam
2901 3512 3083 3567 sedem
3122 3513 3313 3568 referri
3345 3524 3545 3584 pmter
3576 3515 3690 3569 hm-

2097 3614 2266 3665 reses,
2318 3599 2369 3654 in
2398 3615 2531 3668 quas
2574 3602 2933 3657 anathematis
2978 3607 3297 3659 sententiam
3332 3607 3687 3674 protulerant,

2095 3694 2308 3760 aliaque
2330 3696 2586 3750 nonnulla
2613 3695 2679 3749 ad
2706 3695 3047 3765 disciplinam
3072 3700 3371 3766 spectantia
3396 3703 3592 3767 capita,
3620 3698 3688 3752 de

2097 3785 2295 3857 quibus
2324 3802 2466 3841 nunc
2511 3802 2690 3842 sermo
2720 3787 2842 3841 erit.
2876 3787 3003 3843 .lure
3032 3788 3194 3856 igitur
3237 3805 3301 3844 ac
3355 3794 3548 3844 merito
3578 3791 3689 3847 Leo

2098 3880 2323 3949 Magnus
2372 3878 2436 3933 ad
2479 3880 2781 3934 Anatolium
2814 3880 3031 3944 scribit,
3065 3896 3172 3950 quo
3198 3882 3316 3952 ejus
3340 3885 3692 3944 ambitionem

2101 3970 2445 4038 retunderet,
2475 3970 2831 4041 episcoporum
2869 3973 3211 4040 quorumdam
3240 3978 3692 4049 conscriptionem,

2100 4079 2220 4119 eam
2250 4063 2476 4126 scilicet,
2504 4078 2608 4133 qua
2630 4062 3231 4134 Constantinopolitano
3258 4071 3474 4136 praesuli
3507 4075 3695 4141 prima:

2100 4156 2326 4212 honoris
2372 4165 2552 4225 partes
2604 4166 2726 4226 post
2776 4157 3075 4213 Romanum
3131 4162 3405 4218 attributm
3460 4163 3695 4230 fuerant,

2102 4266 2382 4315 numquam
2414 4250 2572 4321 fuisse
2600 4250 2668 4304 ad
2692 4252 2989 4321 apostolica:
3017 4253 3150 4307 sedis
3181 4256 3535 4310 transmissum
3565 4259 3701 4311 noti-

2104 4345 2228 4399 tiam
2256 4343 2363 4415 (c),
2402 4343 2884 4415 gravissimamque
2914 4345 3030 4399 viro
3070 4347 3414 4403 sanctissimo
3442 4350 3696 4420 injuriam

2105 4437 2333 4502 inferre,
2361 4437 2451 4507 qui
2479 4435 2581 4492 hac
2608 4436 2676 4491 de
2704 4451 2763 4491 re
2793 4435 3040 4491 dubitare
3068 4437 3165 4491 visi
3195 4448 3339 4493 sunt.

407 4545 750 4611 Ambrosius,
774 4541 1063 4612 caeterique
1096 4538 1265 4594 Italici
1293 4535 1587 4591 vicariatus
1617 4530 1878 4603 praesules
1897 4509 2082 4584 soliD
2182 4530 2313 4596 Qum
2360 4543 2491 4584 vero
2540 4528 2607 4583 ad
2662 4527 3001 4598 disciplinam
3060 4538 3335 4598 spectant,
3392 4531 3460 4586 de
3508 4533 3703 4602 quibus

409 4641 769 4710 scripserant,
801 4644 860 4691 ut
885 4632 1232 4691 Tillemontio
1275 4630 1503 4699 aliisque
1534 4626 1690 4697 hujus
1715 4621 2002 4680 sententia:

410 4732 657 4809 patronis
723 4730 929 4800 placet,
976 4726 1126 4781 nulla
1178 4732 1297 4780 erat
1345 4736 1508 4777 causa
1554 4735 1648 4774 cur
1700 4715 2003 4772 Orientales

409 4826 778 4885 rescriberem
817 4823 1067 4884 Damaso,
1119 4816 1367 4883 Acbolio,
1417 4813 1657 4880 Britoni,
1684 4826 1748 4865 ac
1779 4809 2003 4874 Basilio,

410 4920 503 4992 qui
533 4918 721 4974 lictitio
744 4913 883 4988 huic
922 4912 1107 4969 Italico
1146 4908 1376 4967 concilio
1409 4905 1649 4975 profecto
1686 4918 1792 4958 non
1822 4899 2006 4955 adfue—

416 5021 570 5076 rant,
603 5025 666 5066 ac
693 5007 935 5079 ejusdem
963 5014 1113 5076 gesta
1155 5002 1494 5075 ignorabant.
1525 4998 1628 5054 Sed
1662 4997 1777 5051 haec
1804 4994 2005 5060 obiter,

412 5123 539 5166 cum
571 5119 659 5161 res
685 5103 812 5159 alibi
843 5114 1003 5173 atque
1026 5114 1255 5170 operose
1283 5098 1528 5153 discussa
1546 5110 1578 5150 a
1605 5109 1690 5148 me
1721 5092 1902 5147 fuerit.

485 5201 779 5270 Postquam
829 5211 960 5252 vero
1014 5195 1174 5249 iidem
1221 5192 1525 5248 Orientales
1558 5187 1641 5243 his
1681 5201 1739 5241 se
1780 5183 2005 5240 rationi-

410 5294 516 5351 bus
550 5298 977 5354 excusaverant,
1016 5302 1086 5343 ne
1134 5287 1359 5341 Romam
1401 5282 1755 5344 accederent,
1781 5287 1838 5334 ut
1877 5277 2008 5333 cha-

416 5384 671 5445 ritatem,
702 5396 806 5453 qua
845 5395 904 5436 se
939 5379 1005 5433 ad
1051 5377 1316 5451 synodum
1349 5384 1571 5429 vocatos
1616 5374 1797 5439 aiunt,
1830 5379 2013 5425 mutua

416 5478 694 5534 charitate
746 5471 1137 5547 rependerem,
1190 5478 1304 5526 tres
1370 5484 1438 5524 ex
1491 5480 1590 5521 suo
1641 5479 1889 5543 corpore;
1932 5462 2013 5521 lc-

418 5578 580 5642 gatos
633 5568 930 5633 miserunt,
982 5564 1264 5637 Cyriacum
1310 5576 1541 5632 nempe,
1580 5556 1908 5623 Eusebium,
1951 5570 2014 5611 ac

491 5680 575 5824 Ea)
618 5681 733 5736 Lib.
764 5696 818 5745 v,
849 5695 971 5751 cap.
1004 5678 1059 5733 9.

518 5754 572 5823 ὁ)
614 5752 735 5808 Vid.
769 5753 899 5821 Cap.
932 5750 1019 5805 15.

518 5750 572 5823 b)
614 5752 735 5808 Vid.
769 5753 899 5821 Cap.
932 5750 1019 5805 15.

2111 4622 2454 4688 Orientales,
2510 4620 2656 4675 nulla
2713 4619 3042 4689 reliquorum
3106 4636 3373 4677 canonum
3427 4626 3707 4685 mentione

2110 4716 2270 4780 facta,
2316 4730 2413 4785 per
2457 4716 2663 4782 legatos
2718 4714 2946 4769 Damnso
2990 4715 3312 4781 retulerunt,
3363 4718 3600 4777 Nectarii
3649 4732 3705 4779 et

2113 4807 2354 4863 Flaviani
2387 4806 2781 4863 ordinationem
2814 4796 3147 4878 respiciunt,
3179 4824 3242 4865 ac
3272 4809 3532 4884 Cyrillum
3579 4816 3708 4871 Hie-

2116 4899 2605 4971 rosolymitanum;
2663 4901 2741 4955 sic
2793 4901 2936 4955 enim
2994 4901 3234 4957 habent:
3278 4903 3355 4958 De
3404 4908 3707 4977 particulari

2112 5004 2281 5048 autem
2320 4991 2673 5046 Ecclesiarum
2716 4994 3188 5062 administratione,
3222 4999 3435 5068 antiqua
3472 5009 3524 5052 ut
3553 4999 3708 5069 probe

2117 5090 2281 5144 nostis
2322 5088 2539 5142 obtinuit
2575 5089 2805 5156 sanctio,
2840 5099 2887 5142 et
2925 5100 3219 5144 sanctorum
3266 5089 3482 5144 Patrum
3515 5091 3711 5146 Nica’te

2115 5192 2544 5257 congregatarum
2584 5184 2808 5253 regular,
2850 5192 2905 5237 ut
2943 5184 2997 5237 in
3045 5183 3258 5253 singulis
3286 5183 3563 5252 provinciis
3603 5185 3711 5253 epi-

2115 5280 2259 5348 scapi
2298 5280 2443 5334 illius
2486 5279 2796 5349 provinciae,
2829 5287 2876 5332 et
2912 5278 2956 5330 si
2991 5279 3097 5330 illis
3124 5276 3412 5345 placuerit,
3454 5291 3557 5328 una
3593 5292 3713 5332 cum

2115 5364 2371 5443 episcopis
2387 5375 2513 5443 ipsis
2530 5374 2785 5441 ﬁnitimis,
2816 5370 3184 5442 ordinationes,
3214 5380 3366 5438 prout
3388 5369 3512 5425 utile
3534 5374 3711 5445 fuerit,

2115 5466 2344 5535 faciant;
2374 5483 2439 5521 ea:
2480 5481 2698 5535 quarum
2740 5464 2914 5533 legum
2952 5462 3251 5533 prtescripto
3279 5460 3717 5539 Constantinopo-

2117 5558 2294 5613 litanti:
2321 5557 2606 5622 Ecclesia,
2648 5553 3129 5610 reverendissimum
3172 5571 3231 5609 ac
3276 5557 3717 5629 religiosissimum

2202 5671 2274 5739 (ε)
2318 5670 2489 5740 Epist.
2523 5667 2611 5735 80,
2646 5664 2815 5737 Lugd.
2840 5665 2973 5722 edit.
