  <div class='ocr_page' id='page_1' title='image "/cluster/home/n/w/nwhite01/storage/ocr_20150623/13/hvd.32044096580428/125.png"; bbox 0 0 4138 6178; ppageno 0'>
   <div class='ocr_carea' id='block_1_1' title="bbox 467 270 576 328">
    <p class='ocr_par' dir='ltr' id='par_1_1' title="bbox 467 270 576 328">
     <span class='ocr_line' id='line_1_1' title="bbox 467 270 576 328; baseline 0.018 -2"><span class='ocrx_word' id='word_1_1' title='bbox 467 270 576 328; x_wconf 74' lang='grc'><strong><em>959</em></strong></span> 
     </span>
    </p>
   </div>
   <div class='ocr_carea' id='block_1_2' title="bbox 1666 264 2584 327">
    <p class='ocr_par' dir='ltr' id='par_1_2' title="bbox 1666 264 2584 327">
     <span class='ocr_line' id='line_1_2' title="bbox 1666 264 2584 327; baseline 0.003 -7"><span class='ocrx_word' id='word_1_2' title='bbox 1666 264 1982 324; x_wconf 82' lang='lat' dir='ltr'><strong><em>SANCTUS</em></strong></span> <span class='ocrx_word' id='word_1_3' title='bbox 2021 264 2347 327; x_wconf 75' lang='lat' dir='ltr'><strong><em>DAMASUS</em></strong></span> <span class='ocrx_word' id='word_1_4' title='bbox 2383 268 2584 327; x_wconf 82' lang='lat' dir='ltr'><strong><em>PAPA.</em></strong></span> 
     </span>
    </p>
   </div>
   <div class='ocr_carea' id='block_1_3' title="bbox 3665 276 3774 335">
    <p class='ocr_par' dir='ltr' id='par_1_3' title="bbox 3665 276 3774 335">
     <span class='ocr_line' id='line_1_3' title="bbox 3665 276 3774 335; baseline 0.018 -2"><span class='ocrx_word' id='word_1_5' title='bbox 3665 276 3774 335; x_wconf 70' lang='grc'><strong><em>260</em></strong></span> 
     </span>
    </p>
   </div>
   <div class='ocr_carea' id='block_1_4' title="bbox 468 381 3769 459">
    <p class='ocr_par' dir='ltr' id='par_1_4' title="bbox 468 381 3769 459">
     <span class='ocr_line' id='line_1_4' title="bbox 468 381 3769 459; baseline 0 -16"><span class='ocrx_word' id='word_1_6' title='bbox 468 386 776 442; x_wconf 88' lang='lat' dir='ltr'><strong><em>Nectarium</em></strong></span> <span class='ocrx_word' id='word_1_7' title='bbox 802 383 1151 439; x_wconf 82' lang='lat' dir='ltr'><strong><em>ordinavimus</em></strong></span> <span class='ocrx_word' id='word_1_8' title='bbox 1195 381 1490 454; x_wconf 83' lang='lat' dir='ltr'><strong><em>episcopum</em></strong></span> <span class='ocrx_word' id='word_1_9' title='bbox 1528 382 1586 437; x_wconf 91' lang='lat' dir='ltr'><strong><em>in</em></strong></span> <span class='ocrx_word' id='word_1_10' title='bbox 1617 383 1899 438; x_wconf 85' lang='lat' dir='ltr'><strong><em>universali</em></strong></span> <span class='ocrx_word' id='word_1_11' title='bbox 1944 400 2067 439; x_wconf 84' lang='lat' dir='ltr'><strong><em>con-</em></strong></span> <span class='ocrx_word' id='word_1_12' title='bbox 2094 389 2149 448; x_wconf 81' lang='grc' dir='ltr'><strong>Α</strong></span> <span class='ocrx_word' id='word_1_13' title='bbox 2171 384 2374 459; x_wconf 84' lang='lat' dir='ltr'><strong><em>Cynico</em></strong></span> <span class='ocrx_word' id='word_1_14' title='bbox 2398 387 2671 453; x_wconf 82' lang='lat' dir='ltr'><strong><em>favebant,</em></strong></span> <span class='ocrx_word' id='word_1_15' title='bbox 2712 387 2922 453; x_wconf 87' lang='lat' dir='ltr'><strong><em>minas;</em></strong></span> <span class='ocrx_word' id='word_1_16' title='bbox 2950 396 3004 444; x_wconf 88' lang='lat' dir='ltr'><strong><em>at</em></strong></span> <span class='ocrx_word' id='word_1_17' title='bbox 3025 390 3060 445; x_wconf 92' lang='lat' dir='ltr'><strong><em>ii</em></strong></span> <span class='ocrx_word' id='word_1_18' title='bbox 3094 404 3317 457; x_wconf 80' lang='lat' dir='ltr'><strong><em>prorsus</em></strong></span> <span class='ocrx_word' id='word_1_19' title='bbox 3344 391 3585 450; x_wconf 88' lang='lat' dir='ltr'><strong><em>divinare</em></strong></span> <span class='ocrx_word' id='word_1_20' title='bbox 3639 397 3769 452; x_wconf 86' lang='lat' dir='ltr'><strong><em>mihi</em></strong></span> 
     </span>
    </p>
   </div>
   <div class='ocr_carea' id='block_1_5' title="bbox 473 475 2069 546">
    <p class='ocr_par' dir='ltr' id='par_1_5' title="bbox 473 475 2069 546">
     <span class='ocr_line' id='line_1_5' title="bbox 473 475 2069 546; baseline -0.003 -12"><span class='ocrx_word' id='word_1_21' title='bbox 473 480 614 542; x_wconf 88' lang='lat' dir='ltr'><strong><em>cilio,</em></strong></span> <span class='ocrx_word' id='word_1_22' title='bbox 644 477 899 533; x_wconf 88' lang='lat' dir='ltr'><strong><em>communi</em></strong></span> <span class='ocrx_word' id='word_1_23' title='bbox 927 476 1151 529; x_wconf 91' lang='lat' dir='ltr'><strong><em>omnium</em></strong></span> <span class='ocrx_word' id='word_1_24' title='bbox 1170 489 1444 539; x_wconf 88' lang='lat' dir='ltr'><strong><em>consensu,</em></strong></span> <span class='ocrx_word' id='word_1_25' title='bbox 1480 490 1655 528; x_wconf 90' lang='lat' dir='ltr'><strong><em>coram</em></strong></span> <span class='ocrx_word' id='word_1_26' title='bbox 1679 475 2069 546; x_wconf 88' lang='lat' dir='ltr'><strong><em>religiosissima</em></strong></span> 
     </span>
    </p>
   </div>
   <div class='ocr_carea' id='block_1_6' title="bbox 474 566 2067 642">
    <p class='ocr_par' dir='ltr' id='par_1_6' title="bbox 474 566 2067 642">
     <span class='ocr_line' id='line_1_6' title="bbox 474 566 2067 642; baseline -0.002 -15"><span class='ocrx_word' id='word_1_27' title='bbox 474 568 1103 642; x_wconf 82' lang='lat' dir='ltr'><strong><em>imperatoreTheodosio,</em></strong></span> <span class='ocrx_word' id='word_1_28' title='bbox 1122 566 1623 635; x_wconf 88' lang='lat' dir='ltr'><strong><em>adstipulanteontni</em></strong></span> <span class='ocrx_word' id='word_1_29' title='bbox 1641 568 1777 622; x_wconf 91' lang='lat' dir='ltr'><strong><em>clero</em></strong></span> <span class='ocrx_word' id='word_1_30' title='bbox 1790 578 1837 622; x_wconf 90' lang='lat' dir='ltr'><strong><em>et</em></strong></span> <span class='ocrx_word' id='word_1_31' title='bbox 1850 569 2067 625; x_wconf 87' lang='lat' dir='ltr'><strong><em>civitate.</em></strong></span> 
     </span>
    </p>
   </div>
   <div class='ocr_carea' id='block_1_7' title="bbox 473 660 2073 735">
    <p class='ocr_par' dir='ltr' id='par_1_7' title="bbox 473 660 2073 735">
     <span class='ocr_line' id='line_1_7' title="bbox 473 660 2073 735; baseline -0.001 -15"><span class='ocrx_word' id='word_1_32' title='bbox 473 664 857 735; x_wconf 73' lang='lat' dir='ltr'><strong><em>Antiquissima:</em></strong></span> <span class='ocrx_word' id='word_1_33' title='bbox 886 678 1003 717; x_wconf 84' lang='lat' dir='ltr'><strong><em>vero</em></strong></span> <span class='ocrx_word' id='word_1_34' title='bbox 1028 662 1363 716; x_wconf 77' lang='lat' dir='ltr'><strong><em>Antiochenw</em></strong></span> <span class='ocrx_word' id='word_1_35' title='bbox 1386 662 1441 715; x_wconf 89' lang='lat' dir='ltr'><strong><em>in</em></strong></span> <span class='ocrx_word' id='word_1_36' title='bbox 1464 660 1622 732; x_wconf 82' lang='lat' dir='ltr'><strong><em>Syria</em></strong></span> <span class='ocrx_word' id='word_1_37' title='bbox 1650 660 1899 717; x_wconf 68' lang='lat' dir='ltr'><strong><em>Ecclesiae</em></strong></span> <span class='ocrx_word' id='word_1_38' title='bbox 1932 679 2073 719; x_wconf 87' lang='lat' dir='ltr'><strong><em>reve-</em></strong></span> 
     </span>
    </p>
   </div>
   <div class='ocr_carea' id='block_1_8' title="bbox 472 752 2071 827">
    <p class='ocr_par' dir='ltr' id='par_1_8' title="bbox 472 752 2071 827">
     <span class='ocr_line' id='line_1_8' title="bbox 472 752 2071 827; baseline -0.002 -17"><span class='ocrx_word' id='word_1_39' title='bbox 472 756 838 811; x_wconf 87' lang='lat' dir='ltr'><strong><em>rendissimum</em></strong></span> <span class='ocrx_word' id='word_1_40' title='bbox 866 763 910 807; x_wconf 91' lang='lat' dir='ltr'><strong><em>et</em></strong></span> <span class='ocrx_word' id='word_1_41' title='bbox 942 754 1389 827; x_wconf 77' lang='lat' dir='ltr'><strong><em>religiosissimum</em></strong></span> <span class='ocrx_word' id='word_1_42' title='bbox 1414 755 1709 825; x_wconf 81' lang='lat' dir='ltr'><strong><em>episcOpum</em></strong></span> <span class='ocrx_word' id='word_1_43' title='bbox 1737 752 2071 822; x_wconf 86' lang='lat' dir='ltr'><strong><em>Flavianum,</em></strong></span> 
     </span>
    </p>
   </div>
   <div class='ocr_carea' id='block_1_9' title="bbox 472 848 2075 919">
    <p class='ocr_par' dir='ltr' id='par_1_9' title="bbox 472 848 2075 919">
     <span class='ocr_line' id='line_1_9' title="bbox 472 848 2075 919; baseline -0.002 -14"><span class='ocrx_word' id='word_1_44' title='bbox 472 862 584 906; x_wconf 89' lang='lat' dir='ltr'><strong><em>tam</em></strong></span> <span class='ocrx_word' id='word_1_45' title='bbox 615 850 756 904; x_wconf 88' lang='lat' dir='ltr'><strong><em>illius</em></strong></span> <span class='ocrx_word' id='word_1_46' title='bbox 786 849 1106 913; x_wconf 83' lang='lat' dir='ltr'><strong><em>Provincitc,</em></strong></span> <span class='ocrx_word' id='word_1_47' title='bbox 1141 857 1246 903; x_wconf 92' lang='lat' dir='ltr'><strong><em>tum</em></strong></span> <span class='ocrx_word' id='word_1_48' title='bbox 1276 848 1503 903; x_wconf 73' lang='lat' dir='ltr'><strong><em>diwcesis</em></strong></span> <span class='ocrx_word' id='word_1_49' title='bbox 1534 848 1816 903; x_wconf 84' lang='lat' dir='ltr'><strong><em>Orientalis</em></strong></span> <span class='ocrx_word' id='word_1_50' title='bbox 1846 848 2075 919; x_wconf 82' lang='lat' dir='ltr'><strong><em>episcopi</em></strong></span> 
     </span>
    </p>
   </div>
   <div class='ocr_carea' id='block_1_10' title="bbox 471 940 2075 1017">
    <p class='ocr_par' dir='ltr' id='par_1_10' title="bbox 471 940 2075 1017">
     <span class='ocr_line' id='line_1_10' title="bbox 471 940 2075 1017; baseline -0.002 -19"><span class='ocrx_word' id='word_1_51' title='bbox 471 946 527 1000; x_wconf 86' lang='lat' dir='ltr'><strong><em>in</em></strong></span> <span class='ocrx_word' id='word_1_52' title='bbox 563 962 719 999; x_wconf 86' lang='lat' dir='ltr'><strong><em>unum</em></strong></span> <span class='ocrx_word' id='word_1_53' title='bbox 760 944 1059 1017; x_wconf 86' lang='lat' dir='ltr'><strong><em>congregati</em></strong></span> <span class='ocrx_word' id='word_1_54' title='bbox 1090 943 1336 997; x_wconf 83' lang='lat' dir='ltr'><strong><em>canonice</em></strong></span> <span class='ocrx_word' id='word_1_55' title='bbox 1371 942 1677 997; x_wconf 87' lang='lat' dir='ltr'><strong><em>ordinarunt</em></strong></span> <span class='ocrx_word' id='word_1_56' title='bbox 1706 950 1811 997; x_wconf 90' lang='lat' dir='ltr'><strong><em>tota</em></strong></span> <span class='ocrx_word' id='word_1_57' title='bbox 1840 940 2075 996; x_wconf 86' lang='lat' dir='ltr'><strong><em>Ecclesia</em></strong></span> 
     </span>
    </p>
   </div>
   <div class='ocr_carea' id='block_1_11' title="bbox 472 1036 2075 1108">
    <p class='ocr_par' dir='ltr' id='par_1_11' title="bbox 472 1036 2075 1108">
     <span class='ocr_line' id='line_1_11' title="bbox 472 1036 2075 1108; baseline -0.001 -15"><span class='ocrx_word' id='word_1_58' title='bbox 472 1040 847 1103; x_wconf 84' lang='lat' dir='ltr'><strong><em>consentiente,</em></strong></span> <span class='ocrx_word' id='word_1_59' title='bbox 903 1046 950 1092; x_wconf 89' lang='lat' dir='ltr'><strong><em>et</em></strong></span> <span class='ocrx_word' id='word_1_60' title='bbox 997 1038 1146 1108; x_wconf 89' lang='lat' dir='ltr'><strong><em>quasi</em></strong></span> <span class='ocrx_word' id='word_1_61' title='bbox 1200 1053 1304 1092; x_wconf 91' lang='lat' dir='ltr'><strong><em>uno</em></strong></span> <span class='ocrx_word' id='word_1_62' title='bbox 1355 1053 1441 1092; x_wconf 89' lang='lat' dir='ltr'><strong><em>ore</em></strong></span> <span class='ocrx_word' id='word_1_63' title='bbox 1486 1037 1653 1092; x_wconf 79' lang='lat' dir='ltr'><strong><em>virum</em></strong></span> <span class='ocrx_word' id='word_1_64' title='bbox 1706 1036 2075 1091; x_wconf 84' lang='lat' dir='ltr'><strong><em>collaudante:</em></strong></span> 
     </span>
    </p>
   </div>
   <div class='ocr_carea' id='block_1_12' title="bbox 472 1128 2072 1201">
    <p class='ocr_par' dir='ltr' id='par_1_12' title="bbox 472 1128 2072 1201">
     <span class='ocr_line' id='line_1_12' title="bbox 472 1128 2072 1201; baseline -0.001 -16"><span class='ocrx_word' id='word_1_65' title='bbox 472 1148 629 1201; x_wconf 89' lang='lat' dir='ltr'><strong><em>quam</em></strong></span> <span class='ocrx_word' id='word_1_66' title='bbox 658 1132 863 1199; x_wconf 81' lang='lat' dir='ltr'><strong><em>quidem</em></strong></span> <span class='ocrx_word' id='word_1_67' title='bbox 890 1129 1267 1184; x_wconf 85' lang='lat' dir='ltr'><strong><em>ordinationem</em></strong></span> <span class='ocrx_word' id='word_1_68' title='bbox 1294 1129 1525 1200; x_wconf 79' lang='lat' dir='ltr'><strong><em>synodus</em></strong></span> <span class='ocrx_word' id='word_1_69' title='bbox 1559 1129 1800 1183; x_wconf 81' lang='lat' dir='ltr'><strong><em>uniuersa</em></strong></span> <span class='ocrx_word' id='word_1_70' title='bbox 1826 1128 2072 1198; x_wconf 83' lang='lat' dir='ltr'><strong><em>suscepit.</em></strong></span> 
     </span>
    </p>
   </div>
   <div class='ocr_carea' id='block_1_13' title="bbox 470 1222 2077 1298">
    <p class='ocr_par' dir='ltr' id='par_1_13' title="bbox 470 1222 2077 1298">
     <span class='ocr_line' id='line_1_13' title="bbox 470 1222 2077 1298; baseline -0.004 -16"><span class='ocrx_word' id='word_1_71' title='bbox 470 1226 963 1298; x_wconf 80' lang='lat' dir='ltr'><strong><em>Hierosolymitonte</em></strong></span> <span class='ocrx_word' id='word_1_72' title='bbox 1004 1234 1177 1278; x_wconf 90' lang='lat' dir='ltr'><strong><em>autem</em></strong></span> <span class='ocrx_word' id='word_1_73' title='bbox 1226 1224 1475 1277; x_wconf 71' lang='lat' dir='ltr'><strong><em>Ecclesiae</em></strong></span> <span class='ocrx_word' id='word_1_74' title='bbox 1504 1222 1987 1278; x_wconf 82' lang='lat' dir='ltr'><strong><em>reverendissimum</em></strong></span> <span class='ocrx_word' id='word_1_75' title='bbox 2016 1238 2077 1275; x_wconf 92' lang='lat' dir='ltr'><strong><em>ac</em></strong></span> 
     </span>
    </p>
   </div>
   <div class='ocr_carea' id='block_1_14' title="bbox 468 1316 2079 1389">
    <p class='ocr_par' dir='ltr' id='par_1_14' title="bbox 468 1316 2079 1389">
     <span class='ocr_line' id='line_1_14' title="bbox 468 1316 2079 1389; baseline -0.004 -15"><span class='ocrx_word' id='word_1_76' title='bbox 468 1319 917 1389; x_wconf 83' lang='lat' dir='ltr'><strong><em>religiosissimum</em></strong></span> <span class='ocrx_word' id='word_1_77' title='bbox 943 1316 1195 1388; x_wconf 79' lang='lat' dir='ltr'><strong><em>Cyrillum</em></strong></span> <span class='ocrx_word' id='word_1_78' title='bbox 1220 1316 1531 1381; x_wconf 84' lang='lat' dir='ltr'><strong><em>indicamus,</em></strong></span> <span class='ocrx_word' id='word_1_79' title='bbox 1570 1318 1658 1385; x_wconf 88' lang='lat' dir='ltr'><strong><em>qui</em></strong></span> <span class='ocrx_word' id='word_1_80' title='bbox 1683 1316 1928 1370; x_wconf 82' lang='lat' dir='ltr'><strong><em>canonice</em></strong></span> <span class='ocrx_word' id='word_1_81' title='bbox 1952 1316 2079 1369; x_wconf 87' lang='lat' dir='ltr'><strong><em>olint</em></strong></span> 
     </span>
    </p>
   </div>
   <div class='ocr_carea' id='block_1_15' title="bbox 479 1408 2079 1482">
    <p class='ocr_par' dir='ltr' id='par_1_15' title="bbox 479 1408 2079 1482">
     <span class='ocr_line' id='line_1_15' title="bbox 479 1408 2079 1482; baseline -0.003 -17"><span class='ocrx_word' id='word_1_82' title='bbox 479 1412 580 1482; x_wconf 82' lang='lat' dir='ltr'><strong><em>fuit</em></strong></span> <span class='ocrx_word' id='word_1_83' title='bbox 607 1411 899 1472; x_wconf 84' lang='lat' dir='ltr'><strong><em>ordinatus,</em></strong></span> <span class='ocrx_word' id='word_1_84' title='bbox 924 1419 973 1462; x_wconf 92' lang='lat' dir='ltr'><strong><em>et</em></strong></span> <span class='ocrx_word' id='word_1_85' title='bbox 1006 1409 1231 1479; x_wconf 85' lang='lat' dir='ltr'><strong><em>plurima</em></strong></span> <span class='ocrx_word' id='word_1_86' title='bbox 1255 1410 1413 1462; x_wconf 80' lang='lat' dir='ltr'><strong><em>variis</em></strong></span> <span class='ocrx_word' id='word_1_87' title='bbox 1440 1409 1491 1461; x_wconf 92' lang='lat' dir='ltr'><strong><em>in</em></strong></span> <span class='ocrx_word' id='word_1_88' title='bbox 1516 1408 1641 1461; x_wconf 89' lang='lat' dir='ltr'><strong><em>locis</em></strong></span> <span class='ocrx_word' id='word_1_89' title='bbox 1664 1416 1841 1461; x_wconf 92' lang='lat' dir='ltr'><strong><em>contra</em></strong></span> <span class='ocrx_word' id='word_1_90' title='bbox 1857 1408 2079 1461; x_wconf 84' lang='lat' dir='ltr'><strong><em>Arianos</em></strong></span> 
     </span>
    </p>
   </div>
   <div class='ocr_carea' id='block_1_16' title="bbox 475 1497 2076 1571">
    <p class='ocr_par' dir='ltr' id='par_1_16' title="bbox 475 1497 2076 1571">
     <span class='ocr_line' id='line_1_16' title="bbox 475 1497 2076 1571; baseline -0.003 -14"><span class='ocrx_word' id='word_1_91' title='bbox 475 1505 758 1558; x_wconf 87' lang='lat' dir='ltr'><strong><em>certamina</em></strong></span> <span class='ocrx_word' id='word_1_92' title='bbox 769 1501 942 1557; x_wconf 86' lang='lat' dir='ltr'><strong><em>subiit.</em></strong></span> <span class='ocrx_word' id='word_1_93' title='bbox 968 1501 1080 1556; x_wconf 83' lang='lat' dir='ltr'><strong><em>Hoc</em></strong></span> <span class='ocrx_word' id='word_1_94' title='bbox 1096 1512 1275 1556; x_wconf 88' lang='lat' dir='ltr'><strong><em>antem</em></strong></span> <span class='ocrx_word' id='word_1_95' title='bbox 1295 1500 1414 1556; x_wconf 93' lang='lat' dir='ltr'><strong><em>loco</em></strong></span> <span class='ocrx_word' id='word_1_96' title='bbox 1433 1500 1761 1570; x_wconf 87' lang='lat' dir='ltr'><strong><em>Beveregius</em></strong></span> <span class='ocrx_word' id='word_1_97' title='bbox 1782 1500 1951 1555; x_wconf 90' lang='lat' dir='ltr'><strong><em>utitur</em></strong></span> <span class='ocrx_word' id='word_1_98' title='bbox 1971 1497 2076 1571; x_wconf 89' lang='lat' dir='ltr'><strong><em>(a),</em></strong></span> 
     </span>
    </p>
   </div>
   <div class='ocr_carea' id='block_1_17' title="bbox 476 1594 2080 1666">
    <p class='ocr_par' dir='ltr' id='par_1_17' title="bbox 476 1594 2080 1666">
     <span class='ocr_line' id='line_1_17' title="bbox 476 1594 2080 1666; baseline -0.001 -14"><span class='ocrx_word' id='word_1_99' title='bbox 476 1606 541 1652; x_wconf 88' lang='lat' dir='ltr'><strong><em>ut</em></strong></span> <span class='ocrx_word' id='word_1_100' title='bbox 568 1597 992 1665; x_wconf 88' lang='lat' dir='ltr'><strong><em>apostolicorum</em></strong></span> <span class='ocrx_word' id='word_1_101' title='bbox 1038 1611 1339 1659; x_wconf 88' lang='lat' dir='ltr'><strong><em>canonum,</em></strong></span> <span class='ocrx_word' id='word_1_102' title='bbox 1380 1610 1516 1666; x_wconf 92' lang='lat' dir='ltr'><strong><em>quos</em></strong></span> <span class='ocrx_word' id='word_1_103' title='bbox 1544 1595 1646 1650; x_wconf 89' lang='lat' dir='ltr'><strong><em>sub</em></strong></span> <span class='ocrx_word' id='word_1_104' title='bbox 1682 1610 1815 1651; x_wconf 84' lang='lat' dir='ltr'><strong><em>voce</em></strong></span> <span class='ocrx_word' id='word_1_105' title='bbox 1846 1594 2080 1664; x_wconf 77' lang='lat' dir='ltr'><strong><em>antiqua:</em></strong></span> 
     </span>
    </p>
   </div>
   <div class='ocr_carea' id='block_1_18' title="bbox 476 1688 2082 1759">
    <p class='ocr_par' dir='ltr' id='par_1_18' title="bbox 476 1688 2082 1759">
     <span class='ocr_line' id='line_1_18' title="bbox 476 1688 2082 1759; baseline -0.001 -15"><span class='ocrx_word' id='word_1_106' title='bbox 476 1690 776 1744; x_wconf 90' lang='lat' dir='ltr'><strong><em>sanctionis</em></strong></span> <span class='ocrx_word' id='word_1_107' title='bbox 804 1688 1071 1743; x_wconf 89' lang='lat' dir='ltr'><strong><em>indicatos</em></strong></span> <span class='ocrx_word' id='word_1_108' title='bbox 1101 1698 1247 1745; x_wconf 89' lang='lat' dir='ltr'><strong><em>recte</em></strong></span> <span class='ocrx_word' id='word_1_109' title='bbox 1276 1697 1461 1758; x_wconf 89' lang='lat' dir='ltr'><strong><em>putat,</em></strong></span> <span class='ocrx_word' id='word_1_110' title='bbox 1513 1690 1888 1743; x_wconf 78' lang='lat' dir='ltr'><strong><em>auctoritatem</em></strong></span> <span class='ocrx_word' id='word_1_111' title='bbox 1920 1697 2082 1759; x_wconf 90' lang='lat' dir='ltr'><strong><em>atque</em></strong></span> 
     </span>
    </p>
   </div>
   <div class='ocr_carea' id='block_1_19' title="bbox 2178 480 3767 558">
    <p class='ocr_par' dir='ltr' id='par_1_19' title="bbox 2178 480 3767 558">
     <span class='ocr_line' id='line_1_19' title="bbox 2178 480 3767 558; baseline 0.005 -23"><span class='ocrx_word' id='word_1_112' title='bbox 2178 480 2451 548; x_wconf 89' lang='lat' dir='ltr'><strong><em>videntur,</em></strong></span> <span class='ocrx_word' id='word_1_113' title='bbox 2477 482 2698 550; x_wconf 83' lang='lat' dir='ltr'><strong><em>suisque</em></strong></span> <span class='ocrx_word' id='word_1_114' title='bbox 2727 483 3121 553; x_wconf 68' lang='lat' dir='ltr'><strong><em>praeconceptis</em></strong></span> <span class='ocrx_word' id='word_1_115' title='bbox 3148 484 3495 553; x_wconf 90' lang='lat' dir='ltr'><strong><em>opinionibus</em></strong></span> <span class='ocrx_word' id='word_1_116' title='bbox 3521 486 3726 558; x_wconf 83' lang='lat' dir='ltr'><strong><em>abrepti</em></strong></span> <span class='ocrx_word' id='word_1_117' title='bbox 3753 506 3767 543; x_wconf 91' lang='lat'><strong>:</strong></span> 
     </span>
    </p>
   </div>
   <div class='ocr_carea' id='block_1_20' title="bbox 2177 574 3769 649">
    <p class='ocr_par' dir='ltr' id='par_1_20' title="bbox 2177 574 3769 649">
     <span class='ocr_line' id='line_1_20' title="bbox 2177 574 3769 649; baseline 0.006 -20"><span class='ocrx_word' id='word_1_118' title='bbox 2177 574 2415 645; x_wconf 79' lang='lat' dir='ltr'><strong><em>pontifex</em></strong></span> <span class='ocrx_word' id='word_1_119' title='bbox 2439 576 2582 631; x_wconf 91' lang='lat' dir='ltr'><strong><em>enim</em></strong></span> <span class='ocrx_word' id='word_1_120' title='bbox 2603 575 2931 644; x_wconf 76' lang='lat' dir='ltr'><strong><em>Bonifacius,</em></strong></span> <span class='ocrx_word' id='word_1_121' title='bbox 2949 578 3100 633; x_wconf 86' lang='lat' dir='ltr'><strong><em>testis</em></strong></span> <span class='ocrx_word' id='word_1_122' title='bbox 3120 578 3307 648; x_wconf 90' lang='lat' dir='ltr'><strong><em>procul</em></strong></span> <span class='ocrx_word' id='word_1_123' title='bbox 3329 579 3498 636; x_wconf 90' lang='lat' dir='ltr'><strong><em>dubio</em></strong></span> <span class='ocrx_word' id='word_1_124' title='bbox 3525 580 3769 649; x_wconf 90' lang='lat' dir='ltr'><strong><em>idoneus,</em></strong></span> 
     </span>
    </p>
   </div>
   <div class='ocr_carea' id='block_1_21' title="bbox 2178 667 3777 745">
    <p class='ocr_par' dir='ltr' id='par_1_21' title="bbox 2178 667 3777 745">
     <span class='ocr_line' id='line_1_21' title="bbox 2178 667 3777 745; baseline 0.006 -24"><span class='ocrx_word' id='word_1_125' title='bbox 2178 684 2337 722; x_wconf 88' lang='lat' dir='ltr'><strong><em>unam</em></strong></span> <span class='ocrx_word' id='word_1_126' title='bbox 2372 678 2578 723; x_wconf 89' lang='lat' dir='ltr'><strong><em>tantum</em></strong></span> <span class='ocrx_word' id='word_1_127' title='bbox 2601 667 2753 723; x_wconf 84' lang='lat' dir='ltr'><strong><em>aﬁ‘ert</em></strong></span> <span class='ocrx_word' id='word_1_128' title='bbox 2782 669 2942 738; x_wconf 94' lang='lat' dir='ltr'><strong><em>hujus</em></strong></span> <span class='ocrx_word' id='word_1_129' title='bbox 2970 670 3049 726; x_wconf 92' lang='lat' dir='ltr'><strong><em>rei</em></strong></span> <span class='ocrx_word' id='word_1_130' title='bbox 3080 686 3323 735; x_wconf 86' lang='lat' dir='ltr'><strong><em>causam,</em></strong></span> <span class='ocrx_word' id='word_1_131' title='bbox 3348 674 3472 743; x_wconf 85' lang='lat' dir='ltr'><strong><em>quia</em></strong></span> <span class='ocrx_word' id='word_1_132' title='bbox 3506 690 3701 745; x_wconf 84' lang='lat' dir='ltr'><strong><em>nempe</em></strong></span> <span class='ocrx_word' id='word_1_133' title='bbox 3723 676 3777 731; x_wconf 88' lang='lat' dir='ltr'><strong><em>id</em></strong></span> 
     </span>
    </p>
   </div>
   <div class='ocr_carea' id='block_1_22' title="bbox 2176 760 3779 839">
    <p class='ocr_par' dir='ltr' id='par_1_22' title="bbox 2176 760 3779 839">
     <span class='ocr_line' id='line_1_22' title="bbox 2176 760 3779 839; baseline 0.007 -24"><span class='ocrx_word' id='word_1_134' title='bbox 2176 761 2378 829; x_wconf 83' lang='lat' dir='ltr'><strong><em>negotii</em></strong></span> <span class='ocrx_word' id='word_1_135' title='bbox 2410 760 2463 815; x_wconf 92' lang='lat' dir='ltr'><strong><em>in</em></strong></span> <span class='ocrx_word' id='word_1_136' title='bbox 2489 760 2716 816; x_wconf 81' lang='lat' dir='ltr'><strong><em>Romani</em></strong></span> <span class='ocrx_word' id='word_1_137' title='bbox 2744 762 2981 834; x_wconf 80' lang='lat' dir='ltr'><strong><em>episcopi</em></strong></span> <span class='ocrx_word' id='word_1_138' title='bbox 3012 764 3225 818; x_wconf 90' lang='lat' dir='ltr'><strong><em>notione</em></strong></span> <span class='ocrx_word' id='word_1_139' title='bbox 3251 782 3355 820; x_wconf 92' lang='lat' dir='ltr'><strong><em>non</em></strong></span> <span class='ocrx_word' id='word_1_140' title='bbox 3379 776 3527 834; x_wconf 87' lang='lat' dir='ltr'><strong><em>esset,</em></strong></span> <span class='ocrx_word' id='word_1_141' title='bbox 3552 782 3779 839; x_wconf 79' lang='lat' dir='ltr'><strong><em>eamque</em></strong></span> 
     </span>
    </p>
   </div>
   <div class='ocr_carea' id='block_1_23' title="bbox 2177 854 3777 931">
    <p class='ocr_par' dir='ltr' id='par_1_23' title="bbox 2177 854 3777 931">
     <span class='ocr_line' id='line_1_23' title="bbox 2177 854 3777 931; baseline 0.006 -24"><span class='ocrx_word' id='word_1_142' title='bbox 2177 864 2466 923; x_wconf 82' lang='lat' dir='ltr'><strong><em>propterea</em></strong></span> <span class='ocrx_word' id='word_1_143' title='bbox 2511 854 2809 923; x_wconf 81' lang='lat' dir='ltr'><strong><em>firmitatem</em></strong></span> <span class='ocrx_word' id='word_1_144' title='bbox 2840 872 2948 911; x_wconf 92' lang='lat' dir='ltr'><strong><em>non</em></strong></span> <span class='ocrx_word' id='word_1_145' title='bbox 2983 857 3239 923; x_wconf 83' lang='lat' dir='ltr'><strong><em>haberet,</em></strong></span> <span class='ocrx_word' id='word_1_146' title='bbox 3267 874 3388 931; x_wconf 70' lang='lat' dir='ltr'><strong><em>qua:</em></strong></span> <span class='ocrx_word' id='word_1_147' title='bbox 3412 876 3479 916; x_wconf 84' lang='lat' dir='ltr'><strong><em>ex</em></strong></span> <span class='ocrx_word' id='word_1_148' title='bbox 3523 877 3631 916; x_wconf 89' lang='lat' dir='ltr'><strong><em>una</em></strong></span> <span class='ocrx_word' id='word_1_149' title='bbox 3660 870 3777 917; x_wconf 87' lang='lat' dir='ltr'><strong><em>tan-</em></strong></span> 
     </span>
    </p>
   </div>
   <div class='ocr_carea' id='block_1_24' title="bbox 2177 946 3781 1014">
    <p class='ocr_par' dir='ltr' id='par_1_24' title="bbox 2177 946 3781 1014">
     <span class='ocr_line' id='line_1_24' title="bbox 2177 946 3781 1014; baseline 0.008 -16"><span class='ocrx_word' id='word_1_150' title='bbox 2177 952 2290 999; x_wconf 91' lang='lat' dir='ltr'><strong><em>tum</em></strong></span> <span class='ocrx_word' id='word_1_151' title='bbox 2349 946 2662 1014; x_wconf 75' lang='lat' dir='ltr'><strong><em>ap0stolic33</em></strong></span> <span class='ocrx_word' id='word_1_152' title='bbox 2726 947 2872 1003; x_wconf 90' lang='lat' dir='ltr'><strong><em>sedis</em></strong></span> <span class='ocrx_word' id='word_1_153' title='bbox 2935 950 3318 1007; x_wconf 89' lang='lat' dir='ltr'><strong><em>communione</em></strong></span> <span class='ocrx_word' id='word_1_154' title='bbox 3380 953 3641 1010; x_wconf 85' lang='lat' dir='ltr'><strong><em>accedere</em></strong></span> <span class='ocrx_word' id='word_1_155' title='bbox 3700 955 3781 1011; x_wconf 86' lang='lat' dir='ltr'><strong><em>illi</em></strong></span> 
     </span>
    </p>
   </div>
   <div class='ocr_carea' id='block_1_25' title="bbox 2178 1038 3779 1109">
    <p class='ocr_par' dir='ltr' id='par_1_25' title="bbox 2178 1038 3779 1109">
     <span class='ocr_line' id='line_1_25' title="bbox 2178 1038 3779 1109; baseline 0.007 -18"><span class='ocrx_word' id='word_1_156' title='bbox 2178 1047 2426 1109; x_wconf 89' lang='lat' dir='ltr'><strong><em>poterat;</em></strong></span> <span class='ocrx_word' id='word_1_157' title='bbox 2478 1038 2745 1108; x_wconf 86' lang='lat' dir='ltr'><strong><em>siquidem</em></strong></span> <span class='ocrx_word' id='word_1_158' title='bbox 2799 1040 3121 1109; x_wconf 85' lang='lat' dir='ltr'><strong><em>Nectarius,</em></strong></span> <span class='ocrx_word' id='word_1_159' title='bbox 3180 1043 3599 1102; x_wconf 83' lang='lat' dir='ltr'><strong><em>catechumenos</em></strong></span> <span class='ocrx_word' id='word_1_160' title='bbox 3649 1063 3779 1102; x_wconf 88' lang='lat' dir='ltr'><strong><em>eum</em></strong></span> 
     </span>
    </p>
   </div>
   <div class='ocr_carea' id='block_1_26' title="bbox 2178 1129 3780 1209">
    <p class='ocr_par' dir='ltr' id='par_1_26' title="bbox 2178 1129 3780 1209">
     <span class='ocr_line' id='line_1_26' title="bbox 2178 1129 3780 1209; baseline 0.006 -24"><span class='ocrx_word' id='word_1_161' title='bbox 2178 1138 2342 1198; x_wconf 88' lang='lat' dir='ltr'><strong><em>esset,</em></strong></span> <span class='ocrx_word' id='word_1_162' title='bbox 2370 1129 2590 1185; x_wconf 76' lang='lat' dir='ltr'><strong><em>Niemno</em></strong></span> <span class='ocrx_word' id='word_1_163' title='bbox 2615 1145 2737 1186; x_wconf 89' lang='lat' dir='ltr'><strong><em>can.</em></strong></span> <span class='ocrx_word' id='word_1_164' title='bbox 2762 1131 2797 1185; x_wconf 79' lang='grc'>2</span> <span class='ocrx_word' id='word_1_165' title='bbox 2827 1132 2895 1188; x_wconf 89' lang='lat' dir='ltr'><strong><em>ab</em></strong></span> <span class='ocrx_word' id='word_1_166' title='bbox 2919 1132 3238 1204; x_wconf 60' lang='lat' dir='ltr'><strong><em>episcopatu</em></strong></span> <span class='ocrx_word' id='word_1_167' title='bbox 3264 1134 3571 1205; x_wconf 85' lang='lat' dir='ltr'><strong><em>arcebatur,</em></strong></span> <span class='ocrx_word' id='word_1_168' title='bbox 3598 1153 3780 1209; x_wconf 87' lang='lat' dir='ltr'><strong><em>eaque</em></strong></span> 
     </span>
    </p>
   </div>
   <div class='ocr_carea' id='block_1_27' title="bbox 2179 1222 3777 1296">
    <p class='ocr_par' dir='ltr' id='par_1_27' title="bbox 2179 1222 3777 1296">
     <span class='ocr_line' id='line_1_27' title="bbox 2179 1222 3777 1296; baseline 0.006 -20"><span class='ocrx_word' id='word_1_169' title='bbox 2179 1229 2449 1276; x_wconf 91' lang='lat' dir='ltr'><strong><em>estcausa</em></strong></span> <span class='ocrx_word' id='word_1_170' title='bbox 2493 1236 2592 1277; x_wconf 90' lang='lat' dir='ltr'><strong><em>cur</em></strong></span> <span class='ocrx_word' id='word_1_171' title='bbox 2630 1223 2816 1292; x_wconf 90' lang='lat' dir='ltr'><strong><em>plures</em></strong></span> <span class='ocrx_word' id='word_1_172' title='bbox 2845 1238 2910 1278; x_wconf 82' lang='lat' dir='ltr'><strong><em>ex</em></strong></span> <span class='ocrx_word' id='word_1_173' title='bbox 2948 1222 3201 1281; x_wconf 89' lang='lat' dir='ltr'><strong><em>Patribus</em></strong></span> <span class='ocrx_word' id='word_1_174' title='bbox 3228 1228 3348 1296; x_wconf 82' lang='lat' dir='ltr'><strong><em>ejus</em></strong></span> <span class='ocrx_word' id='word_1_175' title='bbox 3377 1229 3777 1286; x_wconf 87' lang='lat' dir='ltr'><strong><em>consecrationi</em></strong></span> 
     </span>
    </p>
   </div>
   <div class='ocr_carea' id='block_1_28' title="bbox 2179 1313 3778 1391">
    <p class='ocr_par' dir='ltr' id='par_1_28' title="bbox 2179 1313 3778 1391">
     <span class='ocr_line' id='line_1_28' title="bbox 2179 1313 3778 1391; baseline 0.004 -23"><span class='ocrx_word' id='word_1_176' title='bbox 2179 1313 2248 1368; x_wconf 90' lang='lat' dir='ltr'><strong><em>ab</em></strong></span> <span class='ocrx_word' id='word_1_177' title='bbox 2278 1314 2433 1369; x_wconf 90' lang='lat' dir='ltr'><strong><em>initio</em></strong></span> <span class='ocrx_word' id='word_1_178' title='bbox 2461 1313 2897 1371; x_wconf 80' lang='lat' dir='ltr'><strong><em>intercesserint.</em></strong></span> <span class='ocrx_word' id='word_1_179' title='bbox 2921 1315 3035 1372; x_wconf 86' lang='lat' dir='ltr'><strong><em>Hoc</em></strong></span> <span class='ocrx_word' id='word_1_180' title='bbox 3060 1317 3243 1391; x_wconf 87' lang='lat' dir='ltr'><strong><em>itaque</em></strong></span> <span class='ocrx_word' id='word_1_181' title='bbox 3268 1334 3390 1375; x_wconf 91' lang='lat' dir='ltr'><strong><em>cum</em></strong></span> <span class='ocrx_word' id='word_1_182' title='bbox 3411 1319 3576 1375; x_wconf 89' lang='lat' dir='ltr'><strong><em>etiam</em></strong></span> <span class='ocrx_word' id='word_1_183' title='bbox 3600 1320 3778 1377; x_wconf 83' lang='lat' dir='ltr'><strong><em>Theo-</em></strong></span> 
     </span>
    </p>
   </div>
   <div class='ocr_carea' id='block_1_29' title="bbox 2181 1405 3773 1485">
    <p class='ocr_par' dir='ltr' id='par_1_29' title="bbox 2181 1405 3773 1485">
     <span class='ocr_line' id='line_1_29' title="bbox 2181 1405 3773 1485; baseline 0.007 -25"><span class='ocrx_word' id='word_1_184' title='bbox 2181 1405 2367 1462; x_wconf 91' lang='lat' dir='ltr'><strong><em>dosius</em></strong></span> <span class='ocrx_word' id='word_1_185' title='bbox 2399 1407 2565 1478; x_wconf 90' lang='lat' dir='ltr'><strong><em>probe</em></strong></span> <span class='ocrx_word' id='word_1_186' title='bbox 2612 1408 2940 1480; x_wconf 90' lang='lat' dir='ltr'><strong><em>intelligeret</em></strong></span> <span class='ocrx_word' id='word_1_187' title='bbox 2986 1426 3050 1464; x_wconf 91' lang='lat' dir='ltr'><strong><em>ac</em></strong></span> <span class='ocrx_word' id='word_1_188' title='bbox 3076 1424 3358 1468; x_wconf 87' lang='lat' dir='ltr'><strong><em>vereretur</em></strong></span> <span class='ocrx_word' id='word_1_189' title='bbox 3410 1428 3479 1469; x_wconf 89' lang='lat' dir='ltr'><strong><em>ne</em></strong></span> <span class='ocrx_word' id='word_1_190' title='bbox 3508 1414 3637 1485; x_wconf 89' lang='lat' dir='ltr'><strong><em>quid</em></strong></span> <span class='ocrx_word' id='word_1_191' title='bbox 3668 1416 3773 1472; x_wconf 85' lang='lat' dir='ltr'><strong><em>ite-</em></strong></span> 
     </span>
    </p>
   </div>
   <div class='ocr_carea' id='block_1_30' title="bbox 2181 1501 3778 1578">
    <p class='ocr_par' dir='ltr' id='par_1_30' title="bbox 2181 1501 3778 1578">
     <span class='ocr_line' id='line_1_30' title="bbox 2181 1501 3778 1578; baseline 0.005 -24"><span class='ocrx_word' id='word_1_192' title='bbox 2181 1514 2301 1554; x_wconf 92' lang='lat' dir='ltr'><strong><em>rum</em></strong></span> <span class='ocrx_word' id='word_1_193' title='bbox 2351 1508 2641 1571; x_wconf 77' lang='lat' dir='ltr'><strong><em>prOpterea</em></strong></span> <span class='ocrx_word' id='word_1_194' title='bbox 2691 1511 2879 1557; x_wconf 89' lang='lat' dir='ltr'><strong><em>contra</em></strong></span> <span class='ocrx_word' id='word_1_195' title='bbox 2929 1501 3236 1560; x_wconf 87' lang='lat' dir='ltr'><strong><em>Nectarium</em></strong></span> <span class='ocrx_word' id='word_1_196' title='bbox 3294 1506 3502 1561; x_wconf 82' lang='lat' dir='ltr'><strong><em>moveri</em></strong></span> <span class='ocrx_word' id='word_1_197' title='bbox 3558 1517 3778 1578; x_wconf 87' lang='lat' dir='ltr'><strong><em>posset,</em></strong></span> 
     </span>
    </p>
   </div>
   <div class='ocr_carea' id='block_1_31' title="bbox 2185 1592 3774 1673">
    <p class='ocr_par' dir='ltr' id='par_1_31' title="bbox 2185 1592 3774 1673">
     <span class='ocr_line' id='line_1_31' title="bbox 2185 1592 3774 1673; baseline 0.006 -25"><span class='ocrx_word' id='word_1_198' title='bbox 2185 1592 2355 1648; x_wconf 88' lang='lat' dir='ltr'><strong><em>tribus</em></strong></span> <span class='ocrx_word' id='word_1_199' title='bbox 2385 1594 2475 1664; x_wconf 90' lang='lat' dir='ltr'><strong><em>qui</em></strong></span> <span class='ocrx_word' id='word_1_200' title='bbox 2506 1601 2630 1649; x_wconf 89' lang='lat' dir='ltr'><strong><em>tunc</em></strong></span> <span class='ocrx_word' id='word_1_201' title='bbox 2656 1594 2723 1650; x_wconf 91' lang='lat' dir='ltr'><strong><em>ab</em></strong></span> <span class='ocrx_word' id='word_1_202' title='bbox 2751 1611 2814 1651; x_wconf 87' lang='lat' dir='ltr'><strong><em>ea</em></strong></span> <span class='ocrx_word' id='word_1_203' title='bbox 2844 1596 3052 1668; x_wconf 85' lang='lat' dir='ltr'><strong><em>synodo</em></strong></span> <span class='ocrx_word' id='word_1_204' title='bbox 3080 1597 3308 1653; x_wconf 85' lang='lat' dir='ltr'><strong><em>Romam</em></strong></span> <span class='ocrx_word' id='word_1_205' title='bbox 3340 1598 3499 1670; x_wconf 77' lang='lat' dir='ltr'><strong><em>legati</em></strong></span> <span class='ocrx_word' id='word_1_206' title='bbox 3528 1600 3774 1673; x_wconf 85' lang='lat' dir='ltr'><strong><em>episcopi</em></strong></span> 
     </span>
    </p>
   </div>
   <div class='ocr_carea' id='block_1_32' title="bbox 2185 1688 3778 1762">
    <p class='ocr_par' dir='ltr' id='par_1_32' title="bbox 2185 1688 3778 1762">
     <span class='ocr_line' id='line_1_32' title="bbox 2185 1688 3778 1762; baseline 0.004 -19"><span class='ocrx_word' id='word_1_207' title='bbox 2185 1688 2419 1755; x_wconf 79' lang='lat' dir='ltr'><strong><em>fuerant,</em></strong></span> <span class='ocrx_word' id='word_1_208' title='bbox 2449 1690 2653 1745; x_wconf 87' lang='lat' dir='ltr'><strong><em>aulicos</em></strong></span> <span class='ocrx_word' id='word_1_209' title='bbox 2679 1704 2808 1745; x_wconf 90' lang='lat' dir='ltr'><strong><em>suos</em></strong></span> <span class='ocrx_word' id='word_1_210' title='bbox 2833 1690 3100 1759; x_wconf 83' lang='lat' dir='ltr'><strong><em>adjunxit,</em></strong></span> <span class='ocrx_word' id='word_1_211' title='bbox 3124 1706 3231 1762; x_wconf 93' lang='lat' dir='ltr'><strong><em>quo</em></strong></span> <span class='ocrx_word' id='word_1_212' title='bbox 3256 1691 3465 1748; x_wconf 80' lang='lat' dir='ltr'><strong><em>facilius</em></strong></span> <span class='ocrx_word' id='word_1_213' title='bbox 3491 1693 3778 1749; x_wconf 76' lang='lat' dir='ltr'><strong><em>Damasum</em></strong></span> 
     </span>
    </p>
   </div>
   <div class='ocr_carea' id='block_1_33' title="bbox 479 1776 3789 1853">
    <p class='ocr_par' dir='ltr' id='par_1_33' title="bbox 479 1776 3789 1853">
     <span class='ocr_line' id='line_1_33' title="bbox 479 1776 3789 1853; baseline 0.001 -14"><span class='ocrx_word' id='word_1_214' title='bbox 479 1783 854 1853; x_wconf 87' lang='lat' dir='ltr'><strong><em>antiquitatem</em></strong></span> <span class='ocrx_word' id='word_1_215' title='bbox 882 1782 1162 1849; x_wconf 89' lang='lat' dir='ltr'><strong><em>adstruat,</em></strong></span> <span class='ocrx_word' id='word_1_216' title='bbox 1196 1797 1260 1837; x_wconf 90' lang='lat' dir='ltr'><strong><em>ac</em></strong></span> <span class='ocrx_word' id='word_1_217' title='bbox 1298 1792 1354 1836; x_wconf 93' lang='lat' dir='ltr'><strong><em>ut</em></strong></span> <span class='ocrx_word' id='word_1_218' title='bbox 1377 1781 1611 1837; x_wconf 87' lang='lat' dir='ltr'><strong><em>Nectarii</em></strong></span> <span class='ocrx_word' id='word_1_219' title='bbox 1637 1794 1690 1838; x_wconf 90' lang='lat' dir='ltr'><strong><em>et</em></strong></span> <span class='ocrx_word' id='word_1_220' title='bbox 1722 1782 1962 1838; x_wconf 84' lang='lat' dir='ltr'><strong><em>Flaviani</em></strong></span> <span class='ocrx_word' id='word_1_221' title='bbox 1993 1796 2080 1837; x_wconf 85' lang='lat' dir='ltr'><strong><em>or—</em></strong></span> <span class='ocrx_word' id='word_1_222' title='bbox 2112 1776 2159 1838; x_wconf 85' lang='grc' dir='ltr'><strong>Β</strong></span> <span class='ocrx_word' id='word_1_223' title='bbox 2188 1788 2529 1850; x_wconf 82' lang='lat' dir='ltr'><strong><em>permoveret</em></strong></span> <span class='ocrx_word' id='word_1_224' title='bbox 2555 1781 2621 1835; x_wconf 91' lang='lat' dir='ltr'><strong><em>ad</em></strong></span> <span class='ocrx_word' id='word_1_225' title='bbox 2652 1782 3032 1838; x_wconf 89' lang='lat' dir='ltr'><strong><em>concedendas</em></strong></span> <span class='ocrx_word' id='word_1_226' title='bbox 3062 1798 3179 1839; x_wconf 66' lang='lat' dir='ltr'><strong><em>sua:</em></strong></span> <span class='ocrx_word' id='word_1_227' title='bbox 3216 1784 3614 1841; x_wconf 89' lang='lat' dir='ltr'><strong><em>communionis</em></strong></span> <span class='ocrx_word' id='word_1_228' title='bbox 3645 1786 3789 1844; x_wconf 89' lang='lat' dir='ltr'><strong><em>litte-</em></strong></span> 
     </span>
    </p>
   </div>
   <div class='ocr_carea' id='block_1_34' title="bbox 482 1874 2079 1946">
    <p class='ocr_par' dir='ltr' id='par_1_34' title="bbox 482 1874 2079 1946">
     <span class='ocr_line' id='line_1_34' title="bbox 482 1874 2079 1946; baseline -0.003 -13"><span class='ocrx_word' id='word_1_229' title='bbox 482 1877 814 1941; x_wconf 87' lang='lat' dir='ltr'><strong><em>dinationes,</em></strong></span> <span class='ocrx_word' id='word_1_230' title='bbox 857 1876 1056 1930; x_wconf 90' lang='lat' dir='ltr'><strong><em>nedum</em></strong></span> <span class='ocrx_word' id='word_1_231' title='bbox 1105 1890 1133 1928; x_wconf 91' lang='lat' dir='ltr'><strong><em>a</em></strong></span> <span class='ocrx_word' id='word_1_232' title='bbox 1180 1874 1469 1945; x_wconf 88' lang='lat' dir='ltr'><strong><em>cujuslibet</em></strong></span> <span class='ocrx_word' id='word_1_233' title='bbox 1515 1875 1845 1946; x_wconf 62' lang='lat' dir='ltr'><strong><em>provincias,</em></strong></span> <span class='ocrx_word' id='word_1_234' title='bbox 1892 1890 2079 1931; x_wconf 87' lang='lat' dir='ltr'><strong><em>verum</em></strong></span> 
     </span>
    </p>
   </div>
   <div class='ocr_carea' id='block_1_35' title="bbox 478 1968 2080 2041">
    <p class='ocr_par' dir='ltr' id='par_1_35' title="bbox 478 1968 2080 2041">
     <span class='ocr_line' id='line_1_35' title="bbox 478 1968 2080 2041; baseline -0.002 -13"><span class='ocrx_word' id='word_1_235' title='bbox 478 1971 641 2028; x_wconf 87' lang='lat' dir='ltr'><strong><em>etiam</em></strong></span> <span class='ocrx_word' id='word_1_236' title='bbox 686 1971 915 2026; x_wconf 87' lang='lat' dir='ltr'><strong><em>aliarum</em></strong></span> <span class='ocrx_word' id='word_1_237' title='bbox 956 1970 1357 2041; x_wconf 83' lang='lat' dir='ltr'><strong><em>provinciarum</em></strong></span> <span class='ocrx_word' id='word_1_238' title='bbox 1400 1985 1463 2025; x_wconf 91' lang='lat' dir='ltr'><strong><em>ac</em></strong></span> <span class='ocrx_word' id='word_1_239' title='bbox 1508 1969 1673 2024; x_wconf 88' lang='lat' dir='ltr'><strong><em>totius</em></strong></span> <span class='ocrx_word' id='word_1_240' title='bbox 1712 1968 1979 2035; x_wconf 88' lang='lat' dir='ltr'><strong><em>Orientis,</em></strong></span> <span class='ocrx_word' id='word_1_241' title='bbox 2026 1970 2080 2025; x_wconf 93' lang='lat' dir='ltr'><strong><em>in</em></strong></span> 
     </span>
    </p>
   </div>
   <div class='ocr_carea' id='block_1_36' title="bbox 479 2063 2082 2135">
    <p class='ocr_par' dir='ltr' id='par_1_36' title="bbox 479 2063 2082 2135">
     <span class='ocr_line' id='line_1_36' title="bbox 479 2063 2082 2135; baseline -0.002 -13"><span class='ocrx_word' id='word_1_242' title='bbox 479 2064 714 2122; x_wconf 88' lang='lat' dir='ltr'><strong><em>concilio</em></strong></span> <span class='ocrx_word' id='word_1_243' title='bbox 762 2065 1364 2133; x_wconf 87' lang='lat' dir='ltr'><strong><em>Constantinopolitano</em></strong></span> <span class='ocrx_word' id='word_1_244' title='bbox 1412 2072 1538 2119; x_wconf 91' lang='lat' dir='ltr'><strong><em>tunc</em></strong></span> <span class='ocrx_word' id='word_1_245' title='bbox 1582 2065 1924 2135; x_wconf 80' lang='lat' dir='ltr'><strong><em>congregatis</em></strong></span> <span class='ocrx_word' id='word_1_246' title='bbox 1968 2063 2082 2132; x_wconf 82' lang='lat' dir='ltr'><strong><em>epi-</em></strong></span> 
     </span>
    </p>
   </div>
   <div class='ocr_carea' id='block_1_37' title="bbox 480 2158 2083 2229">
    <p class='ocr_par' dir='ltr' id='par_1_37' title="bbox 480 2158 2083 2229">
     <span class='ocr_line' id='line_1_37' title="bbox 480 2158 2083 2229; baseline -0.003 -13"><span class='ocrx_word' id='word_1_247' title='bbox 480 2160 686 2229; x_wconf 89' lang='lat' dir='ltr'><strong><em>scopis,</em></strong></span> <span class='ocrx_word' id='word_1_248' title='bbox 712 2158 881 2214; x_wconf 79' lang='lat' dir='ltr'><strong><em>factas</em></strong></span> <span class='ocrx_word' id='word_1_249' title='bbox 915 2159 1123 2227; x_wconf 82' lang='lat' dir='ltr'><strong><em>probet.</em></strong></span> <span class='ocrx_word' id='word_1_250' title='bbox 1151 2158 1285 2213; x_wconf 87' lang='lat' dir='ltr'><strong><em>Nam</em></strong></span> <span class='ocrx_word' id='word_1_251' title='bbox 1310 2159 1354 2212; x_wconf 91' lang='lat' dir='ltr'><strong><em>si</em></strong></span> <span class='ocrx_word' id='word_1_252' title='bbox 1382 2172 1541 2213; x_wconf 91' lang='lat' dir='ltr'><strong><em>secus</em></strong></span> <span class='ocrx_word' id='word_1_253' title='bbox 1568 2167 1736 2223; x_wconf 85' lang='lat' dir='ltr'><strong><em>esset,</em></strong></span> <span class='ocrx_word' id='word_1_254' title='bbox 1763 2173 1860 2213; x_wconf 90' lang='lat' dir='ltr'><strong><em>cur</em></strong></span> <span class='ocrx_word' id='word_1_255' title='bbox 1888 2171 2083 2226; x_wconf 84' lang='lat' dir='ltr'><strong><em>provo-</em></strong></span> 
     </span>
    </p>
   </div>
   <div class='ocr_carea' id='block_1_38' title="bbox 480 2250 2085 2322">
    <p class='ocr_par' dir='ltr' id='par_1_38' title="bbox 480 2250 2085 2322">
     <span class='ocr_line' id='line_1_38' title="bbox 480 2250 2085 2322; baseline -0.002 -16"><span class='ocrx_word' id='word_1_256' title='bbox 480 2260 700 2307; x_wconf 85' lang='lat' dir='ltr'><strong><em>cassent</em></strong></span> <span class='ocrx_word' id='word_1_257' title='bbox 725 2251 790 2305; x_wconf 88' lang='lat' dir='ltr'><strong><em>ad</em></strong></span> <span class='ocrx_word' id='word_1_258' title='bbox 813 2253 1078 2322; x_wconf 86' lang='lat' dir='ltr'><strong><em>antiquam</em></strong></span> <span class='ocrx_word' id='word_1_259' title='bbox 1105 2251 1246 2305; x_wconf 88' lang='lat' dir='ltr'><strong><em>illam</em></strong></span> <span class='ocrx_word' id='word_1_260' title='bbox 1271 2252 1610 2315; x_wconf 86' lang='lat' dir='ltr'><strong><em>sanctionem,</em></strong></span> <span class='ocrx_word' id='word_1_261' title='bbox 1626 2250 2085 2306; x_wconf 89' lang='lat' dir='ltr'><strong><em>canonesseilicet</em></strong></span> 
     </span>
    </p>
   </div>
   <div class='ocr_carea' id='block_1_39' title="bbox 480 2341 2083 2416">
    <p class='ocr_par' dir='ltr' id='par_1_39' title="bbox 480 2341 2083 2416">
     <span class='ocr_line' id='line_1_39' title="bbox 480 2341 2083 2416; baseline -0.001 -16"><span class='ocrx_word' id='word_1_262' title='bbox 480 2345 813 2416; x_wconf 86' lang='lat' dir='ltr'><strong><em>apostolicos</em></strong></span> <span class='ocrx_word' id='word_1_263' title='bbox 838 2344 907 2401; x_wconf 70' lang='grc'><strong><em>54</em></strong></span> <span class='ocrx_word' id='word_1_264' title='bbox 936 2354 989 2400; x_wconf 89' lang='lat' dir='ltr'><strong><em>et</em></strong></span> <span class='ocrx_word' id='word_1_265' title='bbox 1019 2344 1123 2400; x_wconf 72' lang='grc'><strong><em>557</em></strong></span> <span class='ocrx_word' id='word_1_266' title='bbox 1150 2344 1214 2399; x_wconf 85' lang='lat' dir='ltr'><strong><em>Ili</em></strong></span> <span class='ocrx_word' id='word_1_267' title='bbox 1236 2345 1380 2399; x_wconf 85' lang='lat' dir='ltr'><strong><em>enim</em></strong></span> <span class='ocrx_word' id='word_1_268' title='bbox 1415 2344 1789 2399; x_wconf 88' lang='lat' dir='ltr'><strong><em>tantummodo</em></strong></span> <span class='ocrx_word' id='word_1_269' title='bbox 1819 2355 1984 2415; x_wconf 88' lang='lat' dir='ltr'><strong><em>agunt</em></strong></span> <span class='ocrx_word' id='word_1_270' title='bbox 2013 2341 2083 2399; x_wconf 89' lang='lat' dir='ltr'><strong><em>de</em></strong></span> 
     </span>
    </p>
   </div>
   <div class='ocr_carea' id='block_1_40' title="bbox 482 2434 2081 2509">
    <p class='ocr_par' dir='ltr' id='par_1_40' title="bbox 482 2434 2081 2509">
     <span class='ocr_line' id='line_1_40' title="bbox 482 2434 2081 2509; baseline -0.003 -15"><span class='ocrx_word' id='word_1_271' title='bbox 482 2437 740 2494; x_wconf 88' lang='lat' dir='ltr'><strong><em>vocandis</em></strong></span> <span class='ocrx_word' id='word_1_272' title='bbox 762 2478 775 2501; x_wconf 89' lang='lat'><strong><em>,</em></strong></span> <span class='ocrx_word' id='word_1_273' title='bbox 810 2438 856 2493; x_wconf 91' lang='lat' dir='ltr'><strong><em>si</em></strong></span> <span class='ocrx_word' id='word_1_274' title='bbox 888 2437 1173 2509; x_wconf 79' lang='lat' dir='ltr'><strong><em>placuerit,</em></strong></span> <span class='ocrx_word' id='word_1_275' title='bbox 1206 2437 1429 2491; x_wconf 88' lang='lat' dir='ltr'><strong><em>aliarum</em></strong></span> <span class='ocrx_word' id='word_1_276' title='bbox 1462 2437 1623 2491; x_wconf 89' lang='lat' dir='ltr'><strong><em>etiam</em></strong></span> <span class='ocrx_word' id='word_1_277' title='bbox 1654 2446 1707 2491; x_wconf 92' lang='lat' dir='ltr'><strong><em>et</em></strong></span> <span class='ocrx_word' id='word_1_278' title='bbox 1735 2434 2081 2490; x_wconf 89' lang='lat' dir='ltr'><strong><em>ﬁnitimarum</em></strong></span> 
     </span>
    </p>
   </div>
   <div class='ocr_carea' id='block_1_41' title="bbox 482 2528 2082 2602">
    <p class='ocr_par' dir='ltr' id='par_1_41' title="bbox 482 2528 2082 2602">
     <span class='ocr_line' id='line_1_41' title="bbox 482 2528 2082 2602; baseline -0.001 -18"><span class='ocrx_word' id='word_1_279' title='bbox 482 2529 885 2602; x_wconf 86' lang='lat' dir='ltr'><strong><em>provinciarum</em></strong></span> <span class='ocrx_word' id='word_1_280' title='bbox 915 2529 982 2585; x_wconf 92' lang='lat' dir='ltr'><strong><em>ad</em></strong></span> <span class='ocrx_word' id='word_1_281' title='bbox 1024 2544 1206 2585; x_wconf 87' lang='lat' dir='ltr'><strong><em>sacras</em></strong></span> <span class='ocrx_word' id='word_1_282' title='bbox 1236 2528 1608 2584; x_wconf 88' lang='lat' dir='ltr'><strong><em>ordinationes</em></strong></span> <span class='ocrx_word' id='word_1_283' title='bbox 1638 2528 1909 2599; x_wconf 90' lang='lat' dir='ltr'><strong><em>episcopis</em></strong></span> <span class='ocrx_word' id='word_1_284' title='bbox 1936 2546 1948 2582; x_wconf 89' lang='lat'>:</span> <span class='ocrx_word' id='word_1_285' title='bbox 1982 2530 2082 2583; x_wconf 90' lang='lat' dir='ltr'><strong><em>hoc</em></strong></span> 
     </span>
    </p>
   </div>
   <div class='ocr_carea' id='block_1_42' title="bbox 479 2622 2085 2694">
    <p class='ocr_par' dir='ltr' id='par_1_42' title="bbox 479 2622 2085 2694">
     <span class='ocr_line' id='line_1_42' title="bbox 479 2622 2085 2694; baseline -0.004 -13"><span class='ocrx_word' id='word_1_286' title='bbox 479 2640 612 2681; x_wconf 87' lang='lat' dir='ltr'><strong><em>vero</em></strong></span> <span class='ocrx_word' id='word_1_287' title='bbox 643 2634 833 2682; x_wconf 88' lang='lat' dir='ltr'><strong><em>contra</em></strong></span> <span class='ocrx_word' id='word_1_288' title='bbox 861 2639 976 2687; x_wconf 90' lang='lat' dir='ltr'><strong><em>eos,</em></strong></span> <span class='ocrx_word' id='word_1_289' title='bbox 1007 2624 1099 2694; x_wconf 91' lang='lat' dir='ltr'><strong><em>qui</em></strong></span> <span class='ocrx_word' id='word_1_290' title='bbox 1127 2624 1442 2679; x_wconf 84' lang='lat' dir='ltr'><strong><em>Flavianum</em></strong></span> <span class='ocrx_word' id='word_1_291' title='bbox 1471 2622 1777 2677; x_wconf 79' lang='lat' dir='ltr'><strong><em>Antiochiae</em></strong></span> <span class='ocrx_word' id='word_1_292' title='bbox 1798 2635 2085 2677; x_wconf 84' lang='lat' dir='ltr'><strong><em>consecra-</em></strong></span> 
     </span>
    </p>
   </div>
   <div class='ocr_carea' id='block_1_43' title="bbox 479 2712 2081 2773">
    <p class='ocr_par' dir='ltr' id='par_1_43' title="bbox 479 2712 2081 2773">
     <span class='ocr_line' id='line_1_43' title="bbox 479 2712 2081 2773; baseline -0.004 0"><span class='ocrx_word' id='word_1_293' title='bbox 479 2726 593 2773; x_wconf 82' lang='lat' dir='ltr'><strong><em>tum</em></strong></span> <span class='ocrx_word' id='word_1_294' title='bbox 621 2727 877 2773; x_wconf 91' lang='lat' dir='ltr'><strong><em>asserunt</em></strong></span> <span class='ocrx_word' id='word_1_295' title='bbox 921 2716 1137 2772; x_wconf 90' lang='lat' dir='ltr'><strong><em>interim</em></strong></span> <span class='ocrx_word' id='word_1_296' title='bbox 1171 2716 1518 2771; x_wconf 88' lang='lat' dir='ltr'><strong><em>observatum</em></strong></span> <span class='ocrx_word' id='word_1_297' title='bbox 1548 2713 1714 2769; x_wconf 90' lang='lat' dir='ltr'><strong><em>volui.</em></strong></span> <span class='ocrx_word' id='word_1_298' title='bbox 1750 2712 1857 2770; x_wconf 86' lang='lat' dir='ltr'><strong><em>Sed</em></strong></span> <span class='ocrx_word' id='word_1_299' title='bbox 1887 2714 2081 2769; x_wconf 89' lang='lat' dir='ltr'><strong><em>iterum</em></strong></span> 
     </span>
    </p>
   </div>
   <div class='ocr_carea' id='block_1_44' title="bbox 479 2810 1361 2877">
    <p class='ocr_par' dir='ltr' id='par_1_44' title="bbox 479 2810 1361 2877">
     <span class='ocr_line' id='line_1_44' title="bbox 479 2810 1361 2877; baseline -0.005 -9"><span class='ocrx_word' id='word_1_300' title='bbox 479 2812 793 2877; x_wconf 86' lang='lat' dir='ltr'><strong><em>redeamus,</em></strong></span> <span class='ocrx_word' id='word_1_301' title='bbox 824 2812 968 2867; x_wconf 86' lang='lat' dir='ltr'><strong><em>unde</em></strong></span> <span class='ocrx_word' id='word_1_302' title='bbox 990 2810 1361 2866; x_wconf 89' lang='lat' dir='ltr'><strong><em>discessimus.</em></strong></span> 
     </span>
    </p>
   </div>
   <div class='ocr_carea' id='block_1_45' title="bbox 557 2902 2088 2977">
    <p class='ocr_par' dir='ltr' id='par_1_45' title="bbox 557 2902 2088 2977">
     <span class='ocr_line' id='line_1_45' title="bbox 557 2902 2088 2977; baseline -0.002 -17"><span class='ocrx_word' id='word_1_303' title='bbox 557 2906 695 2973; x_wconf 85' lang='lat' dir='ltr'><strong><em>Quid</em></strong></span> <span class='ocrx_word' id='word_1_304' title='bbox 726 2906 889 2977; x_wconf 90' lang='lat' dir='ltr'><strong><em>igitur</em></strong></span> <span class='ocrx_word' id='word_1_305' title='bbox 908 2903 1114 2977; x_wconf 83' lang='lat' dir='ltr'><strong><em>Cyrillo</em></strong></span> <span class='ocrx_word' id='word_1_306' title='bbox 1139 2904 1356 2959; x_wconf 86' lang='lat' dir='ltr'><strong><em>crimini</em></strong></span> <span class='ocrx_word' id='word_1_307' title='bbox 1382 2904 1567 2959; x_wconf 86' lang='lat' dir='ltr'><strong><em>datum</em></strong></span> <span class='ocrx_word' id='word_1_308' title='bbox 1599 2902 1783 2970; x_wconf 82' lang='lat' dir='ltr'><strong><em>fuerit,</em></strong></span> <span class='ocrx_word' id='word_1_309' title='bbox 1813 2911 1872 2958; x_wconf 89' lang='lat' dir='ltr'><strong><em>ut</em></strong></span> <span class='ocrx_word' id='word_1_310' title='bbox 1893 2902 2088 2959; x_wconf 79' lang='lat' dir='ltr'><strong><em>Orien-</em></strong></span> 
     </span>
    </p>
   </div>
   <div class='ocr_carea' id='block_1_46' title="bbox 480 2996 2084 3071">
    <p class='ocr_par' dir='ltr' id='par_1_46' title="bbox 480 2996 2084 3071">
     <span class='ocr_line' id='line_1_46' title="bbox 480 2996 2084 3071; baseline -0.004 -15"><span class='ocrx_word' id='word_1_311' title='bbox 480 3000 620 3057; x_wconf 81' lang='lat' dir='ltr'><strong><em>tales</em></strong></span> <span class='ocrx_word' id='word_1_312' title='bbox 646 3000 923 3071; x_wconf 87' lang='lat' dir='ltr'><strong><em>episcopi,</em></strong></span> <span class='ocrx_word' id='word_1_313' title='bbox 962 2998 1082 3065; x_wconf 86' lang='lat' dir='ltr'><strong><em>ejus</em></strong></span> <span class='ocrx_word' id='word_1_314' title='bbox 1107 2997 1249 3067; x_wconf 85' lang='lat' dir='ltr'><strong><em>apud</em></strong></span> <span class='ocrx_word' id='word_1_315' title='bbox 1279 2997 1464 3052; x_wconf 88' lang='lat' dir='ltr'><strong><em>sedem</em></strong></span> <span class='ocrx_word' id='word_1_316' title='bbox 1496 2997 1848 3069; x_wconf 87' lang='lat' dir='ltr'><strong><em>apostolicam</em></strong></span> <span class='ocrx_word' id='word_1_317' title='bbox 1881 2996 2084 3051; x_wconf 83' lang='lat' dir='ltr'><strong><em>Roma-</em></strong></span> 
     </span>
    </p>
   </div>
   <div class='ocr_carea' id='block_1_47' title="bbox 485 3087 2082 3162">
    <p class='ocr_par' dir='ltr' id='par_1_47' title="bbox 485 3087 2082 3162">
     <span class='ocr_line' id='line_1_47' title="bbox 485 3087 2082 3162; baseline -0.004 -15"><span class='ocrx_word' id='word_1_318' title='bbox 485 3107 723 3162; x_wconf 89' lang='lat' dir='ltr'><strong><em>namque</em></strong></span> <span class='ocrx_word' id='word_1_319' title='bbox 772 3091 911 3146; x_wconf 86' lang='lat' dir='ltr'><strong><em>hanc</em></strong></span> <span class='ocrx_word' id='word_1_320' title='bbox 969 3090 1236 3161; x_wconf 81' lang='lat' dir='ltr'><strong><em>synodum</em></strong></span> <span class='ocrx_word' id='word_1_321' title='bbox 1300 3104 1518 3144; x_wconf 89' lang='lat' dir='ltr'><strong><em>causam</em></strong></span> <span class='ocrx_word' id='word_1_322' title='bbox 1575 3089 1712 3143; x_wconf 90' lang='lat' dir='ltr'><strong><em>tueri</em></strong></span> <span class='ocrx_word' id='word_1_323' title='bbox 1766 3087 2082 3153; x_wconf 82' lang='lat' dir='ltr'><strong><em>debuerint,</em></strong></span> 
     </span>
    </p>
   </div>
   <div class='ocr_carea' id='block_1_48' title="bbox 2187 1873 3783 1951">
    <p class='ocr_par' dir='ltr' id='par_1_48' title="bbox 2187 1873 3783 1951">
     <span class='ocr_line' id='line_1_48' title="bbox 2187 1873 3783 1951; baseline 0.004 -23"><span class='ocrx_word' id='word_1_324' title='bbox 2187 1888 2297 1940; x_wconf 91' lang='lat' dir='ltr'><strong><em>ras,</em></strong></span> <span class='ocrx_word' id='word_1_325' title='bbox 2328 1873 2445 1929; x_wconf 85' lang='lat' dir='ltr'><strong><em>sive</em></strong></span> <span class='ocrx_word' id='word_1_326' title='bbox 2471 1878 2767 1945; x_wconf 81' lang='lat' dir='ltr'><strong><em>formatam,</em></strong></span> <span class='ocrx_word' id='word_1_327' title='bbox 2796 1892 2915 1946; x_wconf 73' lang='lat' dir='ltr'><strong><em>qua:</em></strong></span> <span class='ocrx_word' id='word_1_328' title='bbox 2943 1876 3199 1933; x_wconf 91' lang='lat' dir='ltr'><strong><em>collatum</em></strong></span> <span class='ocrx_word' id='word_1_329' title='bbox 3234 1877 3507 1951; x_wconf 72' lang='lat' dir='ltr'><strong><em>neophyta</em></strong></span> <span class='ocrx_word' id='word_1_330' title='bbox 3534 1882 3783 1936; x_wconf 85' lang='lat' dir='ltr'><strong><em>sacerdo-</em></strong></span> 
     </span>
    </p>
   </div>
   <div class='ocr_carea' id='block_1_49' title="bbox 2186 1966 3783 2041">
    <p class='ocr_par' dir='ltr' id='par_1_49' title="bbox 2186 1966 3783 2041">
     <span class='ocr_line' id='line_1_49' title="bbox 2186 1966 3783 2041; baseline 0.006 -20"><span class='ocrx_word' id='word_1_331' title='bbox 2186 1966 2314 2021; x_wconf 87' lang='lat' dir='ltr'><strong><em>tium</em></strong></span> <span class='ocrx_word' id='word_1_332' title='bbox 2340 1967 2624 2022; x_wconf 83' lang='lat' dir='ltr'><strong><em>roboraret.</em></strong></span> <span class='ocrx_word' id='word_1_333' title='bbox 2672 1966 2733 2023; x_wconf 92' lang='lat' dir='ltr'><strong><em>ld</em></strong></span> <span class='ocrx_word' id='word_1_334' title='bbox 2773 1984 2903 2024; x_wconf 88' lang='lat' dir='ltr'><strong><em>vero</em></strong></span> <span class='ocrx_word' id='word_1_335' title='bbox 2932 1978 3045 2035; x_wconf 91' lang='lat' dir='ltr'><strong><em>est,</em></strong></span> <span class='ocrx_word' id='word_1_336' title='bbox 3078 1970 3132 2025; x_wconf 91' lang='lat' dir='ltr'><strong><em>ni</em></strong></span> <span class='ocrx_word' id='word_1_337' title='bbox 3163 1970 3344 2039; x_wconf 86' lang='lat' dir='ltr'><strong><em>fallor,</em></strong></span> <span class='ocrx_word' id='word_1_338' title='bbox 3374 1971 3514 2041; x_wconf 89' lang='lat' dir='ltr'><strong><em>quod</em></strong></span> <span class='ocrx_word' id='word_1_339' title='bbox 3546 1973 3783 2030; x_wconf 86' lang='lat' dir='ltr'><strong><em>Ambro-</em></strong></span> 
     </span>
    </p>
   </div>
   <div class='ocr_carea' id='block_1_50' title="bbox 2185 2061 3782 2134">
    <p class='ocr_par' dir='ltr' id='par_1_50' title="bbox 2185 2061 3782 2134">
     <span class='ocr_line' id='line_1_50' title="bbox 2185 2061 3782 2134; baseline 0.004 -18"><span class='ocrx_word' id='word_1_340' title='bbox 2185 2062 2318 2129; x_wconf 87' lang='lat' dir='ltr'><strong><em>sius,</em></strong></span> <span class='ocrx_word' id='word_1_341' title='bbox 2347 2061 2500 2133; x_wconf 85' lang='lat' dir='ltr'><strong><em>cujus</em></strong></span> <span class='ocrx_word' id='word_1_342' title='bbox 2522 2062 2630 2118; x_wconf 92' lang='lat' dir='ltr'><strong><em>alio</em></strong></span> <span class='ocrx_word' id='word_1_343' title='bbox 2659 2062 2780 2120; x_wconf 90' lang='lat' dir='ltr'><strong><em>loco</em></strong></span> <span class='ocrx_word' id='word_1_344' title='bbox 2802 2063 2968 2119; x_wconf 86' lang='lat' dir='ltr'><strong><em>verba</em></strong></span> <span class='ocrx_word' id='word_1_345' title='bbox 2991 2064 3169 2131; x_wconf 87' lang='lat' dir='ltr'><strong><em>attuli,</em></strong></span> <span class='ocrx_word' id='word_1_346' title='bbox 3197 2080 3303 2120; x_wconf 92' lang='lat' dir='ltr'><strong><em>non</em></strong></span> <span class='ocrx_word' id='word_1_347' title='bbox 3330 2065 3561 2121; x_wconf 84' lang='lat' dir='ltr'><strong><em>obscure</em></strong></span> <span class='ocrx_word' id='word_1_348' title='bbox 3589 2067 3782 2134; x_wconf 89' lang='lat' dir='ltr'><strong><em>sensit,</em></strong></span> 
     </span>
    </p>
   </div>
   <div class='ocr_carea' id='block_1_51' title="bbox 2185 2154 3785 2215">
    <p class='ocr_par' dir='ltr' id='par_1_51' title="bbox 2185 2154 3785 2215">
     <span class='ocr_line' id='line_1_51' title="bbox 2185 2154 3785 2215; baseline 0.001 -5"><span class='ocrx_word' id='word_1_349' title='bbox 2185 2168 2308 2210; x_wconf 93' lang='lat' dir='ltr'><strong><em>cum</em></strong></span> <span class='ocrx_word' id='word_1_350' title='bbox 2340 2154 2737 2210; x_wconf 86' lang='lat' dir='ltr'><strong><em>ordinationem</em></strong></span> <span class='ocrx_word' id='word_1_351' title='bbox 2768 2170 2922 2210; x_wconf 92' lang='lat' dir='ltr'><strong><em>suam</em></strong></span> <span class='ocrx_word' id='word_1_352' title='bbox 2951 2158 3014 2210; x_wconf 90' lang='lat' dir='ltr'><strong><em>ab</em></strong></span> <span class='ocrx_word' id='word_1_353' title='bbox 3046 2155 3397 2212; x_wconf 85' lang='lat' dir='ltr'><strong><em>Orientalibus</em></strong></span> <span class='ocrx_word' id='word_1_354' title='bbox 3437 2169 3488 2212; x_wconf 90' lang='lat' dir='ltr'><strong><em>et</em></strong></span> <span class='ocrx_word' id='word_1_355' title='bbox 3533 2158 3785 2215; x_wconf 84' lang='lat' dir='ltr'><strong><em>Occiden-</em></strong></span> 
     </span>
    </p>
   </div>
   <div class='ocr_carea' id='block_1_52' title="bbox 2186 2246 3785 2319">
    <p class='ocr_par' dir='ltr' id='par_1_52' title="bbox 2186 2246 3785 2319">
     <span class='ocr_line' id='line_1_52' title="bbox 2186 2246 3785 2319; baseline 0.003 -19"><span class='ocrx_word' id='word_1_356' title='bbox 2186 2246 2373 2300; x_wconf 83' lang='lat' dir='ltr'><strong><em>talibus</em></strong></span> <span class='ocrx_word' id='word_1_357' title='bbox 2394 2247 2802 2318; x_wconf 87' lang='lat' dir='ltr'><strong><em>comprobatam</em></strong></span> <span class='ocrx_word' id='word_1_358' title='bbox 2824 2248 3067 2318; x_wconf 90' lang='lat' dir='ltr'><strong><em>scripsit,</em></strong></span> <span class='ocrx_word' id='word_1_359' title='bbox 3086 2258 3247 2319; x_wconf 89' lang='lat' dir='ltr'><strong><em>atqne</em></strong></span> <span class='ocrx_word' id='word_1_360' title='bbox 3263 2248 3403 2312; x_wconf 81' lang='lat' dir='ltr'><strong><em>aliis,</em></strong></span> <span class='ocrx_word' id='word_1_361' title='bbox 3434 2249 3785 2305; x_wconf 83' lang='lat' dir='ltr'><strong><em>Orientalibus</em></strong></span> 
     </span>
    </p>
   </div>
   <div class='ocr_carea' id='block_1_53' title="bbox 2187 2340 3783 2413">
    <p class='ocr_par' dir='ltr' id='par_1_53' title="bbox 2187 2340 3783 2413">
     <span class='ocr_line' id='line_1_53' title="bbox 2187 2340 3783 2413; baseline 0.003 -17"><span class='ocrx_word' id='word_1_362' title='bbox 2187 2340 2433 2409; x_wconf 88' lang='lat' dir='ltr'><strong><em>scilicet,</em></strong></span> <span class='ocrx_word' id='word_1_363' title='bbox 2462 2342 2755 2412; x_wconf 74' lang='lat' dir='ltr'><strong><em>exemplum</em></strong></span> <span class='ocrx_word' id='word_1_364' title='bbox 2784 2342 3100 2410; x_wconf 81' lang='lat' dir='ltr'><strong><em>dumtaxat,</em></strong></span> <span class='ocrx_word' id='word_1_365' title='bbox 3126 2341 3550 2400; x_wconf 84' lang='lat' dir='ltr'><strong><em>Occidentalibus</em></strong></span> <span class='ocrx_word' id='word_1_366' title='bbox 3579 2354 3783 2413; x_wconf 89' lang='lat' dir='ltr'><strong><em>autem,</em></strong></span> 
     </span>
    </p>
   </div>
   <div class='ocr_carea' id='block_1_54' title="bbox 2186 2437 3789 2510">
    <p class='ocr_par' dir='ltr' id='par_1_54' title="bbox 2186 2437 3789 2510">
     <span class='ocr_line' id='line_1_54' title="bbox 2186 2437 3789 2510; baseline 0.001 -17"><span class='ocrx_word' id='word_1_367' title='bbox 2186 2452 2442 2506; x_wconf 85' lang='lat' dir='ltr'><strong><em>supremo</em></strong></span> <span class='ocrx_word' id='word_1_368' title='bbox 2484 2453 2677 2507; x_wconf 93' lang='lat' dir='ltr'><strong><em>nempe</em></strong></span> <span class='ocrx_word' id='word_1_369' title='bbox 2706 2438 2822 2507; x_wconf 87' lang='lat' dir='ltr'><strong><em>ejus</em></strong></span> <span class='ocrx_word' id='word_1_370' title='bbox 2860 2437 3121 2494; x_wconf 67' lang='lat' dir='ltr'><strong><em>Ecclesiae</em></strong></span> <span class='ocrx_word' id='word_1_371' title='bbox 3148 2439 3334 2509; x_wconf 85' lang='lat' dir='ltr'><strong><em>capiti,</em></strong></span> <span class='ocrx_word' id='word_1_372' title='bbox 3350 2440 3613 2510; x_wconf 86' lang='lat' dir='ltr'><strong><em>judicium</em></strong></span> <span class='ocrx_word' id='word_1_373' title='bbox 3639 2440 3789 2495; x_wconf 82' lang='lat' dir='ltr'><strong><em>attri-</em></strong></span> 
     </span>
    </p>
   </div>
   <div class='ocr_carea' id='block_1_55' title="bbox 2186 2526 3788 2600">
    <p class='ocr_par' dir='ltr' id='par_1_55' title="bbox 2186 2526 3788 2600">
     <span class='ocr_line' id='line_1_55' title="bbox 2186 2526 3788 2600; baseline 0.003 -17"><span class='ocrx_word' id='word_1_374' title='bbox 2186 2526 2305 2583; x_wconf 89' lang='lat' dir='ltr'><strong><em>buit</em></strong></span> <span class='ocrx_word' id='word_1_375' title='bbox 2336 2529 2431 2600; x_wconf 79' lang='grc' dir='ltr'><strong><em>(ε).</em></strong></span> <span class='ocrx_word' id='word_1_376' title='bbox 2472 2528 2604 2585; x_wconf 87' lang='lat' dir='ltr'><strong><em>Cum</em></strong></span> <span class='ocrx_word' id='word_1_377' title='bbox 2649 2530 2810 2600; x_wconf 90' lang='lat' dir='ltr'><strong><em>igitur</em></strong></span> <span class='ocrx_word' id='word_1_378' title='bbox 2837 2539 3040 2585; x_wconf 89' lang='lat' dir='ltr'><strong><em>certam</em></strong></span> <span class='ocrx_word' id='word_1_379' title='bbox 3084 2545 3147 2586; x_wconf 91' lang='lat' dir='ltr'><strong><em>ac</em></strong></span> <span class='ocrx_word' id='word_1_380' title='bbox 3173 2532 3543 2588; x_wconf 89' lang='lat' dir='ltr'><strong><em>necessariam</em></strong></span> <span class='ocrx_word' id='word_1_381' title='bbox 3570 2547 3788 2589; x_wconf 87' lang='lat' dir='ltr'><strong><em>causam</em></strong></span> 
     </span>
    </p>
   </div>
   <div class='ocr_carea' id='block_1_56' title="bbox 2187 2620 3790 2691">
    <p class='ocr_par' dir='ltr' id='par_1_56' title="bbox 2187 2620 3790 2691">
     <span class='ocr_line' id='line_1_56' title="bbox 2187 2620 3790 2691; baseline 0.002 -16"><span class='ocrx_word' id='word_1_382' title='bbox 2187 2628 2507 2688; x_wconf 89' lang='lat' dir='ltr'><strong><em>teneamus,</em></strong></span> <span class='ocrx_word' id='word_1_383' title='bbox 2558 2638 2655 2676; x_wconf 90' lang='lat' dir='ltr'><strong><em>cur</em></strong></span> <span class='ocrx_word' id='word_1_384' title='bbox 2698 2620 2941 2691; x_wconf 89' lang='lat' dir='ltr'><strong><em>episc0pi</em></strong></span> <span class='ocrx_word' id='word_1_385' title='bbox 2983 2622 3059 2677; x_wconf 88' lang='lat' dir='ltr'><strong><em>illi</em></strong></span> <span class='ocrx_word' id='word_1_386' title='bbox 3087 2620 3153 2676; x_wconf 90' lang='lat' dir='ltr'><strong><em>de</em></strong></span> <span class='ocrx_word' id='word_1_387' title='bbox 3184 2620 3420 2678; x_wconf 88' lang='lat' dir='ltr'><strong><em>Nectarii</em></strong></span> <span class='ocrx_word' id='word_1_388' title='bbox 3449 2624 3790 2679; x_wconf 88' lang='lat' dir='ltr'><strong><em>ordinatione</em></strong></span> 
     </span>
    </p>
   </div>
   <div class='ocr_carea' id='block_1_57' title="bbox 2188 2712 3790 2783">
    <p class='ocr_par' dir='ltr' id='par_1_57' title="bbox 2188 2712 3790 2783">
     <span class='ocr_line' id='line_1_57' title="bbox 2188 2712 3790 2783; baseline 0.004 -16"><span class='ocrx_word' id='word_1_389' title='bbox 2188 2712 2426 2767; x_wconf 90' lang='lat' dir='ltr'><strong><em>Damaso</em></strong></span> <span class='ocrx_word' id='word_1_390' title='bbox 2466 2714 2755 2769; x_wconf 89' lang='lat' dir='ltr'><strong><em>relulerint</em></strong></span> <span class='ocrx_word' id='word_1_391' title='bbox 2776 2756 2790 2780; x_wconf 96' lang='lat'><strong><em>,</em></strong></span> <span class='ocrx_word' id='word_1_392' title='bbox 2816 2715 3042 2770; x_wconf 91' lang='lat' dir='ltr'><strong><em>minime</em></strong></span> <span class='ocrx_word' id='word_1_393' title='bbox 3074 2729 3297 2773; x_wconf 89' lang='lat' dir='ltr'><strong><em>necesse</em></strong></span> <span class='ocrx_word' id='word_1_394' title='bbox 3326 2726 3430 2783; x_wconf 88' lang='lat' dir='ltr'><strong><em>est,</em></strong></span> <span class='ocrx_word' id='word_1_395' title='bbox 3462 2725 3520 2772; x_wconf 94' lang='lat' dir='ltr'><strong><em>ut</em></strong></span> <span class='ocrx_word' id='word_1_396' title='bbox 3546 2717 3612 2772; x_wconf 88' lang='lat' dir='ltr'><strong><em>ad</em></strong></span> <span class='ocrx_word' id='word_1_397' title='bbox 3639 2716 3790 2773; x_wconf 88' lang='lat' dir='ltr'><strong><em>ltali-</em></strong></span> 
     </span>
    </p>
   </div>
   <div class='ocr_carea' id='block_1_58' title="bbox 2186 2806 3785 2881">
    <p class='ocr_par' dir='ltr' id='par_1_58' title="bbox 2186 2806 3785 2881">
     <span class='ocr_line' id='line_1_58' title="bbox 2186 2806 3785 2881; baseline 0.003 -20"><span class='ocrx_word' id='word_1_398' title='bbox 2186 2806 2613 2861; x_wconf 90' lang='lat' dir='ltr'><strong><em>cumconeilium</em></strong></span> <span class='ocrx_word' id='word_1_399' title='bbox 2629 2806 2853 2878; x_wconf 85' lang='lat' dir='ltr'><strong><em>ejusque</em></strong></span> <span class='ocrx_word' id='word_1_400' title='bbox 2868 2807 3100 2874; x_wconf 87' lang='lat' dir='ltr'><strong><em>litteras,</em></strong></span> <span class='ocrx_word' id='word_1_401' title='bbox 3120 2808 3268 2865; x_wconf 86' lang='lat' dir='ltr'><strong><em>mera</em></strong></span> <span class='ocrx_word' id='word_1_402' title='bbox 3295 2824 3486 2879; x_wconf 90' lang='lat' dir='ltr'><strong><em>nempe</em></strong></span> <span class='ocrx_word' id='word_1_403' title='bbox 3508 2809 3785 2881; x_wconf 90' lang='lat' dir='ltr'><strong><em>ﬁgmenta,</em></strong></span> 
     </span>
    </p>
   </div>
   <div class='ocr_carea' id='block_1_59' title="bbox 2187 2898 3791 2971">
    <p class='ocr_par' dir='ltr' id='par_1_59' title="bbox 2187 2898 3791 2971">
     <span class='ocr_line' id='line_1_59' title="bbox 2187 2898 3791 2971; baseline 0.002 -17"><span class='ocrx_word' id='word_1_404' title='bbox 2187 2898 2833 2955; x_wconf 75' lang='lat' dir='ltr'><strong><em>recurramus.C:eterum</em></strong></span> <span class='ocrx_word' id='word_1_405' title='bbox 2865 2910 2983 2956; x_wconf 91' lang='lat' dir='ltr'><strong><em>erat</em></strong></span> <span class='ocrx_word' id='word_1_406' title='bbox 3004 2900 3175 2957; x_wconf 89' lang='lat' dir='ltr'><strong><em>altera</em></strong></span> <span class='ocrx_word' id='word_1_407' title='bbox 3206 2910 3465 2971; x_wconf 77' lang='lat' dir='ltr'><strong><em>przeterea</em></strong></span> <span class='ocrx_word' id='word_1_408' title='bbox 3493 2903 3656 2969; x_wconf 88' lang='lat' dir='ltr'><strong><em>ratio,</em></strong></span> <span class='ocrx_word' id='word_1_409' title='bbox 3688 2918 3791 2958; x_wconf 89' lang='lat' dir='ltr'><strong><em>cur</em></strong></span> 
     </span>
    </p>
   </div>
   <div class='ocr_carea' id='block_1_60' title="bbox 2188 2982 3788 3064">
    <p class='ocr_par' dir='ltr' id='par_1_60' title="bbox 2188 2982 3788 3064">
     <span class='ocr_line' id='line_1_60' title="bbox 2188 2982 3788 3064; baseline 0.003 -19"><span class='ocrx_word' id='word_1_410' title='bbox 2188 2995 2412 3063; x_wconf 80' lang='lat' dir='ltr'><strong><em>formata</em></strong></span> <span class='ocrx_word' id='word_1_411' title='bbox 2446 3008 2475 3045; x_wconf 90' lang='lat' dir='ltr'><strong><em>a</em></strong></span> <span class='ocrx_word' id='word_1_412' title='bbox 2532 2992 2777 3047; x_wconf 79' lang='lat' dir='ltr'><strong><em>Romano</em></strong></span> <span class='ocrx_word' id='word_1_413' title='bbox 2798 2982 3061 3063; x_wconf 88' lang='lat' dir='ltr'><strong><em>pontiﬁce</em></strong></span> <span class='ocrx_word' id='word_1_414' title='bbox 3088 3008 3183 3063; x_wconf 90' lang='lat' dir='ltr'><strong><em>pro</em></strong></span> <span class='ocrx_word' id='word_1_415' title='bbox 3206 2992 3461 3049; x_wconf 85' lang='lat' dir='ltr'><strong><em>Nectario</em></strong></span> <span class='ocrx_word' id='word_1_416' title='bbox 3484 3002 3788 3064; x_wconf 86' lang='lat' dir='ltr'><strong><em>peteretur,</em></strong></span> 
     </span>
    </p>
   </div>
   <div class='ocr_carea' id='block_1_61' title="bbox 2188 3084 3789 3157">
    <p class='ocr_par' dir='ltr' id='par_1_61' title="bbox 2188 3084 3789 3157">
     <span class='ocr_line' id='line_1_61' title="bbox 2188 3084 3789 3157; baseline 0.003 -18"><span class='ocrx_word' id='word_1_417' title='bbox 2188 3085 2285 3140; x_wconf 90' lang='lat' dir='ltr'><strong><em>sed</em></strong></span> <span class='ocrx_word' id='word_1_418' title='bbox 2325 3100 2447 3155; x_wconf 86' lang='lat' dir='ltr'><strong><em>quae</em></strong></span> <span class='ocrx_word' id='word_1_419' title='bbox 2487 3084 2704 3141; x_wconf 84' lang='lat' dir='ltr'><strong><em>silentio</em></strong></span> <span class='ocrx_word' id='word_1_420' title='bbox 2760 3086 2867 3157; x_wconf 84' lang='lat' dir='ltr'><strong><em>tegi</em></strong></span> <span class='ocrx_word' id='word_1_421' title='bbox 2926 3101 2991 3141; x_wconf 89' lang='lat' dir='ltr'><strong><em>ac</em></strong></span> <span class='ocrx_word' id='word_1_422' title='bbox 3040 3085 3366 3142; x_wconf 88' lang='lat' dir='ltr'><strong><em>dissimulari</em></strong></span> <span class='ocrx_word' id='word_1_423' title='bbox 3397 3086 3608 3143; x_wconf 87' lang='lat' dir='ltr'><strong><em>debuit.</em></strong></span> <span class='ocrx_word' id='word_1_424' title='bbox 3656 3086 3789 3144; x_wconf 84' lang='lat' dir='ltr'><strong><em>Nam</em></strong></span> 
     </span>
    </p>
   </div>
   <div class='ocr_carea' id='block_1_62' title="bbox 480 3174 3792 3253">
    <p class='ocr_par' dir='ltr' id='par_1_62' title="bbox 480 3174 3792 3253">
     <span class='ocr_line' id='line_1_62' title="bbox 480 3174 3792 3253; baseline -0.001 -12"><span class='ocrx_word' id='word_1_425' title='bbox 480 3185 705 3241; x_wconf 90' lang='lat' dir='ltr'><strong><em>minime</em></strong></span> <span class='ocrx_word' id='word_1_426' title='bbox 734 3193 967 3239; x_wconf 88' lang='lat' dir='ltr'><strong><em>constat.</em></strong></span> <span class='ocrx_word' id='word_1_427' title='bbox 1010 3183 1147 3238; x_wconf 91' lang='lat' dir='ltr'><strong><em>Sunt</em></strong></span> <span class='ocrx_word' id='word_1_428' title='bbox 1175 3182 1266 3253; x_wconf 91' lang='lat' dir='ltr'><strong><em>qui</em></strong></span> <span class='ocrx_word' id='word_1_429' title='bbox 1307 3182 1512 3237; x_wconf 87' lang='lat' dir='ltr'><strong><em>factum</em></strong></span> <span class='ocrx_word' id='word_1_430' title='bbox 1545 3191 1768 3249; x_wconf 85' lang='lat' dir='ltr'><strong><em>putant,</em></strong></span> <span class='ocrx_word' id='word_1_431' title='bbox 1806 3179 1931 3249; x_wconf 86' lang='lat' dir='ltr'><strong><em>quia</em></strong></span> <span class='ocrx_word' id='word_1_432' title='bbox 1983 3180 2084 3233; x_wconf 87' lang='lat' dir='ltr'><strong><em>Da-</em></strong></span> <span class='ocrx_word' id='word_1_433' title='bbox 2111 3174 2158 3238; x_wconf 86' lang='lat' dir='ltr'>C</span> <span class='ocrx_word' id='word_1_434' title='bbox 2189 3193 2310 3233; x_wconf 91' lang='lat' dir='ltr'><strong><em>cum</em></strong></span> <span class='ocrx_word' id='word_1_435' title='bbox 2364 3180 2654 3251; x_wconf 86' lang='lat' dir='ltr'><strong><em>episcopus</em></strong></span> <span class='ocrx_word' id='word_1_436' title='bbox 2702 3179 3341 3250; x_wconf 86' lang='lat' dir='ltr'><strong><em>Constantinopolitanus</em></strong></span> <span class='ocrx_word' id='word_1_437' title='bbox 3393 3182 3462 3238; x_wconf 88' lang='lat' dir='ltr'><strong><em>ab</em></strong></span> <span class='ocrx_word' id='word_1_438' title='bbox 3514 3181 3792 3239; x_wconf 70' lang='lat' dir='ltr'><strong><em>Heraclea:</em></strong></span> 
     </span>
    </p>
   </div>
   <div class='ocr_carea' id='block_1_63' title="bbox 484 3275 2084 3347">
    <p class='ocr_par' dir='ltr' id='par_1_63' title="bbox 484 3275 2084 3347">
     <span class='ocr_line' id='line_1_63' title="bbox 484 3275 2084 3347; baseline -0.006 -10"><span class='ocrx_word' id='word_1_439' title='bbox 484 3295 672 3337; x_wconf 89' lang='lat' dir='ltr'><strong><em>masus</em></strong></span> <span class='ocrx_word' id='word_1_440' title='bbox 701 3296 764 3335; x_wconf 89' lang='lat' dir='ltr'><strong><em>ac</em></strong></span> <span class='ocrx_word' id='word_1_441' title='bbox 791 3278 1168 3335; x_wconf 67' lang='lat' dir='ltr'><strong><em>Occidentales</em></strong></span> <span class='ocrx_word' id='word_1_442' title='bbox 1204 3277 1322 3347; x_wconf 88' lang='lat' dir='ltr'><strong><em>ejus</em></strong></span> <span class='ocrx_word' id='word_1_443' title='bbox 1344 3277 1740 3333; x_wconf 91' lang='lat' dir='ltr'><strong><em>ordinationem</em></strong></span> <span class='ocrx_word' id='word_1_444' title='bbox 1770 3275 2084 3330; x_wconf 83' lang='lat' dir='ltr'><strong><em>infamatam</em></strong></span> 
     </span>
    </p>
   </div>
   <div class='ocr_carea' id='block_1_64' title="bbox 483 3368 2086 3441">
    <p class='ocr_par' dir='ltr' id='par_1_64' title="bbox 483 3368 2086 3441">
     <span class='ocr_line' id='line_1_64' title="bbox 483 3368 2086 3441; baseline -0.006 -10"><span class='ocrx_word' id='word_1_445' title='bbox 483 3382 767 3431; x_wconf 88' lang='lat' dir='ltr'><strong><em>noverant.</em></strong></span> <span class='ocrx_word' id='word_1_446' title='bbox 803 3372 1031 3427; x_wconf 81' lang='lat' dir='ltr'><strong><em>Ruﬁnus</em></strong></span> <span class='ocrx_word' id='word_1_447' title='bbox 1058 3381 1342 3441; x_wconf 69' lang='lat' dir='ltr'><strong><em>prmtcrea,</em></strong></span> <span class='ocrx_word' id='word_1_448' title='bbox 1374 3371 1628 3425; x_wconf 87' lang='lat' dir='ltr'><strong><em>Socrates</em></strong></span> <span class='ocrx_word' id='word_1_449' title='bbox 1656 3384 1719 3425; x_wconf 88' lang='lat' dir='ltr'><strong><em>ac</em></strong></span> <span class='ocrx_word' id='word_1_450' title='bbox 1749 3368 2086 3425; x_wconf 87' lang='lat' dir='ltr'><strong><em>Sozomenus</em></strong></span> 
     </span>
    </p>
   </div>
   <div class='ocr_carea' id='block_1_65' title="bbox 489 3459 2087 3532">
    <p class='ocr_par' dir='ltr' id='par_1_65' title="bbox 489 3459 2087 3532">
     <span class='ocr_line' id='line_1_65' title="bbox 489 3459 2087 3532; baseline -0.006 -9"><span class='ocrx_word' id='word_1_451' title='bbox 489 3468 641 3523; x_wconf 91' lang='lat' dir='ltr'><strong><em>illum</em></strong></span> <span class='ocrx_word' id='word_1_452' title='bbox 673 3467 725 3520; x_wconf 93' lang='lat' dir='ltr'><strong><em>in</em></strong></span> <span class='ocrx_word' id='word_1_453' title='bbox 758 3464 859 3521; x_wconf 91' lang='lat' dir='ltr'><strong><em>ﬁde</em></strong></span> <span class='ocrx_word' id='word_1_454' title='bbox 889 3464 1099 3520; x_wconf 90' lang='lat' dir='ltr'><strong><em>varium</em></strong></span> <span class='ocrx_word' id='word_1_455' title='bbox 1139 3464 1303 3518; x_wconf 86' lang='lat' dir='ltr'><strong><em>fuisse</em></strong></span> <span class='ocrx_word' id='word_1_456' title='bbox 1335 3462 1616 3529; x_wconf 90' lang='lat' dir='ltr'><strong><em>scribunt,</em></strong></span> <span class='ocrx_word' id='word_1_457' title='bbox 1661 3460 1804 3532; x_wconf 89' lang='lat' dir='ltr'><strong><em>quod</em></strong></span> <span class='ocrx_word' id='word_1_458' title='bbox 1849 3459 2087 3515; x_wconf 85' lang='lat' dir='ltr'><strong><em>recentia</em></strong></span> 
     </span>
    </p>
   </div>
   <div class='ocr_carea' id='block_1_66' title="bbox 487 3556 2092 3632">
    <p class='ocr_par' dir='ltr' id='par_1_66' title="bbox 487 3556 2092 3632">
     <span class='ocr_line' id='line_1_66' title="bbox 487 3556 2092 3632; baseline -0.002 -17"><span class='ocrx_word' id='word_1_459' title='bbox 487 3559 695 3632; x_wconf 90' lang='lat' dir='ltr'><strong><em>aliquot</em></strong></span> <span class='ocrx_word' id='word_1_460' title='bbox 722 3559 1036 3615; x_wconf 66' lang='lat' dir='ltr'><strong><em>Graecorum</em></strong></span> <span class='ocrx_word' id='word_1_461' title='bbox 1091 3573 1297 3613; x_wconf 67' lang='lat' dir='ltr'><strong><em>mentea</em></strong></span> <span class='ocrx_word' id='word_1_462' title='bbox 1344 3559 1671 3613; x_wconf 90' lang='lat' dir='ltr'><strong><em>conﬁrmare</em></strong></span> <span class='ocrx_word' id='word_1_463' title='bbox 1716 3556 1987 3612; x_wconf 90' lang='lat' dir='ltr'><strong><em>videntur.</em></strong></span> <span class='ocrx_word' id='word_1_464' title='bbox 2022 3558 2092 3611; x_wconf 85' lang='lat' dir='ltr'><strong><em>At</em></strong></span> 
     </span>
    </p>
   </div>
   <div class='ocr_carea' id='block_1_67' title="bbox 487 3649 2089 3721">
    <p class='ocr_par' dir='ltr' id='par_1_67' title="bbox 487 3649 2089 3721">
     <span class='ocr_line' id='line_1_67' title="bbox 487 3649 2089 3721; baseline -0.002 -14"><span class='ocrx_word' id='word_1_465' title='bbox 487 3652 575 3707; x_wconf 87' lang='lat' dir='ltr'><strong><em>vir</em></strong></span> <span class='ocrx_word' id='word_1_466' title='bbox 616 3653 863 3707; x_wconf 91' lang='lat' dir='ltr'><strong><em>doctrina</em></strong></span> <span class='ocrx_word' id='word_1_467' title='bbox 911 3666 976 3708; x_wconf 90' lang='lat' dir='ltr'><strong><em>ac</em></strong></span> <span class='ocrx_word' id='word_1_468' title='bbox 997 3651 1199 3721; x_wconf 90' lang='lat' dir='ltr'><strong><em>pietate</em></strong></span> <span class='ocrx_word' id='word_1_469' title='bbox 1249 3650 1474 3721; x_wconf 87' lang='lat' dir='ltr'><strong><em>insignis</em></strong></span> <span class='ocrx_word' id='word_1_470' title='bbox 1517 3650 1820 3717; x_wconf 69' lang='lat' dir='ltr'><strong><em>Touttaeus,</em></strong></span> <span class='ocrx_word' id='word_1_471' title='bbox 1875 3649 1928 3705; x_wconf 93' lang='lat' dir='ltr'><strong><em>in</em></strong></span> <span class='ocrx_word' id='word_1_472' title='bbox 1967 3649 2089 3705; x_wconf 85' lang='lat' dir='ltr'><strong><em>Vita</em></strong></span> 
     </span>
    </p>
   </div>
   <div class='ocr_carea' id='block_1_68' title="bbox 484 3742 2093 3816">
    <p class='ocr_par' dir='ltr' id='par_1_68' title="bbox 484 3742 2093 3816">
     <span class='ocr_line' id='line_1_68' title="bbox 484 3742 2093 3816; baseline -0.004 -14"><span class='ocrx_word' id='word_1_473' title='bbox 484 3745 729 3816; x_wconf 70' lang='lat' dir='ltr'><strong><em>ejusdem</em></strong></span> <span class='ocrx_word' id='word_1_474' title='bbox 760 3744 937 3801; x_wconf 85' lang='lat' dir='ltr'><strong><em>Patris</em></strong></span> <span class='ocrx_word' id='word_1_475' title='bbox 976 3743 1235 3815; x_wconf 87' lang='lat' dir='ltr'><strong><em>operibus</em></strong></span> <span class='ocrx_word' id='word_1_476' title='bbox 1265 3744 1569 3813; x_wconf 74' lang='lat' dir='ltr'><strong><em>prtemissa,</em></strong></span> <span class='ocrx_word' id='word_1_477' title='bbox 1606 3744 1747 3798; x_wconf 90' lang='lat' dir='ltr'><strong><em>hanc</em></strong></span> <span class='ocrx_word' id='word_1_478' title='bbox 1774 3744 1842 3797; x_wconf 89' lang='lat' dir='ltr'><strong><em>ab</em></strong></span> <span class='ocrx_word' id='word_1_479' title='bbox 1869 3758 1937 3798; x_wconf 93' lang='lat' dir='ltr'><strong><em>eo</em></strong></span> <span class='ocrx_word' id='word_1_480' title='bbox 1977 3742 2093 3797; x_wconf 93' lang='lat' dir='ltr'><strong><em>cul-</em></strong></span> 
     </span>
    </p>
   </div>
   <div class='ocr_carea' id='block_1_69' title="bbox 488 3832 2090 3909">
    <p class='ocr_par' dir='ltr' id='par_1_69' title="bbox 488 3832 2090 3909">
     <span class='ocr_line' id='line_1_69' title="bbox 488 3832 2090 3909; baseline -0.003 -18"><span class='ocrx_word' id='word_1_481' title='bbox 488 3853 613 3909; x_wconf 88' lang='lat' dir='ltr'><strong><em>pam</em></strong></span> <span class='ocrx_word' id='word_1_482' title='bbox 639 3838 930 3906; x_wconf 79' lang='lat' dir='ltr'><strong><em>diligenter</em></strong></span> <span class='ocrx_word' id='word_1_483' title='bbox 956 3844 1191 3892; x_wconf 85' lang='lat' dir='ltr'><strong><em>amovet.</em></strong></span> <span class='ocrx_word' id='word_1_484' title='bbox 1222 3835 1544 3890; x_wconf 82' lang='lat' dir='ltr'><strong><em>Rationibus</em></strong></span> <span class='ocrx_word' id='word_1_485' title='bbox 1566 3843 1747 3888; x_wconf 85' lang='lat' dir='ltr'><strong><em>autem</em></strong></span> <span class='ocrx_word' id='word_1_486' title='bbox 1775 3834 1842 3887; x_wconf 88' lang='lat' dir='ltr'><strong><em>ab</em></strong></span> <span class='ocrx_word' id='word_1_487' title='bbox 1870 3847 1936 3888; x_wconf 88' lang='lat' dir='ltr'><strong><em>eo</em></strong></span> <span class='ocrx_word' id='word_1_488' title='bbox 1960 3832 2090 3887; x_wconf 78' lang='lat' dir='ltr'><strong><em>alla-</em></strong></span> 
     </span>
    </p>
   </div>
   <div class='ocr_carea' id='block_1_70' title="bbox 489 3925 2091 3997">
    <p class='ocr_par' dir='ltr' id='par_1_70' title="bbox 489 3925 2091 3997">
     <span class='ocr_line' id='line_1_70' title="bbox 489 3925 2091 3997; baseline -0.003 -12"><span class='ocrx_word' id='word_1_489' title='bbox 489 3931 563 3986; x_wconf 88' lang='lat' dir='ltr'><strong><em>tis</em></strong></span> <span class='ocrx_word' id='word_1_490' title='bbox 612 3931 735 3984; x_wconf 90' lang='lat' dir='ltr'><strong><em>addi</em></strong></span> <span class='ocrx_word' id='word_1_491' title='bbox 786 3938 971 3995; x_wconf 85' lang='lat' dir='ltr'><strong><em>posset</em></strong></span> <span class='ocrx_word' id='word_1_492' title='bbox 1017 3929 1101 3994; x_wconf 88' lang='lat' dir='ltr'><strong><em>id,</em></strong></span> <span class='ocrx_word' id='word_1_493' title='bbox 1132 3926 1275 3997; x_wconf 89' lang='lat' dir='ltr'><strong><em>quod</em></strong></span> <span class='ocrx_word' id='word_1_494' title='bbox 1314 3927 1369 3980; x_wconf 92' lang='lat' dir='ltr'><strong><em>in</em></strong></span> <span class='ocrx_word' id='word_1_495' title='bbox 1407 3925 1674 3997; x_wconf 89' lang='lat' dir='ltr'><strong><em>Synodica</em></strong></span> <span class='ocrx_word' id='word_1_496' title='bbox 1705 3925 1919 3994; x_wconf 78' lang='lat' dir='ltr'><strong><em>legitur,</em></strong></span> <span class='ocrx_word' id='word_1_497' title='bbox 1965 3940 2091 3980; x_wconf 92' lang='lat' dir='ltr'><strong><em>eum</em></strong></span> 
     </span>
    </p>
   </div>
   <div class='ocr_carea' id='block_1_71' title="bbox 488 4016 2094 4090">
    <p class='ocr_par' dir='ltr' id='par_1_71' title="bbox 488 4016 2094 4090">
     <span class='ocr_line' id='line_1_71' title="bbox 488 4016 2094 4090; baseline -0.002 -13"><span class='ocrx_word' id='word_1_498' title='bbox 488 4022 731 4085; x_wconf 86' lang='lat' dir='ltr'><strong><em>scilicet,</em></strong></span> <span class='ocrx_word' id='word_1_499' title='bbox 764 4021 826 4074; x_wconf 88' lang='lat' dir='ltr'><strong><em>ab</em></strong></span> <span class='ocrx_word' id='word_1_500' title='bbox 856 4020 1066 4090; x_wconf 81' lang='lat' dir='ltr'><strong><em>synodis</em></strong></span> <span class='ocrx_word' id='word_1_501' title='bbox 1090 4018 1182 4072; x_wconf 85' lang='lat' dir='ltr'><strong><em>sub</em></strong></span> <span class='ocrx_word' id='word_1_502' title='bbox 1217 4016 1440 4072; x_wconf 90' lang='lat' dir='ltr'><strong><em>Damaso</em></strong></span> <span class='ocrx_word' id='word_1_503' title='bbox 1476 4018 1675 4082; x_wconf 64' lang='lat' dir='ltr'><strong><em>Romae,</em></strong></span> <span class='ocrx_word' id='word_1_504' title='bbox 1709 4032 1772 4072; x_wconf 89' lang='lat' dir='ltr'><strong><em>ac</em></strong></span> <span class='ocrx_word' id='word_1_505' title='bbox 1798 4016 2094 4073; x_wconf 88' lang='lat' dir='ltr'><strong><em>Constanti-</em></strong></span> 
     </span>
    </p>
   </div>
   <div class='ocr_carea' id='block_1_72' title="bbox 488 4109 2090 4183">
    <p class='ocr_par' dir='ltr' id='par_1_72' title="bbox 488 4109 2090 4183">
     <span class='ocr_line' id='line_1_72' title="bbox 488 4109 2090 4183; baseline 0 -18"><span class='ocrx_word' id='word_1_506' title='bbox 488 4112 669 4183; x_wconf 85' lang='lat' dir='ltr'><strong><em>nopoli</em></strong></span> <span class='ocrx_word' id='word_1_507' title='bbox 689 4111 783 4165; x_wconf 88' lang='lat' dir='ltr'><strong><em>sub</em></strong></span> <span class='ocrx_word' id='word_1_508' title='bbox 814 4110 861 4163; x_wconf 86' lang='grc' dir='ltr'><strong><em>Ν</em></strong></span> <span class='ocrx_word' id='word_1_509' title='bbox 870 4110 1061 4165; x_wconf 89' lang='lat' dir='ltr'><strong><em>ectario</em></strong></span> <span class='ocrx_word' id='word_1_510' title='bbox 1082 4109 1373 4173; x_wconf 89' lang='lat' dir='ltr'><strong><em>celebratis,</em></strong></span> <span class='ocrx_word' id='word_1_511' title='bbox 1400 4109 1577 4163; x_wconf 88' lang='lat' dir='ltr'><strong><em>multis</em></strong></span> <span class='ocrx_word' id='word_1_512' title='bbox 1605 4110 1800 4164; x_wconf 87' lang='lat' dir='ltr'><strong><em>elatum</em></strong></span> <span class='ocrx_word' id='word_1_513' title='bbox 1828 4110 2090 4177; x_wconf 87' lang='lat' dir='ltr'><strong><em>laudibus,</em></strong></span> 
     </span>
    </p>
   </div>
   <div class='ocr_carea' id='block_1_73' title="bbox 488 4200 2093 4274">
    <p class='ocr_par' dir='ltr' id='par_1_73' title="bbox 488 4200 2093 4274">
     <span class='ocr_line' id='line_1_73' title="bbox 488 4200 2093 4274; baseline -0.001 -14"><span class='ocrx_word' id='word_1_514' title='bbox 488 4216 550 4261; x_wconf 90' lang='lat' dir='ltr'><strong><em>ut</em></strong></span> <span class='ocrx_word' id='word_1_515' title='bbox 582 4206 708 4260; x_wconf 91' lang='lat' dir='ltr'><strong><em>hinc</em></strong></span> <span class='ocrx_word' id='word_1_516' title='bbox 733 4204 958 4274; x_wconf 87' lang='lat' dir='ltr'><strong><em>colligas</em></strong></span> <span class='ocrx_word' id='word_1_517' title='bbox 984 4218 1116 4272; x_wconf 88' lang='lat' dir='ltr'><strong><em>pura</em></strong></span> <span class='ocrx_word' id='word_1_518' title='bbox 1148 4201 1318 4257; x_wconf 86' lang='lat' dir='ltr'><strong><em>fuisse</em></strong></span> <span class='ocrx_word' id='word_1_519' title='bbox 1348 4201 1497 4257; x_wconf 91' lang='lat' dir='ltr'><strong><em>illum</em></strong></span> <span class='ocrx_word' id='word_1_520' title='bbox 1528 4200 1634 4257; x_wconf 93' lang='lat' dir='ltr'><strong><em>ﬁde</em></strong></span> <span class='ocrx_word' id='word_1_521' title='bbox 1661 4219 1672 4255; x_wconf 89' lang='lat'><strong>:</strong></span> <span class='ocrx_word' id='word_1_522' title='bbox 1707 4202 2093 4274; x_wconf 86' lang='lat' dir='ltr'><strong><em>accedatquod</em></strong></span> 
     </span>
    </p>
   </div>
   <div class='ocr_carea' id='block_1_74' title="bbox 490 4293 2093 4367">
    <p class='ocr_par' dir='ltr' id='par_1_74' title="bbox 490 4293 2093 4367">
     <span class='ocr_line' id='line_1_74' title="bbox 490 4293 2093 4367; baseline -0.002 -13"><span class='ocrx_word' id='word_1_523' title='bbox 490 4298 538 4355; x_wconf 87' lang='lat' dir='ltr'><strong><em>si</em></strong></span> <span class='ocrx_word' id='word_1_524' title='bbox 571 4298 824 4352; x_wconf 65' lang='lat' dir='ltr'><strong><em>hazresim</em></strong></span> <span class='ocrx_word' id='word_1_525' title='bbox 858 4294 1136 4367; x_wconf 87' lang='lat' dir='ltr'><strong><em>professus</em></strong></span> <span class='ocrx_word' id='word_1_526' title='bbox 1179 4294 1470 4366; x_wconf 91' lang='lat' dir='ltr'><strong><em>aliquando</em></strong></span> <span class='ocrx_word' id='word_1_527' title='bbox 1511 4293 1717 4362; x_wconf 88' lang='lat' dir='ltr'><strong><em>fuerat,</em></strong></span> <span class='ocrx_word' id='word_1_528' title='bbox 1754 4296 1818 4350; x_wconf 88' lang='lat' dir='ltr'><strong><em>ad</em></strong></span> <span class='ocrx_word' id='word_1_529' title='bbox 1851 4311 2093 4352; x_wconf 84' lang='lat' dir='ltr'><strong><em>commu-</em></strong></span> 
     </span>
    </p>
   </div>
   <div class='ocr_carea' id='block_1_75' title="bbox 491 4388 2093 4462">
    <p class='ocr_par' dir='ltr' id='par_1_75' title="bbox 491 4388 2093 4462">
     <span class='ocr_line' id='line_1_75' title="bbox 491 4388 2093 4462; baseline -0.002 -13"><span class='ocrx_word' id='word_1_530' title='bbox 491 4392 710 4450; x_wconf 90' lang='lat' dir='ltr'><strong><em>nionem</em></strong></span> <span class='ocrx_word' id='word_1_531' title='bbox 744 4392 912 4462; x_wconf 89' lang='lat' dir='ltr'><strong><em>recipi</em></strong></span> <span class='ocrx_word' id='word_1_532' title='bbox 944 4406 1041 4462; x_wconf 91' lang='lat' dir='ltr'><strong><em>per</em></strong></span> <span class='ocrx_word' id='word_1_533' title='bbox 1060 4388 1367 4445; x_wconf 82' lang='lat' dir='ltr'><strong><em>Orientales</em></strong></span> <span class='ocrx_word' id='word_1_534' title='bbox 1393 4404 1499 4444; x_wconf 93' lang='lat' dir='ltr'><strong><em>non</em></strong></span> <span class='ocrx_word' id='word_1_535' title='bbox 1533 4398 1772 4459; x_wconf 83' lang='lat' dir='ltr'><strong><em>poterat,</em></strong></span> <span class='ocrx_word' id='word_1_536' title='bbox 1798 4390 1901 4446; x_wconf 92' lang='lat' dir='ltr'><strong><em>nisi</em></strong></span> <span class='ocrx_word' id='word_1_537' title='bbox 1930 4405 2093 4447; x_wconf 90' lang='lat' dir='ltr'><strong><em>causa</em></strong></span> 
     </span>
    </p>
   </div>
   <div class='ocr_carea' id='block_1_76' title="bbox 490 4480 2094 4557">
    <p class='ocr_par' dir='ltr' id='par_1_76' title="bbox 490 4480 2094 4557">
     <span class='ocr_line' id='line_1_76' title="bbox 490 4480 2094 4557; baseline -0.002 -16"><span class='ocrx_word' id='word_1_538' title='bbox 490 4502 521 4541; x_wconf 91' lang='lat' dir='ltr'><strong><em>a</em></strong></span> <span class='ocrx_word' id='word_1_539' title='bbox 553 4488 683 4543; x_wconf 90' lang='lat' dir='ltr'><strong><em>sede</em></strong></span> <span class='ocrx_word' id='word_1_540' title='bbox 738 4483 1034 4557; x_wconf 89' lang='lat' dir='ltr'><strong><em>apostolica</em></strong></span> <span class='ocrx_word' id='word_1_541' title='bbox 1077 4492 1234 4538; x_wconf 87' lang='lat' dir='ltr'><strong><em>antea</em></strong></span> <span class='ocrx_word' id='word_1_542' title='bbox 1265 4481 1481 4553; x_wconf 88' lang='lat' dir='ltr'><strong><em>cognita</em></strong></span> <span class='ocrx_word' id='word_1_543' title='bbox 1510 4490 1567 4537; x_wconf 89' lang='lat' dir='ltr'><strong><em>et</em></strong></span> <span class='ocrx_word' id='word_1_544' title='bbox 1595 4480 1861 4537; x_wconf 87' lang='lat' dir='ltr'><strong><em>discussa.</em></strong></span> <span class='ocrx_word' id='word_1_545' title='bbox 1911 4482 2094 4552; x_wconf 88' lang='lat' dir='ltr'><strong><em>Siqui-</em></strong></span> 
     </span>
    </p>
   </div>
   <div class='ocr_carea' id='block_1_77' title="bbox 2191 3272 3794 3346">
    <p class='ocr_par' dir='ltr' id='par_1_77' title="bbox 2191 3272 3794 3346">
     <span class='ocr_line' id='line_1_77' title="bbox 2191 3272 3794 3346; baseline 0.002 -19"><span class='ocrx_word' id='word_1_546' title='bbox 2191 3272 2479 3343; x_wconf 88' lang='lat' dir='ltr'><strong><em>metropoli</em></strong></span> <span class='ocrx_word' id='word_1_547' title='bbox 2501 3272 3075 3338; x_wconf 87' lang='lat' dir='ltr'><strong><em>subtractus,decreto</em></strong></span> <span class='ocrx_word' id='word_1_548' title='bbox 3098 3272 3289 3346; x_wconf 88' lang='lat' dir='ltr'><strong><em>synodi</em></strong></span> <span class='ocrx_word' id='word_1_549' title='bbox 3316 3274 3546 3344; x_wconf 89' lang='lat' dir='ltr'><strong><em>primum</em></strong></span> <span class='ocrx_word' id='word_1_550' title='bbox 3572 3274 3794 3330; x_wconf 88' lang='lat' dir='ltr'><strong><em>honoris</em></strong></span> 
     </span>
    </p>
   </div>
   <div class='ocr_carea' id='block_1_78' title="bbox 2190 3364 3792 3436">
    <p class='ocr_par' dir='ltr' id='par_1_78' title="bbox 2190 3364 3792 3436">
     <span class='ocr_line' id='line_1_78' title="bbox 2190 3364 3792 3436; baseline 0.004 -20"><span class='ocrx_word' id='word_1_551' title='bbox 2190 3364 2414 3435; x_wconf 84' lang='lat' dir='ltr'><strong><em>gradum</em></strong></span> <span class='ocrx_word' id='word_1_552' title='bbox 2460 3374 2581 3436; x_wconf 85' lang='lat' dir='ltr'><strong><em>post</em></strong></span> <span class='ocrx_word' id='word_1_553' title='bbox 2620 3366 2927 3421; x_wconf 81' lang='lat' dir='ltr'><strong><em>Romanum</em></strong></span> <span class='ocrx_word' id='word_1_554' title='bbox 2956 3375 3284 3422; x_wconf 86' lang='lat' dir='ltr'><strong><em>consecutus</em></strong></span> <span class='ocrx_word' id='word_1_555' title='bbox 3312 3377 3491 3435; x_wconf 85' lang='lat' dir='ltr'><strong><em>esset;</em></strong></span> <span class='ocrx_word' id='word_1_556' title='bbox 3532 3375 3591 3421; x_wconf 88' lang='lat' dir='ltr'><strong><em>ut</em></strong></span> <span class='ocrx_word' id='word_1_557' title='bbox 3638 3383 3792 3423; x_wconf 78' lang='lat' dir='ltr'><strong><em>nov:e</em></strong></span> 
     </span>
    </p>
   </div>
   <div class='ocr_carea' id='block_1_79' title="bbox 2192 3456 3791 3529">
    <p class='ocr_par' dir='ltr' id='par_1_79' title="bbox 2192 3456 3791 3529">
     <span class='ocr_line' id='line_1_79' title="bbox 2192 3456 3791 3529; baseline 0.003 -16"><span class='ocrx_word' id='word_1_558' title='bbox 2192 3456 2470 3529; x_wconf 89' lang='lat' dir='ltr'><strong><em>dignitatis</em></strong></span> <span class='ocrx_word' id='word_1_559' title='bbox 2504 3458 2657 3529; x_wconf 88' lang='lat' dir='ltr'><strong><em>quasi</em></strong></span> <span class='ocrx_word' id='word_1_560' title='bbox 2707 3460 3109 3529; x_wconf 82' lang='lat' dir='ltr'><strong><em>possessionem</em></strong></span> <span class='ocrx_word' id='word_1_561' title='bbox 3142 3458 3335 3527; x_wconf 90' lang='lat' dir='ltr'><strong><em>iniret,</em></strong></span> <span class='ocrx_word' id='word_1_562' title='bbox 3382 3460 3664 3517; x_wconf 84' lang='lat' dir='ltr'><strong><em>videbatur</em></strong></span> <span class='ocrx_word' id='word_1_563' title='bbox 3691 3477 3791 3517; x_wconf 85' lang='lat' dir='ltr'><strong><em>ne-</em></strong></span> 
     </span>
    </p>
   </div>
   <div class='ocr_carea' id='block_1_80' title="bbox 2192 3552 3797 3625">
    <p class='ocr_par' dir='ltr' id='par_1_80' title="bbox 2192 3552 3797 3625">
     <span class='ocr_line' id='line_1_80' title="bbox 2192 3552 3797 3625; baseline 0.002 -18"><span class='ocrx_word' id='word_1_564' title='bbox 2192 3552 2510 3619; x_wconf 86' lang='lat' dir='ltr'><strong><em>cessarium,</em></strong></span> <span class='ocrx_word' id='word_1_565' title='bbox 2541 3554 2791 3625; x_wconf 82' lang='lat' dir='ltr'><strong><em>exemplo</em></strong></span> <span class='ocrx_word' id='word_1_566' title='bbox 2821 3552 3237 3609; x_wconf 77' lang='lat' dir='ltr'><strong><em>Alexandriniet</em></strong></span> <span class='ocrx_word' id='word_1_567' title='bbox 3266 3553 3614 3622; x_wconf 88' lang='lat' dir='ltr'><strong><em>Antioclteni,</em></strong></span> <span class='ocrx_word' id='word_1_568' title='bbox 3644 3563 3703 3609; x_wconf 87' lang='lat' dir='ltr'><strong><em>ut</em></strong></span> <span class='ocrx_word' id='word_1_569' title='bbox 3726 3554 3797 3612; x_wconf 89' lang='lat' dir='ltr'><strong><em>de</em></strong></span> 
     </span>
    </p>
   </div>
   <div class='ocr_carea' id='block_1_81' title="bbox 2193 3646 3797 3721">
    <p class='ocr_par' dir='ltr' id='par_1_81' title="bbox 2193 3646 3797 3721">
     <span class='ocr_line' id='line_1_81' title="bbox 2193 3646 3797 3721; baseline 0.003 -20"><span class='ocrx_word' id='word_1_570' title='bbox 2193 3647 2274 3701; x_wconf 90' lang='lat' dir='ltr'><strong><em>sui</em></strong></span> <span class='ocrx_word' id='word_1_571' title='bbox 2315 3646 2661 3703; x_wconf 90' lang='lat' dir='ltr'><strong><em>ordinatione</em></strong></span> <span class='ocrx_word' id='word_1_572' title='bbox 2703 3648 3016 3718; x_wconf 78' lang='lat' dir='ltr'><strong><em>apostolica:</em></strong></span> <span class='ocrx_word' id='word_1_573' title='bbox 3055 3646 3173 3703; x_wconf 90' lang='lat' dir='ltr'><strong><em>sedi</em></strong></span> <span class='ocrx_word' id='word_1_574' title='bbox 3221 3647 3481 3716; x_wconf 86' lang='lat' dir='ltr'><strong><em>referret,</em></strong></span> <span class='ocrx_word' id='word_1_575' title='bbox 3527 3649 3596 3705; x_wconf 91' lang='lat' dir='ltr'><strong><em>ab</em></strong></span> <span class='ocrx_word' id='word_1_576' title='bbox 3625 3665 3797 3721; x_wconf 85' lang='lat' dir='ltr'><strong><em>eaque</em></strong></span> 
     </span>
    </p>
   </div>
   <div class='ocr_carea' id='block_1_82' title="bbox 2196 3738 3798 3811">
    <p class='ocr_par' dir='ltr' id='par_1_82' title="bbox 2196 3738 3798 3811">
     <span class='ocr_line' id='line_1_82' title="bbox 2196 3738 3798 3811; baseline 0.002 -18"><span class='ocrx_word' id='word_1_577' title='bbox 2196 3738 2405 3794; x_wconf 84' lang='lat' dir='ltr'><strong><em>litteras</em></strong></span> <span class='ocrx_word' id='word_1_578' title='bbox 2425 3739 2827 3795; x_wconf 91' lang='lat' dir='ltr'><strong><em>communionis</em></strong></span> <span class='ocrx_word' id='word_1_579' title='bbox 2852 3739 3156 3811; x_wconf 89' lang='lat' dir='ltr'><strong><em>acciperet,</em></strong></span> <span class='ocrx_word' id='word_1_580' title='bbox 3186 3739 3332 3811; x_wconf 89' lang='lat' dir='ltr'><strong><em>quod</em></strong></span> <span class='ocrx_word' id='word_1_581' title='bbox 3357 3740 3668 3811; x_wconf 79' lang='lat' dir='ltr'><strong><em>exemplum</em></strong></span> <span class='ocrx_word' id='word_1_582' title='bbox 3696 3740 3798 3796; x_wconf 87' lang='lat' dir='ltr'><strong><em>sub</em></strong></span> 
     </span>
    </p>
   </div>
   <div class='ocr_carea' id='block_1_83' title="bbox 2195 3830 3798 3904">
    <p class='ocr_par' dir='ltr' id='par_1_83' title="bbox 2195 3830 3798 3904">
     <span class='ocr_line' id='line_1_83' title="bbox 2195 3830 3798 3904; baseline 0.002 -18"><span class='ocrx_word' id='word_1_583' title='bbox 2195 3830 2449 3886; x_wconf 85' lang='lat' dir='ltr'><strong><em>Nectario</em></strong></span> <span class='ocrx_word' id='word_1_584' title='bbox 2490 3832 2724 3901; x_wconf 90' lang='lat' dir='ltr'><strong><em>positum</em></strong></span> <span class='ocrx_word' id='word_1_585' title='bbox 2764 3842 2989 3889; x_wconf 86' lang='lat' dir='ltr'><strong><em>sanctus</em></strong></span> <span class='ocrx_word' id='word_1_586' title='bbox 3016 3831 3257 3889; x_wconf 80' lang='lat' dir='ltr'><strong><em>Joannes</em></strong></span> <span class='ocrx_word' id='word_1_587' title='bbox 3283 3833 3705 3904; x_wconf 82' lang='lat' dir='ltr'><strong><em>Chrysostomus</em></strong></span> <span class='ocrx_word' id='word_1_588' title='bbox 3734 3850 3798 3890; x_wconf 86' lang='lat' dir='ltr'><strong><em>ac</em></strong></span> 
     </span>
    </p>
   </div>
   <div class='ocr_carea' id='block_1_84' title="bbox 2194 3925 3797 3999">
    <p class='ocr_par' dir='ltr' id='par_1_84' title="bbox 2194 3925 3797 3999">
     <span class='ocr_line' id='line_1_84' title="bbox 2194 3925 3797 3999; baseline 0.002 -18"><span class='ocrx_word' id='word_1_589' title='bbox 2194 3925 2378 3981; x_wconf 66' lang='lat' dir='ltr'><strong><em>caeteri</em></strong></span> <span class='ocrx_word' id='word_1_590' title='bbox 2443 3941 2790 3984; x_wconf 90' lang='lat' dir='ltr'><strong><em>successores</em></strong></span> <span class='ocrx_word' id='word_1_591' title='bbox 2855 3929 3014 3999; x_wconf 90' lang='lat' dir='ltr'><strong><em>longo</em></strong></span> <span class='ocrx_word' id='word_1_592' title='bbox 3066 3927 3326 3998; x_wconf 89' lang='lat' dir='ltr'><strong><em>deinceps</em></strong></span> <span class='ocrx_word' id='word_1_593' title='bbox 3380 3927 3577 3984; x_wconf 90' lang='lat' dir='ltr'><strong><em>ordine</em></strong></span> <span class='ocrx_word' id='word_1_594' title='bbox 3626 3930 3797 3985; x_wconf 88' lang='lat' dir='ltr'><strong><em>secuti</em></strong></span> 
     </span>
    </p>
   </div>
   <div class='ocr_carea' id='block_1_85' title="bbox 2194 4019 3799 4094">
    <p class='ocr_par' dir='ltr' id='par_1_85' title="bbox 2194 4019 3799 4094">
     <span class='ocr_line' id='line_1_85' title="bbox 2194 4019 3799 4094; baseline 0.002 -21"><span class='ocrx_word' id='word_1_595' title='bbox 2194 4028 2353 4085; x_wconf 91' lang='lat' dir='ltr'><strong><em>sunt;</em></strong></span> <span class='ocrx_word' id='word_1_596' title='bbox 2385 4019 2541 4076; x_wconf 91' lang='lat' dir='ltr'><strong><em>hisce</em></strong></span> <span class='ocrx_word' id='word_1_597' title='bbox 2564 4029 2770 4084; x_wconf 85' lang='lat' dir='ltr'><strong><em>autem,</em></strong></span> <span class='ocrx_word' id='word_1_598' title='bbox 2801 4036 2923 4092; x_wconf 64' lang='lat' dir='ltr'><strong><em>qua</em></strong></span> <span class='ocrx_word' id='word_1_599' title='bbox 2953 4020 3259 4076; x_wconf 89' lang='lat' dir='ltr'><strong><em>Orientales</em></strong></span> <span class='ocrx_word' id='word_1_600' title='bbox 3284 4036 3313 4075; x_wconf 91' lang='lat' dir='ltr'><strong><em>a</em></strong></span> <span class='ocrx_word' id='word_1_601' title='bbox 3337 4036 3396 4075; x_wconf 92' lang='lat' dir='ltr'><strong><em>se</em></strong></span> <span class='ocrx_word' id='word_1_602' title='bbox 3425 4022 3685 4094; x_wconf 76' lang='grc' dir='ltr'><strong><em>ὲνθέσμως</em></strong></span> <span class='ocrx_word' id='word_1_603' title='bbox 3714 4024 3799 4077; x_wconf 79' lang='grc' dir='ltr'><strong><em>καὶ</em></strong></span> 
     </span>
    </p>
   </div>
   <div class='ocr_carea' id='block_1_86' title="bbox 2195 4113 3800 4186">
    <p class='ocr_par' dir='ltr' id='par_1_86' title="bbox 2195 4113 3800 4186">
     <span class='ocr_line' id='line_1_86' title="bbox 2195 4113 3800 4186; baseline -0.002 -15"><span class='ocrx_word' id='word_1_604' title='bbox 2195 4123 2457 4176; x_wconf 77' lang='grc' dir='ltr'><strong><em>κανονικῶς</em></strong></span> <span class='ocrx_word' id='word_1_605' title='bbox 2474 4114 2765 4171; x_wconf 90' lang='lat' dir='ltr'><strong><em>constituta</em></strong></span> <span class='ocrx_word' id='word_1_606' title='bbox 2786 4116 3073 4186; x_wconf 88' lang='lat' dir='ltr'><strong><em>putabant,</em></strong></span> <span class='ocrx_word' id='word_1_607' title='bbox 3097 4114 3382 4185; x_wconf 85' lang='lat' dir='ltr'><strong><em>epistolam</em></strong></span> <span class='ocrx_word' id='word_1_608' title='bbox 3406 4113 3800 4170; x_wconf 90' lang='lat' dir='ltr'><strong><em>concludentes</em></strong></span> 
     </span>
    </p>
   </div>
   <div class='ocr_carea' id='block_1_87' title="bbox 2198 4206 3797 4278">
    <p class='ocr_par' dir='ltr' id='par_1_87' title="bbox 2198 4206 3797 4278">
     <span class='ocr_line' id='line_1_87' title="bbox 2198 4206 3797 4278; baseline -0.001 -16"><span class='ocrx_word' id='word_1_609' title='bbox 2198 4217 2417 4277; x_wconf 89' lang='lat' dir='ltr'><strong><em>petunt,</em></strong></span> <span class='ocrx_word' id='word_1_610' title='bbox 2453 4216 2512 4262; x_wconf 93' lang='lat' dir='ltr'><strong><em>ut</em></strong></span> <span class='ocrx_word' id='word_1_611' title='bbox 2541 4207 2804 4263; x_wconf 89' lang='lat' dir='ltr'><strong><em>Damasus</em></strong></span> <span class='ocrx_word' id='word_1_612' title='bbox 2842 4207 3140 4278; x_wconf 71' lang='lat' dir='ltr'><strong><em>cmterique</em></strong></span> <span class='ocrx_word' id='word_1_613' title='bbox 3192 4206 3571 4264; x_wconf 91' lang='lat' dir='ltr'><strong><em>Occidentales</em></strong></span> <span class='ocrx_word' id='word_1_614' title='bbox 3612 4221 3797 4263; x_wconf 87' lang='lat' dir='ltr'><strong><em>secum</em></strong></span> 
     </span>
    </p>
   </div>
   <div class='ocr_carea' id='block_1_88' title="bbox 2196 4300 3797 4374">
    <p class='ocr_par' dir='ltr' id='par_1_88' title="bbox 2196 4300 3797 4374">
     <span class='ocr_line' id='line_1_88' title="bbox 2196 4300 3797 4374; baseline 0.001 -19"><span class='ocrx_word' id='word_1_615' title='bbox 2196 4301 2521 4374; x_wconf 86' lang='lat' dir='ltr'><strong><em>gratulentur</em></strong></span> <span class='ocrx_word' id='word_1_616' title='bbox 2540 4318 2559 4357; x_wconf 90' lang='lat'><strong><em>:</em></strong></span> <span class='ocrx_word' id='word_1_617' title='bbox 2580 4318 2681 4372; x_wconf 90' lang='lat' dir='ltr'><strong><em>qua</em></strong></span> <span class='ocrx_word' id='word_1_618' title='bbox 2709 4301 3098 4367; x_wconf 83' lang='lat' dir='ltr'><strong><em>ecclesiastica,</em></strong></span> <span class='ocrx_word' id='word_1_619' title='bbox 3128 4316 3193 4357; x_wconf 88' lang='lat' dir='ltr'><strong><em>ac</em></strong></span> <span class='ocrx_word' id='word_1_620' title='bbox 3214 4311 3454 4356; x_wconf 89' lang='lat' dir='ltr'><strong><em>mutuam</em></strong></span> <span class='ocrx_word' id='word_1_621' title='bbox 3477 4300 3797 4357; x_wconf 89' lang='lat' dir='ltr'><strong><em>charitatem</em></strong></span> 
     </span>
    </p>
   </div>
   <div class='ocr_carea' id='block_1_89' title="bbox 2196 4391 3800 4463">
    <p class='ocr_par' dir='ltr' id='par_1_89' title="bbox 2196 4391 3800 4463">
     <span class='ocr_line' id='line_1_89' title="bbox 2196 4391 3800 4463; baseline 0 -16"><span class='ocrx_word' id='word_1_622' title='bbox 2196 4394 2535 4463; x_wconf 80' lang='lat' dir='ltr'><strong><em>exprimente</em></strong></span> <span class='ocrx_word' id='word_1_623' title='bbox 2556 4393 2786 4449; x_wconf 90' lang='lat' dir='ltr'><strong><em>formula</em></strong></span> <span class='ocrx_word' id='word_1_624' title='bbox 2810 4401 3056 4459; x_wconf 92' lang='lat' dir='ltr'><strong><em>utuntur,</em></strong></span> <span class='ocrx_word' id='word_1_625' title='bbox 3084 4401 3142 4448; x_wconf 90' lang='lat' dir='ltr'><strong><em>ut</em></strong></span> <span class='ocrx_word' id='word_1_626' title='bbox 3169 4407 3359 4449; x_wconf 91' lang='lat' dir='ltr'><strong><em>eorum</em></strong></span> <span class='ocrx_word' id='word_1_627' title='bbox 3384 4391 3625 4448; x_wconf 92' lang='lat' dir='ltr'><strong><em>omnium</em></strong></span> <span class='ocrx_word' id='word_1_628' title='bbox 3679 4405 3800 4462; x_wconf 70' lang='lat' dir='ltr'><strong><em>qua:</em></strong></span> 
     </span>
    </p>
   </div>
   <div class='ocr_carea' id='block_1_90' title="bbox 2196 4484 3798 4558">
    <p class='ocr_par' dir='ltr' id='par_1_90' title="bbox 2196 4484 3798 4558">
     <span class='ocr_line' id='line_1_90' title="bbox 2196 4484 3798 4558; baseline -0.001 -16"><span class='ocrx_word' id='word_1_629' title='bbox 2196 4487 2590 4544; x_wconf 90' lang='lat' dir='ltr'><strong><em>constituerant</em></strong></span> <span class='ocrx_word' id='word_1_630' title='bbox 2648 4487 3116 4547; x_wconf 83' lang='lat' dir='ltr'><strong><em>conﬁrmationem</em></strong></span> <span class='ocrx_word' id='word_1_631' title='bbox 3169 4495 3450 4558; x_wconf 90' lang='lat' dir='ltr'><strong><em>peterent,</em></strong></span> <span class='ocrx_word' id='word_1_632' title='bbox 3529 4484 3798 4557; x_wconf 89' lang='lat' dir='ltr'><strong><em>siquidem</em></strong></span> 
     </span>
    </p>
   </div>
   <div class='ocr_carea' id='block_1_91' title="bbox 490 4567 3801 4652">
    <p class='ocr_par' dir='ltr' id='par_1_91' title="bbox 490 4567 3801 4652">
     <span class='ocr_line' id='line_1_91' title="bbox 490 4567 3801 4652; baseline -0.003 -15"><span class='ocrx_word' id='word_1_633' title='bbox 490 4580 615 4637; x_wconf 84' lang='lat' dir='ltr'><strong><em>dem</em></strong></span> <span class='ocrx_word' id='word_1_634' title='bbox 647 4580 797 4636; x_wconf 82' lang='lat' dir='ltr'><strong><em>Felix</em></strong></span> <span class='ocrx_word' id='word_1_635' title='bbox 826 4578 892 4635; x_wconf 73' lang='lat' dir='ltr'><strong><em>Ill</em></strong></span> <span class='ocrx_word' id='word_1_636' title='bbox 940 4578 1078 4633; x_wconf 90' lang='lat' dir='ltr'><strong><em>hanc</em></strong></span> <span class='ocrx_word' id='word_1_637' title='bbox 1112 4592 1235 4633; x_wconf 88' lang='lat' dir='ltr'><strong><em>esse</em></strong></span> <span class='ocrx_word' id='word_1_638' title='bbox 1268 4575 1527 4631; x_wconf 65' lang='lat' dir='ltr'><strong><em>Ecclesia:</em></strong></span> <span class='ocrx_word' id='word_1_639' title='bbox 1558 4574 1799 4645; x_wconf 87' lang='lat' dir='ltr'><strong><em>regulam</em></strong></span> <span class='ocrx_word' id='word_1_640' title='bbox 1838 4583 1893 4629; x_wconf 91' lang='lat' dir='ltr'><strong><em>et</em></strong></span> <span class='ocrx_word' id='word_1_641' title='bbox 1947 4583 2096 4630; x_wconf 84' lang='lat' dir='ltr'><strong><em>vete-</em></strong></span> <span class='ocrx_word' id='word_1_642' title='bbox 2120 4567 2175 4628; x_wconf 83' lang='grc' dir='ltr'><strong><em>Ῑ)</em></strong></span> <span class='ocrx_word' id='word_1_643' title='bbox 2204 4579 2288 4635; x_wconf 83' lang='lat' dir='ltr'><strong><em>hic</em></strong></span> <span class='ocrx_word' id='word_1_644' title='bbox 2320 4590 2437 4635; x_wconf 77' lang='lat' dir='ltr'><strong><em>erat</em></strong></span> <span class='ocrx_word' id='word_1_645' title='bbox 2466 4580 2851 4652; x_wconf 79' lang='lat' dir='ltr'><strong><em>synodicarum</em></strong></span> <span class='ocrx_word' id='word_1_646' title='bbox 2882 4581 3233 4649; x_wconf 68' lang='lat' dir='ltr'><strong><em>relationum,</em></strong></span> <span class='ocrx_word' id='word_1_647' title='bbox 3258 4596 3379 4651; x_wconf 72' lang='lat' dir='ltr'><strong><em>qua:</em></strong></span> <span class='ocrx_word' id='word_1_648' title='bbox 3407 4579 3472 4636; x_wconf 85' lang='lat' dir='ltr'><strong><em>ad</em></strong></span> <span class='ocrx_word' id='word_1_649' title='bbox 3495 4578 3801 4636; x_wconf 79' lang='lat' dir='ltr'><strong><em>Romanum</em></strong></span> 
     </span>
    </p>
   </div>
   <div class='ocr_carea' id='block_1_92' title="bbox 490 4667 2099 4740">
    <p class='ocr_par' dir='ltr' id='par_1_92' title="bbox 490 4667 2099 4740">
     <span class='ocr_line' id='line_1_92' title="bbox 490 4667 2099 4740; baseline -0.003 -11"><span class='ocrx_word' id='word_1_650' title='bbox 490 4690 607 4729; x_wconf 88' lang='lat' dir='ltr'><strong><em>rem</em></strong></span> <span class='ocrx_word' id='word_1_651' title='bbox 637 4672 981 4728; x_wconf 88' lang='lat' dir='ltr'><strong><em>traditionem</em></strong></span> <span class='ocrx_word' id='word_1_652' title='bbox 1012 4668 1230 4731; x_wconf 88' lang='lat' dir='ltr'><strong><em>scribit.</em></strong></span> <span class='ocrx_word' id='word_1_653' title='bbox 1266 4668 1567 4739; x_wconf 88' lang='lat' dir='ltr'><strong><em>primarum</em></strong></span> <span class='ocrx_word' id='word_1_654' title='bbox 1611 4667 1823 4723; x_wconf 86' lang='lat' dir='ltr'><strong><em>sedium</em></strong></span> <span class='ocrx_word' id='word_1_655' title='bbox 1852 4667 2099 4740; x_wconf 87' lang='lat' dir='ltr'><strong><em>episcopi</em></strong></span> 
     </span>
    </p>
   </div>
   <div class='ocr_carea' id='block_1_93' title="bbox 490 4759 2098 4831">
    <p class='ocr_par' dir='ltr' id='par_1_93' title="bbox 490 4759 2098 4831">
     <span class='ocr_line' id='line_1_93' title="bbox 490 4759 2098 4831; baseline -0.004 -10"><span class='ocrx_word' id='word_1_656' title='bbox 490 4781 614 4822; x_wconf 90' lang='lat' dir='ltr'><strong><em>cum</em></strong></span> <span class='ocrx_word' id='word_1_657' title='bbox 645 4766 712 4820; x_wconf 87' lang='lat' dir='ltr'><strong><em>ab</em></strong></span> <span class='ocrx_word' id='word_1_658' title='bbox 741 4765 935 4820; x_wconf 63' lang='lat' dir='ltr'><strong><em>haeresi</em></strong></span> <span class='ocrx_word' id='word_1_659' title='bbox 969 4772 1351 4827; x_wconf 90' lang='lat' dir='ltr'><strong><em>revertuntur,</em></strong></span> <span class='ocrx_word' id='word_1_660' title='bbox 1398 4775 1508 4814; x_wconf 91' lang='lat' dir='ltr'><strong><em>non</em></strong></span> <span class='ocrx_word' id='word_1_661' title='bbox 1542 4759 1693 4829; x_wconf 90' lang='lat' dir='ltr'><strong><em>prius</em></strong></span> <span class='ocrx_word' id='word_1_662' title='bbox 1738 4759 2098 4831; x_wconf 86' lang='lat' dir='ltr'><strong><em>recipiantur,</em></strong></span> 
     </span>
    </p>
   </div>
   <div class='ocr_carea' id='block_1_94' title="bbox 492 4850 2095 4923">
    <p class='ocr_par' dir='ltr' id='par_1_94' title="bbox 492 4850 2095 4923">
     <span class='ocr_line' id='line_1_94' title="bbox 492 4850 2095 4923; baseline -0.005 -7"><span class='ocrx_word' id='word_1_663' title='bbox 492 4874 559 4915; x_wconf 91' lang='lat' dir='ltr'><strong><em>ac</em></strong></span> <span class='ocrx_word' id='word_1_664' title='bbox 582 4857 1019 4913; x_wconf 90' lang='lat' dir='ltr'><strong><em>communionem</em></strong></span> <span class='ocrx_word' id='word_1_665' title='bbox 1046 4856 1349 4918; x_wconf 88' lang='lat' dir='ltr'><strong><em>obtineant,</em></strong></span> <span class='ocrx_word' id='word_1_666' title='bbox 1373 4867 1533 4923; x_wconf 90' lang='lat' dir='ltr'><strong><em>quam</em></strong></span> <span class='ocrx_word' id='word_1_667' title='bbox 1557 4850 1625 4906; x_wconf 90' lang='lat' dir='ltr'><strong><em>ad</em></strong></span> <span class='ocrx_word' id='word_1_668' title='bbox 1655 4853 1884 4922; x_wconf 91' lang='lat' dir='ltr'><strong><em>primam</em></strong></span> <span class='ocrx_word' id='word_1_669' title='bbox 1910 4852 2095 4909; x_wconf 90' lang='lat' dir='ltr'><strong><em>sedem</em></strong></span> 
     </span>
    </p>
   </div>
   <div class='ocr_carea' id='block_1_95' title="bbox 492 4942 2099 5015">
    <p class='ocr_par' dir='ltr' id='par_1_95' title="bbox 492 4942 2099 5015">
     <span class='ocr_line' id='line_1_95' title="bbox 492 4942 2099 5015; baseline -0.003 -10"><span class='ocrx_word' id='word_1_670' title='bbox 492 4960 613 5005; x_wconf 88' lang='lat' dir='ltr'><strong><em>acta</em></strong></span> <span class='ocrx_word' id='word_1_671' title='bbox 640 4948 831 5010; x_wconf 89' lang='lat' dir='ltr'><strong><em>relata,</em></strong></span> <span class='ocrx_word' id='word_1_672' title='bbox 862 4956 1023 5015; x_wconf 88' lang='lat' dir='ltr'><strong><em>atque</em></strong></span> <span class='ocrx_word' id='word_1_673' title='bbox 1050 4946 1118 4999; x_wconf 90' lang='lat' dir='ltr'><strong><em>ab</em></strong></span> <span class='ocrx_word' id='word_1_674' title='bbox 1160 4960 1247 5010; x_wconf 91' lang='lat' dir='ltr'><strong><em>ea,</em></strong></span> <span class='ocrx_word' id='word_1_675' title='bbox 1280 4959 1401 5015; x_wconf 75' lang='lat' dir='ltr'><strong><em>quae</em></strong></span> <span class='ocrx_word' id='word_1_676' title='bbox 1430 4942 1654 4999; x_wconf 88' lang='lat' dir='ltr'><strong><em>deﬁnita</em></strong></span> <span class='ocrx_word' id='word_1_677' title='bbox 1684 4942 1929 5011; x_wconf 90' lang='lat' dir='ltr'><strong><em>fuerant,</em></strong></span> <span class='ocrx_word' id='word_1_678' title='bbox 1966 4960 2099 5001; x_wconf 92' lang='lat' dir='ltr'><strong><em>con-</em></strong></span> 
     </span>
    </p>
   </div>
   <div class='ocr_carea' id='block_1_96' title="bbox 500 5037 978 5109">
    <p class='ocr_par' dir='ltr' id='par_1_96' title="bbox 500 5037 978 5109">
     <span class='ocr_line' id='line_1_96' title="bbox 500 5037 978 5109; baseline -0.019 -10"><span class='ocrx_word' id='word_1_679' title='bbox 500 5044 715 5099; x_wconf 87' lang='lat' dir='ltr'><strong><em>ﬁrmata</em></strong></span> <span class='ocrx_word' id='word_1_680' title='bbox 747 5041 857 5095; x_wconf 91' lang='lat' dir='ltr'><strong><em>sint</em></strong></span> <span class='ocrx_word' id='word_1_681' title='bbox 880 5037 978 5109; x_wconf 89' lang='lat' dir='ltr'><strong><em>(b).</em></strong></span> 
     </span>
    </p>
   </div>
   <div class='ocr_carea' id='block_1_97' title="bbox 571 5128 2095 5203">
    <p class='ocr_par' dir='ltr' id='par_1_97' title="bbox 571 5128 2095 5203">
     <span class='ocr_line' id='line_1_97' title="bbox 571 5128 2095 5203; baseline -0.003 -14"><span class='ocrx_word' id='word_1_682' title='bbox 571 5137 631 5192; x_wconf 91' lang='lat' dir='ltr'><strong><em>V.</em></strong></span> <span class='ocrx_word' id='word_1_683' title='bbox 674 5133 827 5203; x_wconf 82' lang='lat' dir='ltr'><strong><em>Quod</em></strong></span> <span class='ocrx_word' id='word_1_684' title='bbox 867 5131 934 5186; x_wconf 88' lang='lat' dir='ltr'><strong><em>ad</em></strong></span> <span class='ocrx_word' id='word_1_685' title='bbox 984 5129 1293 5185; x_wconf 81' lang='lat' dir='ltr'><strong><em>Nectarium</em></strong></span> <span class='ocrx_word' id='word_1_686' title='bbox 1325 5130 1552 5193; x_wconf 88' lang='lat' dir='ltr'><strong><em>attinet,</em></strong></span> <span class='ocrx_word' id='word_1_687' title='bbox 1605 5138 1761 5194; x_wconf 88' lang='lat' dir='ltr'><strong><em>sunt,</em></strong></span> <span class='ocrx_word' id='word_1_688' title='bbox 1795 5128 1939 5199; x_wconf 89' lang='lat' dir='ltr'><strong><em>quod</em></strong></span> <span class='ocrx_word' id='word_1_689' title='bbox 1983 5129 2095 5199; x_wconf 87' lang='lat' dir='ltr'><strong><em>jam</em></strong></span> 
     </span>
    </p>
   </div>
   <div class='ocr_carea' id='block_1_98' title="bbox 490 5220 2098 5291">
    <p class='ocr_par' dir='ltr' id='par_1_98' title="bbox 490 5220 2098 5291">
     <span class='ocr_line' id='line_1_98' title="bbox 490 5220 2098 5291; baseline -0.008 -3"><span class='ocrx_word' id='word_1_690' title='bbox 490 5231 838 5287; x_wconf 88' lang='lat' dir='ltr'><strong><em>observatum</em></strong></span> <span class='ocrx_word' id='word_1_691' title='bbox 871 5240 901 5280; x_wconf 85' lang='lat' dir='ltr'><strong><em>a</em></strong></span> <span class='ocrx_word' id='word_1_692' title='bbox 932 5221 1090 5279; x_wconf 88' lang='lat' dir='ltr'><strong><em>nobis</em></strong></span> <span class='ocrx_word' id='word_1_693' title='bbox 1120 5221 1241 5284; x_wconf 90' lang='lat' dir='ltr'><strong><em>fuit,</em></strong></span> <span class='ocrx_word' id='word_1_694' title='bbox 1278 5223 1367 5291; x_wconf 91' lang='lat' dir='ltr'><strong><em>qui</em></strong></span> <span class='ocrx_word' id='word_1_695' title='bbox 1399 5229 1623 5275; x_wconf 83' lang='lat' dir='ltr'><strong><em>censent</em></strong></span> <span class='ocrx_word' id='word_1_696' title='bbox 1654 5221 1771 5289; x_wconf 88' lang='lat' dir='ltr'><strong><em>ejus</em></strong></span> <span class='ocrx_word' id='word_1_697' title='bbox 1802 5220 2098 5276; x_wconf 88' lang='lat' dir='ltr'><strong><em>ordinatio-</em></strong></span> 
     </span>
    </p>
   </div>
   <div class='ocr_carea' id='block_1_99' title="bbox 490 5311 2097 5390">
    <p class='ocr_par' dir='ltr' id='par_1_99' title="bbox 490 5311 2097 5390">
     <span class='ocr_line' id='line_1_99' title="bbox 490 5311 2097 5390; baseline -0.007 -10"><span class='ocrx_word' id='word_1_698' title='bbox 490 5340 658 5389; x_wconf 90' lang='lat' dir='ltr'><strong><em>nem,</em></strong></span> <span class='ocrx_word' id='word_1_699' title='bbox 710 5337 779 5377; x_wconf 79' lang='lat' dir='ltr'><strong><em>ex</em></strong></span> <span class='ocrx_word' id='word_1_700' title='bbox 828 5315 1143 5390; x_wconf 66' lang='lat' dir='ltr'><strong><em>praescripta</em></strong></span> <span class='ocrx_word' id='word_1_701' title='bbox 1195 5312 1401 5369; x_wconf 68' lang='lat' dir='ltr'><strong><em>Nicaani</em></strong></span> <span class='ocrx_word' id='word_1_702' title='bbox 1456 5311 1673 5367; x_wconf 91' lang='lat' dir='ltr'><strong><em>concilii</em></strong></span> <span class='ocrx_word' id='word_1_703' title='bbox 1726 5311 1847 5383; x_wconf 86' lang='lat' dir='ltr'><strong><em>lege</em></strong></span> <span class='ocrx_word' id='word_1_704' title='bbox 1901 5312 2097 5369; x_wconf 82' lang='lat' dir='ltr'><strong><em>laetam</em></strong></span> 
     </span>
    </p>
   </div>
   <div class='ocr_carea' id='block_1_100' title="bbox 490 5407 2095 5474">
    <p class='ocr_par' dir='ltr' id='par_1_100' title="bbox 490 5407 2095 5474">
     <span class='ocr_line' id='line_1_100' title="bbox 490 5407 2095 5474; baseline -0.005 -2"><span class='ocrx_word' id='word_1_705' title='bbox 490 5415 796 5472; x_wconf 86' lang='lat' dir='ltr'><strong><em>Orientales</em></strong></span> <span class='ocrx_word' id='word_1_706' title='bbox 824 5426 1072 5469; x_wconf 89' lang='lat' dir='ltr'><strong><em>asserere</em></strong></span> <span class='ocrx_word' id='word_1_707' title='bbox 1101 5425 1169 5466; x_wconf 92' lang='lat' dir='ltr'><strong><em>eo</em></strong></span> <span class='ocrx_word' id='word_1_708' title='bbox 1197 5407 1453 5474; x_wconf 91' lang='lat' dir='ltr'><strong><em>consilio,</em></strong></span> <span class='ocrx_word' id='word_1_709' title='bbox 1484 5416 1542 5462; x_wconf 94' lang='lat' dir='ltr'><strong><em>ut</em></strong></span> <span class='ocrx_word' id='word_1_710' title='bbox 1563 5422 1682 5462; x_wconf 90' lang='lat' dir='ltr'><strong><em>eam</em></strong></span> <span class='ocrx_word' id='word_1_711' title='bbox 1718 5415 1969 5464; x_wconf 88' lang='lat' dir='ltr'><strong><em>tueantur</em></strong></span> <span class='ocrx_word' id='word_1_712' title='bbox 2000 5408 2095 5465; x_wconf 90' lang='lat' dir='ltr'><strong><em>ad-</em></strong></span> 
     </span>
    </p>
   </div>
   <div class='ocr_carea' id='block_1_101' title="bbox 489 5503 2099 5578">
    <p class='ocr_par' dir='ltr' id='par_1_101' title="bbox 489 5503 2099 5578">
     <span class='ocr_line' id='line_1_101' title="bbox 489 5503 2099 5578; baseline -0.002 -12"><span class='ocrx_word' id='word_1_713' title='bbox 489 5524 683 5567; x_wconf 84' lang='lat' dir='ltr'><strong><em>versus</em></strong></span> <span class='ocrx_word' id='word_1_714' title='bbox 733 5507 946 5562; x_wconf 85' lang='lat' dir='ltr'><strong><em>Damasi</em></strong></span> <span class='ocrx_word' id='word_1_715' title='bbox 994 5515 1155 5578; x_wconf 85' lang='lat' dir='ltr'><strong><em>atque</em></strong></span> <span class='ocrx_word' id='word_1_716' title='bbox 1202 5503 1668 5570; x_wconf 88' lang='lat' dir='ltr'><strong><em>Occidentalium,</em></strong></span> <span class='ocrx_word' id='word_1_717' title='bbox 1722 5504 1813 5577; x_wconf 91' lang='lat' dir='ltr'><strong><em>qui</em></strong></span> <span class='ocrx_word' id='word_1_718' title='bbox 1864 5503 2099 5562; x_wconf 79' lang='lat' dir='ltr'><strong><em>Maximo</em></strong></span> 
     </span>
    </p>
   </div>
   <div class='ocr_carea' id='block_1_102' title="bbox 564 5626 1671 5768">
    <p class='ocr_par' dir='ltr' id='par_1_102' title="bbox 564 5626 1671 5768">
     <span class='ocr_line' id='line_1_102' title="bbox 564 5626 1671 5768; baseline -0.003 -85"><span class='ocrx_word' id='word_1_719' title='bbox 564 5627 647 5768; x_wconf 39' lang='grc' dir='ltr'><strong><em>(αὶ</em></strong></span> <span class='ocrx_word' id='word_1_720' title='bbox 683 5627 817 5682; x_wconf 91' lang='lat' dir='ltr'><strong><em>Cod.</em></strong></span> <span class='ocrx_word' id='word_1_721' title='bbox 850 5628 985 5682; x_wconf 89' lang='lat' dir='ltr'><strong><em>Can.</em></strong></span> <span class='ocrx_word' id='word_1_722' title='bbox 1009 5628 1186 5685; x_wconf 82' lang='lat' dir='ltr'><strong><em>Vend.</em></strong></span> <span class='ocrx_word' id='word_1_723' title='bbox 1223 5627 1315 5681; x_wconf 89' lang='lat' dir='ltr'><strong><em>lib.</em></strong></span> <span class='ocrx_word' id='word_1_724' title='bbox 1345 5642 1394 5691; x_wconf 84' lang='grc' dir='ltr'>ι,</span> <span class='ocrx_word' id='word_1_725' title='bbox 1426 5641 1545 5697; x_wconf 89' lang='lat' dir='ltr'><strong><em>cap.</em></strong></span> <span class='ocrx_word' id='word_1_726' title='bbox 1580 5626 1671 5681; x_wconf 75' lang='grc'><strong><em>51.</em></strong></span> 
     </span>
     <span class='ocr_line' id='line_1_103' title="bbox 572 5696 1671 5768; baseline 0.002 -16"><span class='ocrx_word' id='word_1_727' title='bbox 572 5701 623 5768; x_wconf 90' lang='lat' dir='ltr'><strong><em>(b</em></strong></span> <span class='ocrx_word' id='word_1_728' title='bbox 688 5700 857 5768; x_wconf 82' lang='lat' dir='ltr'><strong><em>Cone.</em></strong></span> <span class='ocrx_word' id='word_1_729' title='bbox 888 5697 1027 5768; x_wconf 73' lang='lat' dir='ltr'><strong><em>Ven.</em></strong></span> <span class='ocrx_word' id='word_1_730' title='bbox 1058 5700 1188 5754; x_wconf 90' lang='lat' dir='ltr'><strong><em>edit.</em></strong></span> <span class='ocrx_word' id='word_1_731' title='bbox 1220 5708 1351 5753; x_wconf 90' lang='lat' dir='ltr'><strong><em>tom.</em></strong></span> <span class='ocrx_word' id='word_1_732' title='bbox 1385 5696 1454 5767; x_wconf 79' lang='lat' dir='ltr'><strong><em>V,</em></strong></span> <span class='ocrx_word' id='word_1_733' title='bbox 1482 5713 1536 5768; x_wconf 90' lang='lat' dir='ltr'><strong><em>p.</em></strong></span> <span class='ocrx_word' id='word_1_734' title='bbox 1576 5697 1671 5754; x_wconf 66' lang='lat'><strong><em>481</em></strong></span> 
     </span>
    </p>
   </div>
   <div class='ocr_carea' id='block_1_103' title="bbox 597 5696 1703 5768">
    <p class='ocr_par' dir='ltr' id='par_1_103' title="bbox 597 5696 1703 5768">
     <span class='ocr_line' id='line_1_104' title="bbox 597 5696 1703 5768; baseline -0.001 -16"><span class='ocrx_word' id='word_1_735' title='bbox 597 5696 647 5768; x_wconf 91' lang='lat' dir='ltr'><strong><em>b)</em></strong></span> <span class='ocrx_word' id='word_1_736' title='bbox 688 5700 857 5768; x_wconf 83' lang='lat' dir='ltr'><strong><em>Cone.</em></strong></span> <span class='ocrx_word' id='word_1_737' title='bbox 888 5697 1027 5768; x_wconf 72' lang='lat' dir='ltr'><strong><em>Ven.</em></strong></span> <span class='ocrx_word' id='word_1_738' title='bbox 1058 5700 1188 5754; x_wconf 91' lang='lat' dir='ltr'><strong><em>edit.</em></strong></span> <span class='ocrx_word' id='word_1_739' title='bbox 1220 5708 1351 5753; x_wconf 90' lang='lat' dir='ltr'><strong><em>tom.</em></strong></span> <span class='ocrx_word' id='word_1_740' title='bbox 1385 5696 1454 5767; x_wconf 65' lang='grc' dir='ltr'><strong><em>Υ,</em></strong></span> <span class='ocrx_word' id='word_1_741' title='bbox 1482 5696 1536 5768; x_wconf 85' lang='lat' dir='ltr'><strong><em>p.</em></strong></span> <span class='ocrx_word' id='word_1_742' title='bbox 1576 5697 1703 5754; x_wconf 74' lang='grc'><strong><em>187.</em></strong></span> 
     </span>
    </p>
   </div>
   <div class='ocr_carea' id='block_1_104' title="bbox 572 5701 1271 5843">
    <p class='ocr_par' dir='ltr' id='par_1_104' title="bbox 572 5701 1271 5843">
     <span class='ocr_line' id='line_1_105' title="bbox 597 5701 1271 5768; baseline 0.001 -16"><span class='ocrx_word' id='word_1_743' title='bbox 597 5701 647 5768; x_wconf 89' lang='lat' dir='ltr'><strong><em>b)</em></strong></span> <span class='ocrx_word' id='word_1_744' title='bbox 688 5701 857 5751; x_wconf 78' lang='lat' dir='ltr'><strong><em>Cone.</em></strong></span> <span class='ocrx_word' id='word_1_745' title='bbox 888 5701 1027 5751; x_wconf 78' lang='lat' dir='ltr'><strong><em>Ven.</em></strong></span> <span class='ocrx_word' id='word_1_746' title='bbox 1058 5701 1188 5754; x_wconf 85' lang='lat' dir='ltr'><strong><em>edit.</em></strong></span> <span class='ocrx_word' id='word_1_747' title='bbox 1220 5708 1271 5753; x_wconf 91' lang='lat' dir='ltr'><strong><em>to</em></strong></span> 
     </span>
     <span class='ocr_line' id='line_1_106' title="bbox 572 5701 1271 5843; baseline 0 -21"><span class='ocrx_word' id='word_1_748' title='bbox 572 5701 647 5843; x_wconf 46' lang='grc' dir='ltr'><strong><em>ξε)</em></strong></span> <span class='ocrx_word' id='word_1_749' title='bbox 692 5767 815 5826; x_wconf 79' lang='lat' dir='ltr'><strong><em>th.</em></strong></span> <span class='ocrx_word' id='word_1_750' title='bbox 848 5782 968 5837; x_wconf 84' lang='lat' dir='ltr'><strong><em>cap.</em></strong></span> <span class='ocrx_word' id='word_1_751' title='bbox 998 5767 1055 5833; x_wconf 86' lang='lat'><strong><em>9,</em></strong></span> <span class='ocrx_word' id='word_1_752' title='bbox 1089 5769 1142 5823; x_wconf 92' lang='lat' dir='ltr'><strong><em>in</em></strong></span> <span class='ocrx_word' id='word_1_753' title='bbox 1174 5769 1271 5823; x_wconf 87' lang='lat' dir='ltr'><strong><em>lin.</em></strong></span> 
     </span>
    </p>
   </div>
   <div class='ocr_carea' id='block_1_105' title="bbox 2203 4672 3206 4745">
    <p class='ocr_par' dir='ltr' id='par_1_105' title="bbox 2203 4672 3206 4745">
     <span class='ocr_line' id='line_1_107' title="bbox 2203 4672 3206 4745; baseline 0.001 -19"><span class='ocrx_word' id='word_1_754' title='bbox 2203 4673 2512 4743; x_wconf 87' lang='lat' dir='ltr'><strong><em>pontiﬁcem</em></strong></span> <span class='ocrx_word' id='word_1_755' title='bbox 2537 4674 2917 4742; x_wconf 88' lang='lat' dir='ltr'><strong><em>mittebantur,</em></strong></span> <span class='ocrx_word' id='word_1_756' title='bbox 2950 4672 3074 4730; x_wconf 88' lang='lat' dir='ltr'><strong><em>ﬁnis</em></strong></span> <span class='ocrx_word' id='word_1_757' title='bbox 3105 4674 3206 4745; x_wconf 78' lang='grc' dir='ltr'><strong><em>(ἀ).</em></strong></span> 
     </span>
    </p>
   </div>
   <div class='ocr_carea' id='block_1_106' title="bbox 2276 4760 3800 4835">
    <p class='ocr_par' dir='ltr' id='par_1_106' title="bbox 2276 4760 3800 4835">
     <span class='ocr_line' id='line_1_108' title="bbox 2276 4760 3800 4835; baseline 0 -17"><span class='ocrx_word' id='word_1_758' title='bbox 2276 4762 2362 4818; x_wconf 85' lang='lat' dir='ltr'><strong><em>Vl.</em></strong></span> <span class='ocrx_word' id='word_1_759' title='bbox 2397 4763 2523 4820; x_wconf 61' lang='lat' dir='ltr'><strong><em>Haec</em></strong></span> <span class='ocrx_word' id='word_1_760' title='bbox 2542 4764 2895 4821; x_wconf 90' lang='lat' dir='ltr'><strong><em>Orientalium</em></strong></span> <span class='ocrx_word' id='word_1_761' title='bbox 2915 4764 3145 4835; x_wconf 85' lang='lat' dir='ltr'><strong><em>epistola</em></strong></span> <span class='ocrx_word' id='word_1_762' title='bbox 3170 4763 3427 4835; x_wconf 87' lang='lat' dir='ltr'><strong><em>inscripta</em></strong></span> <span class='ocrx_word' id='word_1_763' title='bbox 3447 4773 3532 4820; x_wconf 90' lang='lat' dir='ltr'><strong><em>est</em></strong></span> <span class='ocrx_word' id='word_1_764' title='bbox 3547 4760 3800 4829; x_wconf 86' lang='lat' dir='ltr'><strong><em>Dantaso,</em></strong></span> 
     </span>
    </p>
   </div>
   <div class='ocr_carea' id='block_1_107' title="bbox 2201 4853 3808 4926">
    <p class='ocr_par' dir='ltr' id='par_1_107' title="bbox 2201 4853 3808 4926">
     <span class='ocr_line' id='line_1_109' title="bbox 2201 4853 3808 4926; baseline 0 -17"><span class='ocrx_word' id='word_1_765' title='bbox 2201 4853 2471 4912; x_wconf 82' lang='lat' dir='ltr'><strong><em>Ambrosio</em></strong></span> <span class='ocrx_word' id='word_1_766' title='bbox 2492 4899 2507 4925; x_wconf 95' lang='lat'><strong><em>,</em></strong></span> <span class='ocrx_word' id='word_1_767' title='bbox 2541 4857 2746 4913; x_wconf 89' lang='lat' dir='ltr'><strong><em>Britoni</em></strong></span> <span class='ocrx_word' id='word_1_768' title='bbox 2773 4901 2788 4926; x_wconf 94' lang='lat'><strong><em>,</em></strong></span> <span class='ocrx_word' id='word_1_769' title='bbox 2828 4857 3108 4913; x_wconf 85' lang='lat' dir='ltr'><strong><em>Valeriano</em></strong></span> <span class='ocrx_word' id='word_1_770' title='bbox 3132 4899 3147 4923; x_wconf 92' lang='lat'><strong><em>,</em></strong></span> <span class='ocrx_word' id='word_1_771' title='bbox 3184 4856 3429 4911; x_wconf 78' lang='lat' dir='ltr'><strong><em>Ascholio</em></strong></span> <span class='ocrx_word' id='word_1_772' title='bbox 3454 4898 3468 4923; x_wconf 93' lang='lat'><strong><em>,</em></strong></span> <span class='ocrx_word' id='word_1_773' title='bbox 3516 4856 3730 4911; x_wconf 82' lang='lat' dir='ltr'><strong><em>Anemio</em></strong></span> <span class='ocrx_word' id='word_1_774' title='bbox 3756 4863 3808 4909; x_wconf 86' lang='lat' dir='ltr'><strong><em>et</em></strong></span> 
     </span>
    </p>
   </div>
   <div class='ocr_carea' id='block_1_108' title="bbox 2202 4946 3800 5022">
    <p class='ocr_par' dir='ltr' id='par_1_108' title="bbox 2202 4946 3800 5022">
     <span class='ocr_line' id='line_1_110' title="bbox 2202 4946 3800 5022; baseline -0.002 -19"><span class='ocrx_word' id='word_1_775' title='bbox 2202 4947 2399 5004; x_wconf 86' lang='lat' dir='ltr'><strong><em>Basilio</em></strong></span> <span class='ocrx_word' id='word_1_776' title='bbox 2421 4991 2436 5016; x_wconf 91' lang='lat'><strong><em>,</em></strong></span> <span class='ocrx_word' id='word_1_777' title='bbox 2474 4967 2536 5005; x_wconf 92' lang='lat' dir='ltr'><strong><em>ac</em></strong></span> <span class='ocrx_word' id='word_1_778' title='bbox 2564 4952 2762 5006; x_wconf 71' lang='lat' dir='ltr'><strong><em>cwteris</em></strong></span> <span class='ocrx_word' id='word_1_779' title='bbox 2788 4952 2844 5005; x_wconf 91' lang='lat' dir='ltr'><strong><em>in</em></strong></span> <span class='ocrx_word' id='word_1_780' title='bbox 2873 4967 3063 5022; x_wconf 88' lang='lat' dir='ltr'><strong><em>magna</em></strong></span> <span class='ocrx_word' id='word_1_781' title='bbox 3091 4949 3216 5003; x_wconf 85' lang='lat' dir='ltr'><strong><em>urbe</em></strong></span> <span class='ocrx_word' id='word_1_782' title='bbox 3243 4948 3414 5004; x_wconf 84' lang='lat' dir='ltr'><strong><em>Roma</em></strong></span> <span class='ocrx_word' id='word_1_783' title='bbox 3443 4946 3767 5019; x_wconf 85' lang='lat' dir='ltr'><strong><em>congregatis</em></strong></span> <span class='ocrx_word' id='word_1_784' title='bbox 3784 4986 3800 5013; x_wconf 88' lang='lat'><strong><em>,</em></strong></span> 
     </span>
    </p>
   </div>
   <div class='ocr_carea' id='block_1_109' title="bbox 2201 5039 3801 5116">
    <p class='ocr_par' dir='ltr' id='par_1_109' title="bbox 2201 5039 3801 5116">
     <span class='ocr_line' id='line_1_111' title="bbox 2201 5039 3801 5116; baseline -0.004 -17"><span class='ocrx_word' id='word_1_785' title='bbox 2201 5057 2268 5099; x_wconf 84' lang='lat' dir='ltr'><strong><em>ex</em></strong></span> <span class='ocrx_word' id='word_1_786' title='bbox 2296 5059 2404 5115; x_wconf 89' lang='lat' dir='ltr'><strong><em>quo</em></strong></span> <span class='ocrx_word' id='word_1_787' title='bbox 2432 5045 2739 5116; x_wconf 86' lang='lat' dir='ltr'><strong><em>colligimus</em></strong></span> <span class='ocrx_word' id='word_1_788' title='bbox 2765 5060 2861 5101; x_wconf 90' lang='lat' dir='ltr'><strong><em>eos</em></strong></span> <span class='ocrx_word' id='word_1_789' title='bbox 2899 5060 3092 5100; x_wconf 90' lang='lat' dir='ltr'><strong><em>omnes</em></strong></span> <span class='ocrx_word' id='word_1_790' title='bbox 3136 5042 3373 5099; x_wconf 93' lang='lat' dir='ltr'><strong><em>concilio</em></strong></span> <span class='ocrx_word' id='word_1_791' title='bbox 3418 5042 3497 5097; x_wconf 93' lang='lat' dir='ltr'><strong><em>illi</em></strong></span> <span class='ocrx_word' id='word_1_792' title='bbox 3542 5039 3801 5095; x_wconf 79' lang='lat' dir='ltr'><strong><em>adfuisse.</em></strong></span> 
     </span>
    </p>
   </div>
   <div class='ocr_carea' id='block_1_110' title="bbox 2204 5132 3811 5206">
    <p class='ocr_par' dir='ltr' id='par_1_110' title="bbox 2204 5132 3811 5206">
     <span class='ocr_line' id='line_1_112' title="bbox 2204 5132 3811 5206; baseline -0.004 -14"><span class='ocrx_word' id='word_1_793' title='bbox 2204 5136 2263 5192; x_wconf 89' lang='lat' dir='ltr'><strong><em>Si</em></strong></span> <span class='ocrx_word' id='word_1_794' title='bbox 2290 5135 2546 5191; x_wconf 84' lang='lat' dir='ltr'><strong><em>Basiliam</em></strong></span> <span class='ocrx_word' id='word_1_795' title='bbox 2590 5138 2870 5206; x_wconf 78' lang='lat' dir='ltr'><strong><em>excipias,</em></strong></span> <span class='ocrx_word' id='word_1_796' title='bbox 2920 5151 2986 5193; x_wconf 89' lang='lat' dir='ltr'><strong><em>ac</em></strong></span> <span class='ocrx_word' id='word_1_797' title='bbox 3032 5135 3339 5201; x_wconf 90' lang='lat' dir='ltr'><strong><em>Britonem,</em></strong></span> <span class='ocrx_word' id='word_1_798' title='bbox 3371 5133 3604 5189; x_wconf 90' lang='lat' dir='ltr'><strong><em>aliorum</em></strong></span> <span class='ocrx_word' id='word_1_799' title='bbox 3648 5132 3811 5187; x_wconf 89' lang='lat' dir='ltr'><strong><em>sedes</em></strong></span> 
     </span>
    </p>
   </div>
   <div class='ocr_carea' id='block_1_111' title="bbox 2204 5225 3811 5298">
    <p class='ocr_par' dir='ltr' id='par_1_111' title="bbox 2204 5225 3811 5298">
     <span class='ocr_line' id='line_1_113' title="bbox 2204 5225 3811 5298; baseline -0.001 -16"><span class='ocrx_word' id='word_1_800' title='bbox 2204 5228 2434 5298; x_wconf 70' lang='lat' dir='ltr'><strong><em>cognita:</em></strong></span> <span class='ocrx_word' id='word_1_801' title='bbox 2458 5230 2590 5284; x_wconf 87' lang='lat' dir='ltr'><strong><em>satis</em></strong></span> <span class='ocrx_word' id='word_1_802' title='bbox 2612 5238 2775 5285; x_wconf 90' lang='lat' dir='ltr'><strong><em>sunt:</em></strong></span> <span class='ocrx_word' id='word_1_803' title='bbox 2800 5228 3081 5286; x_wconf 89' lang='lat' dir='ltr'><strong><em>Britonem</em></strong></span> <span class='ocrx_word' id='word_1_804' title='bbox 3108 5238 3288 5285; x_wconf 89' lang='lat' dir='ltr'><strong><em>tamen</em></strong></span> <span class='ocrx_word' id='word_1_805' title='bbox 3314 5227 3629 5292; x_wconf 88' lang='lat' dir='ltr'><strong><em>Bollaudus,</em></strong></span> <span class='ocrx_word' id='word_1_806' title='bbox 3654 5225 3811 5296; x_wconf 88' lang='lat' dir='ltr'><strong><em>cujus</em></strong></span> 
     </span>
    </p>
   </div>
   <div class='ocr_carea' id='block_1_112' title="bbox 2205 5319 3811 5399">
    <p class='ocr_par' dir='ltr' id='par_1_112' title="bbox 2205 5319 3811 5399">
     <span class='ocr_line' id='line_1_114' title="bbox 2205 5319 3811 5399; baseline -0.001 -23"><span class='ocrx_word' id='word_1_807' title='bbox 2205 5324 2529 5378; x_wconf 89' lang='lat' dir='ltr'><strong><em>sententiam</em></strong></span> <span class='ocrx_word' id='word_1_808' title='bbox 2581 5322 2962 5381; x_wconf 85' lang='lat' dir='ltr'><strong><em>Tillemontius</em></strong></span> <span class='ocrx_word' id='word_1_809' title='bbox 3029 5322 3105 5397; x_wconf 78' lang='grc' dir='ltr'><strong><em>(ε)</em></strong></span> <span class='ocrx_word' id='word_1_810' title='bbox 3168 5323 3451 5393; x_wconf 91' lang='lat' dir='ltr'><strong><em>sequitur,</em></strong></span> <span class='ocrx_word' id='word_1_811' title='bbox 3513 5319 3811 5399; x_wconf 79' lang='lat' dir='ltr'><strong><em>Trivirensi</em></strong></span> 
     </span>
    </p>
   </div>
   <div class='ocr_carea' id='block_1_113' title="bbox 2206 5413 3812 5486">
    <p class='ocr_par' dir='ltr' id='par_1_113' title="bbox 2206 5413 3812 5486">
     <span class='ocr_line' id='line_1_115' title="bbox 2206 5413 3812 5486; baseline -0.002 -16"><span class='ocrx_word' id='word_1_812' title='bbox 2206 5415 2386 5486; x_wconf 87' lang='lat' dir='ltr'><strong><em>magni</em></strong></span> <span class='ocrx_word' id='word_1_813' title='bbox 2442 5416 2495 5472; x_wconf 92' lang='lat' dir='ltr'><strong><em>in</em></strong></span> <span class='ocrx_word' id='word_1_814' title='bbox 2546 5416 2639 5472; x_wconf 92' lang='lat' dir='ltr'><strong><em>illa</em></strong></span> <span class='ocrx_word' id='word_1_815' title='bbox 2690 5419 2856 5475; x_wconf 89' lang='lat' dir='ltr'><strong><em>etiam</em></strong></span> <span class='ocrx_word' id='word_1_816' title='bbox 2909 5425 3071 5474; x_wconf 73' lang='lat' dir='ltr'><strong><em>mtate</em></strong></span> <span class='ocrx_word' id='word_1_817' title='bbox 3104 5416 3342 5473; x_wconf 88' lang='lat' dir='ltr'><strong><em>nominis</em></strong></span> <span class='ocrx_word' id='word_1_818' title='bbox 3378 5413 3638 5470; x_wconf 80' lang='lat' dir='ltr'><strong><em>Ecclesia:</em></strong></span> <span class='ocrx_word' id='word_1_819' title='bbox 3667 5428 3812 5484; x_wconf 76' lang='lat' dir='ltr'><strong><em>pra:-</em></strong></span> 
     </span>
    </p>
   </div>
   <div class='ocr_carea' id='block_1_114' title="bbox 2203 5506 3815 5583">
    <p class='ocr_par' dir='ltr' id='par_1_114' title="bbox 2203 5506 3815 5583">
     <span class='ocr_line' id='line_1_116' title="bbox 2203 5506 3815 5583; baseline -0.001 -19"><span class='ocrx_word' id='word_1_820' title='bbox 2203 5506 2372 5566; x_wconf 89' lang='lat' dir='ltr'><strong><em>fuisse</em></strong></span> <span class='ocrx_word' id='word_1_821' title='bbox 2413 5519 2602 5567; x_wconf 90' lang='lat' dir='ltr'><strong><em>censet</em></strong></span> <span class='ocrx_word' id='word_1_822' title='bbox 2629 5526 2645 5567; x_wconf 91' lang='lat'><strong>:</strong></span> <span class='ocrx_word' id='word_1_823' title='bbox 2679 5526 2779 5583; x_wconf 92' lang='lat' dir='ltr'><strong><em>pro</em></strong></span> <span class='ocrx_word' id='word_1_824' title='bbox 2807 5510 3010 5567; x_wconf 86' lang='lat' dir='ltr'><strong><em>Basilio</em></strong></span> <span class='ocrx_word' id='word_1_825' title='bbox 3037 5511 3129 5567; x_wconf 91' lang='lat' dir='ltr'><strong><em>alii</em></strong></span> <span class='ocrx_word' id='word_1_826' title='bbox 3161 5509 3474 5566; x_wconf 86' lang='lat' dir='ltr'><strong><em>Bassianum</em></strong></span> <span class='ocrx_word' id='word_1_827' title='bbox 3502 5507 3723 5582; x_wconf 84' lang='lat' dir='ltr'><strong><em>legunt;</em></strong></span> <span class='ocrx_word' id='word_1_828' title='bbox 3756 5515 3815 5563; x_wconf 78' lang='lat' dir='ltr'><strong><em>at</em></strong></span> 
     </span>
    </p>
   </div>
   <div class='ocr_carea' id='block_1_115' title="bbox 2281 5626 3291 5768">
    <p class='ocr_par' dir='ltr' id='par_1_115' title="bbox 2281 5626 3291 5768">
     <span class='ocr_line' id='line_1_117' title="bbox 2281 5626 3291 5768; baseline 0.002 -87"><span class='ocrx_word' id='word_1_829' title='bbox 2281 5628 2364 5768; x_wconf 48' lang='grc' dir='ltr'><strong><em>ξά)</em></strong></span> <span class='ocrx_word' id='word_1_830' title='bbox 2394 5629 2470 5685; x_wconf 92' lang='lat' dir='ltr'><strong><em>De</em></strong></span> <span class='ocrx_word' id='word_1_831' title='bbox 2498 5627 2664 5686; x_wconf 83' lang='lat' dir='ltr'><strong><em>Marc.</em></strong></span> <span class='ocrx_word' id='word_1_832' title='bbox 2689 5630 2783 5686; x_wconf 85' lang='lat' dir='ltr'><strong><em>lib.</em></strong></span> <span class='ocrx_word' id='word_1_833' title='bbox 2816 5646 2866 5697; x_wconf 84' lang='grc' dir='ltr'>ι,</span> <span class='ocrx_word' id='word_1_834' title='bbox 2895 5645 3015 5698; x_wconf 90' lang='lat' dir='ltr'><strong><em>cap.</em></strong></span> <span class='ocrx_word' id='word_1_835' title='bbox 3049 5628 3142 5697; x_wconf 73' lang='lat'><strong><em>{0,</em></strong></span> <span class='ocrx_word' id='word_1_836' title='bbox 3177 5628 3206 5700; x_wconf 83' lang='lat'>§</span> <span class='ocrx_word' id='word_1_837' title='bbox 3237 5626 3291 5684; x_wconf 92' lang='lat'><strong><em>9.</em></strong></span> 
     </span>
     <span class='ocr_line' id='line_1_118' title="bbox 2309 5699 3055 5768; baseline 0.003 -14"><span class='ocrx_word' id='word_1_838' title='bbox 2309 5704 2357 5768; x_wconf 90' lang='lat' dir='ltr'><strong><em>e)</em></strong></span> <span class='ocrx_word' id='word_1_839' title='bbox 2375 5699 2455 5757; x_wconf 91' lang='lat' dir='ltr'><strong><em>De</em></strong></span> <span class='ocrx_word' id='word_1_840' title='bbox 2480 5700 2538 5758; x_wconf 90' lang='lat' dir='ltr'><strong><em>S.</em></strong></span> <span class='ocrx_word' id='word_1_841' title='bbox 2566 5701 2732 5768; x_wconf 85' lang='lat' dir='ltr'><strong><em>Just.,</em></strong></span> <span class='ocrx_word' id='word_1_842' title='bbox 2760 5713 2893 5759; x_wconf 92' lang='lat' dir='ltr'><strong><em>tom.</em></strong></span> <span class='ocrx_word' id='word_1_843' title='bbox 2920 5700 3055 5758; x_wconf 80' lang='lat' dir='ltr'><strong>VIII.</strong></span> 
     </span>
    </p>
   </div>
   <div class='ocr_carea' id='block_1_116' title="bbox 2309 5699 3055 5772">
    <p class='ocr_par' dir='ltr' id='par_1_116' title="bbox 2309 5699 3055 5772">
     <span class='ocr_line' id='line_1_119' title="bbox 2309 5699 3055 5772; baseline 0.003 -18"><span class='ocrx_word' id='word_1_844' title='bbox 2309 5699 2357 5772; x_wconf 90' lang='lat' dir='ltr'><strong><em>e)</em></strong></span> <span class='ocrx_word' id='word_1_845' title='bbox 2375 5699 2455 5757; x_wconf 91' lang='lat' dir='ltr'><strong><em>De</em></strong></span> <span class='ocrx_word' id='word_1_846' title='bbox 2480 5700 2538 5758; x_wconf 90' lang='lat' dir='ltr'><strong><em>S.</em></strong></span> <span class='ocrx_word' id='word_1_847' title='bbox 2566 5701 2732 5771; x_wconf 85' lang='lat' dir='ltr'><strong><em>Just.,</em></strong></span> <span class='ocrx_word' id='word_1_848' title='bbox 2760 5713 2893 5759; x_wconf 92' lang='lat' dir='ltr'><strong><em>tom.</em></strong></span> <span class='ocrx_word' id='word_1_849' title='bbox 2920 5700 3055 5758; x_wconf 80' lang='lat' dir='ltr'><strong>VIII.</strong></span> 
     </span>
    </p>
   </div>
  </div>
