4138 6178
353 237 459 295 2M

1722 241 2235 303 PROLEGOMENA
2248 290 2260 302 .

3561 255 3669 312 242

352 350 756 423 frequentiores
808 349 1029 407 codices
1083 351 1339 407 Basiliam
1384 352 1624 423 habent,
1667 370 1788 427 quae
1830 355 1961 413 mihi
1987 363 2043 423 Α
2069 360 2214 431 nymi
2244 367 2507 431 praeterea
2539 361 2846 419 eruditione
2887 373 3002 421 toto
3029 366 3123 421 illo
3154 375 3397 440 tempore
3423 384 3531 442 quo
3558 370 3669 427 Da-

355 443 517 499 lectio
547 445 721 515 magis
769 444 978 514 placet;
1012 443 1303 500 Bassianus
1333 445 1476 501 enim
1520 446 1822 504 Laudensis
1847 450 1960 518 epi-

352 552 555 608 scopus
580 537 723 591 haud
758 536 969 606 pridem
997 537 1279 593 ordinatus
1319 553 1426 593 non
1466 540 1538 594 ita
1572 542 1752 611 magni
1787 542 1962 597 nomi-

356 633 446 689 nis
480 641 535 688 et
590 632 869 701 dignitatis
895 641 1045 698 erat,
1087 648 1187 688 nec
1219 642 1326 687 tam
1356 635 1619 691 illustrem
1662 635 1960 691 Ecclesiam

355 724 802 788 administrabat,
869 733 929 778 ut
981 739 1091 794 prae
1148 726 1397 791 caeteris,
1447 728 1539 797 qui
1607 728 1960 797 praetermissi

359 826 522 884 sunt,
555 818 818 873 nominari
850 818 1132 885 debuerit;
1162 820 1514 889 quamobrem
1555 821 1809 877 Basiliunt
1834 865 1849 890 ,
1892 838 1961 880 ne

361 914 591 977 caeteris,
622 913 712 983 qui
744 913 1172 983 compellantur,
1198 914 1421 969 inferior
1446 915 1537 982 sit,
1568 924 1660 971 aut
1691 916 1742 971 in
1771 916 1962 987 Hispa-

363 1006 468 1061 niis
489 1047 504 1071 ,
536 1014 628 1060 aut
671 1006 725 1059 in
774 1005 991 1069 Africa,
1021 1012 1115 1059 aut
1158 1007 1321 1061 etiam
1350 1006 1402 1062 itt
1432 1007 1657 1074 Galliis,
1692 1010 1961 1079 primariae

360 1097 581 1166 alicujus
622 1097 884 1153 Ecclesize
925 1098 1240 1168 episcOpum
1289 1098 1457 1156 fuisse
1503 1100 1809 1157 verosimile
1854 1110 1958 1157 est.

360 1189 437 1244 Ex
476 1188 707 1245 Oriente
735 1186 1021 1244 adfuerunt
1066 1188 1327 1246 Paulinus
1378 1200 1541 1263 atque
1588 1193 1956 1264 Epiphanius,

355 1298 419 1338 ac
446 1282 593 1339 forte
625 1284 787 1339 etiam
818 1298 922 1339 non
953 1282 1245 1340 defuerunt
1270 1327 1285 1351 ,
1314 1286 1402 1356 qui
1430 1302 1497 1342 ex
1528 1286 1767 1360 Egypto
1799 1304 1960 1345 vene-

355 1378 503 1443 rint,
558 1377 628 1432 ob
673 1383 881 1432 arctam
920 1391 1043 1432 cum
1074 1376 1318 1433 Romana
1364 1379 1606 1435 Ecclesia
1653 1380 1863 1447 ftedus,
1895 1397 1959 1438 ac

357 1469 745 1539 imperialium,
777 1470 974 1540 quibus
1014 1485 1205 1526 omnes
1234 1473 1442 1527 evocati
1481 1473 1721 1539 fuerant,
1752 1473 1960 1530 littera-

365 1575 490 1615 rum
512 1562 861 1618 auctoritate.
894 1561 1190 1634 Basnagius
1233 1563 1449 1633 quidem
1481 1563 1763 1621 Paulinum
1795 1576 1957 1637 atque

358 1655 725 1728 Epiphaniam
757 1655 995 1711 abfuisse
1014 1697 1030 1723 ,
1063 1656 1352 1713 Maximum
1379 1674 1507 1713 vero
1533 1659 1790 1731 Cynicum
1820 1676 1954 1715 con-

2063 468 2250 509 masus
2276 464 2551 525 superstes
2582 455 2718 523 fuit,
2759 473 2890 513 usus
2920 470 3002 514 est
3031 460 3085 515 in
3115 462 3287 516 sacris
3327 463 3667 521 illustrandis

2063 544 2360 618 Scripturis
2383 589 2398 613 ,
2427 563 2722 619 earumque
2765 551 3065 607 enodandis
3091 552 3529 625 difﬁcultatibus,
3576 568 3661 613 at-

2064 655 2169 711 que
2200 649 2260 696 ut
2287 642 2388 696 hoc
2414 654 2634 713 ageret,
2670 653 2781 699 tum
2830 661 2962 701 voce
2985 688 3000 711 ,
3033 655 3144 700 tnnt
3170 634 3389 719 scriptis
3422 651 3489 704 ad
3539 667 3664 707 cum

2065 734 2310 803 epistolis
2332 736 2624 797 excitabat,
2647 752 2766 804 qu:e
2797 736 2973 792 adhuc
3002 748 3240 806 exstant,
3274 739 3500 810 ejusque
3529 758 3668 814 pon-

2066 826 2227 882 tificis
2277 828 2600 884 incessantis
2647 830 2701 883 in
2751 831 3113 887 Christianam
3160 832 3462 889 doctrinam
3499 836 3665 892 studii

2066 928 2233 977 testes
2265 932 2413 978 sunt.
2437 922 2546 979 Sed
2571 923 2683 993 jam
2713 923 2779 979 ad
2802 925 2928 979 alia.

2653 1060 2881 1118 CAPUT
2926 1062 3070 1119 XXI.

2064 1177 2105 1246 l,
2130 1177 2193 1232 ll.
2225 1176 2363 1243 Quid
2387 1177 2651 1247 deﬁnitum
2682 1178 2735 1232 in
2764 1194 2823 1233 eo
2847 1178 3080 1233 Romano
3108 1180 3498 1246 concilio,acde
3524 1180 3663 1238 Con-

2136 1270 2581 1340 stantinopolitani
2630 1272 3043 1339 conﬁrmatione.
3098 1270 3187 1326 Ill.
3244 1271 3323 1328 De
3363 1276 3663 1345 fragmentis

2136 1364 2321 1418 deinde
2363 1364 2537 1434 agitur
2566 1364 2629 1417 ab
2670 1362 2940 1417 Holstenio
2965 1364 3137 1418 editis.
3174 1364 3262 1419 IV.
3294 1364 3512 1420 Baronii
3540 1383 3664 1422 con-

2124 1461 2347 1530 jectura:
2363 1455 2745 1525 expenduntur,
2777 1473 2839 1509 ac
2865 1457 3211 1511 vindicantur.
3248 1457 3313 1512 V.
3359 1455 3557 1514 Daduli
3597 1460 3663 1514 de

2133 1550 2311 1604 eodem
2348 1549 2567 1603 concilio
2599 1548 2948 1602 testimonium
2978 1549 3280 1604 adducitur.

2132 1665 2176 1719 ι.
2214 1664 2512 1719 Dolendum
2543 1662 2790 1735 profecto
2819 1673 2937 1729 est,
2970 1665 3014 1717 si
3047 1679 3169 1731 quae
3208 1664 3347 1729 alia,
3387 1674 3499 1720 tum
3542 1682 3671 1737 pro-

354 1750 483 1805 cilio
510 1752 590 1807 illi
640 1750 880 1808 adfuisse
909 1753 1105 1808 asserit
1146 1753 1247 1825 (a).
1283 1753 1433 1809 Unde
1476 1763 1656 1810 autem
1699 1754 1957 1825 colligat,
1990 1768 2040 1827 Β
2066 1757 2211 1814 fecto
2240 1758 2399 1829 hujus
2429 1758 2818 1831 synodi,quam
2834 1758 3214 1815 Theodoretus
3245 1760 3536 1815 maximam
3567 1775 3667 1815 vo-

358 1843 507 1915 quod
549 1845 618 1899 dc
645 1844 876 1902 Paulino
918 1855 975 1901 et
1005 1846 1308 1916 Epiphanio
1345 1848 1563 1910 scribit.
1599 1848 1793 1904 viderit
1818 1849 1909 1904 ille
1941 1867 1955 1903 :

359 1951 490 1991 nam
512 1936 657 2007 quod
685 1938 754 1993 de
779 1937 1009 1992 Maximo
1028 1939 1257 2005 asserit,
1285 1954 1314 1992 a
1350 1939 1567 1995 Baluzio
1596 1940 1844 1996 hausisse
1865 1955 1958 2011 po-

359 2032 500 2098 tuit,
529 2032 618 2102 qui
651 2031 753 2087 hac
779 2048 926 2104 saepe
955 2032 1136 2088 fabula
1166 2034 1469 2090 delectatur
1502 2035 1603 2109 (b).
1641 2034 1739 2091 His
1763 2034 1962 2090 deinde

358 2138 645 2181 accessere
664 2133 777 2182 tres
808 2126 886 2182 illi
915 2127 1153 2198 episcopi
1171 2169 1187 2194 ,
1215 2126 1475 2199 Cyriacus
1508 2143 1703 2199 nempe
1723 2170 1738 2196 ,
1793 2129 1964 2184 Euse-

357 2219 523 2286 bius,
566 2234 628 2275 ac
655 2219 963 2276 Priscianus
989 2222 1059 2276 ab
1088 2208 1965 2291 Orientalibus'Constantinopoli

358 2312 704 2383 congregatis
727 2354 743 2379 ,
795 2313 953 2383 legati
978 2330 993 2379 ;
1017 2313 1213 2384 quibus
1242 2313 1381 2369 forte
1402 2314 1561 2370 aulici
1594 2313 1673 2369 illi
1713 2329 1743 2370 a
1792 2314 1967 2370 Theo-

357 2404 523 2460 dosio
552 2405 703 2460 missi
729 2406 956 2462 comites
983 2420 1105 2461 sese
1128 2406 1441 2475 junxerant.
1902 2452 1909 2459 .
1957 2448 1964 2457 .

440 2497 575 2553 Cum
607 2498 834 2553 Paulino
861 2507 1121 2568 przeterea
1159 2507 1322 2570 atque
1365 2498 1669 2570 Epiphanio
1699 2499 1969 2572 Hierony-

364 2606 494 2647 mus
520 2590 588 2647 ad
619 2590 821 2647 Urbem
853 2591 1113 2657 accessit,
1143 2592 1298 2662 cujus
1342 2592 1421 2647 rei
1467 2592 1585 2661 ipse
1615 2593 1767 2646 testis
1799 2603 1884 2647 est
1915 2594 1967 2647 in

366 2685 600 2754 epistola
630 2684 698 2739 ad
728 2684 1049 2755 Principiam
1078 2685 1176 2759 (r).
1207 2685 1261 2741 Si
1308 2686 1453 2740 enim
1482 2703 1611 2753 pene
1652 2695 1786 2741 certe
1812 2687 1972 2741 trien-

368 2777 521 2831 nium
543 2775 721 2831 Romae
740 2778 865 2833 vixit
887 2778 1006 2850 (d);
1035 2778 1078 2833 si
1105 2786 1363 2848 praeterea
1389 2777 1820 2851 Hierosolymam
1852 2789 1974 2850 post

370 2869 583 2926 obitum
607 2870 820 2924 Damasi
848 2869 1191 2940 profecturus
1214 2886 1388 2927 mense
1409 2869 1638 2941 Augusto
1660 2872 1715 2925 in
1736 2870 1972 2926 Romano

372 2973 532 3035 portu
542 2964 709 3017 navim
723 2963 952 3018 ascendit
976 2962 1071 3037 (e),
1086 2963 1150 3019 ad
1166 2963 1364 3019 Urbem
1376 2980 1496 3020 cum
1513 2964 1699 3019 iisdem
1713 2966 1876 3020 sociis
1886 2980 1977 3020 ac-

374 3056 926 3114 ccssissedebuithoc
943 3072 1085 3112 anno
1104 3058 1248 3113 circa
1270 3066 1610 3124 autumnum,
1624 3057 1974 3127 conciliojam

2063 1860 2180 1918 cat,
2208 1861 2355 1917 acta,
2387 1868 2507 1920 quae
2532 1861 2691 1907 tetate
2719 1853 3000 1921 scriptoris
3029 1852 3195 1907 libelli
3220 1854 3465 1924 synodici
3493 1853 3671 1909 adhuc

2064 1944 2339 1999 exstitisse
2362 1942 2631 2009 videntur,
2683 1943 2963 2014 deperdita
3005 1954 3190 2014 postea
3234 1944 3447 2001 fuisse:
3495 1961 3675 2017 neque

2065 2036 2209 2091 enim
2253 2035 2487 2090 dubitari
2539 2043 2721 2106 potest
2760 2036 2889 2105 qttin
2921 2052 2983 2091 ea
3014 2038 3193 2091 omnia
3223 2052 3344 2109 qua:
3381 2046 3531 2109 gesta
3576 2038 3673 2094 de-

2066 2141 2283 2187 cretave
2310 2131 2379 2187 ab
2433 2147 2493 2186 ea
2535 2140 2662 2186 sunt
2712 2131 2871 2202 digna
2912 2146 3135 2201 prorsus
3175 2131 3379 2187 fuerint
3415 2134 3664 2189 doctrina

2067 2239 2132 2280 ac.
2166 2225 2453 2280 sanctitate
2502 2223 2722 2279 Patrum
2752 2266 2767 2289 ,
2804 2224 2897 2295 qui
2938 2223 3246 2293 frequentes
3285 2226 3336 2279 in
3376 2240 3440 2279 ea
3484 2225 3670 2281 adfue-

2069 2327 2195 2374 runt
2225 2336 2239 2373 :
2277 2326 2331 2372 at
2367 2332 2489 2373 cum
2529 2326 2774 2373 vetustas
2800 2327 3101 2387 temporum
3141 2318 3245 2371 hoc
3276 2317 3431 2371 nobis
3466 2316 3671 2372 bonum

2070 2409 2435 2481 praeripuerit,
2464 2409 2731 2480 reliquum
2759 2419 2865 2477 est,
2896 2417 2951 2463 ut
2982 2423 3174 2479 pauca,
3202 2424 3323 2479 quae
3354 2423 3669 2479 possumus,

2069 2504 2382 2573 conjectura
2410 2503 2599 2558 Saltem
2627 2517 3000 2573 assequamur.

2142 2597 2283 2665 Quin
2323 2598 2502 2667 itaque
2535 2596 2600 2651 iis
2634 2597 2703 2651 de
2736 2596 2899 2652 rebus
2935 2597 2987 2651 in
3026 2596 3119 2651 illa
3155 2606 3334 2652 actum
3372 2597 3564 2663 fuerit,
3600 2599 3670 2653 ob

2072 2706 2206 2763 quas
2239 2706 2270 2747 a
2308 2692 2535 2745 Damaso
2564 2699 2912 2743 convocatam
2947 2688 3219 2754 dixintus,
3260 2704 3421 2743 nemo
3456 2688 3674 2745 dubita-

2073 2786 2235 2840 verit.
2269 2784 2467 2839 Verum
2518 2798 2640 2839 cum
2671 2784 2877 2837 interea
2907 2792 3017 2837 tres
3054 2783 3121 2835 ab
3151 2782 3522 2837 Orientalibus
3558 2781 3674 2852 epi-

2073 2877 2255 2947 scopis
2280 2876 2439 2946 legati
2468 2876 2705 2941 litteras,
2732 2874 2801 2929 de
2825 2874 3020 2944 quibus
3047 2890 3220 2944 nuper
3246 2885 3424 2930 actum
3459 2884 3564 2939 est,
3592 2884 3675 2928 at-

2076 2971 2355 3036 tulissent,
2383 2970 2577 3040 quibus
2601 2985 2787 3025 eorum
2823 2986 2943 3039 quze
2995 2978 3107 3023 tum
3146 2971 3291 3025 circa
3326 2970 3519 3037 fidem,
3560 2981 3672 3025 tum

2075 3062 2215 3118 circa
2252 3060 2904 3132 Constantinopolitanam
2948 3069 3004 3116 et
3034 3060 3423 3116 Antiochenam
3487 3061 3674 3117 sedem

376 3163 552 3219 prope
579 3148 859 3217 futuro,ac
880 3150 1107 3220 proinde
1136 3151 1625 3221 longiorem,secus
1642 3166 1705 3205 ac
1731 3152 1972 3206 nonnulli
1999 3160 2045 3223 C
2078 3154 2296 3210 decreta
2323 3170 2353 3209 a
2381 3170 2441 3209 se
2470 3153 2712 3220 fuerant,
2738 3153 3205 3209 confirmationem
3236 3153 3506 3223 posmlare
3531 3153 3679 3209 vide-

377 3249 626 3309 censent,
639 3257 844 3297 moram
857 3239 1321 3313 Constantinopoli
1335 3252 1589 3299 traxerat.
1608 3244 1753 3299 Illius
1765 3253 1969 3311 autem,

381 3351 414 3391 a
441 3351 549 3407 quo
566 3338 724 3393 etiam
740 3339 949 3393 litteras
962 3346 1265 3408 acceperat,
1281 3353 1481 3394 nomen
1497 3338 1636 3393 haud
1658 3348 1775 3394 erat
1788 3339 1976 3393 Dama-

378 3444 444 3485 so
466 3430 729 3500 ignotum.
748 3432 954 3486 Ateum
977 3442 1237 3501 praeterea
1253 3430 1377 3486 huic
1404 3430 1643 3500 pontiﬁci
1656 3431 1973 3486 familiarem

380 3522 580 3589 fuisse,
614 3523 923 3592 conjectare
967 3538 1256 3594 possumus
1281 3534 1392 3578 tum
1422 3540 1487 3579 ex
1528 3523 1755 3594 epistola
1783 3523 1851 3579 de
1880 3526 1977 3579 tri-

382 3617 486 3673 bus
512 3616 919 3689 hypostasibus,
951 3633 1054 3689 qua
1080 3618 1198 3688 ejus
1220 3618 1604 3674 humanitatem
1628 3616 1830 3682 laudat,
1863 3625 1978 3672 tum

384 3714 547 3769 etiam
601 3728 670 3769 ex
720 3728 823 3781 ea,
870 3728 989 3784 qum
1038 3713 1179 3767 inter
1207 3712 1495 3782 Evagrium
1542 3712 1715 3767 eidem
1749 3712 1979 3765 Damaso

386 3806 851 3878 pernecessarium
875 3846 893 3873 ,
921 3819 986 3859 ac
1030 3804 1418 3876 Hieronymum
1447 3805 1620 3874 ipsum
1644 3844 1658 3868 ,
1692 3812 1979 3859 consuetu-

387 3900 515 3955 dine
563 3898 953 3957 intercedebat.
1008 3898 1190 3953 Virum
1226 3899 1442 3967 itaque,
1496 3897 1649 3966 cujus
1676 3896 1978 3951 doctrinam

387 4008 452 4048 ac
482 3993 735 4064 pietatem
758 3999 1006 4055 noverat,
1034 3989 1177 4060 apud
1203 4004 1263 4045 se
1292 3989 1537 4056 retinnit,
1566 3997 1622 4043 ut
1646 3989 1750 4043 sibi
1776 3988 1829 4043 in
1855 4003 1982 4043 cau-

386 4085 465 4140 sis
537 4084 875 4155 negotiisque
947 4082 1333 4139 ecclesiasticis
1377 4080 1730 4151 expediendis
1782 4091 1983 4149 praesto

387 4188 565 4241 esset,
597 4192 660 4231 ac
688 4188 747 4231 ut
780 4176 1003 4231 Orientis
1048 4186 1095 4229 et
1125 4173 1420 4229 Occidentis
1442 4174 1703 4245 synodicis
1725 4174 1985 4227 consulta-

390 4273 614 4328 tionibus
646 4288 748 4329 suo
768 4273 989 4328 nomine
1021 4271 1379 4341 responderet
1404 4271 1497 4343 (ί).
1529 4270 1586 4324 1η
1618 4285 1723 4340 quo
1753 4279 1863 4323 tum
1888 4283 1985 4339 op—

390 4370 582 4423 timum
631 4368 873 4438 ejusdem
930 4367 1141 4421 Damasi
1170 4365 1432 4435 judicium
1483 4364 1704 4427 laudes,
1739 4372 1851 4417 tum
1894 4377 1985 4417 su-

389 4482 593 4538 premae
622 4466 990 4521 Romanorum
1014 4463 1328 4536 pontiﬁcum
1356 4461 1410 4516 in
1436 4460 1678 4516 Ecclesia
1702 4459 1985 4530 potestatis

2076 3250 2292 3315 bantur,
2322 3249 2424 3304 hac
2449 3249 2613 3304 etiam
2641 3248 2709 3303 de
2735 3262 2894 3303 causa
2913 3291 2926 3314 ,
2967 3262 3086 3317 quae
3122 3248 3363 3299 omnium
3402 3246 3667 3312 maxima,

2077 3345 2144 3400 de
2188 3344 2295 3399 ﬁde
2339 3343 2546 3398 scilicet
2587 3352 2765 3397 actum
2805 3340 2973 3395 fuisse
3011 3338 3279 3409 oportuit,
3309 3353 3482 3407 eaque
3518 3352 3677 3394 occa-

2076 3435 2233 3491 sione
2282 3450 2402 3504 quze
2449 3434 2504 3488 in
2546 3431 3146 3502 Constantinopolitano
3190 3431 3420 3485 concilio
3456 3430 3676 3486 definita

2079 3529 2321 3593 fuerant,
2353 3528 2541 3582 Romae
2568 3528 2759 3581 iterum
2785 3528 3009 3597 probata
3035 3526 3221 3591 fuisse,
3243 3540 3307 3580 ac
3333 3524 3676 3593 conﬁrmata,

2080 3638 2199 3693 quin
2232 3621 2449 3677 Baronii
2479 3622 2818 3691 aliorumque
2853 3622 3119 3676 sententia
3149 3627 3252 3676 est.

2151 3714 2323 3784 Objici
2353 3714 2566 3784 quidem
2596 3721 2808 3783 pOSSet,
2841 3715 3177 3769 Damasianae
3204 3712 3365 3782 hujus
3390 3714 3680 3768 conﬁrma-

2080 3809 2243 3864 tionis
2256 3809 2462 3864 nullum
2475 3818 2691 3864 etStare
2715 3817 2921 3863 certum
2949 3817 3323 3878 argumentum
3351 3814 3477 3862 ante
3504 3806 3682 3862 Photii

2083 3912 2339 3958 :etatem:
2377 3903 2504 3973 quin
2547 3903 2725 3971 pctius
2768 3918 2890 3957 cum
2936 3903 2990 3956 in
3032 3902 3322 3958 Gelasiano
3355 3902 3577 3957 decreto
3610 3918 3678 3958 ex

2083 3993 2360 4049 Vaticanis
2401 3996 2679 4052 codicibus
2725 4011 2822 4066 per
2868 3995 3267 4060 Fontaninum,
3299 4011 3363 4051 ac
3398 3997 3571 4052 virum
3607 3997 3679 4054 cl.

2083 4085 2459 4142 Blanchinium
2490 4088 2636 4143 edito
2662 4103 2726 4143 ac
2762 4089 3033 4143 recensito
3065 4088 3144 4160 (ει)
3172 4087 3425 4153 Nicaeum,
3454 4088 3684 4159 Ephesi-

2086 4196 2202 4249 ηαξ,
2246 4190 2303 4237 et
2340 4180 2801 4237 Chalcedonensis
2834 4182 3025 4251 synodi
3059 4182 3262 4237 mentio
3286 4181 3566 4236 dumtaxat
3589 4183 3680 4249 sit,

2086 4291 2246 4333 secus
2280 4292 2342 4330 ac
2380 4278 2434 4331 in
2476 4276 2855 4332 Hormisdtano
2890 4292 2920 4330 a
2956 4275 3223 4331 Chilﬂetio
3265 4277 3444 4344 edito,
3482 4277 3537 4331 in
3577 4290 3685 4345 quo

2088 4380 2211 4439 post
2253 4368 2527 4424 Niczenam
2578 4369 2795 4424 additur
2842 4368 3005 4423 etiam
3037 4368 3636 4438 ConstantinOpolitana
3667 4409 3683 4434 ,

2089 4461 2216 4517 hinc
2243 4462 2424 4533 colligi
2452 4461 2721 4527 videatur,
2765 4462 2911 4515 illam
2953 4461 3021 4516 ab
3058 4461 3356 4527 apostolica
3396 4460 3523 4515 sede
3559 4467 3685 4514 ante

390 4568 764 4629 argumentum
794 4558 916 4613 inde
947 4558 1128 4628 capias
1166 4554 1550 4611 certissimum.
1606 4552 1739 4607 Nam
1772 4561 1979 4620 totum,
2010 4568 2064 4627 1)
2090 4556 2394 4613 llormisdze
2432 4564 2646 4611 aetatem
2704 4554 2926 4609 minime
2981 4566 3254 4624 acceptam
3304 4563 3357 4608 et
3399 4551 3689 4607 confirma-

392 4669 500 4724 qna
546 4663 726 4723 patet,
780 4651 966 4707 orbem
999 4651 1045 4704 si
1077 4659 1259 4705 mente
1295 4648 1674 4718 complectaris
1696 4687 1709 4711 ,
1737 4658 1985 4717 quasnam

390 4748 499 4803 alia
531 4747 626 4802 tibi
652 4754 900 4802 occurret
920 4743 1187 4809 Ecclesia,
1210 4742 1365 4812 cujus
1390 4740 1616 4812 proinde
1642 4754 1705 4795 ac
1724 4739 1985 4794 Romanae

392 4851 543 4898 tanta
574 4840 733 4896 fuerit
758 4839 1027 4909 dignitas,
1060 4846 1116 4892 et
1148 4835 1482 4899 auctoritas,
1529 4842 1587 4887 ut
1630 4832 1699 4887 ab
1742 4846 1807 4887 ea
1838 4830 1985 4885 difﬁ-

388 4937 575 4993 cilium
617 4935 1079 5001 obscurarumque
1104 4940 1215 4984 tum
1246 4930 1298 4984 in
1326 4928 1451 4992 fide,
1483 4937 1595 4981 tum
1622 4928 1674 4980 in
1699 4925 1988 4993 disciplina

388 5029 753 5102 quaestionum
776 5027 1077 5082 constantia
1103 5033 1275 5087 tanta,
1308 5038 1372 5076 ac
1392 5021 1768 5086 diuturnitate,
1794 5018 1988 5074 fiducia

388 5132 693 5194 prmterea,
724 5129 888 5191 atque
916 5118 1254 5183 humilitate,
1283 5114 1572 5184 explicatio
1602 5112 1984 5181 postularetur,

389 5231 459 5272 ac
491 5224 641 5271 tanto
679 5215 1004 5281 sinceroque
1055 5210 1316 5281 obsequio
1369 5208 1752 5281 exciperetur?
1800 5207 1991 5265 Hiero-

469 5327 546 5396 (a)
578 5327 659 5382 Ad
690 5344 819 5383 ann.
851 5324 979 5387 582,
1012 5341 1067 5396 ῃ.
1101 5322 1157 5377 2.

469 5392 550 5473 (ὁ)
575 5396 703 5473 Ϊίἁ.
722 5399 833 5473 lib.
867 5413 901 5452 v
922 5394 1213 5473 depone,
1241 5407 1361 5473 cap.
1384 5392 1479 5448 2i.

469 5328 524 5396 (a
578 5327 659 5382 Ad
690 5344 819 5383 ann.
851 5327 979 5387 582,
1012 5341 1067 5379 η.
1101 5327 1157 5377 2.

469 5400 524 5473 (ὁ
585 5396 703 5454 Vid.
739 5399 833 5453 lib.
867 5413 901 5452 v
922 5397 989 5451 de
1015 5394 1213 5460 Conc.,
1241 5407 1361 5460 cap.

469 5477 522 5543 (ε
575 5470 671 5555 Ep.
710 5471 834 5535 l27,
864 5485 917 5523 n.
954 5468 1045 5534 50,
1075 5465 1203 5522 Ver.
1229 5464 1361 5519 edit.

475 5554 493 5611 (
540 5541 688 5611 )le.
713 5540 806 5604 45,
831 5556 885 5594 n.
911 5539 1025 5611 2.“
1308 5606 1361 5611 __

517 5539 535 5595 t
592 5539 688 5610 Ep.
713 5540 806 5604 45,
831 5556 885 5594 n.
911 5539 965 5593 2.

517 5630 534 5667 ε
590 5610 726 5668 Adv.
761 5611 944 5666 Rulin.

517 5544 563 5754 ’ξ
596 5681 699 5754 ἓν·
733 5682 860 5746 133’
893 5697 962 5754 ξδ’.

479 5606 558 5683 (ι)
590 5606 726 5683 ᾼὶιν.
761 5611 944 5683 Bulin.
974 5608 1068 5683 lib.
1097 5624 1191 5683 tit,
1218 5623 1274 5662 n.

490 5677 567 5755 (ἡ
596 5681 699 5755 Ep.
733 5682 860 5746 ηδ,
893 5681 1068 5755 p.30,
1097 5679 1227 5735 Ver.
1260 5677 1394 5755 edit;

496 5739 579 5823 ἰῇ)
603 5739 818 5822 Prolog.
845 5739 913 5807 ad
939 5739 1155 5819 Annam,
1186 5759 1316 5806 tom.
1349 5743 1438 5813 IV,
1463 5758 1618 5820 opus.
1649 5739 1701 5806 ι.

2093 4662 2223 4706 tam.
2267 4652 2337 4705 At
2376 4649 2619 4720 ejusdem
2658 4647 2835 4703 Photii
2878 4649 3245 4703 testimonium
3274 4657 3519 4719 apertum
3548 4647 3689 4703 adeo

2094 4757 2518 4813 expressumque
2558 4750 2674 4807 est,
2708 4749 2767 4794 ut
2814 4754 2915 4810 ego
2967 4740 3051 4793 vix
3093 4738 3333 4794 dubitem
3373 4742 3504 4809 quin
3546 4738 3691 4796 litte-

2097 4845 2241 4890 teras
2265 4835 2334 4889 ab
2359 4835 2476 4903 ipso
2509 4834 2737 4889 Damaso
2765 4848 2828 4889 ea
2860 4832 2927 4889 de
2957 4848 3118 4888 causa
3148 4834 3405 4903 scriptas,
3437 4844 3493 4889 ut
3522 4834 3689 4890 moris

2095 4934 2211 4982 erat
2242 4925 2344 4996 (It),
2374 4936 2466 4981 aut
2494 4926 2638 4981 aliud
2665 4928 2884 4996 aliquod
2930 4928 3313 4983 documentum
3345 4928 3558 4999 legerit,
3585 4941 3693 4998 quo
3778 4918 3781 4919 ν

2097 5036 2161 5077 ea
2205 5021 2273 5076 de
2316 5037 2374 5077 re
2417 5022 2621 5076 certior
2666 5020 2841 5076 factus
2887 5020 3069 5077 fuerit.
3105 5021 3410 5077 Recensitis
3450 5022 3592 5076 enim
3634 5020 3689 5073 in

2097 5113 2239 5168 libro
2268 5113 2336 5168 de
2365 5112 2589 5185 synodis
2629 5112 3022 5185 prarcipuarum
3062 5114 3117 5169 in
3157 5113 3379 5169 Oriente
3420 5110 3689 5166 Ecclesia-

2099 5224 2221 5266 rum
2251 5209 2524 5280 episcopis
2545 5250 2561 5278 ,
2593 5210 2684 5280 qui
2712 5206 3309 5278 Constantinopolitano
3340 5207 3467 5261 huic
3505 5205 3689 5261 conci-

2169 5323 2252 5392 (It)
2290 5321 2403 5378 Hoc
2434 5331 2623 5391 aperte
2658 5321 2918 5377 discimus
2949 5336 3015 5376 ex
3051 5320 3275 5389 epistola
3305 5317 3560 5392 Marciani
3588 5320 3693 5375 im-

2099 5390 2367 5466 peratoris
2389 5390 2743 5466 _ad:_Le_one_m
2784 5394 3032 5466 Magnum
3052 5431 3066 5453 ,
3104 5405 3205 5460 qua
3233 5404 3354 5444 cum
3384 5390 3690 5466 episc0pis,

2099 5460 2188 5537 qui
2227 5464 2439 5537 synodo
2463 5460 3244 5537 Chalcedonensiadltterant,
3285 5461 3568 5537 profitetur
3602 5464 3701 5537 mi-

2098 5531 2211 5593 rari
2242 5531 2299 5592 se
2333 5550 2432 5590 cur
2469 5548 2573 5587 non
2602 5534 2838 5604 vicis-sim
2875 5532 3084 5604 litteras
3119 5531 3354 5587 misisset
3390 5532 3477 5586 hic
3522 5535 3702 5604 ponti-

2102 5609 2221 5674 fex,
2249 5622 2371 5678 quae
2400 5606 2455 5678 in
2486 5605 2654 5678 sacris
2677 5603 2937 5678 Ecclesiis
2967 5602 3292 5678 legerentur,
3322 5602 3701 5678 ostenderent;

2009 5762 2015 5782 ε
2112 5694 2218 5747 que
2243 5674 2361 5735 acta
2384 5676 2626 5747 ejusdem
2651 5674 2841 5746 synodi
2864 5690 2895 5730 a
2917 5675 3048 5732 sede
3068 5677 3363 5747 apostolica
3390 5675 3699 5748 approbari;

3218 5789 3295 5797 A-.
