4138 6178
443 229 548 283 ἓιῦ

1619 220 1931 280 SANCTUS
1973 218 2295 276 DAMASUS
2331 218 2533 275 PAPA.

3642 226 3753 284 ΞΗ

445 344 519 397 lio
549 340 853 409 adfuerant,
882 339 1170 397 Timotheo
1197 337 1596 399 Alexandrino,
1620 334 2037 391 MeletioAntio—
2066 338 2115 396 Α
2145 344 2270 389 tunc
2296 334 2497 389 relatas
2525 342 2578 388 et
2602 334 2768 388 lectas
2798 332 2963 389 fuisse
2992 342 3225 403 oportet.
3250 333 3320 389 At
3348 350 3450 407 ego
3478 338 3565 392 vix
3594 351 3742 410 puto,

447 437 625 492 cheno
645 477 659 502 ,
693 434 895 505 Cyrillo
927 430 1421 503 Hierosolymitano
1443 470 1458 495 ,
1489 444 1551 485 ac
1582 427 1870 494 Nectario,
1903 440 2042 496 quos

446 530 642 601 synodi
674 528 946 598 principes
978 525 1145 580 fuisse
1171 526 1281 590 ait,
1314 522 1420 577 illis
1452 522 1736 576 Damasum
1766 528 2043 590 postremo

442 622 655 692 jungit,
687 620 875 675 eadem
906 635 1009 672 non
1039 620 1201 671 multo
1230 626 1341 687 post
1371 616 1760 683 conﬁrmantem
1781 653 1796 679 ,
1827 620 1876 667 et
1916 627 2041 664 con-

445 730 597 769 sensu
645 728 737 766 suo
781 712 1234 783 comprobantem,
1283 695 1518 778 eumque
1563 720 1933 770 consensum,
1985 714 2045 762 ut

447 808 599 863 vides
621 848 635 873 ,
668 821 779 861 non
809 821 874 861 ex
906 805 1054 861 nudo
1098 814 1306 860 tantum
1355 803 1571 858 silentio
1618 808 2041 872 praesumptum,

451 901 548 958 sed
577 900 843 969 ejusmodi
876 908 1138 969 prmterea
1180 898 1346 953 fuisse
1390 895 1632 966 judicat,
1674 902 1734 949 ut
1775 909 1837 947 ea
1875 890 2047 946 valida

445 1006 492 1051 et
540 995 693 1064 ﬁrma
731 994 1003 1059 redderet,
1044 1002 1196 1047 certo
1234 991 1415 1061 aliquo
1463 988 1670 1044 scilicet
1714 987 2046 1041 documento

447 1087 754 1152 munitum,
806 1100 869 1139 ac
915 1100 1036 1139 cum
1085 1082 1313 1155 imperio
1370 1090 1424 1137 et
1468 1087 1735 1150 potestate
1788 1076 2047 1147 conjunc-

448 1188 562 1233 tum
592 1178 692 1245 (a).
727 1176 839 1231 Etsi
868 1179 1032 1248 igitur
1060 1174 1505 1246 vigilantissimus
1536 1170 1779 1243 pontifex
1813 1169 2049 1225 hzerescs

451 1272 571 1327 illas
610 1282 770 1325 antea
812 1284 957 1339 sirpe
996 1269 1383 1333 damnaverat,
1424 1264 1685 1321 credibile
1718 1273 1894 1318 tamen
1924 1270 2043 1331 est,

451 1366 637 1435 aliquo
666 1364 860 1419 iterum
892 1361 1235 1431 solemnique
1266 1360 1469 1429 scripto
1491 1400 1505 1425 ,
1548 1372 1740 1431 novam
1784 1359 1923 1410 hanc
1961 1356 2045 1409 in-

450 1459 758 1527 victumque
788 1454 1024 1510 deﬁnitis
1062 1454 1115 1507 in
1155 1450 1756 1521 ConstantinOpolitano
1788 1448 1882 1503 illo
1918 1463 2047 1503 con-

451 1551 577 1605 cilio
616 1549 960 1620 dogmatibus
998 1548 1105 1602 vim
1136 1546 1385 1602 conferre
1417 1545 1686 1611 voluisse,
1742 1548 1853 1598 tum
1904 1542 2050 1613 quod

451 1657 514 1697 ea
563 1650 721 1697 erant
767 1640 1120 1694 Orientalium
1161 1638 1538 1709 episcoporum
1570 1644 1692 1693 vota
1713 1677 1729 1701 ,
1763 1644 1874 1690 tum
1905 1632 2048 1704 quod

453 1742 575 1803 post
615 1732 1037 1803 peremptorium
1080 1730 1183 1785 hoc
1221 1730 1535 1799 apostolica:
1564 1727 1710 1783 sedis
1745 1726 2010 1797 judicium
2034 1766 2048 1791 ,

454 1826 602 1882 nulla
652 1835 769 1881 erat
812 1826 1043 1894 amplius
1102 1823 1500 1879 Macedonianis
1563 1832 1726 1892 atque
1773 1821 2055 1891 Apollina-

455 1918 600 1975 ristis
632 1917 895 1973 evadendi
927 1932 1073 1987 spes.
1112 1915 1251 1971 Cum
1292 1916 1507 1986 itaque,
1540 1925 1596 1969 ut
1639 1928 1810 1983 nuper
1850 1913 2054 1968 dictum

454 2026 484 2065 a
526 2026 612 2065 me
654 2012 753 2065 fuit
773 2051 786 2074 ,
818 2009 1125 2065 Orientales
1153 2008 1276 2064 illos
1303 2024 1333 2064 a
1365 2024 1425 2063 se
1452 2016 1731 2079 gestorum
1763 2006 2057 2061 conﬁrma-

456 2106 663 2161 tionem
713 2104 1020 2174 postulasse
1058 2111 1273 2158 constet
1334 2100 1531 2157 littetis
1573 2117 1667 2171 per
1697 2101 1905 2171 legatos
1941 2098 2059 2169 epi-

458 2211 652 2267 scopos
689 2196 917 2249 Romam
950 2195 1150 2260 allatis,
1173 2194 1438 2249 Damasus
1474 2192 1526 2248 id
1557 2194 1876 2261 praestitisse
1902 2194 2057 2248 vide-

461 2298 547 2343 tur
592 2290 643 2343 iu
684 2288 1001 2343 earumdem
1044 2287 1269 2342 reditu:
1317 2286 1438 2340 illos
1485 2286 1751 2356 siquidem
1799 2290 2060 2343 abeuntes

460 2383 580 2436 sine
626 2382 983 2452 reSponsione
1032 2381 1214 2450 aliqua
1266 2394 1329 2434 ac
1370 2379 1489 2434 sine
1544 2378 1665 2434 aliis
1691 2379 1757 2433 ad
1806 2378 2059 2434 Theodo-

464 2475 604 2528 sium
651 2473 887 2539 litteris,
937 2473 1135 2542 quibus
1185 2472 1389 2528 certior
1440 2470 1598 2527 ﬁeret
1637 2471 1704 2525 de
1742 2470 2059 2526 conﬁrmata

458 2565 693 2621 Nectarii
739 2565 1118 2627 ordinatione,
1166 2564 1234 2619 ab
1280 2580 1348 2621 eo
1380 2564 1634 2635 pontiﬁce
1665 2563 1831 2620 fuisse
1873 2564 2060 2619 dimis-

463 2675 554 2715 sos
592 2673 752 2714 nemo
783 2660 1019 2726 dixerit,
1052 2674 1211 2729 quem
1245 2658 1297 2713 in
1360 2656 1742 2728 respondendo
1787 2656 2064 2728 synodicis

460 2753 950 2808 consultationibus
979 2750 1453 2821 diligentissimum
1485 2750 1648 2805 fuisse
1675 2756 1917 2812 constat,
1950 2759 2063 2805 tum

460 2863 529 2903 ex
574 2849 639 2903 iis
683 2863 806 2918 quae
850 2856 1141 2916 supersunt
1181 2845 1411 2909 litteris,
1459 2852 1572 2898 tum
1603 2858 1734 2897 vero
1763 2858 1829 2897 ex
1868 2841 2061 2897 Hiero-

463 2943 646 3012 nymi,
679 2940 832 3010 cujus
862 2952 1024 3010 Opera
1059 2936 1334 3003 utebatur,
1370 2936 1699 2990 testimonio.
1738 2933 1885 2989 Hanc
1934 2947 2064 2988 vero

462 3044 590 3103 puto
644 3032 811 3087 fuisse
869 3045 1086 3087 causam
1129 3044 1225 3083 cur
1282 3029 1422 3083 idem
1480 3027 1738 3097 pontifex,
1791 3024 2065 3081 Hadriano

2143 436 2201 480 ut
2231 426 2482 481 iteratam
2510 436 2699 481 contra
2740 440 2834 481 eos
2874 425 2998 481 fidei
3043 428 3439 496 expositionem
3487 430 3746 489 Damasus

2143 527 2271 574 tunc
2300 519 2457 573 condi
2483 519 2708 588 jusserit
2735 537 2746 571 ς
2772 519 2859 574 cui
2880 518 3027 572 enim
3051 518 3197 574 bono
3224 520 3328 574 alia
3360 521 3485 577 ﬁdei
3518 521 3746 581 formula

2144 612 2213 667 ab
2258 612 2687 680 Apollinarianis
2736 611 3131 666 subseribenda
3184 624 3305 681 post
3354 613 3538 682 illam,
3592 632 3750 686 quam

2144 702 2372 757 Paulino
2397 701 2740 757 Antiocheno
2771 716 2913 755 anno
2942 702 3052 758 575
3085 706 3459 760 transmissum
3487 707 3750 780 diximus,

2146 804 2309 866 atque
2335 797 2511 850 allatis
2544 795 2706 849 modo
2736 796 2917 849 verbis
2949 795 3178 850 Ruﬁnus
3216 807 3403 867 aperte
3445 804 3757 859 memorat?

2147 890 2306 945 Anno
2345 891 2527 959 itaque
2564 890 2669 945 375
2710 889 3004 959 contigisse
3034 889 3139 944 hoc
3178 891 3395 960 debuit,
3428 894 3575 964 quod
3608 896 3757 952 idem

2149 986 2375 1040 Rufinus
2412 985 2479 1038 ab
2524 983 2853 1054 Hieronymo
2895 983 3212 1050 audiverat,
3254 986 3563 1057 scriptoque
3594 988 3757 1043 dein-

2148 1093 2280 1149 ceps
2309 1078 2677 1148 consignavit;
2709 1081 2973 1147 presbyter
3011 1087 3186 1130 autem
3223 1077 3315 1132 ille
3352 1079 3751 1151 disertissimus,

2148 1186 2257 1243 quo
2297 1170 2469 1225 amico
2509 1178 2563 1224 et
2600 1169 2925 1223 administro
2969 1170 3233 1224 Damasus
3283 1178 3410 1225 tunc
3458 1186 3587 1227 usus
3628 1184 3752 1242 est,

2149 1266 2287 1321 alius
2318 1265 2475 1321 fuerit
2513 1272 2728 1334 oportet
2767 1262 2835 1318 ab
2873 1262 3066 1318 eodem
3112 1264 3478 1336 Hieronymo,
3520 1266 3612 1337 qui
3654 1283 3759 1324 nec

2148 1358 2434 1429 presbyter
2485 1357 2593 1411 dici
2626 1364 2752 1410 tunc
2791 1355 3033 1429 p0teratf,
3076 1367 3135 1411 ut
3175 1357 3441 1423 vidimus,
3484 1359 3759 1424 ae_,Roma

2151 1452 2365 1517 aberat,
2409 1464 2577 1520 seque
2619 1449 2685 1503 ad
2726 1449 3074 1503 solitudinem
3128 1448 3406 1520 Syriacam
3453 1460 3754 1521 receperat.

2151 1545 2422 1600 Cancrum
2449 1544 2647 1599 factum
2672 1543 2806 1599 illud
2832 1559 2857 1595 a
2893 1543 3087 1598 Ruﬁno
3117 1545 3341 1599 minime
3368 1546 3758 1617 exeogitatum,

2153 1640 2247 1694 sed
2295 1639 2511 1694 veritati
2560 1648 2987 1694 consentaneum
3040 1652 3193 1705 esse,
3241 1638 3437 1707 conjici
3479 1648 3659 1710 potest
3694 1656 3763 1695 ex

2080 1720 2130 1781 B
2158 1747 2289 1788 mss.
2321 1732 2446 1787 cod.
2481 1732 2535 1786 in
2576 1732 2719 1785 notis
2753 1734 2818 1785 ad
2848 1730 2970 1786 illas
3004 1731 3215 1800 priores
3253 1731 3319 1786 ad
3356 1731 3643 1787 Paulinum
3674 1732 3764 1788 lit-

2158 1834 2301 1880 teras
2330 1838 2360 1878 a
2393 1839 2481 1879 me
2510 1823 2792 1894 productis
2812 1864 2827 1891 ,
2857 1822 2948 1893 qui
2975 1838 3094 1877 eam
3122 1838 3341 1888 vocem,
3372 1838 3477 1895 qua
3508 1825 3759 1895 impressi

2158 1929 2374 1983 carent,
2405 1919 2711 1988 atljunctam
2744 1918 2966 1973 habent.

2228 2012 2318 2068 Ill.
2350 2012 2688 2079 Holstenius,
2719 2028 2786 2067 ex
2815 2020 3025 2067 vetusta
3058 2011 3308 2067 Vaticana
3336 2027 3606 2067 canonum
3649 2013 3765 2068 col-

2159 2106 2393 2161 lectione
2435 2104 2795 2174 fragmentum
2842 2105 3097 2174 protulit,
3147 2104 3289 2174 quod
3341 2103 3658 2159 inscribitur
3701 2120 3767 2160 ex

2162 2198 2381 2252 concilio
2417 2198 2560 2250 urbis
2601 2196 2781 2251 Romen
2805 2200 2895 2250 sub
2926 2196 3188 2261 Damaso,
3221 2198 3284 2250 de
3308 2196 3674 2268 explanatione
3700 2197 3766 2265 fi-

2162 2290 2264 2343 dei.
2319 2288 2432 2345 Hoc
2467 2288 2667 2358 duplici
2706 2298 2860 2359 parte
2897 2298 3129 2344 constat.
3172 2291 3360 2359 Agitur
3397 2291 3448 2343 in
3484 2289 3666 2359 priore
3702 2290 3767 2345 de

2162 2383 2451 2454 septiformi
2477 2382 2666 2450 spiritu
2685 2425 2699 2445 ,
2726 2382 2811 2451 qui
2837 2383 2891 2435 in
2916 2380 3121 2436 Christo
3147 2381 3455 2451 requiescit;
3491 2381 3544 2435 in
3583 2388 3764 2451 poste-

2163 2473 2296 2528 riori
2330 2488 2459 2529 vero
2494 2472 2833 2542 multiformis
2884 2474 3151 2527 nominum
3197 2472 3389 2527 Christi
3434 2472 3766 2541 dispensatio

2165 2567 2488 2636 explicatur;
2542 2581 2772 2635 eamque
2818 2566 2861 2618 si
2915 2566 3037 2635 quis
3073 2566 3319 2619 conferat
3358 2579 3481 2619 cum
3523 2564 3767 2621 carmine

2166 2667 2319 2714 sexto
2336 2701 2351 2724 ,
2381 2658 2738 2739 observetque
2765 2656 2831 2713 iis
2857 2656 3100 2712 versibus
3125 2657 3362 2727 pressius
3393 2656 3565 2727 repeti
3582 2697 3597 2722 ,
3622 2656 3766 2726 quod

2167 2751 2405 2808 uberiori
2434 2751 2642 2806 calamo
2664 2750 2854 2805 eodem
2877 2749 3176 2820 fragmento
3201 2748 3287 2805 hic
3309 2763 3622 2819 expressum
3648 2748 3765 2804 fue-

2168 2857 2252 2903 rat
2277 2891 2292 2915 ,
2333 2848 2486 2902 facile
2523 2846 2787 2902 concedet
2810 2888 2825 2912 ,
2856 2856 3147 2915 utrumque
3194 2846 3380 2901 fastum
3423 2845 3579 2899 unius
3616 2843 3765 2908 eius-

2167 2942 2400 3009 demque
2424 2940 2662 2994 auctoris
2685 2954 2837 3004 esse,
2857 2939 3082 2992 Damasi
3112 2953 3338 3007 nempe,
3367 2938 3520 3007 eujus
3549 2936 3769 2992 nomine

2168 3035 2458 3102 inscriptus
2499 3042 2600 3087 est.

464 3134 640 3191 teste,
696 3125 789 3195 qui
844 3124 1120 3179 basilicam
1172 3121 1229 3177 S.
1280 3120 1560 3176 Laurentii
1598 3120 1758 3189 longo
1805 3127 1923 3187 post
1973 3120 2055 3172 in-
2088 3126 2134 3191 ρ
2244 3126 2480 3195 Utraque
2514 3140 2645 3181 vero
2684 3124 2927 3195 ejusdem
2967 3140 3095 3196 pars
3164 3124 3488 3180 Eunomium
3544 3124 3771 3195 ejusque

463 3219 692 3274 tervallo
742 3204 1031 3287 reparavit,
1072 3211 1857 3282 Constantinopolitamtmhoc
1882 3210 2065 3267 conci-

465 3315 596 3368 lium
642 3314 846 3381 pictura
890 3316 1334 3378 repraesentatum
1379 3306 1443 3360 ad
1491 3313 1740 3375 posteros
1780 3306 1831 3358 in
1873 3304 2065 3359 eadem

468 3407 759 3463 transmitti
789 3405 1019 3461 voluerit
1046 3402 1157 3473 (b),
1191 3416 1296 3471 quo
1335 3399 1532 3453 deinde
1571 3397 1820 3469 exemplo
1861 3397 2067 3452 Caeles-

466 3501 610 3555 tinus
637 3514 700 3554 ac
716 3498 896 3554 Sixtus
925 3495 1256 3566 Epltesiuum
1287 3493 1339 3546 in
1364 3490 1650 3547 Liberiana
1671 3530 1683 3553 ,
1711 3488 1821 3544 Leo
1843 3488 2067 3558 Magnus

467 3590 911 3645 Chalcedonense
954 3588 1006 3645 in
1040 3586 1297 3641 Vaticana
1338 3591 1725 3653 expresserunt
1755 3578 1851 3651 (e).
1888 3580 2066 3650 Atque

466 3684 583 3738 haec
612 3692 737 3738 sunt
761 3724 775 3748 ,
805 3696 927 3751 qua:
956 3682 1009 3736 in
1041 3680 1284 3735 Romano
1317 3677 1418 3731 hoc
1446 3675 1680 3731 concilio
1719 3674 1861 3731 circa
1906 3674 2064 3729 fidem

464 3776 707 3831 confecta
748 3772 915 3827 videri
955 3779 1205 3842 possunt.

540 3866 605 3921 ll.
651 3861 1030 3920 Tillemontius
1076 3870 1255 3917 actum
1301 3867 1561 3930 praeterea
1602 3857 1769 3913 fuisse
1809 3866 1959 3927 putat
1998 3855 2085 3911 de,

472 3955 895 4028 Apollinarianis
924 3953 993 4008 ab
1035 3952 1281 4007 Ecclesia
1326 3949 1687 4019 recipiendis:
1728 3963 1959 4019 cumque
1998 3962 2065 4007 es

468 4052 722 4107 mandato
755 4063 906 4120 papas
940 4045 1301 4116 Hieronymus
1331 4042 1714 4098 concinnasset
1742 4040 2067 4110 formulam,

470 4145 556 4200 cui
577 4140 820 4201 haeretici
845 4140 917 4195 illi
940 4138 1197 4208 deinceps
1213 4137 1554 4191 subscribere
1572 4145 1915 4206 cogerentur,
1935 4134 2069 4190 illud

472 4233 944 4305 contigisse,quod
970 4231 1143 4285 Ruﬁni
1166 4228 1343 4284 verbis
1366 4229 1452 4283 hic
1476 4226 1677 4285 referre
1704 4236 1942 4295 przcstat;
1960 4222 2071 4281 Da-

470 4345 647 4383 masus
673 4328 942 4398 episcopus
970 4340 1089 4379 cum
1116 4324 1180 4376 de
1208 4321 1515 4389 recipiendis
1544 4319 1953 4389 Apollinarianis
1977 4318 2069 4372 de-

471 4418 707 4475 liberatio
749 4417 1039 4483 haberetur,
1087 4414 1358 4467 editionem
1399 4411 1756 4465 ecclesiastij
1801 4410 1946 4479 ﬁdei,
1989 4408 2073 4464 cui

2170 3220 2405 3274 asseclas
2432 3220 2652 3287 respicit
2684 3237 2695 3271 :
2731 3234 2850 3272 nam
2883 3227 2940 3272 ut
2969 3234 2994 3269 u
3028 3223 3295 3287 postrema
3338 3217 3612 3286 incipiam,
3645 3232 3767 3271 eum

2169 3328 2237 3366 ex
2270 3311 2657 3381 multiplicibus
2684 3312 2749 3366 iis
2781 3311 3089 3365 nominibus
3119 3309 3412 3379 blasphemi
3436 3310 3511 3363 illi
3538 3312 3773 3363 contice-

2172 3414 2292 3459 reut
2321 3402 2595 3459 Christum
2629 3403 2910 3458 Dominum
2942 3402 3203 3457 facturam
3229 3411 3279 3455 et
3300 3412 3599 3456 creaturam
3620 3415 3765 3465 esse,

2170 3499 2416 3553 catholici
2448 3513 2479 3552 e
2499 3505 2685 3552 contra
2714 3497 2903 3551 Patres
2926 3497 2990 3549 iis
3013 3496 3316 3561 utebantur,
3342 3502 3399 3549 ut
3416 3494 3501 3548 vel
3527 3493 3771 3550 maxime

2170 3590 2288 3660 ejus
2319 3605 2444 3659 erga
2474 3605 2572 3643 nos
2599 3587 3026 3643 misericordiam
3048 3588 3395 3642 ostenderent
3415 3594 3469 3641 et
3495 3600 3774 3640 commen-

2172 3685 2386 3743 durent,
2421 3682 2563 3751 quod
2586 3691 2769 3751 aperte
2790 3681 2965 3751 colligi
3001 3688 3177 3749 potest
3196 3697 3260 3734 ex
3284 3679 3549 3737 Germinii
3581 3679 3773 3733 litteris

2170 3775 2237 3829 ad
2277 3774 2525 3839 Ariauos,
2557 3790 2587 3828 a
2617 3775 2811 3843 quibus
2834 3774 2880 3828 is
2907 3774 2973 3827 ad
3004 3774 3371 3829 Semiarianos
3403 3774 3768 3827 transirent:

2176 3867 2325 3934 Quod
2366 3874 2579 3935 putant,
2615 3866 2690 3921 ait
2718 3866 2842 3933 ille,
2876 3884 2928 3922 se
2960 3883 3054 3935 pro
3080 3882 3267 3936 magno
3306 3866 3370 3919 de
3404 3865 3591 3919 divinis
3623 3864 3773 3919 Scri-

2174 3960 2338 4029 pturis
2362 3960 2615 4029 proferre,
2648 3967 2703 4012 ut
2731 3959 2903 4013 dicant
2926 3950 3474 4028 Christum'facturam
3499 3966 3546 4010 et
3571 3966 3774 4009 creatu-

2173 4070 2320 4120 ram,
2362 4069 2388 4109 e
2433 4054 2690 4106 contrario
2738 4068 2833 4106 nos
2881 4051 3161 4107 secundum
3204 4050 3506 4117 Scripturas
3549 4048 3771 4103 dicimus

2186 4143 2366 4210 Viam,
2399 4154 2445 4198 et
2484 4143 2745 4207 Januam,
2777 4156 2822 4198 et
2849 4142 3100 4211 Lapidem
3137 4141 3467 4208 offensionis,
3491 4151 3535 4195 et
3560 4140 3772 4194 Petram

2174 4237 2429 4303 scandali,
2459 4247 2507 4291 et
2531 4236 2967 4303 Fundamentum,
2994 4250 3038 4290 et
3066 4235 3369 4298 Brachium,
3396 4244 3443 4288 et
3463 4233 3701 4298 Manum,
3726 4243 3775 4288 et

2176 4328 2518 4400 Sapientiam,
2551 4339 2599 4383 et
2642 4327 2880 4394 Verbum,
2913 4339 2959 4382 et
2984 4327 3204 4397 Agnum,
3230 4337 3278 4381 et
3314 4325 3491 4392 Ovem,
3516 4334 3561 4379 et
3588 4325 3773 4380 Pasto-

2132 4478 2138 4483 ,
2174 4437 2311 4487 rem,
2351 4431 2396 4475 et
2429 4420 2791 4483 Sacerdotem,
2828 4430 2876 4475 et
2913 4419 3108 4487 Vitem,
3134 4429 3180 4474 et
3210 4417 3395 4483 Diem,
3434 4429 3479 4473 et
3500 4419 3604 4474 alia
3632 4435 3649 4472 :
3681 4418 3771 4473 sed

471 4512 628 4566 iidem
668 4509 914 4572 editioni,
948 4508 991 4561 si
1026 4504 1271 4559 Ecclesia!
1303 4504 1459 4577 jungi
1498 4503 1719 4566 W110".
1753 4501 2069 4554 subscribere
2095 4520 2150 4585 ι)
2174 4511 2284 4567 lucc
2329 4514 2499 4565 omnia
2529 4513 2602 4565 sic
2632 4512 2991 4582 intelligimus,
3036 4522 3081 4565 et
3110 4512 3356 4577 dicimus,
3382 4521 3436 4565 ut
3463 4512 3699 4573 virtutes,
3729 4519 3777 4566 et

475 4606 742 4672 deberent,
776 4601 1193 4659 conscribendam
1227 4597 1488 4651 mandavit
1528 4596 1696 4650 amico
1734 4611 1825 4648 suo
1865 4594 2074 4663 presby-

476 4707 606 4763 tero,
640 4700 747 4751 viro
779 4695 1139 4758 disertissimo,
1170 4692 1259 4763 qui
1281 4692 1377 4744 hoc
1426 4690 1505 4743 illi
1545 4690 1801 4760 negotium
1832 4703 1896 4741 ea:
1931 4703 2074 4742 more

478 4790 781 4861 procumbat
802 4830 817 4854 ,
850 4786 1191 4840 necessarium
1219 4784 1381 4861 visum
1413 4792 1483 4835 est
1513 4781 1567 4835 in
1596 4782 1708 4852 ipsa
1747 4780 1969 4834 editione
2009 4779 2072 4834 de

476 4880 843 4941 lncarnatione
882 4892 1126 4937 noutnsu
1156 4854 1445 4930 noniutcuu
1476 4874 1615 4927 dici:
1646 4871 1829 4940 offensi
1869 4883 1986 4929 sunt
2018 4873 2073 4928 in

476 4976 574 5031 hoc
601 4988 832 5029 sermone
858 4970 1249 5043 Apollinaristaz
1273 4981 1293 5021 .'
1332 4969 1601 5020 novitatem
1642 4966 1891 5019 sermonis
1930 4967 2076 5019 incu-

479 5088 594 5126 sare
622 5076 883 5139 caperunt
935 5062 1039 5135 (ά).
1085 5061 1252 5117 Nemo
1288 5059 1529 5131 profecto
1559 5060 1837 5129 negaverit
1864 5061 1991 5130 quin
2025 5061 2078 5115 in

480 5163 725 5218 Romano
758 5157 861 5212 hoc
891 5154 1121 5211 concilio
1153 5153 1236 5223 agi
1265 5166 1452 5207 rursus
1492 5152 1722 5222 potuerit
1763 5152 1829 5206 de
1872 5153 2080 5223 Apolli-

482 5254 752 5319 narianis,
794 5246 1079 5304 occasione
1116 5243 1731 5312 Constantinopolitanae
1768 5243 1996 5313 synodi,
2050 5258 2079 5297 a

482 5360 585 5413 qua
640 5342 878 5398 damnati
926 5338 1173 5407 fuerant,
1225 5334 1450 5406 cujusve
1504 5332 1847 5401 deﬁnitiones
1896 5334 2082 5392 Romae

558 5499 634 5570 (a)
666 5494 754 5562 Οἷς
794 5501 852 5552 οὗ
888 5499 1049 5560 πολὺς
1090 5492 1279 5570 χρόνος
1321 5494 1563 5570 Δάμασος
1606 5491 1632 5549 ὁ
1674 5502 1766 5553 τῆς
1791 5490 1982 5570 Ῥᾠμης
2018 5495 2081 5551 τά

487 5566 625 5645 ausit
647 5573 904 5645 κρατύνων
941 5566 1237 5645 ἐγνωρίζετο
1265 5569 1563 5641 σύμφωνος,
1595 5572 1708 5625 τοῖς
1758 5566 2078 5640 προλαβοῦσι

484 5642 871 5713 καθιστᾶμινος.

561 5717 636 5793 (b)
681 5705 849 5771 Cone.
882 5713 1021 5768 Ven.
1064 5712 1191 5766 edit.
1235 5720 1369 5767 tom.
1416 5710 1531 5768 Vill
1584 5706 1742 5781 epist.
1787 5707 1853 5763 ad
1894 5705 2074 5769 Carol.

2180 4606 2498 4674 operationes
2537 4603 2634 4672 ﬁlii
2661 4603 2756 4658 Dei
2786 4604 3166 4674 intelligamus,
3192 4619 3293 4657 non
3329 4613 3385 4657 ut
3411 4603 3635 4657 divinam
3665 4609 3777 4671 ejus

2181 4713 2243 4751 ea:
2273 4696 2425 4750 Patre
2463 4697 2775 4752 nativitatem
2805 4713 3160 4765 comparemus
3189 4696 3279 4767 (e).
3320 4695 3511 4752 Varias
3555 4696 3676 4750 illas
3717 4710 3781 4751 ac

2182 4786 2506 4855 multiplices
2551 4788 2969 4856 appellationes,
3011 4788 3207 4856 quibus
3232 4786 3479 4841 Christus
3514 4785 3777 4841 Dominus

2181 4878 2491 4949 designatus
2523 4879 2733 4948 legitur,
2770 4880 2882 4949 ipse
2908 4882 3068 4957 etiam
3093 4879 3432 4940 Ambrosius,
3460 4877 3686 4932 Basilius
3711 4892 3778 4934 ac

2179 4971 2547 5027 Nazianzenus
2573 4986 2717 5041 saepe
2744 4970 3022 5037 adhibent,
3051 4971 3243 5041 quibus
3263 4970 3633 5040 opurationum
3655 4969 3779 5038 ejus

2182 5074 2498 5118 varietatem
2542 5061 3003 5134 multiplicemque
3054 5064 3460 5118 beneficentiam
3508 5061 3781 5133 indigitari

2183 5155 2331 5209 aiunt
2371 5156 2940 5225 dispensatimiemque
2985 5156 3173 5226 ipsius,
3206 5170 3270 5211 ac
3299 5156 3593 5212 servatoris
3622 5156 3781 5215 mini-

2186 5250 2407 5305 sterium
2437 5265 2541 5302 non
2570 5258 2839 5303 coactum.

2260 5342 2378 5407 Quo
2426 5356 2558 5395 vero
2595 5341 2662 5395 ad
2698 5342 2936 5413 priorem
2976 5340 3217 5412 ejusdem
3263 5340 3547 5413 fragmenti
3573 5350 3783 5412 partem

2189 5495 2348 5565 Mag.,
2380 5510 2499 5564 pag.
2533 5494 2665 5551 1591
2679 5538 2692 5551 .

2261 5572 2333 5638 (ε)
2368 5568 2482 5620 Vid.
2516 5568 2738 5621 Blanch.
2770 5574 2882 5623 not.
2914 5567 2979 5623 ad
3005 5567 3144 5625 Sixt.
3186 5568 3242 5624 5.

2258 5638 2338 5778 (si;
2367 5638 2586 5692 Hieron.
2614 5638 2774 5709 Apol.
2804 5641 2868 5705 ἲ,
2897 5654 3016 5707 cap.
3043 5639 3137 5695 20.

2258 5718 2307 5778 te
2369 5708 2526 5778 Apud
2555 5709 2722 5770 Hilar.
2752 5709 2911 5778 Frag.
2938 5726 3018 5778 xi,
3045 5710 3137 5775 Yet

2258 5708 2329 5778 te)
2369 5708 2526 5779 Apud
2555 5708 2722 5770 Hilar.
2752 5709 2911 5783 Frag.
2938 5726 3018 5780 xi,
3045 5710 3176 5775 Ver.
3204 5714 3335 5778 edit.
