4138 6178
382 225 478 281 2ιό

1743 221 2279 282 PROLEGOMENA.

3565 226 3674 285 246

375 343 586 405 attinet,
642 340 916 395 neminem
961 338 1122 405 latet,
1153 336 1480 393 Eunomium
1523 336 1744 407 Spiritui
1784 344 1973 391 sancto
2003 337 2051 397 Α
2078 337 2367 408 synodum,
2395 353 2458 394 ac
2487 340 2717 409 proinde
2743 355 2847 397 non
2873 342 2991 397 sine
3021 340 3197 412 aliqua
3225 341 3520 398 verosimili
3548 356 3680 397 con-

378 446 480 491 tum
527 435 866 490 divinitatem
908 432 1208 499 ademisse,
1258 440 1368 486 tum
1408 431 1525 501 ejus
1576 430 1837 500 originem
1878 429 1979 485 soli

379 530 509 585 Filio
546 529 864 583 attribttisse
904 545 917 581 :
967 536 1256 596 utrumque
1301 526 1444 580 enim
1497 540 1560 579 ex
1610 522 1975 593 blasphemis,

381 636 495 691 quae
538 628 830 689 supersunt
852 662 868 685 ,
899 619 1016 689 ejus
1057 618 1272 688 scriptis
1308 625 1520 671 constat
1548 618 1668 685 (a):
1701 615 1823 671 hinc
1858 625 1975 682 est,

381 714 516 785 quod
555 713 815 767 Damasus
856 721 1133 782 postquam
1181 710 1515 781 argumentis
1561 724 1628 763 ex
1655 724 1805 763 sacra
1834 706 1979 764 Scri-

384 816 528 876 ptura
556 805 735 876 petitis
758 804 974 859 abunde
1002 805 1323 873 probaverat
1350 802 1611 871 Spiritum
1644 814 1890 856 sanctum
1922 802 1972 856 in

383 897 510 952 Filio
534 898 899 966 requiescere,
922 896 1240 950 naturaliter
1262 896 1467 950 scilicet
1514 903 1567 949 et
1589 895 1971 960 cssetttialiter,

385 1000 481 1045 tum
527 990 804 1045 concludit
835 990 1092 1058 Spiritum
1122 998 1351 1043 sanctum
1384 1004 1484 1041 non
1517 1003 1625 1041 esse
1662 985 1836 1039 Patris
1861 999 1974 1040 tan-

377 1085 663 1149 tummodo,
696 1093 786 1135 aut
816 1078 945 1135 Filii
969 1082 1323 1134 tantummodo
1357 1081 1609 1151 Spiritum
1634 1121 1647 1145 ,
1680 1080 1770 1133 sed
1796 1078 1973 1132 Putris

371 1186 415 1230 et
443 1176 571 1229 Filii
589 1176 861 1246 Spiritum,
886 1174 1033 1244 quod
1057 1173 1287 1227 adstruit
1317 1172 1614 1227 rationibus
1638 1171 1971 1242 illis,quibus

371 1270 734 1335 Athanasius,
761 1268 1009 1333 Basilius,
1043 1267 1383 1332 Ambrosius,
1416 1266 1770 1336 Epiphanius,
1798 1266 1973 1337 Cyril-

374 1366 482 1431 lus,
513 1379 574 1418 ac
601 1365 779 1417 caeteri
808 1362 997 1416 Patres
1020 1362 1100 1414 usi
1126 1370 1272 1423 sunt,
1299 1371 1353 1414 ut
1380 1359 1609 1429 probent
1632 1374 1795 1413 unum
1823 1372 1964 1425 esse,

369 1456 440 1511 ob
469 1471 624 1508 unam
657 1454 828 1509 Patris
872 1452 1100 1523 Filiique
1141 1462 1426 1519 naturam,
1455 1466 1554 1507 uec
1586 1451 1651 1504 ad
1684 1466 1771 1506 res
1818 1465 1970 1505 crea-

369 1558 447 1602 tas
473 1545 749 1599 amandari
783 1560 963 1615 posse,
992 1545 1154 1598 veluti
1178 1544 1389 1613 utrique
1413 1543 1929 1596 consubstantialem
1952 1560 1965 1597 :

360 1656 478 1713 quas
522 1649 811 1712 pr0pterea
858 1648 943 1694 est
978 1640 1116 1693 ratio
1140 1680 1153 1705 ,
1185 1654 1281 1691 cur
1314 1638 1643 1692 recentiores
1672 1636 1968 1692 catholica-

2078 430 2288 500 jectura
2320 447 2347 485 a
2380 448 2466 487 me
2495 434 2668 489 asseri
2698 449 2882 505 posse,
2915 434 3019 489 hoc
3048 434 3409 505 fragmentum
3436 434 3503 489 ad
3533 432 3681 501 aliud

2084 525 2261 593 potius
2282 566 2296 591 ,
2325 542 2486 597 quam
2513 528 2577 581 ad
2604 528 2708 583 hoc
2733 529 3044 596 concilium,
3072 538 3128 583 ut
3155 529 3465 585 Holstcnius
3492 529 3681 601 opina-

2083 627 2187 683 tur,
2222 620 2512 688 pertinere,
2537 622 2603 675 ad
2634 622 2764 677 illud
2805 623 3045 689 scilicet,
3075 623 3217 695 quod
3247 639 3388 677 anno
3415 624 3521 678 380
3543 640 3679 679 con-

2077 724 2355 785 gregatum
2385 717 2528 783 dixi,
2558 718 2608 770 itt
2638 734 2744 787 quo
2775 718 2843 773 de
2875 717 3120 773 Eunomii
3150 728 3205 774 et
3237 718 3538 774 Macedonii
3572 719 3683 774 Ιιω-
3742 790 3747 791 γ

2078 810 2183 863 resi
2212 819 2387 863 actum
2416 811 2697 879 potissitne
2727 811 2890 865 fuisse
2917 820 3153 865 constat.
3640 818 3648 826 ’

2148 900 2237 954 IV.
2284 901 2487 956 Praeter
2537 901 2652 957 ltarc
2684 901 3065 957 llolstenianus
3107 903 3247 956 idem
3293 903 3463 958 codex
3491 904 3682 960 decre-

2079 1002 2189 1047 tttm
2219 994 2463 1049 continet
2495 995 2562 1049 de
2598 995 3056 1050 Patriarchalihus
3084 995 3303 1051 sedibus
3326 1037 3339 1061 ,
3374 1014 3435 1050 ac
3476 998 3545 1052 de
3592 1013 3678 1052 re-

2075 1084 2338 1153 cipiendis
2362 1129 2375 1151 ,
2412 1103 2475 1141 ac
2515 1087 2822 1155 rejiciendis
2850 1088 3021 1143 libris.
3046 1089 3313 1158 Insignem
3341 1089 3677 1161 Dionysiante

2075 1176 2414 1232 collectionis
2456 1179 2699 1234 codicem
2752 1181 2804 1234 in
2859 1183 3191 1237 monasterio
3235 1180 3446 1235 Sanctae
3493 1180 3681 1238 Crucis

2074 1282 2175 1338 ego
2207 1271 2427 1323 tractavi
2454 1270 2719 1325 beneﬁcio
2751 1272 2962 1326 abbatis
2996 1283 3119 1326 tunc
3140 1272 3437 1328 doctissimi
3464 1287 3527 1327 ac
3555 1273 3681 1328 reli-

2072 1360 2385 1429 giosissimi,
2412 1378 2559 1417 nunc
2584 1375 2784 1418 sanctae
2818 1364 3075 1419 Romamn
3109 1365 3366 1419 Ecclesia:
3390 1365 3683 1422 cardinalis

2074 1454 2311 1521 Besntii,
2364 1466 2523 1526 atque
2564 1457 2791 1511 alterum
2846 1457 2971 1513 huic
3020 1458 3253 1512 similem
3300 1458 3682 1513 Vallicellianre

2072 1546 2448 1613 bibliotheca},
2495 1549 2831 1605 concedente
2874 1551 2991 1605 viro
3017 1551 3217 1606 celebri
3264 1562 3428 1622 atque
3485 1550 3676 1606 buma-

2072 1639 2296 1693 nissimo
2348 1650 2500 1709 patre
2544 1640 2782 1711 Joseplto
2813 1642 3131 1697 Blauchiuo.
3160 1644 3399 1699 Tertium
3431 1660 3496 1705 ex
3528 1656 3681 1700 vetu-

362 1749 476 1787 rum
510 1734 745 1802 partium
789 1731 961 1787 Graeci
1010 1729 1338 1784 additionem
1378 1730 1549 1793 vocis,
1578 1726 1840 1795 Filioque,
1864 1726 1971 1781 fac-
2004 1738 2051 1798 Β
2078 1730 2319 1784 stissimo
2350 1732 2674 1786 Veronensis
2706 1732 2962 1788 Ecclesia:
2986 1734 3207 1789 archivo
3232 1746 3498 1791 memorat
3524 1751 3680 1791 num-

361 1833 466 1880 tam
511 1824 765 1895 symbolo
789 1866 803 1890 ,
853 1838 960 1893 quo
1002 1838 1143 1877 nunc
1175 1822 1392 1887 utimur,
1424 1820 1591 1875 veluti
1621 1820 1969 1877 destruenda:

360 1917 615 1973 Eunomii
654 1916 849 1971 haeresi
898 1915 1101 1983 optime
1145 1922 1512 1986 comparatam
1548 1920 1827 1967 tuerentur
1850 1911 1965 1985 (b),

364 2022 474 2066 tum
507 2012 701 2067 deinde
742 2027 842 2065 cur
869 2010 1015 2065 illam
1045 2010 1221 2065 eidem
1250 2010 1479 2064 Damaso
1509 2009 1891 2064 attribuerent.

433 2105 647 2160 Primus
688 2107 789 2159 hoc
824 2104 1060 2158 asseruit
1094 2102 1318 2157 Alexius
1355 2104 1638 2156 Aristenus
1670 2117 1742 2155 χιι
1784 2101 1969 2156 saeculi

355 2199 593 2269 scriptor
621 2200 676 2252 in
708 2196 931 2253 scholiis
969 2196 1035 2251 ad
1067 2197 1340 2269 synopsim
1372 2196 1652 2249 Canonum
1682 2209 1712 2247 a
1738 2194 1969 2249 Justcllo

354 2293 559 2345 editam
587 2305 603 2350 :
648 2289 796 2344 illum
835 2288 1101 2357 siquidem
1136 2287 1305 2343 veluti
1337 2286 1495 2357 hujus
1526 2287 1811 2342 sententiae
1842 2300 1970 2342 auc—

355 2392 534 2439 torem
582 2382 833 2453 producit
876 2380 1113 2437 Joannes
1166 2379 1533 2434 Methoncnsis
1578 2380 1867 2449 episcopus
1912 2376 1967 2433 in

349 2476 717 2545 responsione
757 2474 824 2529 ad
869 2474 1104 2528 Marcum
1151 2473 1466 2543 Ephesium,
1505 2488 1568 2527 ac
1602 2473 1790 2527 Simon
1821 2470 1964 2527 Con-

348 2568 873 2638 stantinopolitanus
924 2566 978 2620 iu
1018 2566 1243 2636 epistola
1271 2567 1336 2620 ad
1364 2566 1627 2621 Joannem
1652 2564 1967 2637 Numophy-

350 2662 554 2725 lacem,
580 2659 735 2729 cujus
760 2659 947 2723 verba,
980 2673 1101 2729 qua:
1120 2658 1225 2713 huc
1252 2660 1547 2727 pertinent,
1578 2673 1645 2711 ex
1676 2657 1860 2711 Allatii
1894 2655 1963 2729 (c)

348 2751 810 2823 interpretatione
840 2751 956 2805 hinc
985 2761 1136 2806 sunt:
1165 2752 1447 2805 Sciendum
1470 2767 1626 2821 porro
1654 2760 1746 2818 est,
1769 2760 1823 2805 ut
1845 2768 1967 2805 nar-

347 2859 422 2901 rat
472 2844 574 2899 Dei
610 2846 993 2900 amantissimus
1026 2845 1310 2912 diaconus,
1352 2857 1398 2899 et
1435 2862 1651 2917 magnus
1678 2861 1967 2899 teconomus

348 2957 559 3012 magna:
590 2939 691 2993 Dei
731 2939 980 2993 Ecclesia:
1016 2939 1272 2993 Dominus
1296 2939 1507 2993 Alexius
1537 2940 1803 2992 Aristenus
1827 2954 1967 2992 com-

348 3035 606 3107 pendioso
635 3036 699 3089 de
721 3035 951 3089 omnibus
978 3035 1291 3098 canonibus,
1320 3044 1368 3088 et
1398 3034 1724 3088 aecumenicis
1749 3034 1964 3088 sanctis-

2072 1836 2229 1891 qttam
2278 1837 2382 1875 non
2434 1822 2734 1878 laudandus
2777 1824 3021 1879 marchio
3066 1824 3339 1893 Mttﬂ‘eius;
3383 1828 3613 1881 alterum
3648 1842 3681 1883 a

2072 1912 2339 1967 Daclterio
2386 1913 2487 1967 sibi
2519 1916 2975 1969 communicatum
2999 1930 3059 1971 se
3088 1916 3282 1986 legisse
3311 1918 3386 1971 ait
3426 1916 3680 1973 Baluzius

2075 2003 2168 2077 (ε),
2197 2008 2287 2075 qui
2317 2021 2505 2061 omnes
2540 2008 2655 2062 lucc
2692 2009 2804 2078 ipsa
2830 2009 3049 2063 decreta
3074 2010 3376 2077 continent,
3402 2026 3522 2081 qua:
3551 2010 3681 2065 Hol-

2071 2100 2353 2154 stenianus
2397 2098 2484 2155 hic
2513 2100 2705 2155 codex.
2752 2101 2944 2156 Merito
2973 2100 3134 2171 igitur
3156 2117 3384 2173 magnus
3415 2102 3681 2159 Baronius

2074 2194 2144 2264 (ι’)
2170 2194 2270 2247 hoc
2294 2193 2361 2247 de
2380 2193 2825 2263 patriarcltalibus
2845 2196 3196 2249 constitutum
3221 2195 3395 2250 eidem
3415 2196 3671 2271 Damaso,

2071 2300 2135 2338 at:
2178 2284 2436 2340 Romanae
2476 2285 2599 2339 huic
2624 2286 2831 2357 synodo
2864 2286 3119 2353 vindicat,
3157 2302 3388 2358 quocum
3413 2287 3511 2342 viri
3538 2288 3683 2345 celec

2072 2378 2198 2432 bres
2248 2379 2558 2434 Holstenius
2609 2390 2663 2435 et
2706 2380 3027 2459 Franciscus
3076 2380 3405 2436 Blanchiuus
3443 2396 3676 2437 consen-

2076 2473 2232 2527 tiuttt.
2282 2474 2413 2528 Iluic
2454 2483 2632 2528 autem
2655 2474 2951 2530 sanciendo
2989 2474 3209 2529 decreto
3250 2475 3373 2530 inde
3404 2486 3681 2546 acceptam

2071 2566 2409 2621 occasionem
2457 2574 2643 2637 putant
2682 2610 2697 2633 ,
2742 2567 2882 2639 quod
2932 2583 3053 2622 cum
3106 2568 3355 2623 Pontifex
3408 2569 3681 2635 turbatam

2072 2658 2412 2713 clandestino
2453 2657 3057 2731 Constantinopolitano
3096 2676 3307 2716 canone
3340 2660 3677 2731 patriarcha-

2070 2750 2201 2804 lium
2248 2750 2612 2805 Ecclesiarum
2643 2752 2959 2821 dignitatem
2994 2752 3387 2821 intellexisset,
3420 2769 3678 2810 necessa-

2070 2845 2210 2898 rium
2238 2845 2453 2899 duxerit
2483 2844 2732 2915 synodali
2765 2846 2863 2900 hac
2884 2862 2977 2899 sua
3011 2846 3128 2915 lege
3156 2846 3276 2916 ejus
3302 2848 3563 2919 episcopi,
3592 2858 3673 2903 at-

2070 2953 2172 3008 que
2202 2936 2558 2992 Orientalium
2584 2939 2943 2994 inconsultam
2977 2940 3326 2996 ambitionem
3383 2941 3677 2999 retundere

2070 3032 2296 3087 Paulino
2330 3033 2628 3103 prazsertim
2657 3045 2912 3101 curante,
2938 3051 3005 3090 ne
3029 3034 3159 3108 quid
3184 3034 3520 3091 Antiochena
3575 3051 3674 3092 sua

346 3129 498 3182 simis
538 3129 775 3199 synodis,
807 3144 901 3182 nec
928 3144 1049 3190 non,
1078 3138 1125 3183 et
1156 3144 1266 3197 qua:
1295 3128 1425 3181 inter
1451 3144 1538 3181 eas
1566 3130 1781 3181 actitata
1809 3137 1926 3180 sunt
1946 3170 1960 3194 ,
1990 3118 2035 3181 C
2069 3140 2132 3180 ac
2173 3126 2533 3181 Alexandrina
2584 3128 2777 3195 sedes,
2813 3145 2932 3201 qua:
2964 3144 3076 3184 sua:
3107 3139 3226 3185 erat
3245 3131 3675 3197 communionis,

345 3228 604 3282 tractatu,
636 3228 753 3289 post
798 3217 1073 3273 Nicaanum
1104 3218 1378 3271 concilium
1418 3227 1648 3273 exortam
1675 3235 1782 3273 esse
1808 3219 1968 3272 luere-

344 3310 453 3363 sim
480 3351 493 3374 ,
543 3324 661 3380 qua:
702 3307 899 3363 Filium
944 3326 1144 3380 quoque
1180 3308 1392 3363 Patrem
1420 3312 1673 3363 asserebat
1707 3325 1969 3380 :namque

342 3402 595 3456 nonnulli
636 3400 893 3471 dicebant,
920 3402 1355 3472 quemadmodum
1389 3401 1558 3456 Filius
1582 3418 1645 3455 ea:
1671 3400 1833 3456 Patre
1855 3445 1869 3467 ,
1897 3406 1967 3458 ita

342 3503 388 3547 et
416 3492 688 3565 Spiritum
716 3510 745 3544 a
777 3490 919 3547 Filio
947 3511 1054 3549 esse
1074 3496 1320 3566 genitum,
1344 3495 1518 3566 sicque
1540 3493 1795 3565 Spiritum
1817 3512 1969 3549 sanc-

343 3594 461 3639 tum
490 3584 617 3639 Filii
652 3584 819 3652 ﬁlium
838 3628 851 3649 ,
883 3597 929 3639 et
958 3585 1132 3640 Patris
1160 3598 1393 3660 nepotem
1419 3588 1761 3643 decernebant
1790 3604 1807 3641 :
1833 3606 1962 3659 qua-

343 3688 567 3748 propter
594 3678 665 3732 nd
698 3679 1005 3733 abolendam
1027 3681 1245 3733 similent
1278 3682 1515 3735 Iucresim
1546 3693 1590 3735 et
1618 3682 1963 3737 orthodoxam

344 3776 506 3843 ﬁdem
529 3772 1014 3841 constabiliendam,
1034 3772 1292 3829 Damasus
1314 3776 1668 3831 sanctissimus
1690 3795 1825 3849 papa
1846 3787 1964 3832 ante

342 3877 585 3921 sanctam
610 3865 861 3936 synodum
885 3866 1509 3936 Constantinopolitanam
1531 3869 1830 3934 secundant,
1858 3885 1960 3922 una

343 3978 466 4015 cum
509 3961 609 4014 sibi
649 3960 885 4015 obnoxiis
910 3961 1176 4015 catholicis
1204 3963 1455 4031 episcopis
1480 3962 1658 4017 Romae
1685 3966 1958 4018 concilium

345 4054 541 4123 coegit,
584 4055 676 4121 qui
706 4053 760 4105 in
786 4063 963 4106 sancto
996 4051 1213 4106 Nicwno
1240 4054 1473 4124 symbolo
1502 4055 1810 4109 addiderunt
1839 4056 1962 4129 Spi-

344 4145 510 4198 ritum
536 4152 770 4197 sanctum
805 4160 835 4196 a
866 4143 1025 4197 Patre
1055 4154 1101 4197 et
1122 4140 1263 4197 Filio
1285 4144 1581 4215 procedere,
1615 4157 1960 4201 asseverantes

344 4254 470 4291 vero
510 4236 660 4291 illum
700 4238 929 4307 genitum
960 4254 1067 4292 esse
1109 4254 1170 4291 ea:
1199 4234 1341 4291 Filio
1382 4238 1694 4292 anathemati
1734 4241 1962 4312 subjece-

346 4343 497 4386 runt.
556 4332 757 4387 Eodem
807 4333 957 4387 modo
1003 4334 1315 4388 anathemati
1354 4334 1706 4403 subiecerunt,
1736 4338 1823 4408 qui
1861 4354 1963 4392 non

348 4425 542 4489 libere,
592 4436 639 4479 et
685 4426 1000 4495 conﬁdenter
1033 4426 1375 4494 prtcdicarent
1402 4430 1633 4480 eumdem
1661 4444 1772 4481 cum
1806 4426 1963 4482 Patre

2074 3220 2380 3274 detrimenti
2421 3230 2656 3289 caperet.

2102 3300 2108 3307 ’
2145 3314 2227 3367 Me
2268 3330 2372 3368 non
2403 3314 2532 3369 latet
2561 3316 2663 3370 hoc
2690 3316 2863 3383 ipsum
2896 3316 2962 3370 de
2992 3314 3431 3385 patriarcbalium
3464 3313 3672 3373 sedium

2073 3408 2426 3475 praerogativa
2456 3406 2733 3461 decretum
2764 3408 2832 3462 ab
2852 3407 3060 3462 editore
3090 3406 3445 3477 epistularum
3475 3407 3675 3462 Roma-

2072 3511 2262 3548 norunt
2308 3495 2646 3566 pontiﬁcum,
2688 3498 2915 3568 aliisque
2960 3498 3192 3553 Damaso
3239 3498 3560 3569 abjudicari,
3609 3512 3674 3555 ac

2070 3585 2287 3641 Gelasio
2327 3587 2577 3655 attribui,
2619 3590 2772 3659 cujus
2803 3605 2922 3646 esse
2952 3607 3214 3646 canonem
3243 3590 3310 3646 de
3340 3591 3670 3661 recipiendis

2068 3694 2131 3733 ac
2170 3679 2476 3749 rejiciendis
2525 3680 2821 3752 Scripturis
2846 3723 2861 3750 ,
2897 3684 2983 3737 cui
3008 3685 3251 3754 junctum
3274 3686 3490 3755 legitur,
3528 3683 3674 3753 apud

2068 3771 2310 3826 eruditos
2352 3773 2630 3827 convenit.
2677 3773 2965 3827 Potissima
3008 3774 3166 3844 hujus
3216 3774 3489 3845 opinionis
3536 3775 3675 3831 ratio

2066 3864 2189 3919 inde
2232 3864 2477 3935 capitur,
2507 3865 2648 3935 quod
2676 3880 2795 3919 cum
2824 3870 3168 3939 fragmentum
3198 3866 3329 3920 illud
3362 3865 3673 3921 llolstenia-

2065 3974 2190 4011 num
2212 4000 2226 4024 ,
2271 3974 2594 4028 quamquam
2636 3955 2849 4012 Damasi
2888 3960 3091 4012 nomine
3120 3958 3423 4029 insignitum
3454 3958 3574 4011 huic
3609 3957 3676 4013 de

2064 4051 2404 4123 prwrogativa
2446 4048 2644 4104 sedium
2685 4050 2887 4103 decreto
2920 4050 3220 4122 adjunctum
3251 4050 3431 4104 habeat
3460 4066 3675 4122 genera-

2066 4145 2195 4197 lium
2231 4144 2549 4214 synodorum
2588 4143 2845 4209 indicem,
2890 4145 2945 4197 in
2989 4161 3089 4211 quo
3137 4161 3228 4198 nec
3249 4143 3538 4218 Ephesini,
3580 4160 3676 4200 nec

2068 4234 2525 4297 Chalcedonensis,
2554 4235 2683 4288 sicut
2708 4252 2795 4289 nec
2828 4232 3083 4289 Cwlestini
3102 4277 3115 4298 ,
3158 4252 3249 4289 nec
3278 4235 3483 4302 Leonis,
3515 4252 3676 4306 neque

2070 4325 2336 4391 Nestor-ii,
2389 4343 2547 4393 neque
2587 4325 2885 4397 Eutychetis
2916 4326 3125 4381 nomina
3161 4336 3423 4392 tacentur,
3455 4327 3675 4383 Damasi

2066 4435 2186 4473 esse
2216 4426 2467 4489 nequeat,
2494 4419 2825 4488 miraturque
2852 4419 2973 4473 ideo
3002 4418 3495 4490 Constantius,quo
3514 4429 3670 4491 pacto

346 4526 397 4570 et
442 4514 585 4570 Filio
627 4518 784 4571 unius
814 4534 921 4572 esse
953 4518 1275 4571 auctoritatis
1314 4528 1462 4587 atque
1489 4520 1743 4583 εεεεηιία»,
1775 4529 1822 4573 ei
1852 4521 1959 4591 ριε-
1986 4514 2040 4575 D
2066 4511 2330 4565 Baronius
2384 4526 2448 4563 eo
2488 4511 2644 4563 titulo
2685 4521 2845 4578 atque
2873 4510 3245 4579 inscriptione,
3278 4512 3433 4581 cujus
3464 4510 3673 4566 falsitas

344 4625 542 4679 rusque
585 4610 715 4664 alios
744 4610 1195 4665 anatlteiitatismos
1226 4620 1407 4663 contra
1432 4611 1601 4679 plures
1623 4609 1841 4665 haereses
1867 4612 1961 4665 ad-

349 4706 621 4759 diderunt.
668 4704 753 4759 Me
785 4720 894 4759 non
945 4704 1076 4759 latet
1104 4704 1434 4768 Aristenum,
1472 4718 1566 4758 seu
1599 4704 1841 4776 quisquis
1871 4705 1963 4761 ille

346 4800 423 4855 sit
472 4799 594 4868 ipso
628 4798 881 4853 Aristeno
913 4800 1144 4869 scriptor
1168 4799 1471 4869 antiquior,
1501 4799 1744 4869 aliosque
1777 4815 1966 4854 recen-

350 4890 528 4944 tiores
567 4889 788 4945 ϐιαιως
820 4891 1065 4961 profecto
1102 4892 1244 4959 falli,
1285 4907 1405 4946 cum
1447 4892 1776 4948 additionem
1818 4894 1963 4949 illam

347 4980 580 5035 Nicaeae
640 4981 889 5052 symbolo
936 4982 1129 5037 factam
1182 4984 1411 5038 Damaso
1456 4984 1784 5047 attrilmunt,
1843 5001 1963 5054 qute

348 5073 530 5128 multo
571 5075 893 5130 recentioris
922 5075 1098 5129 artatis
1128 5085 1230 5141 est,
1265 5090 1591 5146 quamquam
1618 5091 1723 5145 quo
1748 5076 1963 5145 potissi-

350 5183 508 5221 mum
550 5174 795 5236 tempore
842 5182 902 5221 ea
935 5167 1185 5235 emperit,
1219 5183 1326 5221 non
1370 5175 1523 5221 vacat
1559 5168 1833 5237 inquirere
1857 5167 1959 5240 (ά).

350 5258 432 5314 At
460 5257 580 5314 hinc
601 5259 793 5313 saltem
824 5259 1000 5328 colligi
1032 5260 1232 5329 poterit
1258 5274 1319 5313 ca
1346 5258 1413 5313 de
1444 5274 1502 5313 re
1541 5268 1717 5314 actum
1767 5268 1965 5313 tracta—

352 5363 584 5421 tumque
610 5351 776 5406 luisse
802 5351 901 5407 sub
920 5350 1151 5405 Damaso
1170 5358 1296 5406 ante
1312 5350 1962 5424 Constantinopolitauam

467 5511 519 5577 a)
558 5510 683 5581 νῆά.
728 5511 779 5564 in
806 5511 990 5567 adnot.
1017 5510 1082 5565 ad
1111 5512 1270 5581 epist.
1300 5511 1391 5577 '55,
1426 5528 1481 5566 n.
1515 5510 1582 5564 16
1608 5522 1663 5581 et
1692 5528 1746 5566 n.
1779 5510 1870 5566 ΞΟ.

474 5583 524 5647 b)
565 5580 685 5635 Vid.
751 5582 909 5636 Allat.
952 5580 1359 5652 Griec.70rtb.,
1420 5591 1549 5635 tum.
1600 5580 1652 5647 l,
1705 5581 1876 5652 ρ.)ῑῖ
1922 5590 1974 5637 et

372 5671 440 5724 ιι.
462 5650 801 5725 160;_Petav.
831 5652 934 5708 Th.
972 5655 1186 5724 Dogm.,
1216 5651 1327 5725 ιηιι
1347 5694 1361 5719 ,
1392 5652 1484 5708 lib.
1511 5666 1606 5725 vit,
1634 5650 1899 5725 cap.2,n.
1923 5654 1975 5709 1.

466 5726 536 5791 (c)
572 5721 731 5779 Cont.
766 5725 1034 5797 Hotting.,
1054 5718 1187 5797 'cap.
1216 5724 1283 5779 18
1305 5736 1357 5779 et
1386 5738 1507 5796 cap.
1539 5718 1628 5779 20.

2064 4604 2201 4659 adeo
2232 4601 2515 4657 manifesta
2540 4611 2645 4665 est,
2681 4612 2784 4655 tam
2810 4600 2967 4656 facile
2997 4601 3168 4672 decipi
3201 4603 3456 4672 potuerit.

2138 4701 2210 4753 At
2234 4716 2353 4754 cum
2392 4699 2495 4754 hoc
2524 4697 2591 4753 de
2620 4698 2825 4753 sedium
2863 4698 3214 4767 praerogativa
3241 4697 3517 4753 decretum
3539 4712 3672 4755 con-

2072 4792 2309 4845 tineatur
2346 4792 2515 4845 verbo
2564 4799 2722 4846 tenus
2765 4790 2816 4844 in
2858 4789 3060 4844 Codice
3098 4788 3379 4846 Canonum
3408 4792 3673 4860 Quesnel-

2075 4887 2252 4953 liano,
2284 4887 2423 4941 ratio
2461 4887 2577 4940 huic
2608 4903 2711 4940 non
2734 4902 2853 4940 eam
2875 4928 2890 4952 ,
2923 4902 3083 4956 quam
3113 4885 3462 4941 Constantius
3491 4893 3671 4959 putat,

2080 4982 2184 5033 vim
2215 4980 2415 5033 habere
2468 4989 2647 5048 posset
2674 4980 2720 5032 si
2757 4978 2939 5033 Codex
2970 4980 3056 5035 ille
3082 4979 3192 5050 jam
3224 4982 3453 5051 scriptus
3484 4980 3677 5033 fuisset

2073 5082 2197 5126 ante
2241 5071 2437 5126 Leonis
2466 5071 2639 5143 Magni
2668 5080 2881 5127 tetatcm
2902 5114 2916 5134 ,
2952 5085 3001 5126 ut
3039 5073 3215 5127 editor
3244 5071 3473 5131 censuit,
3504 5070 3674 5124 misso

2074 5176 2250 5219 tamen
2298 5163 2401 5217 hoc
2446 5165 2680 5233 incerto,
2731 5166 3013 5236 fallacique
3045 5164 3329 5237 prmsidio,
3365 5162 3506 5233 quod
3536 5161 3671 5219 mihi

2073 5257 2263 5313 videor
2292 5272 2537 5312 asserere
2575 5273 2761 5327 posse,
2796 5257 2923 5312 illttd
2955 5264 3057 5321 est,
3088 5255 3329 5309 ordinem
3363 5252 3509 5306 illum
3561 5268 3664 5307 nu-

2073 5367 2389 5422 merumque
2436 5351 2636 5419 primic,
2660 5351 2895 5404 secunda:
2935 5366 2995 5402 ac
3024 5347 3183 5400 tertiae
3200 5344 3365 5411 sedis,
3390 5354 3517 5401 ante
3537 5352 3672 5402 teta-

2150 5511 2233 5583 (d)
2274 5507 2393 5564 Vid.
2442 5508 2588 5562 allat.
2631 5507 2752 5561 eod.
2799 5521 2918 5576 cap.
2965 5506 3065 5576 20;
3095 5506 3355 5581 Lequien,
3392 5507 3674 5577 Dissert.l

2084 5583 2149 5636 ad
2179 5584 2418 5634 Datnasc.
2452 5592 2603 5647 Oper.

2186 5651 2233 5721 ε)
2274 5650 2352 5706 Ad
2386 5649 2521 5721 Lup.
2554 5648 2703 5721 Ferr.
2728 5663 2812 5721 ep.
2854 5646 2976 5703 128.

2186 5672 2209 5704 ε
2274 5659 2352 5706 Ad
2386 5659 2521 5721 Lup.
2554 5659 2703 5703 r‘err.
2728 5663 2812 5716 ep.

2161 5659 2233 5792 iii
2275 5721 2353 5775 Ad
2384 5735 2472 5775 an.
2503 5720 2630 5787 582,
2662 5736 2717 5775 ιι.
2750 5716 2837 5774 l9.
