  <div class='ocr_page' id='page_1' title='image "/cluster/home/n/w/nwhite01/storage/ocr_20150623/13/hvd.32044096580428/130.png"; bbox 0 0 4138 6178; ppageno 0'>
   <div class='ocr_carea' id='block_1_1' title="bbox 271 262 381 321">
    <p class='ocr_par' dir='ltr' id='par_1_1' title="bbox 271 262 381 321">
     <span class='ocr_line' id='line_1_1' title="bbox 271 262 381 321; baseline -0.018 0"><span class='ocrx_word' id='word_1_1' title='bbox 271 262 381 321; x_wconf 65' lang='grc'><strong><em>249</em></strong></span> 
     </span>
    </p>
   </div>
   <div class='ocr_carea' id='block_1_2' title="bbox 1622 251 2158 311">
    <p class='ocr_par' dir='ltr' id='par_1_2' title="bbox 1622 251 2158 311">
     <span class='ocr_line' id='line_1_2' title="bbox 1622 251 2158 311; baseline -0.007 0"><span class='ocrx_word' id='word_1_2' title='bbox 1622 251 2134 311; x_wconf 71' lang='lat' dir='ltr'><strong><em>PROLEGOMENA</em></strong></span> <span class='ocrx_word' id='word_1_3' title='bbox 2146 294 2158 307; x_wconf 94' lang='lat'><strong><em>.</em></strong></span> 
     </span>
    </p>
   </div>
   <div class='ocr_carea' id='block_1_3' title="bbox 3464 256 3573 313">
    <p class='ocr_par' dir='ltr' id='par_1_3' title="bbox 3464 256 3573 313">
     <span class='ocr_line' id='line_1_3' title="bbox 3464 256 3573 313; baseline 0 -1"><span class='ocrx_word' id='word_1_4' title='bbox 3464 256 3573 313; x_wconf 73' lang='grc'><strong><em>250</em></strong></span> 
     </span>
    </p>
   </div>
   <div class='ocr_carea' id='block_1_4' title="bbox 339 365 3577 447">
    <p class='ocr_par' dir='ltr' id='par_1_4' title="bbox 339 365 3577 447">
     <span class='ocr_line' id='line_1_4' title="bbox 339 365 3577 447; baseline -0.001 -16"><span class='ocrx_word' id='word_1_5' title='bbox 339 374 705 447; x_wconf 70' lang='lat' dir='ltr'><strong><em>tto-episcopo,</em></strong></span> <span class='ocrx_word' id='word_1_6' title='bbox 758 372 970 442; x_wconf 83' lang='lat' dir='ltr'><strong><em>eiusque</em></strong></span> <span class='ocrx_word' id='word_1_7' title='bbox 1020 369 1337 442; x_wconf 66' lang='lat' dir='ltr'><strong><em>expulsione.</em></strong></span> <span class='ocrx_word' id='word_1_8' title='bbox 1378 367 1465 424; x_wconf 82' lang='lat' dir='ltr'><strong><em>IV.</em></strong></span> <span class='ocrx_word' id='word_1_9' title='bbox 1507 367 1586 423; x_wconf 87' lang='lat' dir='ltr'><strong><em>De</em></strong></span> <span class='ocrx_word' id='word_1_10' title='bbox 1618 367 1863 423; x_wconf 84' lang='lat' dir='ltr'><strong><em>Fabetta-</em></strong></span> <span class='ocrx_word' id='word_1_11' title='bbox 1891 372 1943 431; x_wconf 74' lang='grc' dir='ltr'>Α</span> <span class='ocrx_word' id='word_1_12' title='bbox 1971 381 2101 423; x_wconf 85' lang='lat' dir='ltr'><strong><em>vero</em></strong></span> <span class='ocrx_word' id='word_1_13' title='bbox 2145 365 2427 425; x_wconf 87' lang='lat' dir='ltr'><strong><em>manifeste</em></strong></span> <span class='ocrx_word' id='word_1_14' title='bbox 2472 367 2683 440; x_wconf 87' lang='lat' dir='ltr'><strong><em>probat,</em></strong></span> <span class='ocrx_word' id='word_1_15' title='bbox 2730 370 3049 442; x_wconf 72' lang='lat' dir='ltr'><strong><em>prwfationis</em></strong></span> <span class='ocrx_word' id='word_1_16' title='bbox 3072 368 3140 425; x_wconf 91' lang='lat' dir='ltr'><strong><em>ad</em></strong></span> <span class='ocrx_word' id='word_1_17' title='bbox 3169 370 3312 442; x_wconf 87' lang='lat' dir='ltr'><strong><em>ipsas</em></strong></span> <span class='ocrx_word' id='word_1_18' title='bbox 3349 370 3577 428; x_wconf 80' lang='lat' dir='ltr'><strong><em>Mareel-</em></strong></span> 
     </span>
    </p>
   </div>
   <div class='ocr_carea' id='block_1_5' title="bbox 343 461 1871 525">
    <p class='ocr_par' dir='ltr' id='par_1_5' title="bbox 343 461 1871 525">
     <span class='ocr_line' id='line_1_5' title="bbox 343 461 1871 525; baseline -0.006 0"><span class='ocrx_word' id='word_1_19' title='bbox 343 468 572 525; x_wconf 83' lang='lat' dir='ltr'><strong><em>damnati</em></strong></span> <span class='ocrx_word' id='word_1_20' title='bbox 618 484 650 520; x_wconf 92' lang='lat' dir='ltr'><strong><em>a</em></strong></span> <span class='ocrx_word' id='word_1_21' title='bbox 675 465 905 520; x_wconf 84' lang='lat' dir='ltr'><strong><em>Damaso</em></strong></span> <span class='ocrx_word' id='word_1_22' title='bbox 928 464 1141 522; x_wconf 75' lang='lat' dir='ltr'><strong><em>Liberii.</em></strong></span> <span class='ocrx_word' id='word_1_23' title='bbox 1173 462 1234 518; x_wconf 85' lang='lat' dir='ltr'><strong><em>V.</em></strong></span> <span class='ocrx_word' id='word_1_24' title='bbox 1280 462 1359 517; x_wconf 88' lang='lat' dir='ltr'><strong><em>De</em></strong></span> <span class='ocrx_word' id='word_1_25' title='bbox 1387 461 1594 517; x_wconf 81' lang='lat' dir='ltr'><strong><em>Hilario</em></strong></span> <span class='ocrx_word' id='word_1_26' title='bbox 1635 462 1871 518; x_wconf 85' lang='lat' dir='ltr'><strong><em>Romano</em></strong></span> 
     </span>
    </p>
   </div>
   <div class='ocr_carea' id='block_1_6' title="bbox 343 555 1874 626">
    <p class='ocr_par' dir='ltr' id='par_1_6' title="bbox 343 555 1874 626">
     <span class='ocr_line' id='line_1_6' title="bbox 343 555 1874 626; baseline -0.008 -5"><span class='ocrx_word' id='word_1_27' title='bbox 343 564 580 626; x_wconf 79' lang='lat' dir='ltr'><strong><em>diacono,</em></strong></span> <span class='ocrx_word' id='word_1_28' title='bbox 605 577 671 613; x_wconf 89' lang='lat' dir='ltr'><strong><em>un</em></strong></span> <span class='ocrx_word' id='word_1_29' title='bbox 702 558 791 613; x_wconf 86' lang='lat' dir='ltr'><strong><em>ille</em></strong></span> <span class='ocrx_word' id='word_1_30' title='bbox 818 558 887 611; x_wconf 85' lang='lat' dir='ltr'><strong><em>ad</em></strong></span> <span class='ocrx_word' id='word_1_31' title='bbox 914 555 1197 611; x_wconf 85' lang='lat' dir='ltr'><strong><em>Ecclesium</em></strong></span> <span class='ocrx_word' id='word_1_32' title='bbox 1219 571 1450 610; x_wconf 75' lang='lat' dir='ltr'><strong><em>reversus</em></strong></span> <span class='ocrx_word' id='word_1_33' title='bbox 1471 555 1556 621; x_wconf 86' lang='lat' dir='ltr'><strong><em>sit,</em></strong></span> <span class='ocrx_word' id='word_1_34' title='bbox 1595 564 1643 609; x_wconf 86' lang='lat' dir='ltr'><strong><em>et</em></strong></span> <span class='ocrx_word' id='word_1_35' title='bbox 1685 572 1752 609; x_wconf 91' lang='lat' dir='ltr'><strong><em>an</em></strong></span> <span class='ocrx_word' id='word_1_36' title='bbox 1778 572 1874 609; x_wconf 84' lang='lat' dir='ltr'><strong><em>au-</em></strong></span> 
     </span>
    </p>
   </div>
   <div class='ocr_carea' id='block_1_7' title="bbox 350 646 1875 716">
    <p class='ocr_par' dir='ltr' id='par_1_7' title="bbox 350 646 1875 716">
     <span class='ocr_line' id='line_1_7' title="bbox 350 646 1875 716; baseline -0.006 -6"><span class='ocrx_word' id='word_1_37' title='bbox 350 666 458 710; x_wconf 88' lang='lat' dir='ltr'><strong><em>ctor</em></strong></span> <span class='ocrx_word' id='word_1_38' title='bbox 513 651 993 707; x_wconf 72' lang='lat' dir='ltr'><strong><em>commentariorum</em></strong></span> <span class='ocrx_word' id='word_1_39' title='bbox 1050 665 1164 716; x_wconf 77' lang='lat' dir='ltr'><strong><em>qua:</em></strong></span> <span class='ocrx_word' id='word_1_40' title='bbox 1229 648 1361 701; x_wconf 88' lang='lat' dir='ltr'><strong><em>inter</em></strong></span> <span class='ocrx_word' id='word_1_41' title='bbox 1409 646 1665 701; x_wconf 79' lang='lat' dir='ltr'><strong><em>Ambrosii</em></strong></span> <span class='ocrx_word' id='word_1_42' title='bbox 1719 662 1875 716; x_wconf 82' lang='lat' dir='ltr'><strong><em>Opera</em></strong></span> 
     </span>
    </p>
   </div>
   <div class='ocr_carea' id='block_1_8' title="bbox 352 738 1873 817">
    <p class='ocr_par' dir='ltr' id='par_1_8' title="bbox 352 738 1873 817">
     <span class='ocr_line' id='line_1_8' title="bbox 352 738 1873 817; baseline -0.004 -17"><span class='ocrx_word' id='word_1_43' title='bbox 352 745 807 817; x_wconf 75' lang='lat' dir='ltr'><strong><em>circumferuntur?</em></strong></span> <span class='ocrx_word' id='word_1_44' title='bbox 854 742 941 797; x_wconf 82' lang='lat' dir='ltr'><strong><em>Vl.</em></strong></span> <span class='ocrx_word' id='word_1_45' title='bbox 984 740 1063 796; x_wconf 88' lang='lat' dir='ltr'><strong><em>De</em></strong></span> <span class='ocrx_word' id='word_1_46' title='bbox 1098 740 1315 795; x_wconf 85' lang='lat' dir='ltr'><strong><em>Arsenio</em></strong></span> <span class='ocrx_word' id='word_1_47' title='bbox 1368 738 1603 794; x_wconf 79' lang='lat' dir='ltr'><strong><em>Romano</em></strong></span> <span class='ocrx_word' id='word_1_48' title='bbox 1655 738 1873 794; x_wconf 86' lang='lat' dir='ltr'><strong><em>diacono</em></strong></span> 
     </span>
    </p>
   </div>
   <div class='ocr_carea' id='block_1_9' title="bbox 353 833 1631 909">
    <p class='ocr_par' dir='ltr' id='par_1_9' title="bbox 353 833 1631 909">
     <span class='ocr_line' id='line_1_9' title="bbox 353 833 1631 909; baseline -0.006 -14"><span class='ocrx_word' id='word_1_49' title='bbox 353 840 558 895; x_wconf 76' lang='lat' dir='ltr'><strong><em>Arcadii</em></strong></span> <span class='ocrx_word' id='word_1_50' title='bbox 584 845 901 909; x_wconf 62' lang='lat' dir='ltr'><strong><em>praeceptore</em></strong></span> <span class='ocrx_word' id='word_1_51' title='bbox 920 851 982 890; x_wconf 90' lang='lat' dir='ltr'><strong><em>ac</em></strong></span> <span class='ocrx_word' id='word_1_52' title='bbox 1007 836 1257 889; x_wconf 84' lang='lat' dir='ltr'><strong><em>monacho</em></strong></span> <span class='ocrx_word' id='word_1_53' title='bbox 1287 833 1631 890; x_wconf 80' lang='lat' dir='ltr'><strong><em>sanctissimo.</em></strong></span> 
     </span>
    </p>
   </div>
   <div class='ocr_carea' id='block_1_10' title="bbox 355 1008 1876 1081">
    <p class='ocr_par' dir='ltr' id='par_1_10' title="bbox 355 1008 1876 1081">
     <span class='ocr_line' id='line_1_10' title="bbox 355 1008 1876 1081; baseline -0.005 -10"><span class='ocrx_word' id='word_1_54' title='bbox 355 1016 394 1071; x_wconf 88' lang='grc'><strong>1.</strong></span> <span class='ocrx_word' id='word_1_55' title='bbox 422 1013 499 1070; x_wconf 84' lang='lat' dir='ltr'><strong><em>Ad</em></strong></span> <span class='ocrx_word' id='word_1_56' title='bbox 524 1013 665 1068; x_wconf 89' lang='lat' dir='ltr'><strong><em>hunc</em></strong></span> <span class='ocrx_word' id='word_1_57' title='bbox 692 1027 894 1067; x_wconf 88' lang='lat' dir='ltr'><strong><em>annum</em></strong></span> <span class='ocrx_word' id='word_1_58' title='bbox 919 1024 1150 1081; x_wconf 91' lang='lat' dir='ltr'><strong><em>eumque</em></strong></span> <span class='ocrx_word' id='word_1_59' title='bbox 1174 1009 1411 1065; x_wconf 90' lang='lat' dir='ltr'><strong><em>nondum</em></strong></span> <span class='ocrx_word' id='word_1_60' title='bbox 1437 1008 1675 1063; x_wconf 88' lang='lat' dir='ltr'><strong><em>adultum</em></strong></span> <span class='ocrx_word' id='word_1_61' title='bbox 1698 1008 1876 1064; x_wconf 88' lang='lat' dir='ltr'><strong><em>refero</em></strong></span> 
     </span>
    </p>
   </div>
   <div class='ocr_carea' id='block_1_11' title="bbox 285 1101 1877 1181">
    <p class='ocr_par' dir='ltr' id='par_1_11' title="bbox 285 1101 1877 1181">
     <span class='ocr_line' id='line_1_11' title="bbox 285 1101 1877 1181; baseline -0.002 -21"><span class='ocrx_word' id='word_1_62' title='bbox 285 1110 623 1181; x_wconf 83' lang='lat' dir='ltr'><strong><em>(quamquam</em></strong></span> <span class='ocrx_word' id='word_1_63' title='bbox 657 1103 800 1159; x_wconf 86' lang='lat' dir='ltr'><strong><em>haud</em></strong></span> <span class='ocrx_word' id='word_1_64' title='bbox 830 1102 1045 1171; x_wconf 86' lang='lat' dir='ltr'><strong><em>omnia)</em></strong></span> <span class='ocrx_word' id='word_1_65' title='bbox 1076 1118 1195 1172; x_wconf 76' lang='lat' dir='ltr'><strong><em>qua:</em></strong></span> <span class='ocrx_word' id='word_1_66' title='bbox 1247 1102 1425 1156; x_wconf 88' lang='lat' dir='ltr'><strong><em>studio</em></strong></span> <span class='ocrx_word' id='word_1_67' title='bbox 1469 1101 1763 1172; x_wconf 78' lang='lat' dir='ltr'><strong><em>Religionis</em></strong></span> <span class='ocrx_word' id='word_1_68' title='bbox 1823 1110 1877 1157; x_wconf 89' lang='lat' dir='ltr'><strong><em>et</em></strong></span> 
     </span>
    </p>
   </div>
   <div class='ocr_carea' id='block_1_12' title="bbox 278 1194 1877 1266">
    <p class='ocr_par' dir='ltr' id='par_1_12' title="bbox 278 1194 1877 1266">
     <span class='ocr_line' id='line_1_12' title="bbox 278 1194 1877 1266; baseline -0.004 -11"><span class='ocrx_word' id='word_1_69' title='bbox 278 1200 547 1261; x_wconf 80' lang='lat' dir='ltr'><strong><em>veritatis,</em></strong></span> <span class='ocrx_word' id='word_1_70' title='bbox 577 1199 860 1253; x_wconf 83' lang='lat' dir='ltr'><strong><em>Damasum</em></strong></span> <span class='ocrx_word' id='word_1_71' title='bbox 893 1196 1081 1251; x_wconf 62' lang='lat' dir='ltr'><strong><em>Romae</em></strong></span> <span class='ocrx_word' id='word_1_72' title='bbox 1113 1194 1303 1252; x_wconf 89' lang='lat' dir='ltr'><strong><em>fecisse</em></strong></span> <span class='ocrx_word' id='word_1_73' title='bbox 1329 1197 1554 1266; x_wconf 78' lang='lat' dir='ltr'><strong><em>legimus</em></strong></span> <span class='ocrx_word' id='word_1_74' title='bbox 1599 1194 1654 1250; x_wconf 92' lang='lat' dir='ltr'><strong><em>in</em></strong></span> <span class='ocrx_word' id='word_1_75' title='bbox 1694 1195 1877 1251; x_wconf 87' lang='lat' dir='ltr'><strong><em>libello</em></strong></span> 
     </span>
    </p>
   </div>
   <div class='ocr_carea' id='block_1_13' title="bbox 274 1287 1873 1351">
    <p class='ocr_par' dir='ltr' id='par_1_13' title="bbox 274 1287 1873 1351">
     <span class='ocr_line' id='line_1_13' title="bbox 274 1287 1873 1351; baseline -0.004 0"><span class='ocrx_word' id='word_1_76' title='bbox 274 1294 510 1351; x_wconf 88' lang='lat' dir='ltr'><strong><em>Precum</em></strong></span> <span class='ocrx_word' id='word_1_77' title='bbox 562 1290 854 1346; x_wconf 81' lang='lat' dir='ltr'><strong><em>Marcellini</em></strong></span> <span class='ocrx_word' id='word_1_78' title='bbox 900 1300 956 1345; x_wconf 89' lang='lat' dir='ltr'><strong><em>et</em></strong></span> <span class='ocrx_word' id='word_1_79' title='bbox 1004 1289 1245 1345; x_wconf 72' lang='lat' dir='ltr'><strong><em>Faustini</em></strong></span> <span class='ocrx_word' id='word_1_80' title='bbox 1291 1305 1320 1342; x_wconf 91' lang='lat' dir='ltr'><strong><em>a</em></strong></span> <span class='ocrx_word' id='word_1_81' title='bbox 1372 1288 1660 1346; x_wconf 90' lang='lat' dir='ltr'><strong><em>Sirmondo</em></strong></span> <span class='ocrx_word' id='word_1_82' title='bbox 1708 1287 1873 1346; x_wconf 92' lang='lat' dir='ltr'><strong><em>edito.</em></strong></span> 
     </span>
    </p>
   </div>
   <div class='ocr_carea' id='block_1_14' title="bbox 273 1380 1875 1455">
    <p class='ocr_par' dir='ltr' id='par_1_14' title="bbox 273 1380 1875 1455">
     <span class='ocr_line' id='line_1_14' title="bbox 273 1380 1875 1455; baseline -0.006 -11"><span class='ocrx_word' id='word_1_83' title='bbox 273 1387 465 1444; x_wconf 84' lang='lat' dir='ltr'><strong><em>Primo</em></strong></span> <span class='ocrx_word' id='word_1_84' title='bbox 490 1386 669 1455; x_wconf 89' lang='lat' dir='ltr'><strong><em>itaque</em></strong></span> <span class='ocrx_word' id='word_1_85' title='bbox 689 1383 950 1437; x_wconf 83' lang='lat' dir='ltr'><strong><em>Aurelium</em></strong></span> <span class='ocrx_word' id='word_1_86' title='bbox 977 1382 1217 1452; x_wconf 75' lang='lat' dir='ltr'><strong><em>graviter</em></strong></span> <span class='ocrx_word' id='word_1_87' title='bbox 1237 1382 1305 1436; x_wconf 88' lang='lat' dir='ltr'><strong><em>ab</em></strong></span> <span class='ocrx_word' id='word_1_88' title='bbox 1329 1397 1395 1437; x_wconf 92' lang='lat' dir='ltr'><strong><em>eo</em></strong></span> <span class='ocrx_word' id='word_1_89' title='bbox 1418 1380 1677 1437; x_wconf 83' lang='lat' dir='ltr'><strong><em>afflictum</em></strong></span> <span class='ocrx_word' id='word_1_90' title='bbox 1702 1381 1875 1447; x_wconf 85' lang='lat' dir='ltr'><strong><em>aiunt,</em></strong></span> 
     </span>
    </p>
   </div>
   <div class='ocr_carea' id='block_1_15' title="bbox 271 1475 1879 1551">
    <p class='ocr_par' dir='ltr' id='par_1_15' title="bbox 271 1475 1879 1551">
     <span class='ocr_line' id='line_1_15' title="bbox 271 1475 1879 1551; baseline -0.003 -15"><span class='ocrx_word' id='word_1_91' title='bbox 271 1495 345 1536; x_wconf 89' lang='lat' dir='ltr'><strong><em>eo</em></strong></span> <span class='ocrx_word' id='word_1_92' title='bbox 388 1478 529 1551; x_wconf 86' lang='lat' dir='ltr'><strong><em>quod</em></strong></span> <span class='ocrx_word' id='word_1_93' title='bbox 574 1476 830 1547; x_wconf 83' lang='lat' dir='ltr'><strong><em>Gregorio</em></strong></span> <span class='ocrx_word' id='word_1_94' title='bbox 887 1475 1083 1531; x_wconf 73' lang='lat' dir='ltr'><strong><em>Ba-tico</em></strong></span> <span class='ocrx_word' id='word_1_95' title='bbox 1135 1476 1580 1531; x_wconf 89' lang='lat' dir='ltr'><strong><em>communicaret.</em></strong></span> <span class='ocrx_word' id='word_1_96' title='bbox 1630 1476 1761 1541; x_wconf 85' lang='lat' dir='ltr'><strong><em>Quis</em></strong></span> <span class='ocrx_word' id='word_1_97' title='bbox 1790 1476 1879 1531; x_wconf 90' lang='lat' dir='ltr'><strong><em>illc</em></strong></span> 
     </span>
    </p>
   </div>
   <div class='ocr_carea' id='block_1_16' title="bbox 268 1569 1875 1641">
    <p class='ocr_par' dir='ltr' id='par_1_16' title="bbox 268 1569 1875 1641">
     <span class='ocr_line' id='line_1_16' title="bbox 268 1569 1875 1641; baseline -0.004 -11"><span class='ocrx_word' id='word_1_98' title='bbox 268 1574 529 1630; x_wconf 82' lang='lat' dir='ltr'><strong><em>Aurelius</em></strong></span> <span class='ocrx_word' id='word_1_99' title='bbox 575 1571 758 1636; x_wconf 88' lang='lat' dir='ltr'><strong><em>fuerit,</em></strong></span> <span class='ocrx_word' id='word_1_100' title='bbox 800 1586 1003 1641; x_wconf 87' lang='lat' dir='ltr'><strong><em>quasve</em></strong></span> <span class='ocrx_word' id='word_1_101' title='bbox 1054 1569 1380 1626; x_wconf 80' lang='lat' dir='ltr'><strong><em>afﬂictioues</em></strong></span> <span class='ocrx_word' id='word_1_102' title='bbox 1429 1585 1716 1640; x_wconf 89' lang='lat' dir='ltr'><strong><em>perpessus</em></strong></span> <span class='ocrx_word' id='word_1_103' title='bbox 1773 1571 1875 1638; x_wconf 85' lang='lat' dir='ltr'><strong><em>sit,</em></strong></span> 
     </span>
    </p>
   </div>
   <div class='ocr_carea' id='block_1_17' title="bbox 268 1661 1881 1735">
    <p class='ocr_par' dir='ltr' id='par_1_17' title="bbox 268 1661 1881 1735">
     <span class='ocr_line' id='line_1_17' title="bbox 268 1661 1881 1735; baseline -0.003 -14"><span class='ocrx_word' id='word_1_104' title='bbox 268 1667 497 1722; x_wconf 90' lang='lat' dir='ltr'><strong><em>minimc</em></strong></span> <span class='ocrx_word' id='word_1_105' title='bbox 543 1664 898 1735; x_wconf 68' lang='lat' dir='ltr'><strong><em>exprimunt:</em></strong></span> <span class='ocrx_word' id='word_1_106' title='bbox 935 1662 1286 1719; x_wconf 86' lang='lat' dir='ltr'><strong><em>Luciferianis</em></strong></span> <span class='ocrx_word' id='word_1_107' title='bbox 1327 1662 1477 1716; x_wconf 90' lang='lat' dir='ltr'><strong><em>illum</em></strong></span> <span class='ocrx_word' id='word_1_108' title='bbox 1524 1661 1712 1716; x_wconf 79' lang='lat' dir='ltr'><strong><em>Romae</em></strong></span> <span class='ocrx_word' id='word_1_109' title='bbox 1743 1677 1881 1730; x_wconf 74' lang='lat' dir='ltr'><strong><em>prm-</em></strong></span> 
     </span>
    </p>
   </div>
   <div class='ocr_carea' id='block_1_18' title="bbox 1973 458 3574 521">
    <p class='ocr_par' dir='ltr' id='par_1_18' title="bbox 1973 458 3574 521">
     <span class='ocr_line' id='line_1_18' title="bbox 1973 458 3574 521; baseline 0.004 -7"><span class='ocrx_word' id='word_1_110' title='bbox 1973 458 2067 514; x_wconf 91' lang='lat' dir='ltr'><strong><em>lini</em></strong></span> <span class='ocrx_word' id='word_1_111' title='bbox 2098 458 2294 516; x_wconf 85' lang='lat' dir='ltr'><strong><em>Preces</em></strong></span> <span class='ocrx_word' id='word_1_112' title='bbox 2317 475 2531 518; x_wconf 67' lang='lat' dir='ltr'><strong><em>coaevus</em></strong></span> <span class='ocrx_word' id='word_1_113' title='bbox 2559 470 2751 517; x_wconf 86' lang='lat' dir='ltr'><strong><em>auctor</em></strong></span> <span class='ocrx_word' id='word_1_114' title='bbox 2778 477 2900 517; x_wconf 92' lang='lat' dir='ltr'><strong><em>cum</em></strong></span> <span class='ocrx_word' id='word_1_115' title='bbox 2936 461 3128 517; x_wconf 88' lang='lat' dir='ltr'><strong><em>Ursino</em></strong></span> <span class='ocrx_word' id='word_1_116' title='bbox 3155 464 3264 518; x_wconf 82' lang='lat' dir='ltr'><strong><em>uiro</em></strong></span> <span class='ocrx_word' id='word_1_117' title='bbox 3307 474 3486 520; x_wconf 89' lang='lat' dir='ltr'><strong><em>sancto</em></strong></span> <span class='ocrx_word' id='word_1_118' title='bbox 3511 482 3574 521; x_wconf 87' lang='lat' dir='ltr'><strong><em>ac</em></strong></span> 
     </span>
    </p>
   </div>
   <div class='ocr_carea' id='block_1_19' title="bbox 1978 550 3578 623">
    <p class='ocr_par' dir='ltr' id='par_1_19' title="bbox 1978 550 3578 623">
     <span class='ocr_line' id='line_1_19' title="bbox 1978 550 3578 623; baseline 0.006 -20"><span class='ocrx_word' id='word_1_119' title='bbox 1978 550 2094 605; x_wconf 87' lang='lat' dir='ltr'><strong><em>sine</em></strong></span> <span class='ocrx_word' id='word_1_120' title='bbox 2134 552 2347 607; x_wconf 76' lang='lat' dir='ltr'><strong><em>crimine</em></strong></span> <span class='ocrx_word' id='word_1_121' title='bbox 2377 551 2525 621; x_wconf 86' lang='lat' dir='ltr'><strong><em>(vide</em></strong></span> <span class='ocrx_word' id='word_1_122' title='bbox 2563 552 2944 623; x_wconf 89' lang='lat' dir='ltr'><strong><em>petulantiam)</em></strong></span> <span class='ocrx_word' id='word_1_123' title='bbox 2972 554 3212 623; x_wconf 84' lang='lat' dir='ltr'><strong><em>jussione</em></strong></span> <span class='ocrx_word' id='word_1_124' title='bbox 3250 556 3578 623; x_wconf 80' lang='lat' dir='ltr'><strong><em>imperatoris</em></strong></span> 
     </span>
    </p>
   </div>
   <div class='ocr_carea' id='block_1_20' title="bbox 1974 643 3578 724">
    <p class='ocr_par' dir='ltr' id='par_1_20' title="bbox 1974 643 3578 724">
     <span class='ocr_line' id='line_1_20' title="bbox 1974 643 3578 724; baseline 0.005 -27"><span class='ocrx_word' id='word_1_125' title='bbox 1974 643 2027 697; x_wconf 90' lang='lat' dir='ltr'><strong><em>in</em></strong></span> <span class='ocrx_word' id='word_1_126' title='bbox 2040 645 2279 699; x_wconf 76' lang='lat' dir='ltr'><strong><em>exsilium</em></strong></span> <span class='ocrx_word' id='word_1_127' title='bbox 2301 656 2479 717; x_wconf 83' lang='lat' dir='ltr'><strong><em>sponte</em></strong></span> <span class='ocrx_word' id='word_1_128' title='bbox 2504 649 2687 701; x_wconf 87' lang='lat' dir='ltr'><strong><em>iterum</em></strong></span> <span class='ocrx_word' id='word_1_129' title='bbox 2710 647 2959 719; x_wconf 80' lang='lat' dir='ltr'><strong><em>profecto,</em></strong></span> <span class='ocrx_word' id='word_1_130' title='bbox 2976 652 3087 721; x_wconf 88' lang='lat' dir='ltr'><strong><em>ejus</em></strong></span> <span class='ocrx_word' id='word_1_131' title='bbox 3110 650 3351 720; x_wconf 81' lang='lat' dir='ltr'><strong><em>factionis</em></strong></span> <span class='ocrx_word' id='word_1_132' title='bbox 3371 652 3578 724; x_wconf 75' lang='lat' dir='ltr'><strong><em>presby-</em></strong></span> 
     </span>
    </p>
   </div>
   <div class='ocr_carea' id='block_1_21' title="bbox 1976 739 3576 816">
    <p class='ocr_par' dir='ltr' id='par_1_21' title="bbox 1976 739 3576 816">
     <span class='ocr_line' id='line_1_21' title="bbox 1976 739 3576 816; baseline 0.007 -26"><span class='ocrx_word' id='word_1_133' title='bbox 1976 746 2109 791; x_wconf 89' lang='lat' dir='ltr'><strong><em>teros</em></strong></span> <span class='ocrx_word' id='word_1_134' title='bbox 2139 739 2354 793; x_wconf 82' lang='lat' dir='ltr'><strong><em>diversis</em></strong></span> <span class='ocrx_word' id='word_1_135' title='bbox 2392 741 2559 795; x_wconf 87' lang='lat' dir='ltr'><strong><em>modis</em></strong></span> <span class='ocrx_word' id='word_1_136' title='bbox 2583 743 2838 812; x_wconf 82' lang='lat' dir='ltr'><strong><em>afﬂictos,</em></strong></span> <span class='ocrx_word' id='word_1_137' title='bbox 2889 753 2935 797; x_wconf 86' lang='lat' dir='ltr'><strong><em>et</em></strong></span> <span class='ocrx_word' id='word_1_138' title='bbox 2958 744 3013 796; x_wconf 90' lang='lat' dir='ltr'><strong><em>in</em></strong></span> <span class='ocrx_word' id='word_1_139' title='bbox 3038 746 3307 816; x_wconf 85' lang='lat' dir='ltr'><strong><em>peregrina</em></strong></span> <span class='ocrx_word' id='word_1_140' title='bbox 3336 745 3450 800; x_wconf 86' lang='lat' dir='ltr'><strong><em>loca</em></strong></span> <span class='ocrx_word' id='word_1_141' title='bbox 3488 746 3576 801; x_wconf 81' lang='lat' dir='ltr'><strong><em>di-</em></strong></span> 
     </span>
    </p>
   </div>
   <div class='ocr_carea' id='block_1_22' title="bbox 1976 837 3576 909">
    <p class='ocr_par' dir='ltr' id='par_1_22' title="bbox 1976 837 3576 909">
     <span class='ocr_line' id='line_1_22' title="bbox 1976 837 3576 909; baseline 0.005 -20"><span class='ocrx_word' id='word_1_142' title='bbox 1976 851 2179 905; x_wconf 83' lang='lat' dir='ltr'><strong><em>spersos</em></strong></span> <span class='ocrx_word' id='word_1_143' title='bbox 2204 837 2424 904; x_wconf 89' lang='lat' dir='ltr'><strong><em>scribit,</em></strong></span> <span class='ocrx_word' id='word_1_144' title='bbox 2459 854 2595 909; x_wconf 87' lang='lat' dir='ltr'><strong><em>quos</em></strong></span> <span class='ocrx_word' id='word_1_145' title='bbox 2622 839 2762 894; x_wconf 91' lang='lat' dir='ltr'><strong><em>inter</em></strong></span> <span class='ocrx_word' id='word_1_146' title='bbox 2793 838 3155 895; x_wconf 80' lang='lat' dir='ltr'><strong><em>Marcellinum</em></strong></span> <span class='ocrx_word' id='word_1_147' title='bbox 3177 851 3225 896; x_wconf 88' lang='lat' dir='ltr'><strong><em>et</em></strong></span> <span class='ocrx_word' id='word_1_148' title='bbox 3268 839 3576 898; x_wconf 87' lang='lat' dir='ltr'><strong><em>Faustinum</em></strong></span> 
     </span>
    </p>
   </div>
   <div class='ocr_carea' id='block_1_23' title="bbox 1976 930 3577 1002">
    <p class='ocr_par' dir='ltr' id='par_1_23' title="bbox 1976 930 3577 1002">
     <span class='ocr_line' id='line_1_23' title="bbox 1976 930 3577 1002; baseline 0.006 -18"><span class='ocrx_word' id='word_1_149' title='bbox 1976 930 2157 985; x_wconf 87' lang='lat' dir='ltr'><strong><em>statim</em></strong></span> <span class='ocrx_word' id='word_1_150' title='bbox 2184 931 2432 986; x_wconf 87' lang='lat' dir='ltr'><strong><em>collocat.</em></strong></span> <span class='ocrx_word' id='word_1_151' title='bbox 2483 933 2558 987; x_wconf 80' lang='lat' dir='ltr'><strong><em>Ex</em></strong></span> <span class='ocrx_word' id='word_1_152' title='bbox 2584 948 2771 988; x_wconf 88' lang='lat' dir='ltr'><strong><em>eorum</em></strong></span> <span class='ocrx_word' id='word_1_153' title='bbox 2812 932 2995 1002; x_wconf 88' lang='lat' dir='ltr'><strong><em>itaque</em></strong></span> <span class='ocrx_word' id='word_1_154' title='bbox 3035 949 3263 989; x_wconf 90' lang='lat' dir='ltr'><strong><em>numero</em></strong></span> <span class='ocrx_word' id='word_1_155' title='bbox 3315 934 3577 994; x_wconf 85' lang='lat' dir='ltr'><strong><em>Macarius</em></strong></span> 
     </span>
    </p>
   </div>
   <div class='ocr_carea' id='block_1_24' title="bbox 1978 1022 3579 1097">
    <p class='ocr_par' dir='ltr' id='par_1_24' title="bbox 1978 1022 3579 1097">
     <span class='ocr_line' id='line_1_24' title="bbox 1978 1022 3579 1097; baseline 0.006 -20"><span class='ocrx_word' id='word_1_156' title='bbox 1978 1022 2145 1078; x_wconf 90' lang='lat' dir='ltr'><strong><em>fuisse</em></strong></span> <span class='ocrx_word' id='word_1_157' title='bbox 2186 1024 2394 1091; x_wconf 87' lang='lat' dir='ltr'><strong><em>debuit,</em></strong></span> <span class='ocrx_word' id='word_1_158' title='bbox 2425 1026 2665 1097; x_wconf 90' lang='lat' dir='ltr'><strong><em>quicum</em></strong></span> <span class='ocrx_word' id='word_1_159' title='bbox 2709 1027 2896 1082; x_wconf 69' lang='lat' dir='ltr'><strong><em>Romae</em></strong></span> <span class='ocrx_word' id='word_1_160' title='bbox 2936 1027 3074 1081; x_wconf 88' lang='lat' dir='ltr'><strong><em>clam</em></strong></span> <span class='ocrx_word' id='word_1_161' title='bbox 3118 1028 3469 1094; x_wconf 87' lang='lat' dir='ltr'><strong><em>substitisset,</em></strong></span> <span class='ocrx_word' id='word_1_162' title='bbox 3515 1044 3579 1086; x_wconf 87' lang='lat' dir='ltr'><strong><em>ac</em></strong></span> 
     </span>
    </p>
   </div>
   <div class='ocr_carea' id='block_1_25' title="bbox 1978 1118 3582 1193">
    <p class='ocr_par' dir='ltr' id='par_1_25' title="bbox 1978 1118 3582 1193">
     <span class='ocr_line' id='line_1_25' title="bbox 1978 1118 3582 1193; baseline 0.002 -19"><span class='ocrx_word' id='word_1_163' title='bbox 1978 1118 2232 1174; x_wconf 91' lang='lat' dir='ltr'><strong><em>collectas</em></strong></span> <span class='ocrx_word' id='word_1_164' title='bbox 2262 1135 2441 1190; x_wconf 87' lang='lat' dir='ltr'><strong><em>agere,</em></strong></span> <span class='ocrx_word' id='word_1_165' title='bbox 2487 1120 2859 1189; x_wconf 87' lang='lat' dir='ltr'><strong><em>factionesque</em></strong></span> <span class='ocrx_word' id='word_1_166' title='bbox 2914 1122 3095 1177; x_wconf 88' lang='lat' dir='ltr'><strong><em>fovere</em></strong></span> <span class='ocrx_word' id='word_1_167' title='bbox 3121 1130 3414 1193; x_wconf 91' lang='lat' dir='ltr'><strong><em>pergeret,</em></strong></span> <span class='ocrx_word' id='word_1_168' title='bbox 3453 1137 3582 1192; x_wconf 82' lang='lat' dir='ltr'><strong><em>pos-</em></strong></span> 
     </span>
    </p>
   </div>
   <div class='ocr_carea' id='block_1_26' title="bbox 1981 1211 3576 1283">
    <p class='ocr_par' dir='ltr' id='par_1_26' title="bbox 1981 1211 3576 1283">
     <span class='ocr_line' id='line_1_26' title="bbox 1981 1211 3576 1283; baseline 0.006 -18"><span class='ocrx_word' id='word_1_169' title='bbox 1981 1220 2156 1265; x_wconf 90' lang='lat' dir='ltr'><strong><em>tremo</em></strong></span> <span class='ocrx_word' id='word_1_170' title='bbox 2206 1211 2613 1283; x_wconf 87' lang='lat' dir='ltr'><strong><em>deprehensus,</em></strong></span> <span class='ocrx_word' id='word_1_171' title='bbox 2649 1215 2905 1270; x_wconf 72' lang='lat' dir='ltr'><strong><em>exsulare</em></strong></span> <span class='ocrx_word' id='word_1_172' title='bbox 2960 1216 3157 1269; x_wconf 91' lang='lat' dir='ltr'><strong><em>merito</em></strong></span> <span class='ocrx_word' id='word_1_173' title='bbox 3205 1229 3425 1271; x_wconf 91' lang='lat' dir='ltr'><strong><em>coactus</em></strong></span> <span class='ocrx_word' id='word_1_174' title='bbox 3468 1225 3576 1274; x_wconf 90' lang='lat' dir='ltr'><strong><em>est.</em></strong></span> 
     </span>
    </p>
   </div>
   <div class='ocr_carea' id='block_1_27' title="bbox 1981 1303 3583 1376">
    <p class='ocr_par' dir='ltr' id='par_1_27' title="bbox 1981 1303 3583 1376">
     <span class='ocr_line' id='line_1_27' title="bbox 1981 1303 3583 1376; baseline 0.004 -18"><span class='ocrx_word' id='word_1_175' title='bbox 1981 1303 2117 1359; x_wconf 83' lang='lat' dir='ltr'><strong><em>Hinc</em></strong></span> <span class='ocrx_word' id='word_1_176' title='bbox 2146 1304 2270 1360; x_wconf 86' lang='lat' dir='ltr'><strong><em>vide</em></strong></span> <span class='ocrx_word' id='word_1_177' title='bbox 2317 1321 2475 1373; x_wconf 90' lang='lat' dir='ltr'><strong><em>quam</em></strong></span> <span class='ocrx_word' id='word_1_178' title='bbox 2526 1305 2818 1375; x_wconf 70' lang='lat' dir='ltr'><strong><em>phaleratze</em></strong></span> <span class='ocrx_word' id='word_1_179' title='bbox 2845 1306 2975 1369; x_wconf 92' lang='lat' dir='ltr'><strong><em>sint,</em></strong></span> <span class='ocrx_word' id='word_1_180' title='bbox 3004 1314 3135 1376; x_wconf 90' lang='lat' dir='ltr'><strong><em>quot</em></strong></span> <span class='ocrx_word' id='word_1_181' title='bbox 3174 1305 3314 1362; x_wconf 86' lang='lat' dir='ltr'><strong><em>dolis</em></strong></span> <span class='ocrx_word' id='word_1_182' title='bbox 3340 1318 3583 1364; x_wconf 76' lang='lat' dir='ltr'><strong><em>consula:</em></strong></span> 
     </span>
    </p>
   </div>
   <div class='ocr_carea' id='block_1_28' title="bbox 1980 1397 3582 1470">
    <p class='ocr_par' dir='ltr' id='par_1_28' title="bbox 1980 1397 3582 1470">
     <span class='ocr_line' id='line_1_28' title="bbox 1980 1397 3582 1470; baseline 0.002 -20"><span class='ocrx_word' id='word_1_183' title='bbox 1980 1410 2167 1451; x_wconf 91' lang='lat' dir='ltr'><strong><em>eorum</em></strong></span> <span class='ocrx_word' id='word_1_184' title='bbox 2215 1398 2656 1469; x_wconf 85' lang='lat' dir='ltr'><strong><em>presbyterorum</em></strong></span> <span class='ocrx_word' id='word_1_185' title='bbox 2704 1397 2925 1462; x_wconf 88' lang='lat' dir='ltr'><strong><em>Preces.</em></strong></span> <span class='ocrx_word' id='word_1_186' title='bbox 2958 1412 3081 1453; x_wconf 92' lang='lat' dir='ltr'><strong><em>nam</em></strong></span> <span class='ocrx_word' id='word_1_187' title='bbox 3134 1399 3309 1467; x_wconf 91' lang='lat' dir='ltr'><strong><em>primo</em></strong></span> <span class='ocrx_word' id='word_1_188' title='bbox 3349 1414 3471 1470; x_wconf 66' lang='lat' dir='ltr'><strong><em>quae</em></strong></span> <span class='ocrx_word' id='word_1_189' title='bbox 3512 1399 3582 1455; x_wconf 88' lang='lat' dir='ltr'><strong><em>ad</em></strong></span> 
     </span>
    </p>
   </div>
   <div class='ocr_carea' id='block_1_29' title="bbox 1984 1490 3580 1564">
    <p class='ocr_par' dir='ltr' id='par_1_29' title="bbox 1984 1490 3580 1564">
     <span class='ocr_line' id='line_1_29' title="bbox 1984 1490 3580 1564; baseline 0.002 -18"><span class='ocrx_word' id='word_1_190' title='bbox 1984 1490 2351 1547; x_wconf 86' lang='lat' dir='ltr'><strong><em>Luciferianos</em></strong></span> <span class='ocrx_word' id='word_1_191' title='bbox 2402 1493 2689 1562; x_wconf 85' lang='lat' dir='ltr'><strong><em>pertinent,</em></strong></span> <span class='ocrx_word' id='word_1_192' title='bbox 2750 1492 3020 1564; x_wconf 88' lang='lat' dir='ltr'><strong><em>snsdeque</em></strong></span> <span class='ocrx_word' id='word_1_193' title='bbox 3072 1492 3324 1559; x_wconf 88' lang='lat' dir='ltr'><strong><em>miscent,</em></strong></span> <span class='ocrx_word' id='word_1_194' title='bbox 3357 1502 3415 1549; x_wconf 91' lang='lat' dir='ltr'><strong><em>ut</em></strong></span> <span class='ocrx_word' id='word_1_195' title='bbox 3462 1493 3580 1564; x_wconf 85' lang='lat' dir='ltr'><strong><em>ejus</em></strong></span> 
     </span>
    </p>
   </div>
   <div class='ocr_carea' id='block_1_30' title="bbox 1982 1583 3579 1641">
    <p class='ocr_par' dir='ltr' id='par_1_30' title="bbox 1982 1583 3579 1641">
     <span class='ocr_line' id='line_1_30' title="bbox 1982 1583 3579 1641; baseline 0.001 -1"><span class='ocrx_word' id='word_1_196' title='bbox 1982 1594 2142 1640; x_wconf 72' lang='lat' dir='ltr'><strong><em>secta:</em></strong></span> <span class='ocrx_word' id='word_1_197' title='bbox 2198 1585 2451 1639; x_wconf 82' lang='lat' dir='ltr'><strong><em>invidiam</em></strong></span> <span class='ocrx_word' id='word_1_198' title='bbox 2508 1586 2754 1639; x_wconf 88' lang='lat' dir='ltr'><strong><em>minuant</em></strong></span> <span class='ocrx_word' id='word_1_199' title='bbox 2806 1602 2820 1640; x_wconf 88' lang='lat'><strong>:</strong></span> <span class='ocrx_word' id='word_1_200' title='bbox 2872 1583 3067 1640; x_wconf 89' lang='lat' dir='ltr'><strong><em>deinde</em></strong></span> <span class='ocrx_word' id='word_1_201' title='bbox 3126 1584 3402 1641; x_wconf 90' lang='lat' dir='ltr'><strong><em>Ursiniani</em></strong></span> <span class='ocrx_word' id='word_1_202' title='bbox 3455 1601 3579 1641; x_wconf 92' lang='lat' dir='ltr'><strong><em>cum</em></strong></span> 
     </span>
    </p>
   </div>
   <div class='ocr_carea' id='block_1_31' title="bbox 1984 1678 3583 1748">
    <p class='ocr_par' dir='ltr' id='par_1_31' title="bbox 1984 1678 3583 1748">
     <span class='ocr_line' id='line_1_31' title="bbox 1984 1678 3583 1748; baseline -0.001 -14"><span class='ocrx_word' id='word_1_203' title='bbox 1984 1688 2187 1743; x_wconf 84' lang='lat' dir='ltr'><strong><em>essent,</em></strong></span> <span class='ocrx_word' id='word_1_204' title='bbox 2233 1688 2399 1748; x_wconf 88' lang='lat' dir='ltr'><strong><em>atque</em></strong></span> <span class='ocrx_word' id='word_1_205' title='bbox 2428 1678 2500 1733; x_wconf 94' lang='lat' dir='ltr'><strong><em>ob</em></strong></span> <span class='ocrx_word' id='word_1_206' title='bbox 2545 1694 2663 1733; x_wconf 89' lang='lat' dir='ltr'><strong><em>eam</em></strong></span> <span class='ocrx_word' id='word_1_207' title='bbox 2716 1692 2932 1733; x_wconf 88' lang='lat' dir='ltr'><strong><em>causam</em></strong></span> <span class='ocrx_word' id='word_1_208' title='bbox 2964 1678 3216 1734; x_wconf 83' lang='lat' dir='ltr'><strong><em>exsilium</em></strong></span> <span class='ocrx_word' id='word_1_209' title='bbox 3248 1687 3583 1748; x_wconf 90' lang='lat' dir='ltr'><strong><em>paterentur,</em></strong></span> 
     </span>
    </p>
   </div>
   <div class='ocr_carea' id='block_1_32' title="bbox 266 1752 1882 1841">
    <p class='ocr_par' dir='ltr' id='par_1_32' title="bbox 266 1752 1879 1827">
     <span class='ocr_line' id='line_1_32' title="bbox 266 1752 1879 1827; baseline -0.004 -14"><span class='ocrx_word' id='word_1_210' title='bbox 266 1759 441 1814; x_wconf 89' lang='lat' dir='ltr'><strong><em>fuisse</em></strong></span> <span class='ocrx_word' id='word_1_211' title='bbox 475 1764 629 1827; x_wconf 90' lang='lat' dir='ltr'><strong><em>puto,</em></strong></span> <span class='ocrx_word' id='word_1_212' title='bbox 674 1754 941 1826; x_wconf 80' lang='lat' dir='ltr'><strong><em>siquidem</em></strong></span> <span class='ocrx_word' id='word_1_213' title='bbox 975 1755 1268 1809; x_wconf 75' lang='lat' dir='ltr'><strong><em>Donatista:</em></strong></span> <span class='ocrx_word' id='word_1_214' title='bbox 1293 1794 1310 1821; x_wconf 92' lang='lat'><strong><em>,</em></strong></span> <span class='ocrx_word' id='word_1_215' title='bbox 1356 1753 1640 1808; x_wconf 84' lang='lat' dir='ltr'><strong><em>Novatiaui</em></strong></span> <span class='ocrx_word' id='word_1_216' title='bbox 1667 1794 1682 1820; x_wconf 94' lang='lat'><strong><em>,</em></strong></span> <span class='ocrx_word' id='word_1_217' title='bbox 1713 1752 1879 1808; x_wconf 83' lang='lat' dir='ltr'><strong><em>Mani-</em></strong></span> 
     </span>
    </p>
   </div>
   <div class='ocr_carea' id='block_1_33' title="bbox 1984 1752 3586 1841">
    <p class='ocr_par' dir='ltr' id='par_1_33' title="bbox 1984 1769 3586 1841">
     <span class='ocr_line' id='line_1_33' title="bbox 1984 1769 3586 1841; baseline -0.001 -16"><span class='ocrx_word' id='word_1_218' title='bbox 1984 1781 2321 1826; x_wconf 82' lang='lat' dir='ltr'><strong><em>exsecratum</em></strong></span> <span class='ocrx_word' id='word_1_219' title='bbox 2349 1771 2531 1828; x_wconf 88' lang='lat' dir='ltr'><strong><em>Ursini</em></strong></span> <span class='ocrx_word' id='word_1_220' title='bbox 2563 1785 2759 1825; x_wconf 87' lang='lat' dir='ltr'><strong><em>nomen</em></strong></span> <span class='ocrx_word' id='word_1_221' title='bbox 2790 1770 3007 1826; x_wconf 90' lang='lat' dir='ltr'><strong><em>silentio</em></strong></span> <span class='ocrx_word' id='word_1_222' title='bbox 3049 1779 3256 1841; x_wconf 89' lang='lat' dir='ltr'><strong><em>tegunt,</em></strong></span> <span class='ocrx_word' id='word_1_223' title='bbox 3290 1769 3586 1837; x_wconf 82' lang='lat' dir='ltr'><strong><em>Luciferia-</em></strong></span> 
     </span>
    </p>
   </div>
   <div class='ocr_carea' id='block_1_34' title="bbox 264 1846 1880 1920">
    <p class='ocr_par' dir='ltr' id='par_1_34' title="bbox 264 1846 1880 1920">
     <span class='ocr_line' id='line_1_34' title="bbox 264 1846 1880 1920; baseline -0.004 -13"><span class='ocrx_word' id='word_1_224' title='bbox 264 1851 411 1907; x_wconf 74' lang='lat' dir='ltr'><strong><em>chtei</em></strong></span> <span class='ocrx_word' id='word_1_225' title='bbox 442 1851 578 1920; x_wconf 86' lang='lat' dir='ltr'><strong><em>ipsi,</em></strong></span> <span class='ocrx_word' id='word_1_226' title='bbox 624 1860 788 1919; x_wconf 89' lang='lat' dir='ltr'><strong><em>atque</em></strong></span> <span class='ocrx_word' id='word_1_227' title='bbox 833 1863 1022 1904; x_wconf 90' lang='lat' dir='ltr'><strong><em>omnes</em></strong></span> <span class='ocrx_word' id='word_1_228' title='bbox 1054 1847 1441 1918; x_wconf 88' lang='lat' dir='ltr'><strong><em>propemodum</em></strong></span> <span class='ocrx_word' id='word_1_229' title='bbox 1473 1857 1657 1912; x_wconf 76' lang='lat' dir='ltr'><strong><em>seetzn,</em></strong></span> <span class='ocrx_word' id='word_1_230' title='bbox 1687 1846 1880 1917; x_wconf 87' lang='lat' dir='ltr'><strong><em>quibus</em></strong></span> 
     </span>
    </p>
   </div>
   <div class='ocr_carea' id='block_1_35' title="bbox 264 1940 1881 2017">
    <p class='ocr_par' dir='ltr' id='par_1_35' title="bbox 264 1940 1881 2017">
     <span class='ocr_line' id='line_1_35' title="bbox 264 1940 1881 2017; baseline -0.003 -18"><span class='ocrx_word' id='word_1_231' title='bbox 264 1958 593 2017; x_wconf 86' lang='lat' dir='ltr'><strong><em>persuasum</em></strong></span> <span class='ocrx_word' id='word_1_232' title='bbox 623 1943 820 1997; x_wconf 89' lang='lat' dir='ltr'><strong><em>merito</em></strong></span> <span class='ocrx_word' id='word_1_233' title='bbox 856 1940 1033 1996; x_wconf 79' lang='lat' dir='ltr'><strong><em>fuerat</em></strong></span> <span class='ocrx_word' id='word_1_234' title='bbox 1063 1941 1115 1995; x_wconf 89' lang='lat' dir='ltr'><strong><em>in</em></strong></span> <span class='ocrx_word' id='word_1_235' title='bbox 1147 1956 1208 1995; x_wconf 88' lang='lat' dir='ltr'><strong><em>ea</em></strong></span> <span class='ocrx_word' id='word_1_236' title='bbox 1241 1940 1374 1996; x_wconf 90' lang='lat' dir='ltr'><strong><em>urbe</em></strong></span> <span class='ocrx_word' id='word_1_237' title='bbox 1402 1948 1649 1995; x_wconf 86' lang='lat' dir='ltr'><strong><em>centrum</em></strong></span> <span class='ocrx_word' id='word_1_238' title='bbox 1692 1940 1881 1994; x_wconf 87' lang='lat' dir='ltr'><strong><em>catho-</em></strong></span> 
     </span>
    </p>
   </div>
   <div class='ocr_carea' id='block_1_36' title="bbox 264 2034 1879 2102">
    <p class='ocr_par' dir='ltr' id='par_1_36' title="bbox 264 2034 1879 2102">
     <span class='ocr_line' id='line_1_36' title="bbox 264 2034 1879 2102; baseline -0.004 -10"><span class='ocrx_word' id='word_1_239' title='bbox 264 2037 398 2092; x_wconf 65' lang='lat' dir='ltr'><strong><em>licm</em></strong></span> <span class='ocrx_word' id='word_1_240' title='bbox 442 2034 839 2091; x_wconf 87' lang='lat' dir='ltr'><strong><em>communionis</em></strong></span> <span class='ocrx_word' id='word_1_241' title='bbox 883 2048 1041 2099; x_wconf 88' lang='lat' dir='ltr'><strong><em>esse,</em></strong></span> <span class='ocrx_word' id='word_1_242' title='bbox 1074 2042 1333 2087; x_wconf 89' lang='lat' dir='ltr'><strong><em>curarunt</em></strong></span> <span class='ocrx_word' id='word_1_243' title='bbox 1376 2046 1611 2102; x_wconf 85' lang='lat' dir='ltr'><strong><em>semper,</em></strong></span> <span class='ocrx_word' id='word_1_244' title='bbox 1646 2040 1703 2087; x_wconf 92' lang='lat' dir='ltr'><strong><em>ut</em></strong></span> <span class='ocrx_word' id='word_1_245' title='bbox 1750 2046 1879 2087; x_wconf 90' lang='lat' dir='ltr'><strong><em>suos</em></strong></span> 
     </span>
    </p>
   </div>
   <div class='ocr_carea' id='block_1_37' title="bbox 262 2124 1877 2197">
    <p class='ocr_par' dir='ltr' id='par_1_37' title="bbox 262 2124 1877 2197">
     <span class='ocr_line' id='line_1_37' title="bbox 262 2124 1877 2197; baseline -0.003 -14"><span class='ocrx_word' id='word_1_246' title='bbox 262 2129 471 2183; x_wconf 64' lang='lat' dir='ltr'><strong><em>Romae</em></strong></span> <span class='ocrx_word' id='word_1_247' title='bbox 492 2126 771 2197; x_wconf 86' lang='lat' dir='ltr'><strong><em>episcopos</em></strong></span> <span class='ocrx_word' id='word_1_248' title='bbox 797 2125 1081 2190; x_wconf 88' lang='lat' dir='ltr'><strong><em>haberent,</em></strong></span> <span class='ocrx_word' id='word_1_249' title='bbox 1115 2140 1182 2180; x_wconf 90' lang='lat' dir='ltr'><strong><em>ne</em></strong></span> <span class='ocrx_word' id='word_1_250' title='bbox 1206 2134 1356 2179; x_wconf 81' lang='lat' dir='ltr'><strong><em>extra</em></strong></span> <span class='ocrx_word' id='word_1_251' title='bbox 1390 2125 1687 2179; x_wconf 69' lang='lat' dir='ltr'><strong><em>licclesiam</em></strong></span> <span class='ocrx_word' id='word_1_252' title='bbox 1717 2124 1877 2194; x_wconf 88' lang='lat' dir='ltr'><strong><em>positi</em></strong></span> 
     </span>
    </p>
   </div>
   <div class='ocr_carea' id='block_1_38' title="bbox 259 2216 1879 2277">
    <p class='ocr_par' dir='ltr' id='par_1_38' title="bbox 259 2216 1879 2277">
     <span class='ocr_line' id='line_1_38' title="bbox 259 2216 1879 2277; baseline -0.003 -1"><span class='ocrx_word' id='word_1_253' title='bbox 259 2220 608 2277; x_wconf 73' lang='lat' dir='ltr'><strong><em>viderentur.</em></strong></span> <span class='ocrx_word' id='word_1_254' title='bbox 653 2218 907 2275; x_wconf 88' lang='lat' dir='ltr'><strong><em>Secundo</em></strong></span> <span class='ocrx_word' id='word_1_255' title='bbox 952 2219 1072 2273; x_wconf 92' lang='lat' dir='ltr'><strong><em>loco</em></strong></span> <span class='ocrx_word' id='word_1_256' title='bbox 1102 2218 1433 2273; x_wconf 88' lang='lat' dir='ltr'><strong><em>schismatici</em></strong></span> <span class='ocrx_word' id='word_1_257' title='bbox 1480 2216 1532 2271; x_wconf 92' lang='lat' dir='ltr'><strong><em>hi</em></strong></span> <span class='ocrx_word' id='word_1_258' title='bbox 1586 2217 1879 2272; x_wconf 84' lang='lat' dir='ltr'><strong><em>Macarium</em></strong></span> 
     </span>
    </p>
   </div>
   <div class='ocr_carea' id='block_1_39' title="bbox 260 2309 1878 2387">
    <p class='ocr_par' dir='ltr' id='par_1_39' title="bbox 260 2309 1878 2387">
     <span class='ocr_line' id='line_1_39' title="bbox 260 2309 1878 2387; baseline -0.003 -18"><span class='ocrx_word' id='word_1_259' title='bbox 260 2312 628 2387; x_wconf 77' lang='lat' dir='ltr'><strong><em>presbyterum</em></strong></span> <span class='ocrx_word' id='word_1_260' title='bbox 676 2321 1004 2377; x_wconf 85' lang='lat' dir='ltr'><strong><em>recensent,</em></strong></span> <span class='ocrx_word' id='word_1_261' title='bbox 1049 2324 1209 2381; x_wconf 90' lang='lat' dir='ltr'><strong><em>quem</em></strong></span> <span class='ocrx_word' id='word_1_262' title='bbox 1259 2309 1413 2364; x_wconf 85' lang='lat' dir='ltr'><strong><em>miris</em></strong></span> <span class='ocrx_word' id='word_1_263' title='bbox 1466 2309 1713 2363; x_wconf 88' lang='lat' dir='ltr'><strong><em>laudibus</em></strong></span> <span class='ocrx_word' id='word_1_264' title='bbox 1766 2325 1878 2364; x_wconf 78' lang='lat' dir='ltr'><strong><em>nta-</em></strong></span> 
     </span>
    </p>
   </div>
   <div class='ocr_carea' id='block_1_40' title="bbox 260 2402 1879 2476">
    <p class='ocr_par' dir='ltr' id='par_1_40' title="bbox 260 2402 1879 2476">
     <span class='ocr_line' id='line_1_40' title="bbox 260 2402 1879 2476; baseline -0.002 -14"><span class='ocrx_word' id='word_1_265' title='bbox 260 2414 446 2473; x_wconf 88' lang='lat' dir='ltr'><strong><em>ctant,</em></strong></span> <span class='ocrx_word' id='word_1_266' title='bbox 476 2405 633 2476; x_wconf 87' lang='lat' dir='ltr'><strong><em>quasi</em></strong></span> <span class='ocrx_word' id='word_1_267' title='bbox 658 2419 786 2460; x_wconf 87' lang='lat' dir='ltr'><strong><em>vero</em></strong></span> <span class='ocrx_word' id='word_1_268' title='bbox 817 2403 989 2459; x_wconf 87' lang='lat' dir='ltr'><strong><em>virtus</em></strong></span> <span class='ocrx_word' id='word_1_269' title='bbox 1014 2402 1309 2459; x_wconf 85' lang='lat' dir='ltr'><strong><em>christiana</em></strong></span> <span class='ocrx_word' id='word_1_270' title='bbox 1336 2404 1453 2459; x_wconf 91' lang='lat' dir='ltr'><strong><em>sine</em></strong></span> <span class='ocrx_word' id='word_1_271' title='bbox 1475 2403 1739 2459; x_wconf 84' lang='lat' dir='ltr'><strong><em>charitate</em></strong></span> <span class='ocrx_word' id='word_1_272' title='bbox 1758 2418 1879 2459; x_wconf 88' lang='lat' dir='ltr'><strong><em>esse</em></strong></span> 
     </span>
    </p>
   </div>
   <div class='ocr_carea' id='block_1_41' title="bbox 261 2498 1880 2571">
    <p class='ocr_par' dir='ltr' id='par_1_41' title="bbox 261 2498 1880 2571">
     <span class='ocr_line' id='line_1_41' title="bbox 261 2498 1880 2571; baseline -0.001 -16"><span class='ocrx_word' id='word_1_273' title='bbox 261 2501 456 2571; x_wconf 83' lang='lat' dir='ltr'><strong><em>aliqua</em></strong></span> <span class='ocrx_word' id='word_1_274' title='bbox 500 2499 692 2570; x_wconf 88' lang='lat' dir='ltr'><strong><em>possit.</em></strong></span> <span class='ocrx_word' id='word_1_275' title='bbox 746 2498 845 2554; x_wconf 86' lang='lat' dir='ltr'><strong><em>Hic</em></strong></span> <span class='ocrx_word' id='word_1_276' title='bbox 895 2514 1017 2554; x_wconf 90' lang='lat' dir='ltr'><strong><em>cum</em></strong></span> <span class='ocrx_word' id='word_1_277' title='bbox 1064 2499 1260 2553; x_wconf 89' lang='lat' dir='ltr'><strong><em>vetitas</em></strong></span> <span class='ocrx_word' id='word_1_278' title='bbox 1306 2498 1571 2567; x_wconf 82' lang='lat' dir='ltr'><strong><em>imperiali</em></strong></span> <span class='ocrx_word' id='word_1_279' title='bbox 1631 2499 1768 2568; x_wconf 87' lang='lat' dir='ltr'><strong><em>lege,</em></strong></span> <span class='ocrx_word' id='word_1_280' title='bbox 1825 2507 1880 2553; x_wconf 91' lang='lat' dir='ltr'><strong><em>et</em></strong></span> 
     </span>
    </p>
   </div>
   <div class='ocr_carea' id='block_1_42' title="bbox 258 2592 1877 2663">
    <p class='ocr_par' dir='ltr' id='par_1_42' title="bbox 258 2592 1877 2663">
     <span class='ocr_line' id='line_1_42' title="bbox 258 2592 1877 2663; baseline -0.002 -14"><span class='ocrx_word' id='word_1_281' title='bbox 258 2593 639 2650; x_wconf 77' lang='lat' dir='ltr'><strong><em>clandestinos</em></strong></span> <span class='ocrx_word' id='word_1_282' title='bbox 676 2593 929 2648; x_wconf 89' lang='lat' dir='ltr'><strong><em>collectas</em></strong></span> <span class='ocrx_word' id='word_1_283' title='bbox 964 2602 1169 2663; x_wconf 78' lang='lat' dir='ltr'><strong><em>ageret,</em></strong></span> <span class='ocrx_word' id='word_1_284' title='bbox 1201 2592 1270 2647; x_wconf 89' lang='lat' dir='ltr'><strong><em>ab</em></strong></span> <span class='ocrx_word' id='word_1_285' title='bbox 1297 2592 1696 2663; x_wconf 88' lang='lat' dir='ltr'><strong><em>apparitoribus</em></strong></span> <span class='ocrx_word' id='word_1_286' title='bbox 1724 2607 1877 2647; x_wconf 89' lang='lat' dir='ltr'><strong><em>com-</em></strong></span> 
     </span>
    </p>
   </div>
   <div class='ocr_carea' id='block_1_43' title="bbox 260 2686 1881 2763">
    <p class='ocr_par' dir='ltr' id='par_1_43' title="bbox 260 2686 1881 2763">
     <span class='ocr_line' id='line_1_43' title="bbox 260 2686 1881 2763; baseline -0.001 -20"><span class='ocrx_word' id='word_1_287' title='bbox 260 2689 579 2763; x_wconf 87' lang='lat' dir='ltr'><strong><em>prehensus</em></strong></span> <span class='ocrx_word' id='word_1_288' title='bbox 612 2689 823 2744; x_wconf 81' lang='lat' dir='ltr'><strong><em>Damasi</em></strong></span> <span class='ocrx_word' id='word_1_289' title='bbox 853 2687 1193 2743; x_wconf 83' lang='lat' dir='ltr'><strong><em>adstantibus</em></strong></span> <span class='ocrx_word' id='word_1_290' title='bbox 1218 2688 1431 2742; x_wconf 90' lang='lat' dir='ltr'><strong><em>clericis</em></strong></span> <span class='ocrx_word' id='word_1_291' title='bbox 1465 2702 1587 2741; x_wconf 89' lang='lat' dir='ltr'><strong><em>cum</em></strong></span> <span class='ocrx_word' id='word_1_292' title='bbox 1619 2689 1667 2741; x_wconf 89' lang='lat' dir='ltr'><strong><em>vi</em></strong></span> <span class='ocrx_word' id='word_1_293' title='bbox 1701 2686 1881 2741; x_wconf 87' lang='lat' dir='ltr'><strong><em>trahe-</em></strong></span> 
     </span>
    </p>
   </div>
   <div class='ocr_carea' id='block_1_44' title="bbox 262 2780 1878 2853">
    <p class='ocr_par' dir='ltr' id='par_1_44' title="bbox 262 2780 1878 2853">
     <span class='ocr_line' id='line_1_44' title="bbox 262 2780 1878 2853; baseline -0.006 -10"><span class='ocrx_word' id='word_1_294' title='bbox 262 2794 445 2850; x_wconf 81' lang='lat' dir='ltr'><strong><em>retur,</em></strong></span> <span class='ocrx_word' id='word_1_295' title='bbox 476 2784 713 2853; x_wconf 85' lang='lat' dir='ltr'><strong><em>graviter</em></strong></span> <span class='ocrx_word' id='word_1_296' title='bbox 759 2784 901 2837; x_wconf 91' lang='lat' dir='ltr'><strong><em>inter</em></strong></span> <span class='ocrx_word' id='word_1_297' title='bbox 946 2780 1199 2836; x_wconf 91' lang='lat' dir='ltr'><strong><em>eumdum</em></strong></span> <span class='ocrx_word' id='word_1_298' title='bbox 1229 2781 1543 2835; x_wconf 79' lang='lat' dir='ltr'><strong><em>vulneratus</em></strong></span> <span class='ocrx_word' id='word_1_299' title='bbox 1596 2788 1725 2835; x_wconf 85' lang='lat' dir='ltr'><strong><em>est:</em></strong></span> <span class='ocrx_word' id='word_1_300' title='bbox 1773 2780 1878 2834; x_wconf 90' lang='lat' dir='ltr'><strong><em>alia</em></strong></span> 
     </span>
    </p>
   </div>
   <div class='ocr_carea' id='block_1_45' title="bbox 265 2873 1881 2944">
    <p class='ocr_par' dir='ltr' id='par_1_45' title="bbox 265 2873 1881 2944">
     <span class='ocr_line' id='line_1_45' title="bbox 265 2873 1881 2944; baseline -0.003 -13"><span class='ocrx_word' id='word_1_301' title='bbox 265 2892 407 2932; x_wconf 77' lang='lat' dir='ltr'><strong><em>vero</em></strong></span> <span class='ocrx_word' id='word_1_302' title='bbox 430 2876 519 2931; x_wconf 88' lang='lat' dir='ltr'><strong><em>die</em></strong></span> <span class='ocrx_word' id='word_1_303' title='bbox 547 2876 615 2930; x_wconf 91' lang='lat' dir='ltr'><strong><em>ad</em></strong></span> <span class='ocrx_word' id='word_1_304' title='bbox 638 2874 874 2944; x_wconf 88' lang='lat' dir='ltr'><strong><em>judicem</em></strong></span> <span class='ocrx_word' id='word_1_305' title='bbox 898 2874 1116 2943; x_wconf 91' lang='lat' dir='ltr'><strong><em>ductus,</em></strong></span> <span class='ocrx_word' id='word_1_306' title='bbox 1142 2888 1263 2928; x_wconf 91' lang='lat' dir='ltr'><strong><em>cum</em></strong></span> <span class='ocrx_word' id='word_1_307' title='bbox 1293 2884 1352 2928; x_wconf 92' lang='lat' dir='ltr'><strong><em>ut</em></strong></span> <span class='ocrx_word' id='word_1_308' title='bbox 1380 2873 1609 2927; x_wconf 87' lang='lat' dir='ltr'><strong><em>Damaso</em></strong></span> <span class='ocrx_word' id='word_1_309' title='bbox 1638 2888 1881 2928; x_wconf 83' lang='lat' dir='ltr'><strong><em>commn-</em></strong></span> 
     </span>
    </p>
   </div>
   <div class='ocr_carea' id='block_1_46' title="bbox 265 2968 1879 3039">
    <p class='ocr_par' dir='ltr' id='par_1_46' title="bbox 265 2968 1879 3039">
     <span class='ocr_line' id='line_1_46' title="bbox 265 2968 1879 3039; baseline -0.005 -11"><span class='ocrx_word' id='word_1_310' title='bbox 265 2972 512 3036; x_wconf 86' lang='lat' dir='ltr'><strong><em>nicaret,</em></strong></span> <span class='ocrx_word' id='word_1_311' title='bbox 543 2984 606 3024; x_wconf 89' lang='lat' dir='ltr'><strong><em>ac</em></strong></span> <span class='ocrx_word' id='word_1_312' title='bbox 640 2968 903 3039; x_wconf 85' lang='lat' dir='ltr'><strong><em>imperiali</em></strong></span> <span class='ocrx_word' id='word_1_313' title='bbox 946 2969 1212 3039; x_wconf 88' lang='lat' dir='ltr'><strong><em>rescripto</em></strong></span> <span class='ocrx_word' id='word_1_314' title='bbox 1243 2968 1552 3038; x_wconf 88' lang='lat' dir='ltr'><strong><em>obsequens</em></strong></span> <span class='ocrx_word' id='word_1_315' title='bbox 1580 2976 1751 3032; x_wconf 88' lang='lat' dir='ltr'><strong><em>esset,</em></strong></span> <span class='ocrx_word' id='word_1_316' title='bbox 1780 2980 1879 3021; x_wconf 90' lang='lat' dir='ltr'><strong><em>nec</em></strong></span> 
     </span>
    </p>
   </div>
   <div class='ocr_carea' id='block_1_47' title="bbox 264 3060 1880 3130">
    <p class='ocr_par' dir='ltr' id='par_1_47' title="bbox 264 3060 1880 3130">
     <span class='ocr_line' id='line_1_47' title="bbox 264 3060 1880 3130; baseline -0.004 -10"><span class='ocrx_word' id='word_1_317' title='bbox 264 3066 355 3130; x_wconf 73' lang='lat' dir='ltr'><strong><em>vi,</em></strong></span> <span class='ocrx_word' id='word_1_318' title='bbox 388 3078 487 3118; x_wconf 91' lang='lat' dir='ltr'><strong><em>nec</em></strong></span> <span class='ocrx_word' id='word_1_319' title='bbox 515 3062 788 3117; x_wconf 85' lang='lat' dir='ltr'><strong><em>blanditiis</em></strong></span> <span class='ocrx_word' id='word_1_320' title='bbox 837 3062 1033 3117; x_wconf 83' lang='lat' dir='ltr'><strong><em>adduci</em></strong></span> <span class='ocrx_word' id='word_1_321' title='bbox 1081 3070 1286 3130; x_wconf 84' lang='lat' dir='ltr'><strong><em>posset,</em></strong></span> <span class='ocrx_word' id='word_1_322' title='bbox 1316 3063 1368 3117; x_wconf 92' lang='lat' dir='ltr'><strong><em>in</em></strong></span> <span class='ocrx_word' id='word_1_323' title='bbox 1424 3061 1671 3117; x_wconf 84' lang='lat' dir='ltr'><strong><em>exsilium</em></strong></span> <span class='ocrx_word' id='word_1_324' title='bbox 1727 3060 1880 3130; x_wconf 86' lang='lat' dir='ltr'><strong><em>pelli-</em></strong></span> 
     </span>
    </p>
   </div>
   <div class='ocr_carea' id='block_1_48' title="bbox 1987 1862 3579 1934">
    <p class='ocr_par' dir='ltr' id='par_1_48' title="bbox 1987 1862 3579 1934">
     <span class='ocr_line' id='line_1_48' title="bbox 1987 1862 3579 1934; baseline -0.001 -15"><span class='ocrx_word' id='word_1_325' title='bbox 1987 1865 2039 1919; x_wconf 91' lang='lat' dir='ltr'><strong><em>ni</em></strong></span> <span class='ocrx_word' id='word_1_326' title='bbox 2071 1864 2241 1919; x_wconf 85' lang='lat' dir='ltr'><strong><em>videri</em></strong></span> <span class='ocrx_word' id='word_1_327' title='bbox 2296 1865 2504 1931; x_wconf 84' lang='lat' dir='ltr'><strong><em>volunt,</em></strong></span> <span class='ocrx_word' id='word_1_328' title='bbox 2536 1872 2697 1934; x_wconf 87' lang='lat' dir='ltr'><strong><em>atque</em></strong></span> <span class='ocrx_word' id='word_1_329' title='bbox 2725 1863 2795 1918; x_wconf 86' lang='lat' dir='ltr'><strong><em>ob</em></strong></span> <span class='ocrx_word' id='word_1_330' title='bbox 2818 1878 2977 1917; x_wconf 89' lang='lat' dir='ltr'><strong><em>unam</em></strong></span> <span class='ocrx_word' id='word_1_331' title='bbox 3006 1862 3425 1917; x_wconf 75' lang='lat' dir='ltr'><strong><em>incontaminata:</em></strong></span> <span class='ocrx_word' id='word_1_332' title='bbox 3453 1862 3579 1917; x_wconf 84' lang='lat' dir='ltr'><strong><em>reli-</em></strong></span> 
     </span>
    </p>
   </div>
   <div class='ocr_carea' id='block_1_49' title="bbox 1984 1954 3586 2027">
    <p class='ocr_par' dir='ltr' id='par_1_49' title="bbox 1984 1954 3586 2027">
     <span class='ocr_line' id='line_1_49' title="bbox 1984 1954 3586 2027; baseline 0.001 -19"><span class='ocrx_word' id='word_1_333' title='bbox 1984 1957 2150 2027; x_wconf 86' lang='lat' dir='ltr'><strong><em>gionis</em></strong></span> <span class='ocrx_word' id='word_1_334' title='bbox 2198 1971 2439 2022; x_wconf 89' lang='lat' dir='ltr'><strong><em>causam,</em></strong></span> <span class='ocrx_word' id='word_1_335' title='bbox 2472 1964 2581 2009; x_wconf 90' lang='lat' dir='ltr'><strong><em>tum</em></strong></span> <span class='ocrx_word' id='word_1_336' title='bbox 2627 1970 2685 2011; x_wconf 91' lang='lat' dir='ltr'><strong><em>se</em></strong></span> <span class='ocrx_word' id='word_1_337' title='bbox 2715 1970 2744 2009; x_wconf 90' lang='lat' dir='ltr'><strong><em>a</em></strong></span> <span class='ocrx_word' id='word_1_338' title='bbox 2777 1955 2991 2010; x_wconf 84' lang='lat' dir='ltr'><strong><em>Damasi</em></strong></span> <span class='ocrx_word' id='word_1_339' title='bbox 3038 1954 3417 2009; x_wconf 90' lang='lat' dir='ltr'><strong><em>communione</em></strong></span> <span class='ocrx_word' id='word_1_340' title='bbox 3453 1954 3586 2009; x_wconf 85' lang='lat' dir='ltr'><strong><em>alie-</em></strong></span> 
     </span>
    </p>
   </div>
   <div class='ocr_carea' id='block_1_50' title="bbox 1985 2048 3584 2115">
    <p class='ocr_par' dir='ltr' id='par_1_50' title="bbox 1985 2048 3584 2115">
     <span class='ocr_line' id='line_1_50' title="bbox 1985 2048 3584 2115; baseline -0.001 -10"><span class='ocrx_word' id='word_1_341' title='bbox 1985 2065 2105 2115; x_wconf 88' lang='lat' dir='ltr'><strong><em>nos,</em></strong></span> <span class='ocrx_word' id='word_1_342' title='bbox 2140 2059 2247 2105; x_wconf 90' lang='lat' dir='ltr'><strong><em>tum</em></strong></span> <span class='ocrx_word' id='word_1_343' title='bbox 2277 2065 2337 2106; x_wconf 89' lang='lat' dir='ltr'><strong><em>se</em></strong></span> <span class='ocrx_word' id='word_1_344' title='bbox 2367 2059 2589 2105; x_wconf 74' lang='lat' dir='ltr'><strong><em>vexatos</em></strong></span> <span class='ocrx_word' id='word_1_345' title='bbox 2615 2050 2784 2113; x_wconf 88' lang='lat' dir='ltr'><strong><em>aiunt,</em></strong></span> <span class='ocrx_word' id='word_1_346' title='bbox 2818 2064 2880 2104; x_wconf 87' lang='lat' dir='ltr'><strong><em>ea</em></strong></span> <span class='ocrx_word' id='word_1_347' title='bbox 2912 2048 3101 2104; x_wconf 82' lang='lat' dir='ltr'><strong><em>fraude</em></strong></span> <span class='ocrx_word' id='word_1_348' title='bbox 3122 2050 3352 2115; x_wconf 90' lang='lat' dir='ltr'><strong><em>scilicet,</em></strong></span> <span class='ocrx_word' id='word_1_349' title='bbox 3392 2059 3451 2103; x_wconf 87' lang='lat' dir='ltr'><strong><em>ut</em></strong></span> <span class='ocrx_word' id='word_1_350' title='bbox 3481 2048 3584 2103; x_wconf 90' lang='lat' dir='ltr'><strong><em>im-</em></strong></span> 
     </span>
    </p>
   </div>
   <div class='ocr_carea' id='block_1_51' title="bbox 1983 2139 3585 2213">
    <p class='ocr_par' dir='ltr' id='par_1_51' title="bbox 1983 2139 3585 2213">
     <span class='ocr_line' id='line_1_51' title="bbox 1983 2139 3585 2213; baseline -0.002 -16"><span class='ocrx_word' id='word_1_351' title='bbox 1983 2152 2291 2213; x_wconf 87' lang='lat' dir='ltr'><strong><em>peratorum</em></strong></span> <span class='ocrx_word' id='word_1_352' title='bbox 2318 2142 2529 2197; x_wconf 90' lang='lat' dir='ltr'><strong><em>animos</em></strong></span> <span class='ocrx_word' id='word_1_353' title='bbox 2554 2140 2623 2195; x_wconf 89' lang='lat' dir='ltr'><strong><em>ad</em></strong></span> <span class='ocrx_word' id='word_1_354' title='bbox 2650 2139 3080 2196; x_wconf 89' lang='lat' dir='ltr'><strong><em>misericordiam</em></strong></span> <span class='ocrx_word' id='word_1_355' title='bbox 3127 2140 3428 2195; x_wconf 88' lang='lat' dir='ltr'><strong><em>ﬂecterent.</em></strong></span> <span class='ocrx_word' id='word_1_356' title='bbox 3474 2140 3585 2194; x_wconf 87' lang='lat' dir='ltr'><strong><em>Ma-</em></strong></span> 
     </span>
    </p>
   </div>
   <div class='ocr_carea' id='block_1_52' title="bbox 1983 2232 3584 2305">
    <p class='ocr_par' dir='ltr' id='par_1_52' title="bbox 1983 2232 3584 2305">
     <span class='ocr_line' id='line_1_52' title="bbox 1983 2232 3584 2305; baseline -0.001 -16"><span class='ocrx_word' id='word_1_357' title='bbox 1983 2235 2187 2289; x_wconf 88' lang='lat' dir='ltr'><strong><em>carium</em></strong></span> <span class='ocrx_word' id='word_1_358' title='bbox 2239 2236 2381 2289; x_wconf 90' lang='lat' dir='ltr'><strong><em>hunc</em></strong></span> <span class='ocrx_word' id='word_1_359' title='bbox 2423 2249 2525 2305; x_wconf 86' lang='lat' dir='ltr'><strong><em>ego</em></strong></span> <span class='ocrx_word' id='word_1_360' title='bbox 2577 2249 2703 2288; x_wconf 91' lang='lat' dir='ltr'><strong><em>cum</em></strong></span> <span class='ocrx_word' id='word_1_361' title='bbox 2754 2232 2976 2303; x_wconf 89' lang='lat' dir='ltr'><strong><em>reliquis</em></strong></span> <span class='ocrx_word' id='word_1_362' title='bbox 3030 2232 3261 2303; x_wconf 88' lang='lat' dir='ltr'><strong><em>ejectum</em></strong></span> <span class='ocrx_word' id='word_1_363' title='bbox 3310 2240 3440 2301; x_wconf 92' lang='lat' dir='ltr'><strong><em>puto</em></strong></span> <span class='ocrx_word' id='word_1_364' title='bbox 3482 2233 3584 2287; x_wconf 90' lang='lat' dir='ltr'><strong><em>sub</em></strong></span> 
     </span>
    </p>
   </div>
   <div class='ocr_carea' id='block_1_53' title="bbox 1984 2324 3585 2401">
    <p class='ocr_par' dir='ltr' id='par_1_53' title="bbox 1984 2324 3585 2401">
     <span class='ocr_line' id='line_1_53' title="bbox 1984 2324 3585 2401; baseline -0.002 -18"><span class='ocrx_word' id='word_1_365' title='bbox 1984 2327 2187 2401; x_wconf 87' lang='lat' dir='ltr'><strong><em>Olybrii</em></strong></span> <span class='ocrx_word' id='word_1_366' title='bbox 2219 2335 2313 2381; x_wconf 90' lang='lat' dir='ltr'><strong><em>aut</em></strong></span> <span class='ocrx_word' id='word_1_367' title='bbox 2356 2327 2592 2397; x_wconf 82' lang='lat' dir='ltr'><strong><em>Ampelii</em></strong></span> <span class='ocrx_word' id='word_1_368' title='bbox 2632 2326 2986 2396; x_wconf 83' lang='lat' dir='ltr'><strong><em>praefectura;</em></strong></span> <span class='ocrx_word' id='word_1_369' title='bbox 3020 2324 3284 2395; x_wconf 87' lang='lat' dir='ltr'><strong><em>siquidem</em></strong></span> <span class='ocrx_word' id='word_1_370' title='bbox 3314 2338 3437 2379; x_wconf 91' lang='lat' dir='ltr'><strong><em>cum</em></strong></span> <span class='ocrx_word' id='word_1_371' title='bbox 3468 2324 3585 2379; x_wconf 60' lang='lat' dir='ltr'><strong><em>haec</em></strong></span> 
     </span>
    </p>
   </div>
   <div class='ocr_carea' id='block_1_54' title="bbox 1983 2416 3587 2490">
    <p class='ocr_par' dir='ltr' id='par_1_54' title="bbox 1983 2416 3587 2490">
     <span class='ocr_line' id='line_1_54' title="bbox 1983 2416 3587 2490; baseline -0.001 -17"><span class='ocrx_word' id='word_1_372' title='bbox 1983 2420 2132 2475; x_wconf 84' lang='lat' dir='ltr'><strong><em>velut</em></strong></span> <span class='ocrx_word' id='word_1_373' title='bbox 2155 2418 2246 2474; x_wconf 91' lang='lat' dir='ltr'><strong><em>diu</em></strong></span> <span class='ocrx_word' id='word_1_374' title='bbox 2275 2428 2433 2475; x_wconf 87' lang='lat' dir='ltr'><strong><em>antea</em></strong></span> <span class='ocrx_word' id='word_1_375' title='bbox 2468 2430 2618 2490; x_wconf 80' lang='lat' dir='ltr'><strong><em>gesta</em></strong></span> <span class='ocrx_word' id='word_1_376' title='bbox 2659 2418 2873 2473; x_wconf 90' lang='lat' dir='ltr'><strong><em>libellus</em></strong></span> <span class='ocrx_word' id='word_1_377' title='bbox 2902 2428 3105 2483; x_wconf 88' lang='lat' dir='ltr'><strong><em>narret,</em></strong></span> <span class='ocrx_word' id='word_1_378' title='bbox 3136 2416 3203 2472; x_wconf 90' lang='lat' dir='ltr'><strong><em>ad</em></strong></span> <span class='ocrx_word' id='word_1_379' title='bbox 3233 2433 3419 2473; x_wconf 88' lang='lat' dir='ltr'><strong><em>eorum</em></strong></span> <span class='ocrx_word' id='word_1_380' title='bbox 3449 2431 3587 2487; x_wconf 73' lang='lat' dir='ltr'><strong><em>prte-</em></strong></span> 
     </span>
    </p>
   </div>
   <div class='ocr_carea' id='block_1_55' title="bbox 1982 2510 3586 2584">
    <p class='ocr_par' dir='ltr' id='par_1_55' title="bbox 1982 2510 3586 2584">
     <span class='ocr_line' id='line_1_55' title="bbox 1982 2510 3586 2584; baseline -0.001 -16"><span class='ocrx_word' id='word_1_381' title='bbox 1982 2512 2248 2568; x_wconf 84' lang='lat' dir='ltr'><strong><em>fectorum</em></strong></span> <span class='ocrx_word' id='word_1_382' title='bbox 2280 2521 2523 2584; x_wconf 89' lang='lat' dir='ltr'><strong><em>tempora</em></strong></span> <span class='ocrx_word' id='word_1_383' title='bbox 2555 2512 2691 2567; x_wconf 91' lang='lat' dir='ltr'><strong><em>trahi</em></strong></span> <span class='ocrx_word' id='word_1_384' title='bbox 2717 2521 2958 2580; x_wconf 82' lang='lat' dir='ltr'><strong><em>possunt,</em></strong></span> <span class='ocrx_word' id='word_1_385' title='bbox 2993 2512 3093 2567; x_wconf 92' lang='lat' dir='ltr'><strong><em>sub</em></strong></span> <span class='ocrx_word' id='word_1_386' title='bbox 3122 2511 3316 2583; x_wconf 81' lang='lat' dir='ltr'><strong><em>quibus</em></strong></span> <span class='ocrx_word' id='word_1_387' title='bbox 3341 2510 3586 2568; x_wconf 87' lang='lat' dir='ltr'><strong><em>Ursinia—</em></strong></span> 
     </span>
    </p>
   </div>
   <div class='ocr_carea' id='block_1_56' title="bbox 1984 2603 3583 2674">
    <p class='ocr_par' dir='ltr' id='par_1_56' title="bbox 1984 2603 3583 2674">
     <span class='ocr_line' id='line_1_56' title="bbox 1984 2603 3583 2674; baseline -0.002 -13"><span class='ocrx_word' id='word_1_388' title='bbox 1984 2621 2111 2661; x_wconf 89' lang='lat' dir='ltr'><strong><em>num</em></strong></span> <span class='ocrx_word' id='word_1_389' title='bbox 2143 2603 2399 2671; x_wconf 90' lang='lat' dir='ltr'><strong><em>schisma,</em></strong></span> <span class='ocrx_word' id='word_1_390' title='bbox 2434 2605 2602 2674; x_wconf 86' lang='lat' dir='ltr'><strong><em>pulsis</em></strong></span> <span class='ocrx_word' id='word_1_391' title='bbox 2633 2604 3072 2660; x_wconf 88' lang='lat' dir='ltr'><strong><em>refractariorum</em></strong></span> <span class='ocrx_word' id='word_1_392' title='bbox 3100 2604 3396 2674; x_wconf 91' lang='lat' dir='ltr'><strong><em>capitibus,</em></strong></span> <span class='ocrx_word' id='word_1_393' title='bbox 3423 2604 3583 2658; x_wconf 84' lang='lat' dir='ltr'><strong><em>finem</em></strong></span> 
     </span>
    </p>
   </div>
   <div class='ocr_carea' id='block_1_57' title="bbox 1984 2696 3583 2768">
    <p class='ocr_par' dir='ltr' id='par_1_57' title="bbox 1984 2696 3583 2768">
     <span class='ocr_line' id='line_1_57' title="bbox 1984 2696 3583 2768; baseline -0.003 -13"><span class='ocrx_word' id='word_1_394' title='bbox 1984 2699 2172 2755; x_wconf 81' lang='lat' dir='ltr'><strong><em>Romae</em></strong></span> <span class='ocrx_word' id='word_1_395' title='bbox 2214 2698 2469 2754; x_wconf 87' lang='lat' dir='ltr'><strong><em>habuisse</em></strong></span> <span class='ocrx_word' id='word_1_396' title='bbox 2504 2700 2676 2752; x_wconf 88' lang='lat' dir='ltr'><strong><em>visum</em></strong></span> <span class='ocrx_word' id='word_1_397' title='bbox 2711 2708 2814 2752; x_wconf 88' lang='lat' dir='ltr'><strong><em>est.</em></strong></span> <span class='ocrx_word' id='word_1_398' title='bbox 2850 2698 3000 2753; x_wconf 79' lang='lat' dir='ltr'><strong><em>Nunc</em></strong></span> <span class='ocrx_word' id='word_1_399' title='bbox 3040 2712 3206 2768; x_wconf 87' lang='lat' dir='ltr'><strong><em>pergo</em></strong></span> <span class='ocrx_word' id='word_1_400' title='bbox 3250 2696 3316 2751; x_wconf 90' lang='lat' dir='ltr'><strong><em>ad</em></strong></span> <span class='ocrx_word' id='word_1_401' title='bbox 3344 2696 3583 2767; x_wconf 88' lang='lat' dir='ltr'><strong><em>reliqua,</em></strong></span> 
     </span>
    </p>
   </div>
   <div class='ocr_carea' id='block_1_58' title="bbox 1984 2788 3195 2861">
    <p class='ocr_par' dir='ltr' id='par_1_58' title="bbox 1984 2788 3195 2861">
     <span class='ocr_line' id='line_1_58' title="bbox 1984 2788 3195 2861; baseline -0.001 -18"><span class='ocrx_word' id='word_1_402' title='bbox 1984 2805 2103 2861; x_wconf 64' lang='lat' dir='ltr'><strong><em>qua:</em></strong></span> <span class='ocrx_word' id='word_1_403' title='bbox 2130 2790 2195 2844; x_wconf 89' lang='lat' dir='ltr'><strong><em>ad</em></strong></span> <span class='ocrx_word' id='word_1_404' title='bbox 2224 2790 2364 2845; x_wconf 91' lang='lat' dir='ltr'><strong><em>hunc</em></strong></span> <span class='ocrx_word' id='word_1_405' title='bbox 2388 2805 2588 2844; x_wconf 88' lang='lat' dir='ltr'><strong><em>annum</em></strong></span> <span class='ocrx_word' id='word_1_406' title='bbox 2618 2789 2891 2859; x_wconf 69' lang='lat' dir='ltr'><strong><em>pertinuere</em></strong></span> <span class='ocrx_word' id='word_1_407' title='bbox 2922 2788 3195 2843; x_wconf 85' lang='lat' dir='ltr'><strong><em>videntur.</em></strong></span> 
     </span>
    </p>
   </div>
   <div class='ocr_carea' id='block_1_59' title="bbox 2053 2883 3587 2955">
    <p class='ocr_par' dir='ltr' id='par_1_59' title="bbox 2053 2883 3587 2955">
     <span class='ocr_line' id='line_1_59' title="bbox 2053 2883 3587 2955; baseline -0.001 -17"><span class='ocrx_word' id='word_1_408' title='bbox 2053 2883 2118 2938; x_wconf 87' lang='lat' dir='ltr'><strong><em>II.</em></strong></span> <span class='ocrx_word' id='word_1_409' title='bbox 2160 2885 2254 2939; x_wconf 85' lang='lat' dir='ltr'><strong><em>Ait</em></strong></span> <span class='ocrx_word' id='word_1_410' title='bbox 2282 2883 2462 2955; x_wconf 83' lang='lat' dir='ltr'><strong><em>itaque</em></strong></span> <span class='ocrx_word' id='word_1_411' title='bbox 2502 2883 2720 2938; x_wconf 86' lang='lat' dir='ltr'><strong><em>libellus</em></strong></span> <span class='ocrx_word' id='word_1_412' title='bbox 2753 2884 2841 2938; x_wconf 91' lang='lat' dir='ltr'><strong><em>ille</em></strong></span> <span class='ocrx_word' id='word_1_413' title='bbox 2871 2900 3035 2953; x_wconf 84' lang='lat' dir='ltr'><strong><em>nuper</em></strong></span> <span class='ocrx_word' id='word_1_414' title='bbox 3076 2884 3228 2937; x_wconf 89' lang='lat' dir='ltr'><strong><em>etiam</em></strong></span> <span class='ocrx_word' id='word_1_415' title='bbox 3259 2886 3450 2954; x_wconf 76' lang='lat' dir='ltr'><strong><em>factum</em></strong></span> <span class='ocrx_word' id='word_1_416' title='bbox 3473 2922 3489 2948; x_wconf 95' lang='lat'><strong><em>,</em></strong></span> <span class='ocrx_word' id='word_1_417' title='bbox 3530 2891 3587 2936; x_wconf 88' lang='lat' dir='ltr'><strong><em>ut</em></strong></span> 
     </span>
    </p>
   </div>
   <div class='ocr_carea' id='block_1_60' title="bbox 1982 2976 3577 3048">
    <p class='ocr_par' dir='ltr' id='par_1_60' title="bbox 1982 2976 3577 3048">
     <span class='ocr_line' id='line_1_60' title="bbox 1982 2976 3577 3048; baseline -0.001 -17"><span class='ocrx_word' id='word_1_418' title='bbox 1982 2978 2118 3032; x_wconf 87' lang='lat' dir='ltr'><strong><em>idem</em></strong></span> <span class='ocrx_word' id='word_1_419' title='bbox 2146 2976 2399 3032; x_wconf 88' lang='lat' dir='ltr'><strong><em>Damasus</em></strong></span> <span class='ocrx_word' id='word_1_420' title='bbox 2424 2976 2708 3048; x_wconf 84' lang='lat' dir='ltr'><strong><em>Ephesium</em></strong></span> <span class='ocrx_word' id='word_1_421' title='bbox 2739 2976 2966 3047; x_wconf 88' lang='lat' dir='ltr'><strong><em>perdere</em></strong></span> <span class='ocrx_word' id='word_1_422' title='bbox 3006 2992 3278 3046; x_wconf 79' lang='lat' dir='ltr'><strong><em>agqressus</em></strong></span> <span class='ocrx_word' id='word_1_423' title='bbox 3304 2976 3367 3030; x_wconf 85' lang='lat' dir='ltr'><strong><em>sit</em></strong></span> <span class='ocrx_word' id='word_1_424' title='bbox 3402 2990 3577 3029; x_wconf 90' lang='lat' dir='ltr'><strong><em>coram</em></strong></span> 
     </span>
    </p>
   </div>
   <div class='ocr_carea' id='block_1_61' title="bbox 1982 3068 3583 3137">
    <p class='ocr_par' dir='ltr' id='par_1_61' title="bbox 1982 3068 3583 3137">
     <span class='ocr_line' id='line_1_61' title="bbox 1982 3068 3583 3137; baseline -0.002 -14"><span class='ocrx_word' id='word_1_425' title='bbox 1982 3069 2146 3124; x_wconf 81' lang='lat' dir='ltr'><strong><em>Basso</em></strong></span> <span class='ocrx_word' id='word_1_426' title='bbox 2175 3069 2363 3123; x_wconf 84' lang='lat' dir='ltr'><strong><em>Judice</em></strong></span> <span class='ocrx_word' id='word_1_427' title='bbox 2383 3086 2402 3125; x_wconf 91' lang='lat'><strong><em>:</em></strong></span> <span class='ocrx_word' id='word_1_428' title='bbox 2444 3081 2499 3124; x_wconf 89' lang='lat' dir='ltr'><strong><em>at</em></strong></span> <span class='ocrx_word' id='word_1_429' title='bbox 2527 3069 2752 3125; x_wconf 90' lang='lat' dir='ltr'><strong><em>Bassum</em></strong></span> <span class='ocrx_word' id='word_1_430' title='bbox 2799 3069 3008 3123; x_wconf 88' lang='lat' dir='ltr'><strong><em>Damasi</em></strong></span> <span class='ocrx_word' id='word_1_431' title='bbox 3047 3068 3396 3124; x_wconf 79' lang='lat' dir='ltr'><strong><em>accusationes</em></strong></span> <span class='ocrx_word' id='word_1_432' title='bbox 3425 3083 3583 3137; x_wconf 87' lang='lat' dir='ltr'><strong><em>repu-</em></strong></span> 
     </span>
    </p>
   </div>
   <div class='ocr_carea' id='block_1_62' title="bbox 267 3154 1882 3233">
    <p class='ocr_par' dir='ltr' id='par_1_62' title="bbox 267 3154 1879 3227">
     <span class='ocr_line' id='line_1_62' title="bbox 267 3154 1879 3227; baseline -0.004 -12"><span class='ocrx_word' id='word_1_433' title='bbox 267 3168 371 3215; x_wconf 87' lang='lat' dir='ltr'><strong><em>tur</em></strong></span> <span class='ocrx_word' id='word_1_434' title='bbox 395 3166 557 3227; x_wconf 91' lang='lat' dir='ltr'><strong><em>atque</em></strong></span> <span class='ocrx_word' id='word_1_435' title='bbox 593 3156 733 3226; x_wconf 88' lang='lat' dir='ltr'><strong><em>apud</em></strong></span> <span class='ocrx_word' id='word_1_436' title='bbox 779 3155 912 3210; x_wconf 89' lang='lat' dir='ltr'><strong><em>ostia</em></strong></span> <span class='ocrx_word' id='word_1_437' title='bbox 964 3154 1217 3210; x_wconf 87' lang='lat' dir='ltr'><strong><em>Tiberina</em></strong></span> <span class='ocrx_word' id='word_1_438' title='bbox 1268 3169 1332 3209; x_wconf 83' lang='lat' dir='ltr'><strong><em>ex</em></strong></span> <span class='ocrx_word' id='word_1_439' title='bbox 1382 3162 1604 3224; x_wconf 90' lang='lat' dir='ltr'><strong><em>accepto</em></strong></span> <span class='ocrx_word' id='word_1_440' title='bbox 1655 3154 1879 3209; x_wconf 89' lang='lat' dir='ltr'><strong><em>vulnere</em></strong></span> 
     </span>
    </p>
   </div>
   <div class='ocr_carea' id='block_1_63' title="bbox 1984 3154 3588 3233">
    <p class='ocr_par' dir='ltr' id='par_1_63' title="bbox 1984 3160 3588 3233">
     <span class='ocr_line' id='line_1_63' title="bbox 1984 3160 3588 3233; baseline -0.002 -16"><span class='ocrx_word' id='word_1_441' title='bbox 1984 3163 2104 3218; x_wconf 86' lang='lat' dir='ltr'><strong><em>lisse</em></strong></span> <span class='ocrx_word' id='word_1_442' title='bbox 2126 3178 2188 3218; x_wconf 90' lang='lat' dir='ltr'><strong><em>ea</em></strong></span> <span class='ocrx_word' id='word_1_443' title='bbox 2230 3164 2438 3217; x_wconf 88' lang='lat' dir='ltr'><strong><em>ratione</em></strong></span> <span class='ocrx_word' id='word_1_444' title='bbox 2472 3178 2652 3229; x_wconf 69' lang='lat' dir='ltr'><strong><em>usum,</em></strong></span> <span class='ocrx_word' id='word_1_445' title='bbox 2702 3162 2845 3233; x_wconf 89' lang='lat' dir='ltr'><strong><em>quod</em></strong></span> <span class='ocrx_word' id='word_1_446' title='bbox 2878 3162 3260 3216; x_wconf 86' lang='lat' dir='ltr'><strong><em>constitutiones</em></strong></span> <span class='ocrx_word' id='word_1_447' title='bbox 3306 3160 3588 3227; x_wconf 83' lang='lat' dir='ltr'><strong><em>imperato-</em></strong></span> 
     </span>
    </p>
   </div>
   <div class='ocr_carea' id='block_1_64' title="bbox 268 3250 1877 3320">
    <p class='ocr_par' dir='ltr' id='par_1_64' title="bbox 268 3250 1877 3320">
     <span class='ocr_line' id='line_1_64' title="bbox 268 3250 1877 3320; baseline -0.003 -9"><span class='ocrx_word' id='word_1_448' title='bbox 268 3262 550 3316; x_wconf 86' lang='lat' dir='ltr'><strong><em>mortuus,</em></strong></span> <span class='ocrx_word' id='word_1_449' title='bbox 582 3266 611 3306; x_wconf 91' lang='lat' dir='ltr'><strong><em>a</em></strong></span> <span class='ocrx_word' id='word_1_450' title='bbox 650 3251 926 3306; x_wconf 87' lang='lat' dir='ltr'><strong><em>Florentio</em></strong></span> <span class='ocrx_word' id='word_1_451' title='bbox 964 3250 1082 3320; x_wconf 88' lang='lat' dir='ltr'><strong><em>ejus</em></strong></span> <span class='ocrx_word' id='word_1_452' title='bbox 1112 3250 1259 3305; x_wconf 89' lang='lat' dir='ltr'><strong><em>urbis</em></strong></span> <span class='ocrx_word' id='word_1_453' title='bbox 1286 3251 1563 3320; x_wconf 82' lang='lat' dir='ltr'><strong><em>episcOpo,</em></strong></span> <span class='ocrx_word' id='word_1_454' title='bbox 1613 3252 1767 3319; x_wconf 76' lang='lat' dir='ltr'><strong><em>Cujus</em></strong></span> <span class='ocrx_word' id='word_1_455' title='bbox 1797 3260 1877 3306; x_wconf 82' lang='lat' dir='ltr'><strong><em>ta-</em></strong></span> 
     </span>
    </p>
   </div>
   <div class='ocr_carea' id='block_1_65' title="bbox 268 3342 1877 3415">
    <p class='ocr_par' dir='ltr' id='par_1_65' title="bbox 268 3342 1877 3415">
     <span class='ocr_line' id='line_1_65' title="bbox 268 3342 1877 3415; baseline -0.005 -10"><span class='ocrx_word' id='word_1_456' title='bbox 268 3363 407 3405; x_wconf 84' lang='lat' dir='ltr'><strong><em>men</em></strong></span> <span class='ocrx_word' id='word_1_457' title='bbox 436 3345 577 3401; x_wconf 90' lang='lat' dir='ltr'><strong><em>nulla</em></strong></span> <span class='ocrx_word' id='word_1_458' title='bbox 608 3344 751 3415; x_wconf 86' lang='lat' dir='ltr'><strong><em>apud</em></strong></span> <span class='ocrx_word' id='word_1_459' title='bbox 779 3342 1085 3414; x_wconf 86' lang='lat' dir='ltr'><strong><em>Ughellium</em></strong></span> <span class='ocrx_word' id='word_1_460' title='bbox 1130 3344 1333 3399; x_wconf 91' lang='lat' dir='ltr'><strong><em>mentio</em></strong></span> <span class='ocrx_word' id='word_1_461' title='bbox 1354 3353 1457 3408; x_wconf 75' lang='grc' dir='ltr'><strong><em>εει,</em></strong></span> <span class='ocrx_word' id='word_1_462' title='bbox 1487 3344 1538 3397; x_wconf 95' lang='lat' dir='ltr'><strong><em>in</em></strong></span> <span class='ocrx_word' id='word_1_463' title='bbox 1573 3343 1790 3397; x_wconf 76' lang='lat' dir='ltr'><strong><em>basilica</em></strong></span> <span class='ocrx_word' id='word_1_464' title='bbox 1819 3343 1877 3398; x_wconf 93' lang='lat' dir='ltr'><strong><em>S.</em></strong></span> 
     </span>
    </p>
   </div>
   <div class='ocr_carea' id='block_1_66' title="bbox 271 3435 1882 3508">
    <p class='ocr_par' dir='ltr' id='par_1_66' title="bbox 271 3435 1882 3508">
     <span class='ocr_line' id='line_1_66' title="bbox 271 3435 1882 3508; baseline -0.004 -12"><span class='ocrx_word' id='word_1_465' title='bbox 271 3440 482 3497; x_wconf 84' lang='lat' dir='ltr'><strong><em>Asterii</em></strong></span> <span class='ocrx_word' id='word_1_466' title='bbox 512 3440 803 3508; x_wconf 70' lang='lat' dir='ltr'><strong><em>sepulturae</em></strong></span> <span class='ocrx_word' id='word_1_467' title='bbox 853 3437 1034 3494; x_wconf 88' lang='lat' dir='ltr'><strong><em>datur.</em></strong></span> <span class='ocrx_word' id='word_1_468' title='bbox 1084 3436 1212 3492; x_wconf 72' lang='grc' dir='ltr'><strong><em>ιιωο</em></strong></span> <span class='ocrx_word' id='word_1_469' title='bbox 1262 3435 1479 3491; x_wconf 91' lang='lat' dir='ltr'><strong><em>libellus</em></strong></span> <span class='ocrx_word' id='word_1_470' title='bbox 1527 3435 1595 3490; x_wconf 90' lang='lat' dir='ltr'><strong><em>de</em></strong></span> <span class='ocrx_word' id='word_1_471' title='bbox 1648 3435 1882 3491; x_wconf 81' lang='lat' dir='ltr'><strong><em>Macario</em></strong></span> 
     </span>
    </p>
   </div>
   <div class='ocr_carea' id='block_1_67' title="bbox 274 3527 1883 3606">
    <p class='ocr_par' dir='ltr' id='par_1_67' title="bbox 274 3527 1883 3606">
     <span class='ocr_line' id='line_1_67' title="bbox 274 3527 1883 3606; baseline -0.005 -17"><span class='ocrx_word' id='word_1_472' title='bbox 274 3533 605 3606; x_wconf 85' lang='lat' dir='ltr'><strong><em>presbytero</em></strong></span> <span class='ocrx_word' id='word_1_473' title='bbox 633 3547 649 3597; x_wconf 90' lang='lat'><strong>;</strong></span> <span class='ocrx_word' id='word_1_474' title='bbox 676 3546 745 3586; x_wconf 89' lang='lat' dir='ltr'><strong><em>an</em></strong></span> <span class='ocrx_word' id='word_1_475' title='bbox 770 3544 904 3585; x_wconf 86' lang='lat' dir='ltr'><strong><em>vero</em></strong></span> <span class='ocrx_word' id='word_1_476' title='bbox 933 3528 1311 3584; x_wconf 89' lang='lat' dir='ltr'><strong><em>Luciferianus</em></strong></span> <span class='ocrx_word' id='word_1_477' title='bbox 1334 3528 1513 3593; x_wconf 90' lang='lat' dir='ltr'><strong><em>fuerit,</em></strong></span> <span class='ocrx_word' id='word_1_478' title='bbox 1544 3542 1611 3583; x_wconf 90' lang='lat' dir='ltr'><strong><em>an</em></strong></span> <span class='ocrx_word' id='word_1_479' title='bbox 1642 3527 1883 3582; x_wconf 89' lang='lat' dir='ltr'><strong><em>Ursinia-</em></strong></span> 
     </span>
    </p>
   </div>
   <div class='ocr_carea' id='block_1_68' title="bbox 275 3619 1883 3695">
    <p class='ocr_par' dir='ltr' id='par_1_68' title="bbox 275 3619 1883 3695">
     <span class='ocr_line' id='line_1_68' title="bbox 275 3619 1883 3695; baseline -0.004 -13"><span class='ocrx_word' id='word_1_480' title='bbox 275 3623 541 3695; x_wconf 82' lang='lat' dir='ltr'><strong><em>nus,hoc</em></strong></span> <span class='ocrx_word' id='word_1_481' title='bbox 588 3623 679 3677; x_wconf 88' lang='lat' dir='ltr'><strong><em>ille</em></strong></span> <span class='ocrx_word' id='word_1_482' title='bbox 721 3637 826 3676; x_wconf 90' lang='lat' dir='ltr'><strong><em>non</em></strong></span> <span class='ocrx_word' id='word_1_483' title='bbox 874 3621 1128 3691; x_wconf 76' lang='lat' dir='ltr'><strong><em>exprimit</em></strong></span> <span class='ocrx_word' id='word_1_484' title='bbox 1158 3636 1262 3675; x_wconf 89' lang='lat' dir='ltr'><strong><em>non</em></strong></span> <span class='ocrx_word' id='word_1_485' title='bbox 1287 3621 1405 3675; x_wconf 87' lang='lat' dir='ltr'><strong><em>sine</em></strong></span> <span class='ocrx_word' id='word_1_486' title='bbox 1435 3619 1638 3684; x_wconf 88' lang='lat' dir='ltr'><strong><em>fraude,</em></strong></span> <span class='ocrx_word' id='word_1_487' title='bbox 1674 3629 1727 3675; x_wconf 89' lang='lat' dir='ltr'><strong><em>et</em></strong></span> <span class='ocrx_word' id='word_1_488' title='bbox 1755 3619 1883 3675; x_wconf 90' lang='lat' dir='ltr'><strong><em>dolo</em></strong></span> 
     </span>
    </p>
   </div>
   <div class='ocr_carea' id='block_1_69' title="bbox 274 3715 1884 3785">
    <p class='ocr_par' dir='ltr' id='par_1_69' title="bbox 274 3715 1884 3785">
     <span class='ocr_line' id='line_1_69' title="bbox 274 3715 1884 3785; baseline -0.003 -10"><span class='ocrx_word' id='word_1_489' title='bbox 274 3721 449 3775; x_wconf 85' lang='lat' dir='ltr'><strong><em>malo.</em></strong></span> <span class='ocrx_word' id='word_1_490' title='bbox 484 3718 608 3774; x_wconf 81' lang='lat' dir='ltr'><strong><em>Alio</em></strong></span> <span class='ocrx_word' id='word_1_491' title='bbox 653 3726 834 3772; x_wconf 90' lang='lat' dir='ltr'><strong><em>autem</em></strong></span> <span class='ocrx_word' id='word_1_492' title='bbox 884 3716 1003 3770; x_wconf 90' lang='lat' dir='ltr'><strong><em>loco</em></strong></span> <span class='ocrx_word' id='word_1_493' title='bbox 1029 3715 1231 3770; x_wconf 89' lang='lat' dir='ltr'><strong><em>dictum</em></strong></span> <span class='ocrx_word' id='word_1_494' title='bbox 1286 3715 1677 3785; x_wconf 88' lang='lat' dir='ltr'><strong><em>probatumque</em></strong></span> <span class='ocrx_word' id='word_1_495' title='bbox 1718 3730 1748 3769; x_wconf 88' lang='lat' dir='ltr'><strong><em>a</em></strong></span> <span class='ocrx_word' id='word_1_496' title='bbox 1796 3730 1884 3770; x_wconf 89' lang='lat' dir='ltr'><strong><em>me</em></strong></span> 
     </span>
    </p>
   </div>
   <div class='ocr_carea' id='block_1_70' title="bbox 274 3808 1883 3886">
    <p class='ocr_par' dir='ltr' id='par_1_70' title="bbox 274 3808 1883 3886">
     <span class='ocr_line' id='line_1_70' title="bbox 274 3808 1883 3886; baseline -0.005 -16"><span class='ocrx_word' id='word_1_497' title='bbox 274 3815 387 3873; x_wconf 77' lang='lat' dir='ltr'><strong><em>fuit</em></strong></span> <span class='ocrx_word' id='word_1_498' title='bbox 408 3812 488 3886; x_wconf 90' lang='lat' dir='ltr'><strong><em>(a)</em></strong></span> <span class='ocrx_word' id='word_1_499' title='bbox 515 3812 885 3868; x_wconf 86' lang='lat' dir='ltr'><strong><em>Luciferianos</em></strong></span> <span class='ocrx_word' id='word_1_500' title='bbox 911 3811 1057 3865; x_wconf 91' lang='lat' dir='ltr'><strong><em>nulla</em></strong></span> <span class='ocrx_word' id='word_1_501' title='bbox 1082 3811 1467 3879; x_wconf 83' lang='lat' dir='ltr'><strong><em>imperatorum</em></strong></span> <span class='ocrx_word' id='word_1_502' title='bbox 1492 3808 1610 3877; x_wconf 84' lang='lat' dir='ltr'><strong><em>lege</em></strong></span> <span class='ocrx_word' id='word_1_503' title='bbox 1638 3808 1883 3877; x_wconf 84' lang='lat' dir='ltr'><strong><em>prohibi-</em></strong></span> 
     </span>
    </p>
   </div>
   <div class='ocr_carea' id='block_1_71' title="bbox 276 3900 1885 3977">
    <p class='ocr_par' dir='ltr' id='par_1_71' title="bbox 276 3900 1885 3977">
     <span class='ocr_line' id='line_1_71' title="bbox 276 3900 1885 3977; baseline -0.007 -11"><span class='ocrx_word' id='word_1_504' title='bbox 276 3918 373 3967; x_wconf 85' lang='lat' dir='ltr'><strong><em>tos</em></strong></span> <span class='ocrx_word' id='word_1_505' title='bbox 400 3910 550 3977; x_wconf 90' lang='lat' dir='ltr'><strong><em>quiu,</em></strong></span> <span class='ocrx_word' id='word_1_506' title='bbox 579 3907 623 3961; x_wconf 91' lang='lat' dir='ltr'><strong><em>si</em></strong></span> <span class='ocrx_word' id='word_1_507' title='bbox 666 3903 1126 3973; x_wconf 86' lang='lat' dir='ltr'><strong><em>rebaptizantibus</em></strong></span> <span class='ocrx_word' id='word_1_508' title='bbox 1161 3917 1266 3956; x_wconf 92' lang='lat' dir='ltr'><strong><em>non</em></strong></span> <span class='ocrx_word' id='word_1_509' title='bbox 1297 3915 1355 3955; x_wconf 90' lang='lat' dir='ltr'><strong><em>se</em></strong></span> <span class='ocrx_word' id='word_1_510' title='bbox 1380 3900 1725 3971; x_wconf 89' lang='lat' dir='ltr'><strong><em>junxissent,</em></strong></span> <span class='ocrx_word' id='word_1_511' title='bbox 1753 3900 1885 3955; x_wconf 85' lang='lat' dir='ltr'><strong><em>libe-</em></strong></span> 
     </span>
    </p>
   </div>
   <div class='ocr_carea' id='block_1_72' title="bbox 277 3995 1886 4069">
    <p class='ocr_par' dir='ltr' id='par_1_72' title="bbox 277 3995 1886 4069">
     <span class='ocr_line' id='line_1_72' title="bbox 277 3995 1886 4069; baseline -0.007 -10"><span class='ocrx_word' id='word_1_512' title='bbox 277 4018 349 4059; x_wconf 83' lang='lat' dir='ltr'><strong><em>re</em></strong></span> <span class='ocrx_word' id='word_1_513' title='bbox 374 4017 486 4057; x_wconf 74' lang='lat' dir='ltr'><strong><em>sua:</em></strong></span> <span class='ocrx_word' id='word_1_514' title='bbox 513 3999 761 4069; x_wconf 75' lang='lat' dir='ltr'><strong><em>religioni</em></strong></span> <span class='ocrx_word' id='word_1_515' title='bbox 789 4007 1062 4053; x_wconf 78' lang='lat' dir='ltr'><strong><em>vacarent.</em></strong></span> <span class='ocrx_word' id='word_1_516' title='bbox 1093 3996 1249 4051; x_wconf 83' lang='lat' dir='ltr'><strong><em>Addo</em></strong></span> <span class='ocrx_word' id='word_1_517' title='bbox 1290 4010 1433 4050; x_wconf 90' lang='lat' dir='ltr'><strong><em>nunc</em></strong></span> <span class='ocrx_word' id='word_1_518' title='bbox 1474 4010 1735 4050; x_wconf 89' lang='lat' dir='ltr'><strong><em>cauonem</em></strong></span> <span class='ocrx_word' id='word_1_519' title='bbox 1768 3995 1886 4049; x_wconf 88' lang='lat' dir='ltr'><strong><em>nul-</em></strong></span> 
     </span>
    </p>
   </div>
   <div class='ocr_carea' id='block_1_73' title="bbox 278 4078 1887 4157">
    <p class='ocr_par' dir='ltr' id='par_1_73' title="bbox 278 4078 1887 4157">
     <span class='ocr_line' id='line_1_73' title="bbox 278 4078 1887 4157; baseline -0.007 -6"><span class='ocrx_word' id='word_1_520' title='bbox 278 4096 401 4151; x_wconf 87' lang='lat' dir='ltr'><strong><em>lum</em></strong></span> <span class='ocrx_word' id='word_1_521' title='bbox 446 4094 709 4148; x_wconf 79' lang='lat' dir='ltr'><strong><em>adversus</em></strong></span> <span class='ocrx_word' id='word_1_522' title='bbox 734 4107 831 4147; x_wconf 89' lang='lat' dir='ltr'><strong><em>eos</em></strong></span> <span class='ocrx_word' id='word_1_523' title='bbox 879 4078 1108 4155; x_wconf 88' lang='lat' dir='ltr'><strong><em>editum,</em></strong></span> <span class='ocrx_word' id='word_1_524' title='bbox 1159 4097 1286 4145; x_wconf 89' lang='lat' dir='ltr'><strong><em>ante</em></strong></span> <span class='ocrx_word' id='word_1_525' title='bbox 1336 4088 1887 4157; x_wconf 86' lang='lat' dir='ltr'><strong><em>Constantinopolita-</em></strong></span> 
     </span>
    </p>
   </div>
   <div class='ocr_carea' id='block_1_74' title="bbox 280 4180 1883 4259">
    <p class='ocr_par' dir='ltr' id='par_1_74' title="bbox 280 4180 1883 4259">
     <span class='ocr_line' id='line_1_74' title="bbox 280 4180 1883 4259; baseline -0.009 -13"><span class='ocrx_word' id='word_1_526' title='bbox 280 4205 421 4247; x_wconf 84' lang='lat' dir='ltr'><strong><em>num</em></strong></span> <span class='ocrx_word' id='word_1_527' title='bbox 478 4185 695 4259; x_wconf 88' lang='lat' dir='ltr'><strong><em>aliquod</em></strong></span> <span class='ocrx_word' id='word_1_528' title='bbox 752 4185 855 4239; x_wconf 90' lang='lat' dir='ltr'><strong><em>sub</em></strong></span> <span class='ocrx_word' id='word_1_529' title='bbox 898 4182 1148 4239; x_wconf 85' lang='lat' dir='ltr'><strong><em>Nectario</em></strong></span> <span class='ocrx_word' id='word_1_530' title='bbox 1199 4180 1510 4244; x_wconf 90' lang='lat' dir='ltr'><strong><em>concilium,</em></strong></span> <span class='ocrx_word' id='word_1_531' title='bbox 1560 4193 1883 4251; x_wconf 88' lang='lat' dir='ltr'><strong><em>quamquam</em></strong></span> 
     </span>
    </p>
   </div>
   <div class='ocr_carea' id='block_1_75' title="bbox 280 4270 1880 4353">
    <p class='ocr_par' dir='ltr' id='par_1_75' title="bbox 280 4270 1880 4353">
     <span class='ocr_line' id='line_1_75' title="bbox 280 4270 1880 4353; baseline -0.009 -14"><span class='ocrx_word' id='word_1_532' title='bbox 280 4282 491 4353; x_wconf 85' lang='lat' dir='ltr'><strong><em>ubique</em></strong></span> <span class='ocrx_word' id='word_1_533' title='bbox 540 4280 608 4335; x_wconf 89' lang='lat' dir='ltr'><strong><em>ab</em></strong></span> <span class='ocrx_word' id='word_1_534' title='bbox 651 4277 894 4334; x_wconf 84' lang='lat' dir='ltr'><strong><em>Ecclesia</em></strong></span> <span class='ocrx_word' id='word_1_535' title='bbox 938 4288 1192 4346; x_wconf 83' lang='lat' dir='ltr'><strong><em>segreges</em></strong></span> <span class='ocrx_word' id='word_1_536' title='bbox 1240 4273 1584 4336; x_wconf 89' lang='lat' dir='ltr'><strong><em>haberentur,</em></strong></span> <span class='ocrx_word' id='word_1_537' title='bbox 1634 4272 1687 4325; x_wconf 88' lang='lat' dir='ltr'><strong><em>in</em></strong></span> <span class='ocrx_word' id='word_1_538' title='bbox 1731 4270 1880 4326; x_wconf 86' lang='lat' dir='ltr'><strong><em>Occi-</em></strong></span> 
     </span>
    </p>
   </div>
   <div class='ocr_carea' id='block_1_76' title="bbox 284 4363 1889 4443">
    <p class='ocr_par' dir='ltr' id='par_1_76' title="bbox 284 4363 1889 4443">
     <span class='ocr_line' id='line_1_76' title="bbox 284 4363 1889 4443; baseline -0.009 -12"><span class='ocrx_word' id='word_1_539' title='bbox 284 4377 460 4431; x_wconf 87' lang='lat' dir='ltr'><strong><em>dente</em></strong></span> <span class='ocrx_word' id='word_1_540' title='bbox 503 4373 865 4443; x_wconf 85' lang='lat' dir='ltr'><strong><em>potissitnum.</em></strong></span> <span class='ocrx_word' id='word_1_541' title='bbox 912 4369 1032 4423; x_wconf 83' lang='lat' dir='ltr'><strong><em>Alia</em></strong></span> <span class='ocrx_word' id='word_1_542' title='bbox 1078 4368 1237 4437; x_wconf 87' lang='lat' dir='ltr'><strong><em>igitur</em></strong></span> <span class='ocrx_word' id='word_1_543' title='bbox 1278 4380 1439 4420; x_wconf 89' lang='lat' dir='ltr'><strong><em>causa</em></strong></span> <span class='ocrx_word' id='word_1_544' title='bbox 1488 4364 1656 4419; x_wconf 88' lang='lat' dir='ltr'><strong><em>fuisse</em></strong></span> <span class='ocrx_word' id='word_1_545' title='bbox 1702 4363 1889 4419; x_wconf 92' lang='lat' dir='ltr'><strong><em>debuit</em></strong></span> 
     </span>
    </p>
   </div>
   <div class='ocr_carea' id='block_1_77' title="bbox 284 4462 1889 4536">
    <p class='ocr_par' dir='ltr' id='par_1_77' title="bbox 284 4462 1889 4536">
     <span class='ocr_line' id='line_1_77' title="bbox 284 4462 1889 4536; baseline -0.009 -11"><span class='ocrx_word' id='word_1_546' title='bbox 284 4482 393 4525; x_wconf 87' lang='lat' dir='ltr'><strong><em>cur</em></strong></span> <span class='ocrx_word' id='word_1_547' title='bbox 438 4465 721 4536; x_wconf 81' lang='lat' dir='ltr'><strong><em>presbyter</em></strong></span> <span class='ocrx_word' id='word_1_548' title='bbox 765 4463 859 4518; x_wconf 90' lang='lat' dir='ltr'><strong><em>ille</em></strong></span> <span class='ocrx_word' id='word_1_549' title='bbox 889 4462 1144 4517; x_wconf 88' lang='lat' dir='ltr'><strong><em>collectas</em></strong></span> <span class='ocrx_word' id='word_1_550' title='bbox 1187 4474 1347 4529; x_wconf 86' lang='lat' dir='ltr'><strong><em>agere</em></strong></span> <span class='ocrx_word' id='word_1_551' title='bbox 1391 4474 1495 4512; x_wconf 91' lang='lat' dir='ltr'><strong><em>non</em></strong></span> <span class='ocrx_word' id='word_1_552' title='bbox 1529 4466 1742 4526; x_wconf 87' lang='lat' dir='ltr'><strong><em>posset,</em></strong></span> <span class='ocrx_word' id='word_1_553' title='bbox 1791 4472 1889 4511; x_wconf 88' lang='lat' dir='ltr'><strong><em>cur</em></strong></span> 
     </span>
    </p>
   </div>
   <div class='ocr_carea' id='block_1_78' title="bbox 1983 3251 3581 3327">
    <p class='ocr_par' dir='ltr' id='par_1_78' title="bbox 1983 3251 3581 3327">
     <span class='ocr_line' id='line_1_78' title="bbox 1983 3251 3581 3327; baseline -0.004 -17"><span class='ocrx_word' id='word_1_554' title='bbox 1983 3273 2097 3310; x_wconf 89' lang='lat' dir='ltr'><strong><em>rum</em></strong></span> <span class='ocrx_word' id='word_1_555' title='bbox 2124 3264 2313 3311; x_wconf 90' lang='lat' dir='ltr'><strong><em>contra</em></strong></span> <span class='ocrx_word' id='word_1_556' title='bbox 2341 3257 2605 3311; x_wconf 68' lang='lat' dir='ltr'><strong><em>hereticos</em></strong></span> <span class='ocrx_word' id='word_1_557' title='bbox 2634 3256 2976 3311; x_wconf 90' lang='lat' dir='ltr'><strong><em>solummodo</em></strong></span> <span class='ocrx_word' id='word_1_558' title='bbox 3006 3254 3343 3327; x_wconf 71' lang='lat' dir='ltr'><strong><em>promulgata?</em></strong></span> <span class='ocrx_word' id='word_1_559' title='bbox 3372 3251 3581 3306; x_wconf 78' lang='lat' dir='ltr'><strong><em>videan—</em></strong></span> 
     </span>
    </p>
   </div>
   <div class='ocr_carea' id='block_1_79' title="bbox 1986 3348 3584 3418">
    <p class='ocr_par' dir='ltr' id='par_1_79' title="bbox 1986 3348 3584 3418">
     <span class='ocr_line' id='line_1_79' title="bbox 1986 3348 3584 3418; baseline -0.001 -15"><span class='ocrx_word' id='word_1_560' title='bbox 1986 3360 2090 3415; x_wconf 86' lang='lat' dir='ltr'><strong><em>tur,</em></strong></span> <span class='ocrx_word' id='word_1_561' title='bbox 2127 3367 2229 3404; x_wconf 90' lang='lat' dir='ltr'><strong><em>non</em></strong></span> <span class='ocrx_word' id='word_1_562' title='bbox 2260 3362 2441 3406; x_wconf 88' lang='lat' dir='ltr'><strong><em>contra</em></strong></span> <span class='ocrx_word' id='word_1_563' title='bbox 2470 3367 2577 3416; x_wconf 90' lang='lat' dir='ltr'><strong><em>eos,</em></strong></span> <span class='ocrx_word' id='word_1_564' title='bbox 2634 3350 3004 3405; x_wconf 87' lang='lat' dir='ltr'><strong><em>Luciferianos</em></strong></span> <span class='ocrx_word' id='word_1_565' title='bbox 3042 3348 3271 3413; x_wconf 85' lang='lat' dir='ltr'><strong><em>scilicet,</em></strong></span> <span class='ocrx_word' id='word_1_566' title='bbox 3308 3348 3396 3418; x_wconf 86' lang='lat' dir='ltr'><strong><em>qui</em></strong></span> <span class='ocrx_word' id='word_1_567' title='bbox 3431 3363 3584 3401; x_wconf 87' lang='lat' dir='ltr'><strong><em>sanc-</em></strong></span> 
     </span>
    </p>
   </div>
   <div class='ocr_carea' id='block_1_80' title="bbox 1982 3440 3583 3513">
    <p class='ocr_par' dir='ltr' id='par_1_80' title="bbox 1982 3440 3583 3513">
     <span class='ocr_line' id='line_1_80' title="bbox 1982 3440 3583 3513; baseline -0.001 -16"><span class='ocrx_word' id='word_1_568' title='bbox 1982 3442 2231 3497; x_wconf 83' lang='lat' dir='ltr'><strong><em>tissimam</em></strong></span> <span class='ocrx_word' id='word_1_569' title='bbox 2300 3444 2456 3513; x_wconf 80' lang='lat' dir='ltr'><strong><em>ﬁdem</em></strong></span> <span class='ocrx_word' id='word_1_570' title='bbox 2531 3444 2640 3497; x_wconf 90' lang='lat' dir='ltr'><strong><em>sine</em></strong></span> <span class='ocrx_word' id='word_1_571' title='bbox 2685 3443 2864 3497; x_wconf 73' lang='lat' dir='ltr'><strong><em>sreculi</em></strong></span> <span class='ocrx_word' id='word_1_572' title='bbox 2928 3440 3203 3495; x_wconf 85' lang='lat' dir='ltr'><strong><em>ambitione</em></strong></span> <span class='ocrx_word' id='word_1_573' title='bbox 3267 3450 3583 3495; x_wconf 78' lang='lat' dir='ltr'><strong><em>conservent.</em></strong></span> 
     </span>
    </p>
   </div>
   <div class='ocr_carea' id='block_1_81' title="bbox 1984 3533 3588 3607">
    <p class='ocr_par' dir='ltr' id='par_1_81' title="bbox 1984 3533 3588 3607">
     <span class='ocr_line' id='line_1_81' title="bbox 1984 3533 3588 3607; baseline -0.002 -16"><span class='ocrx_word' id='word_1_574' title='bbox 1984 3535 2275 3591; x_wconf 90' lang='lat' dir='ltr'><strong><em>Damasum</em></strong></span> <span class='ocrx_word' id='word_1_575' title='bbox 2322 3547 2448 3591; x_wconf 92' lang='lat' dir='ltr'><strong><em>tunc</em></strong></span> <span class='ocrx_word' id='word_1_576' title='bbox 2494 3538 2726 3607; x_wconf 87' lang='lat' dir='ltr'><strong><em>primum</em></strong></span> <span class='ocrx_word' id='word_1_577' title='bbox 2782 3534 3084 3600; x_wconf 87' lang='lat' dir='ltr'><strong><em>erubuisse,</em></strong></span> <span class='ocrx_word' id='word_1_578' title='bbox 3143 3533 3282 3603; x_wconf 87' lang='lat' dir='ltr'><strong><em>quod</em></strong></span> <span class='ocrx_word' id='word_1_579' title='bbox 3338 3535 3588 3589; x_wconf 82' lang='lat' dir='ltr'><strong><em>iuventus</em></strong></span> 
     </span>
    </p>
   </div>
   <div class='ocr_carea' id='block_1_82' title="bbox 1979 3626 3588 3704">
    <p class='ocr_par' dir='ltr' id='par_1_82' title="bbox 1979 3626 3588 3704">
     <span class='ocr_line' id='line_1_82' title="bbox 1979 3626 3588 3704; baseline -0.006 -18"><span class='ocrx_word' id='word_1_580' title='bbox 1979 3633 2146 3704; x_wconf 85' lang='lat' dir='ltr'><strong><em>judex</em></strong></span> <span class='ocrx_word' id='word_1_581' title='bbox 2175 3639 2343 3696; x_wconf 88' lang='lat' dir='ltr'><strong><em>esset,</em></strong></span> <span class='ocrx_word' id='word_1_582' title='bbox 2373 3630 2462 3696; x_wconf 86' lang='lat' dir='ltr'><strong><em>qui</em></strong></span> <span class='ocrx_word' id='word_1_583' title='bbox 2491 3630 2632 3683; x_wconf 85' lang='lat' dir='ltr'><strong><em>solus</em></strong></span> <span class='ocrx_word' id='word_1_584' title='bbox 2658 3629 2950 3700; x_wconf 87' lang='lat' dir='ltr'><strong><em>imperialia</em></strong></span> <span class='ocrx_word' id='word_1_585' title='bbox 2978 3629 3225 3700; x_wconf 81' lang='lat' dir='ltr'><strong><em>rescriptu</em></strong></span> <span class='ocrx_word' id='word_1_586' title='bbox 3256 3627 3483 3697; x_wconf 82' lang='lat' dir='ltr'><strong><em>piissime</em></strong></span> <span class='ocrx_word' id='word_1_587' title='bbox 3503 3626 3588 3679; x_wconf 88' lang='lat' dir='ltr'><strong><em>in-</em></strong></span> 
     </span>
    </p>
   </div>
   <div class='ocr_carea' id='block_1_83' title="bbox 1986 3716 3587 3795">
    <p class='ocr_par' dir='ltr' id='par_1_83' title="bbox 1986 3716 3587 3795">
     <span class='ocr_line' id='line_1_83' title="bbox 1986 3716 3587 3795; baseline -0.008 -13"><span class='ocrx_word' id='word_1_588' title='bbox 1986 3734 2273 3795; x_wconf 84' lang='lat' dir='ltr'><strong><em>terpretans</em></strong></span> <span class='ocrx_word' id='word_1_589' title='bbox 2295 3732 2538 3777; x_wconf 85' lang='lat' dir='ltr'><strong><em>tueretur.</em></strong></span> <span class='ocrx_word' id='word_1_590' title='bbox 2565 3724 2863 3791; x_wconf 87' lang='lat' dir='ltr'><strong><em>Antequam</em></strong></span> <span class='ocrx_word' id='word_1_591' title='bbox 2896 3718 3232 3789; x_wconf 89' lang='lat' dir='ltr'><strong><em>progrediar,</em></strong></span> <span class='ocrx_word' id='word_1_592' title='bbox 3260 3730 3445 3787; x_wconf 70' lang='lat' dir='ltr'><strong><em>quaero</em></strong></span> <span class='ocrx_word' id='word_1_593' title='bbox 3466 3716 3587 3785; x_wconf 88' lang='lat' dir='ltr'><strong><em>quis</em></strong></span> 
     </span>
    </p>
   </div>
   <div class='ocr_carea' id='block_1_84' title="bbox 1984 3808 3587 3884">
    <p class='ocr_par' dir='ltr' id='par_1_84' title="bbox 1984 3808 3587 3884">
     <span class='ocr_line' id='line_1_84' title="bbox 1984 3808 3587 3884; baseline -0.006 -11"><span class='ocrx_word' id='word_1_594' title='bbox 1984 3819 2128 3874; x_wconf 87' lang='lat' dir='ltr'><strong><em>idem</em></strong></span> <span class='ocrx_word' id='word_1_595' title='bbox 2156 3817 2350 3872; x_wconf 86' lang='lat' dir='ltr'><strong><em>Bassus</em></strong></span> <span class='ocrx_word' id='word_1_596' title='bbox 2380 3815 2560 3880; x_wconf 89' lang='lat' dir='ltr'><strong><em>fuerit,</em></strong></span> <span class='ocrx_word' id='word_1_597' title='bbox 2588 3814 2753 3884; x_wconf 80' lang='lat' dir='ltr'><strong><em>jutlex</em></strong></span> <span class='ocrx_word' id='word_1_598' title='bbox 2787 3828 2853 3868; x_wconf 90' lang='lat' dir='ltr'><strong><em>eo</em></strong></span> <span class='ocrx_word' id='word_1_599' title='bbox 2885 3822 3126 3881; x_wconf 87' lang='lat' dir='ltr'><strong><em>tempore</em></strong></span> <span class='ocrx_word' id='word_1_600' title='bbox 3156 3810 3271 3865; x_wconf 85' lang='lat' dir='ltr'><strong><em>sive</em></strong></span> <span class='ocrx_word' id='word_1_601' title='bbox 3303 3808 3587 3877; x_wconf 69' lang='lat' dir='ltr'><strong><em>praefectus</em></strong></span> 
     </span>
    </p>
   </div>
   <div class='ocr_carea' id='block_1_85' title="bbox 1985 3901 3586 3979">
    <p class='ocr_par' dir='ltr' id='par_1_85' title="bbox 1985 3901 3586 3979">
     <span class='ocr_line' id='line_1_85' title="bbox 1985 3901 3586 3979; baseline -0.007 -12"><span class='ocrx_word' id='word_1_602' title='bbox 1985 3910 2138 3975; x_wconf 87' lang='lat' dir='ltr'><strong><em>Urbi,</em></strong></span> <span class='ocrx_word' id='word_1_603' title='bbox 2172 3909 2273 3965; x_wconf 89' lang='lat' dir='ltr'><strong><em>sub</em></strong></span> <span class='ocrx_word' id='word_1_604' title='bbox 2298 3925 2405 3979; x_wconf 91' lang='lat' dir='ltr'><strong><em>quo</em></strong></span> <span class='ocrx_word' id='word_1_605' title='bbox 2435 3923 2526 3964; x_wconf 89' lang='lat' dir='ltr'><strong><em>res</em></strong></span> <span class='ocrx_word' id='word_1_606' title='bbox 2548 3916 2664 3963; x_wconf 87' lang='lat' dir='ltr'><strong><em>acta</em></strong></span> <span class='ocrx_word' id='word_1_607' title='bbox 2696 3906 2896 3963; x_wconf 89' lang='lat' dir='ltr'><strong><em>dicitur</em></strong></span> <span class='ocrx_word' id='word_1_608' title='bbox 2922 3923 2937 3971; x_wconf 87' lang='lat'><strong>;</strong></span> <span class='ocrx_word' id='word_1_609' title='bbox 2968 3912 3155 3960; x_wconf 88' lang='lat' dir='ltr'><strong><em>notum</em></strong></span> <span class='ocrx_word' id='word_1_610' title='bbox 3186 3903 3330 3960; x_wconf 91' lang='lat' dir='ltr'><strong><em>enim</em></strong></span> <span class='ocrx_word' id='word_1_611' title='bbox 3365 3910 3471 3967; x_wconf 89' lang='lat' dir='ltr'><strong><em>est,</em></strong></span> <span class='ocrx_word' id='word_1_612' title='bbox 3496 3901 3586 3972; x_wconf 89' lang='lat' dir='ltr'><strong><em>qui</em></strong></span> 
     </span>
    </p>
   </div>
   <div class='ocr_carea' id='block_1_86' title="bbox 1986 3993 3588 4073">
    <p class='ocr_par' dir='ltr' id='par_1_86' title="bbox 1986 3993 3588 4073">
     <span class='ocr_line' id='line_1_86' title="bbox 1986 3993 3588 4073; baseline -0.006 -16"><span class='ocrx_word' id='word_1_613' title='bbox 1986 4002 2170 4058; x_wconf 89' lang='lat' dir='ltr'><strong><em>illicita</em></strong></span> <span class='ocrx_word' id='word_1_614' title='bbox 2202 4002 2428 4073; x_wconf 83' lang='lat' dir='ltr'><strong><em>collegia</em></strong></span> <span class='ocrx_word' id='word_1_615' title='bbox 2459 4000 2766 4057; x_wconf 90' lang='lat' dir='ltr'><strong><em>celebrasse</em></strong></span> <span class='ocrx_word' id='word_1_616' title='bbox 2792 3998 3134 4065; x_wconf 87' lang='lat' dir='ltr'><strong><em>dicebantur,</em></strong></span> <span class='ocrx_word' id='word_1_617' title='bbox 3174 3994 3315 4067; x_wconf 87' lang='lat' dir='ltr'><strong><em>apud</em></strong></span> <span class='ocrx_word' id='word_1_618' title='bbox 3360 3993 3588 4065; x_wconf 72' lang='lat' dir='ltr'><strong><em>prmfec-</em></strong></span> 
     </span>
    </p>
   </div>
   <div class='ocr_carea' id='block_1_87' title="bbox 1985 4086 3589 4160">
    <p class='ocr_par' dir='ltr' id='par_1_87' title="bbox 1985 4086 3589 4160">
     <span class='ocr_line' id='line_1_87' title="bbox 1985 4086 3589 4160; baseline -0.006 -10"><span class='ocrx_word' id='word_1_619' title='bbox 1985 4104 2097 4150; x_wconf 91' lang='lat' dir='ltr'><strong><em>tum</em></strong></span> <span class='ocrx_word' id='word_1_620' title='bbox 2128 4094 2287 4150; x_wconf 89' lang='lat' dir='ltr'><strong><em>Urbis</em></strong></span> <span class='ocrx_word' id='word_1_621' title='bbox 2331 4093 2571 4149; x_wconf 86' lang='lat' dir='ltr'><strong><em>accusari</em></strong></span> <span class='ocrx_word' id='word_1_622' title='bbox 2604 4092 2878 4147; x_wconf 89' lang='lat' dir='ltr'><strong><em>debuisse.</em></strong></span> <span class='ocrx_word' id='word_1_623' title='bbox 2914 4091 3145 4157; x_wconf 87' lang='lat' dir='ltr'><strong><em>Bassus,</em></strong></span> <span class='ocrx_word' id='word_1_624' title='bbox 3178 4089 3269 4160; x_wconf 89' lang='lat' dir='ltr'><strong><em>qui</em></strong></span> <span class='ocrx_word' id='word_1_625' title='bbox 3302 4086 3589 4159; x_wconf 55' lang='lat' dir='ltr'><strong><em>praefectus</em></strong></span> 
     </span>
    </p>
   </div>
   <div class='ocr_carea' id='block_1_88' title="bbox 1990 4182 3586 4256">
    <p class='ocr_par' dir='ltr' id='par_1_88' title="bbox 1990 4182 3586 4256">
     <span class='ocr_line' id='line_1_88' title="bbox 1990 4182 3586 4256; baseline -0.004 -14"><span class='ocrx_word' id='word_1_626' title='bbox 1990 4187 2116 4244; x_wconf 92' lang='lat' dir='ltr'><strong><em>Urbi</em></strong></span> <span class='ocrx_word' id='word_1_627' title='bbox 2143 4188 2257 4253; x_wconf 90' lang='lat' dir='ltr'><strong><em>fuit,</em></strong></span> <span class='ocrx_word' id='word_1_628' title='bbox 2286 4196 2445 4242; x_wconf 86' lang='lat' dir='ltr'><strong><em>antea</em></strong></span> <span class='ocrx_word' id='word_1_629' title='bbox 2474 4202 2633 4256; x_wconf 81' lang='lat' dir='ltr'><strong><em>quam</em></strong></span> <span class='ocrx_word' id='word_1_630' title='bbox 2658 4186 2723 4239; x_wconf 88' lang='lat' dir='ltr'><strong><em>ad</em></strong></span> <span class='ocrx_word' id='word_1_631' title='bbox 2751 4201 2869 4239; x_wconf 84' lang='lat' dir='ltr'><strong><em>eam</em></strong></span> <span class='ocrx_word' id='word_1_632' title='bbox 2897 4183 3213 4254; x_wconf 83' lang='lat' dir='ltr'><strong><em>dignitatem</em></strong></span> <span class='ocrx_word' id='word_1_633' title='bbox 3245 4182 3586 4246; x_wconf 89' lang='lat' dir='ltr'><strong><em>ascenderet,</em></strong></span> 
     </span>
    </p>
   </div>
   <div class='ocr_carea' id='block_1_89' title="bbox 1986 4274 3587 4349">
    <p class='ocr_par' dir='ltr' id='par_1_89' title="bbox 1986 4274 3587 4349">
     <span class='ocr_line' id='line_1_89' title="bbox 1986 4274 3587 4349; baseline -0.004 -16"><span class='ocrx_word' id='word_1_634' title='bbox 1986 4278 2295 4349; x_wconf 70' lang='lat' dir='ltr'><strong><em>Campania:</em></strong></span> <span class='ocrx_word' id='word_1_635' title='bbox 2349 4278 2653 4333; x_wconf 90' lang='lat' dir='ltr'><strong><em>consularis</em></strong></span> <span class='ocrx_word' id='word_1_636' title='bbox 2712 4276 2906 4343; x_wconf 88' lang='lat' dir='ltr'><strong><em>fuerat,</em></strong></span> <span class='ocrx_word' id='word_1_637' title='bbox 2957 4285 3016 4329; x_wconf 92' lang='lat' dir='ltr'><strong><em>ut</em></strong></span> <span class='ocrx_word' id='word_1_638' title='bbox 3078 4291 3143 4331; x_wconf 81' lang='lat' dir='ltr'><strong><em>ex</em></strong></span> <span class='ocrx_word' id='word_1_639' title='bbox 3195 4274 3587 4344; x_wconf 86' lang='lat' dir='ltr'><strong><em>inscriptione,</em></strong></span> 
     </span>
    </p>
   </div>
   <div class='ocr_carea' id='block_1_90' title="bbox 1987 4365 3587 4443">
    <p class='ocr_par' dir='ltr' id='par_1_90' title="bbox 1987 4365 3587 4443">
     <span class='ocr_line' id='line_1_90' title="bbox 1987 4365 3587 4443; baseline -0.006 -17"><span class='ocrx_word' id='word_1_640' title='bbox 1987 4388 2147 4443; x_wconf 91' lang='lat' dir='ltr'><strong><em>quam</em></strong></span> <span class='ocrx_word' id='word_1_641' title='bbox 2180 4371 2475 4425; x_wconf 81' lang='lat' dir='ltr'><strong><em>mutilatum</em></strong></span> <span class='ocrx_word' id='word_1_642' title='bbox 2509 4368 2854 4434; x_wconf 88' lang='lat' dir='ltr'><strong><em>Sirmondns,</em></strong></span> <span class='ocrx_word' id='word_1_643' title='bbox 2898 4367 3159 4437; x_wconf 81' lang='lat' dir='ltr'><strong><em>integram</em></strong></span> <span class='ocrx_word' id='word_1_644' title='bbox 3192 4365 3476 4443; x_wconf 83' lang='lat' dir='ltr'><strong><em>Reinesius</em></strong></span> <span class='ocrx_word' id='word_1_645' title='bbox 3503 4372 3587 4417; x_wconf 88' lang='lat' dir='ltr'><strong><em>at-</em></strong></span> 
     </span>
    </p>
   </div>
   <div class='ocr_carea' id='block_1_91' title="bbox 1990 4442 3590 4536">
    <p class='ocr_par' dir='ltr' id='par_1_91' title="bbox 1990 4442 3590 4536">
     <span class='ocr_line' id='line_1_91' title="bbox 1990 4442 3590 4536; baseline -0.006 -19"><span class='ocrx_word' id='word_1_646' title='bbox 1990 4442 2110 4518; x_wconf 86' lang='lat' dir='ltr'><strong><em>tulit</em></strong></span> <span class='ocrx_word' id='word_1_647' title='bbox 2140 4462 2215 4536; x_wconf 90' lang='lat' dir='ltr'><strong><em>(b)</em></strong></span> <span class='ocrx_word' id='word_1_648' title='bbox 2256 4460 2539 4516; x_wconf 89' lang='lat' dir='ltr'><strong><em>manifeste</em></strong></span> <span class='ocrx_word' id='word_1_649' title='bbox 2565 4460 2824 4515; x_wconf 88' lang='lat' dir='ltr'><strong><em>discimus</em></strong></span> <span class='ocrx_word' id='word_1_650' title='bbox 2861 4466 2956 4513; x_wconf 90' lang='lat' dir='ltr'><strong><em>:at</em></strong></span> <span class='ocrx_word' id='word_1_651' title='bbox 2997 4459 3087 4528; x_wconf 90' lang='lat' dir='ltr'><strong><em>qni</em></strong></span> <span class='ocrx_word' id='word_1_652' title='bbox 3118 4442 3431 4527; x_wconf 74' lang='lat' dir='ltr'><strong><em>Campania:</em></strong></span> <span class='ocrx_word' id='word_1_653' title='bbox 3460 4469 3590 4509; x_wconf 90' lang='lat' dir='ltr'><strong><em>con-</em></strong></span> 
     </span>
    </p>
   </div>
   <div class='ocr_carea' id='block_1_92' title="bbox 286 4537 3588 4628">
    <p class='ocr_par' dir='ltr' id='par_1_92' title="bbox 286 4537 3588 4628">
     <span class='ocr_line' id='line_1_92' title="bbox 286 4537 3588 4628; baseline -0.006 -11"><span class='ocrx_word' id='word_1_654' title='bbox 286 4558 719 4628; x_wconf 88' lang='lat' dir='ltr'><strong><em>comprehensus</em></strong></span> <span class='ocrx_word' id='word_1_655' title='bbox 743 4556 1025 4609; x_wconf 88' lang='lat' dir='ltr'><strong><em>Damasum</em></strong></span> <span class='ocrx_word' id='word_1_656' title='bbox 1051 4566 1148 4623; x_wconf 86' lang='lat' dir='ltr'><strong><em>pro</em></strong></span> <span class='ocrx_word' id='word_1_657' title='bbox 1177 4552 1418 4621; x_wconf 88' lang='lat' dir='ltr'><strong><em>legitimo</em></strong></span> <span class='ocrx_word' id='word_1_658' title='bbox 1444 4548 1605 4606; x_wconf 92' lang='lat' dir='ltr'><strong><em>Urbis</em></strong></span> <span class='ocrx_word' id='word_1_659' title='bbox 1631 4548 1885 4621; x_wconf 78' lang='lat' dir='ltr'><strong><em>episcopo</em></strong></span> <span class='ocrx_word' id='word_1_660' title='bbox 1915 4537 1963 4596; x_wconf 78' lang='grc' dir='ltr'><strong><em>Ι)</em></strong></span> <span class='ocrx_word' id='word_1_661' title='bbox 1990 4554 2187 4610; x_wconf 80' lang='lat' dir='ltr'><strong><em>sularis</em></strong></span> <span class='ocrx_word' id='word_1_662' title='bbox 2216 4552 2338 4619; x_wconf 86' lang='lat' dir='ltr'><strong><em>fuit,</em></strong></span> <span class='ocrx_word' id='word_1_663' title='bbox 2387 4552 2606 4608; x_wconf 77' lang='lat' dir='ltr'><strong><em>Anicius</em></strong></span> <span class='ocrx_word' id='word_1_664' title='bbox 2633 4549 2946 4606; x_wconf 85' lang='lat' dir='ltr'><strong><em>Auehenius</em></strong></span> <span class='ocrx_word' id='word_1_665' title='bbox 2990 4551 3162 4603; x_wconf 90' lang='lat' dir='ltr'><strong><em>dictus</em></strong></span> <span class='ocrx_word' id='word_1_666' title='bbox 3192 4557 3272 4603; x_wconf 89' lang='lat' dir='ltr'><strong><em>est</em></strong></span> <span class='ocrx_word' id='word_1_667' title='bbox 3292 4588 3306 4613; x_wconf 94' lang='lat'><strong><em>,</em></strong></span> <span class='ocrx_word' id='word_1_668' title='bbox 3341 4556 3395 4601; x_wconf 89' lang='lat' dir='ltr'><strong><em>ut</em></strong></span> <span class='ocrx_word' id='word_1_669' title='bbox 3447 4545 3588 4600; x_wconf 89' lang='lat' dir='ltr'><strong><em>idem</em></strong></span> 
     </span>
    </p>
   </div>
   <div class='ocr_carea' id='block_1_93' title="bbox 287 4642 1884 4719">
    <p class='ocr_par' dir='ltr' id='par_1_93' title="bbox 287 4642 1884 4719">
     <span class='ocr_line' id='line_1_93' title="bbox 287 4642 1884 4719; baseline -0.009 -12"><span class='ocrx_word' id='word_1_670' title='bbox 287 4651 498 4707; x_wconf 88' lang='lat' dir='ltr'><strong><em>habere</em></strong></span> <span class='ocrx_word' id='word_1_671' title='bbox 524 4650 827 4719; x_wconf 73' lang='lat' dir='ltr'><strong><em>iuberetur,</em></strong></span> <span class='ocrx_word' id='word_1_672' title='bbox 856 4662 953 4701; x_wconf 87' lang='lat' dir='ltr'><strong><em>cur</em></strong></span> <span class='ocrx_word' id='word_1_673' title='bbox 993 4644 1190 4701; x_wconf 89' lang='lat' dir='ltr'><strong><em>deinde</em></strong></span> <span class='ocrx_word' id='word_1_674' title='bbox 1216 4651 1528 4707; x_wconf 83' lang='lat' dir='ltr'><strong><em>contumax,</em></strong></span> <span class='ocrx_word' id='word_1_675' title='bbox 1557 4650 1612 4696; x_wconf 93' lang='lat' dir='ltr'><strong><em>et</em></strong></span> <span class='ocrx_word' id='word_1_676' title='bbox 1638 4642 1884 4698; x_wconf 63' lang='lat' dir='ltr'><strong><em>obfirma.</em></strong></span> 
     </span>
    </p>
   </div>
   <div class='ocr_carea' id='block_1_94' title="bbox 288 4736 1889 4808">
    <p class='ocr_par' dir='ltr' id='par_1_94' title="bbox 288 4736 1889 4808">
     <span class='ocr_line' id='line_1_94' title="bbox 288 4736 1889 4808; baseline -0.007 -8"><span class='ocrx_word' id='word_1_677' title='bbox 288 4754 383 4801; x_wconf 86' lang='lat' dir='ltr'><strong><em>tus</em></strong></span> <span class='ocrx_word' id='word_1_678' title='bbox 404 4758 527 4797; x_wconf 88' lang='lat' dir='ltr'><strong><em>cum</em></strong></span> <span class='ocrx_word' id='word_1_679' title='bbox 561 4752 726 4808; x_wconf 89' lang='lat' dir='ltr'><strong><em>esset,</em></strong></span> <span class='ocrx_word' id='word_1_680' title='bbox 760 4741 812 4796; x_wconf 92' lang='lat' dir='ltr'><strong><em>in</em></strong></span> <span class='ocrx_word' id='word_1_681' title='bbox 846 4739 1095 4796; x_wconf 82' lang='lat' dir='ltr'><strong><em>exsilium</em></strong></span> <span class='ocrx_word' id='word_1_682' title='bbox 1123 4736 1309 4807; x_wconf 90' lang='lat' dir='ltr'><strong><em>pulsus</em></strong></span> <span class='ocrx_word' id='word_1_683' title='bbox 1336 4743 1440 4801; x_wconf 59' lang='lat' dir='ltr'><strong><em>est,</em></strong></span> <span class='ocrx_word' id='word_1_684' title='bbox 1476 4745 1671 4805; x_wconf 74' lang='lat' dir='ltr'><strong><em>prmter</em></strong></span> <span class='ocrx_word' id='word_1_685' title='bbox 1697 4750 1889 4801; x_wconf 90' lang='lat' dir='ltr'><strong><em>unam,</em></strong></span> 
     </span>
    </p>
   </div>
   <div class='ocr_carea' id='block_1_95' title="bbox 290 4827 1893 4907">
    <p class='ocr_par' dir='ltr' id='par_1_95' title="bbox 290 4827 1893 4907">
     <span class='ocr_line' id='line_1_95' title="bbox 290 4827 1893 4907; baseline -0.006 -14"><span class='ocrx_word' id='word_1_686' title='bbox 290 4837 552 4907; x_wconf 84' lang='lat' dir='ltr'><strong><em>nullaque</em></strong></span> <span class='ocrx_word' id='word_1_687' title='bbox 594 4836 805 4907; x_wconf 87' lang='lat' dir='ltr'><strong><em>publica</em></strong></span> <span class='ocrx_word' id='word_1_688' title='bbox 852 4842 946 4888; x_wconf 91' lang='lat' dir='ltr'><strong><em>aut</em></strong></span> <span class='ocrx_word' id='word_1_689' title='bbox 996 4830 1165 4896; x_wconf 88' lang='lat' dir='ltr'><strong><em>civili,</em></strong></span> <span class='ocrx_word' id='word_1_690' title='bbox 1219 4837 1314 4884; x_wconf 89' lang='lat' dir='ltr'><strong><em>aut</em></strong></span> <span class='ocrx_word' id='word_1_691' title='bbox 1360 4827 1724 4885; x_wconf 83' lang='lat' dir='ltr'><strong><em>ecclesiastica</em></strong></span> <span class='ocrx_word' id='word_1_692' title='bbox 1776 4830 1893 4898; x_wconf 83' lang='lat' dir='ltr'><strong><em>lege</em></strong></span> 
     </span>
    </p>
   </div>
   <div class='ocr_carea' id='block_1_96' title="bbox 291 4921 1897 4997">
    <p class='ocr_par' dir='ltr' id='par_1_96' title="bbox 291 4921 1897 4997">
     <span class='ocr_line' id='line_1_96' title="bbox 291 4921 1897 4997; baseline -0.006 -10"><span class='ocrx_word' id='word_1_693' title='bbox 291 4932 647 4997; x_wconf 83' lang='lat' dir='ltr'><strong><em>damnatam,</em></strong></span> <span class='ocrx_word' id='word_1_694' title='bbox 698 4926 1024 4984; x_wconf 83' lang='lat' dir='ltr'><strong><em>Luciferiani</em></strong></span> <span class='ocrx_word' id='word_1_695' title='bbox 1076 4922 1311 4979; x_wconf 90' lang='lat' dir='ltr'><strong><em>nominis</em></strong></span> <span class='ocrx_word' id='word_1_696' title='bbox 1362 4921 1774 4992; x_wconf 83' lang='lat' dir='ltr'><strong><em>professionem.</em></strong></span> <span class='ocrx_word' id='word_1_697' title='bbox 1825 4923 1897 4977; x_wconf 89' lang='lat' dir='ltr'><strong><em>At</em></strong></span> 
     </span>
    </p>
   </div>
   <div class='ocr_carea' id='block_1_97' title="bbox 293 5013 1896 5096">
    <p class='ocr_par' dir='ltr' id='par_1_97' title="bbox 293 5013 1896 5096">
     <span class='ocr_line' id='line_1_97' title="bbox 293 5013 1896 5096; baseline -0.006 -17"><span class='ocrx_word' id='word_1_698' title='bbox 293 5042 420 5096; x_wconf 71' lang='lat' dir='ltr'><strong><em>qua:</em></strong></span> <span class='ocrx_word' id='word_1_699' title='bbox 465 5024 569 5078; x_wconf 84' lang='lat' dir='ltr'><strong><em>alia</em></strong></span> <span class='ocrx_word' id='word_1_700' title='bbox 616 5022 796 5077; x_wconf 83' lang='lat' dir='ltr'><strong><em>all&#39;erri</em></strong></span> <span class='ocrx_word' id='word_1_701' title='bbox 852 5019 1051 5091; x_wconf 88' lang='lat' dir='ltr'><strong><em>poterit</em></strong></span> <span class='ocrx_word' id='word_1_702' title='bbox 1101 5024 1300 5085; x_wconf 65' lang='lat' dir='ltr'><strong><em>praeter</em></strong></span> <span class='ocrx_word' id='word_1_703' title='bbox 1348 5013 1724 5069; x_wconf 82' lang='lat' dir='ltr'><strong><em>confirmatum</em></strong></span> <span class='ocrx_word' id='word_1_704' title='bbox 1776 5015 1896 5084; x_wconf 88' lang='lat' dir='ltr'><strong><em>ejus</em></strong></span> 
     </span>
    </p>
   </div>
   <div class='ocr_carea' id='block_1_98' title="bbox 295 5105 1893 5188">
    <p class='ocr_par' dir='ltr' id='par_1_98' title="bbox 295 5105 1893 5188">
     <span class='ocr_line' id='line_1_98' title="bbox 295 5105 1893 5188; baseline -0.008 -16"><span class='ocrx_word' id='word_1_705' title='bbox 295 5115 602 5188; x_wconf 80' lang='lat' dir='ltr'><strong><em>presbyteri</em></strong></span> <span class='ocrx_word' id='word_1_706' title='bbox 653 5115 705 5168; x_wconf 84' lang='lat' dir='ltr'><strong><em>in</em></strong></span> <span class='ocrx_word' id='word_1_707' title='bbox 754 5111 1042 5168; x_wconf 87' lang='lat' dir='ltr'><strong><em>schismate</em></strong></span> <span class='ocrx_word' id='word_1_708' title='bbox 1085 5106 1377 5164; x_wconf 89' lang='lat' dir='ltr'><strong><em>Ursiniano</em></strong></span> <span class='ocrx_word' id='word_1_709' title='bbox 1423 5105 1661 5160; x_wconf 88' lang='lat' dir='ltr'><strong><em>animum</em></strong></span> <span class='ocrx_word' id='word_1_710' title='bbox 1689 5146 1705 5171; x_wconf 93' lang='lat'><strong><em>,</em></strong></span> <span class='ocrx_word' id='word_1_711' title='bbox 1752 5106 1893 5176; x_wconf 88' lang='lat' dir='ltr'><strong><em>quod</em></strong></span> 
     </span>
    </p>
   </div>
   <div class='ocr_carea' id='block_1_99' title="bbox 295 5199 1897 5285">
    <p class='ocr_par' dir='ltr' id='par_1_99' title="bbox 295 5199 1897 5285">
     <span class='ocr_line' id='line_1_99' title="bbox 295 5199 1897 5285; baseline -0.006 -19"><span class='ocrx_word' id='word_1_712' title='bbox 295 5210 659 5285; x_wconf 83' lang='lat' dir='ltr'><strong><em>imperatores</em></strong></span> <span class='ocrx_word' id='word_1_713' title='bbox 706 5206 915 5262; x_wconf 86' lang='lat' dir='ltr'><strong><em>iteratis</em></strong></span> <span class='ocrx_word' id='word_1_714' title='bbox 961 5202 1168 5273; x_wconf 85' lang='lat' dir='ltr'><strong><em>legibus</em></strong></span> <span class='ocrx_word' id='word_1_715' title='bbox 1213 5199 1389 5273; x_wconf 88' lang='lat' dir='ltr'><strong><em>puniri</em></strong></span> <span class='ocrx_word' id='word_1_716' title='bbox 1415 5200 1742 5270; x_wconf 85' lang='lat' dir='ltr'><strong><em>jusserant?</em></strong></span> <span class='ocrx_word' id='word_1_717' title='bbox 1782 5199 1897 5256; x_wconf 86' lang='lat' dir='ltr'><strong><em>Hoc</em></strong></span> 
     </span>
    </p>
   </div>
   <div class='ocr_carea' id='block_1_100' title="bbox 397 5349 1518 5429">
    <p class='ocr_par' dir='ltr' id='par_1_100' title="bbox 397 5349 1518 5429">
     <span class='ocr_line' id='line_1_100' title="bbox 397 5349 1518 5429; baseline -0.001 0"><span class='ocrx_word' id='word_1_718' title='bbox 397 5356 455 5429; x_wconf 79' lang='grc' dir='ltr'><strong><em>α)</em></strong></span> <span class='ocrx_word' id='word_1_719' title='bbox 513 5353 640 5429; x_wconf 53' lang='lat' dir='ltr'><strong><em>yid:</em></strong></span> <span class='ocrx_word' id='word_1_720' title='bbox 667 5349 873 5429; x_wconf 56' lang='lat' dir='ltr'><strong><em>93px9°</em></strong></span> <span class='ocrx_word' id='word_1_721' title='bbox 1025 5419 1058 5429; x_wconf 95' lang='lat'><em>_</em></span> <span class='ocrx_word' id='word_1_722' title='bbox 1110 5416 1149 5429; x_wconf 72' lang='lat'><strong><em>..</em></strong></span> <span class='ocrx_word' id='word_1_723' title='bbox 1191 5417 1203 5428; x_wconf 93' lang='lat'><strong><em>.</em></strong></span> <span class='ocrx_word' id='word_1_724' title='bbox 1414 5414 1518 5429; x_wconf 69' lang='grc' dir='ltr'><strong><em>-.η-</em></strong></span> 
     </span>
    </p>
   </div>
   <div class='ocr_carea' id='block_1_101' title="bbox 398 5414 1539 5495">
    <p class='ocr_par' dir='ltr' id='par_1_101' title="bbox 398 5414 1539 5495">
     <span class='ocr_line' id='line_1_101' title="bbox 398 5414 1539 5495; baseline -0.012 -12"><span class='ocrx_word' id='word_1_725' title='bbox 398 5414 457 5495; x_wconf 60' lang='grc' dir='ltr'><strong><em>ὺῖ</em></strong></span> <span class='ocrx_word' id='word_1_726' title='bbox 512 5426 586 5482; x_wconf 88' lang='lat' dir='ltr'><strong><em>De</em></strong></span> <span class='ocrx_word' id='word_1_727' title='bbox 607 5414 843 5482; x_wconf 78' lang='lat' dir='ltr'><strong><em>Suburb.</em></strong></span> <span class='ocrx_word' id='word_1_728' title='bbox 871 5434 993 5495; x_wconf 70' lang='lat' dir='ltr'><strong><em>cap.</em></strong></span> <span class='ocrx_word' id='word_1_729' title='bbox 1025 5416 1264 5495; x_wconf 79' lang='lat' dir='ltr'><strong><em>5,_Rein.</em></strong></span> <span class='ocrx_word' id='word_1_730' title='bbox 1285 5455 1301 5481; x_wconf 91' lang='lat'><strong><em>,</em></strong></span> <span class='ocrx_word' id='word_1_731' title='bbox 1335 5431 1388 5487; x_wconf 90' lang='lat' dir='ltr'><strong><em>p.</em></strong></span> <span class='ocrx_word' id='word_1_732' title='bbox 1414 5414 1539 5471; x_wconf 78' lang='lat'><strong><em>395.</em></strong></span> 
     </span>
    </p>
   </div>
   <div class='ocr_carea' id='block_1_102' title="bbox 369 5435 1287 5575">
    <p class='ocr_par' dir='ltr' id='par_1_102' title="bbox 369 5435 1287 5575">
     <span class='ocr_line' id='line_1_102' title="bbox 372 5435 1287 5545; baseline -0.017 -61"><span class='ocrx_word' id='word_1_733' title='bbox 372 5435 457 5503; x_wconf 71' lang='grc' dir='ltr'><strong>(ὁ)</strong></span> <span class='ocrx_word' id='word_1_734' title='bbox 513 5435 586 5482; x_wconf 88' lang='lat' dir='ltr'><strong><em>De</em></strong></span> <span class='ocrx_word' id='word_1_735' title='bbox 607 5435 843 5482; x_wconf 69' lang='lat' dir='ltr'><strong><em>Subura.</em></strong></span> <span class='ocrx_word' id='word_1_736' title='bbox 871 5435 993 5545; x_wconf 48' lang='lat' dir='ltr'><strong><em>eos.</em></strong></span> <span class='ocrx_word' id='word_1_737' title='bbox 1025 5435 1080 5484; x_wconf 67' lang='lat' dir='ltr'><strong><em>‘o,</em></strong></span> <span class='ocrx_word' id='word_1_738' title='bbox 1110 5435 1287 5473; x_wconf 34' lang='lat' dir='ltr'><strong><em>nem&quot;</em></strong></span> 
     </span>
     <span class='ocr_line' id='line_1_103' title="bbox 369 5489 1287 5575; baseline -0.016 -19"><span class='ocrx_word' id='word_1_739' title='bbox 369 5500 452 5575; x_wconf 86' lang='lat' dir='ltr'><strong><em>(c)</em></strong></span> <span class='ocrx_word' id='word_1_740' title='bbox 915 5562 957 5575; x_wconf 46' lang='lat' dir='ltr'><strong>ﬁ</strong></span> <span class='ocrx_word' id='word_1_741' title='bbox 972 5489 1287 5575; x_wconf 54' lang='lat' dir='ltr'><strong><em>ao“Su.u:ra</em></strong></span> 
     </span>
    </p>
   </div>
   <div class='ocr_carea' id='block_1_103' title="bbox 915 5560 1296 5617">
    <p class='ocr_par' dir='ltr' id='par_1_103' title="bbox 915 5560 1296 5617">
     <span class='ocr_line' id='line_1_104' title="bbox 915 5560 1296 5617; baseline -0.01 0"><span class='ocrx_word' id='word_1_742' title='bbox 915 5562 995 5617; x_wconf 81' lang='grc' dir='ltr'><strong><em>Εἰ·</em></strong></span> <span class='ocrx_word' id='word_1_743' title='bbox 1038 5560 1296 5616; x_wconf 76' lang='lat' dir='ltr'><strong><em>Vtc&#39;roaut</em></strong></span> 
     </span>
    </p>
   </div>
   <div class='ocr_carea' id='block_1_104' title="bbox 828 5630 1376 5691">
    <p class='ocr_par' dir='ltr' id='par_1_104' title="bbox 828 5630 1376 5691">
     <span class='ocr_line' id='line_1_105' title="bbox 828 5630 1376 5691; baseline -0.011 0"><span class='ocrx_word' id='word_1_744' title='bbox 828 5633 941 5691; x_wconf 91' lang='lat' dir='ltr'><strong><em>DD.</em></strong></span> <span class='ocrx_word' id='word_1_745' title='bbox 973 5630 1085 5687; x_wconf 86' lang='lat' dir='ltr'><strong><em>NN.</em></strong></span> <span class='ocrx_word' id='word_1_746' title='bbox 1112 5630 1376 5687; x_wconf 63' lang='lat' dir='ltr'><strong><em>Gnarum</em></strong></span> 
     </span>
    </p>
   </div>
   <div class='ocr_carea' id='block_1_105' title="bbox 629 5701 1565 5767">
    <p class='ocr_par' dir='ltr' id='par_1_105' title="bbox 629 5701 1565 5767">
     <span class='ocr_line' id='line_1_106' title="bbox 629 5701 1565 5767; baseline -0.01 0"><span class='ocrx_word' id='word_1_747' title='bbox 629 5725 699 5767; x_wconf 72' lang='grc' dir='ltr'><strong><em>ετ</em></strong></span> <span class='ocrx_word' id='word_1_748' title='bbox 720 5707 819 5765; x_wconf 72' lang='grc' dir='ltr'><strong><em>Ὲι.</em></strong></span> <span class='ocrx_word' id='word_1_749' title='bbox 852 5704 1144 5762; x_wconf 78' lang='lat' dir='ltr'><strong><em>Tnsonostt</em></strong></span> <span class='ocrx_word' id='word_1_750' title='bbox 1169 5702 1275 5765; x_wconf 82' lang='lat' dir='ltr'><strong><em>PP.</em></strong></span> <span class='ocrx_word' id='word_1_751' title='bbox 1314 5701 1421 5767; x_wconf 71' lang='lat' dir='ltr'><strong><em>EF.</em></strong></span> <span class='ocrx_word' id='word_1_752' title='bbox 1452 5701 1565 5761; x_wconf 71' lang='lat' dir='ltr'><strong><em>AA.</em></strong></span> 
     </span>
    </p>
   </div>
   <div class='ocr_carea' id='block_1_106' title="bbox 664 5764 1510 5855">
    <p class='ocr_par' dir='ltr' id='par_1_106' title="bbox 664 5764 1510 5855">
     <span class='ocr_line' id='line_1_107' title="bbox 664 5764 1510 5855; baseline -0.009 -18"><span class='ocrx_word' id='word_1_753' title='bbox 664 5764 945 5855; x_wconf 35' lang='lat' dir='ltr'><strong><em>:Atntntts,</em></strong></span> <span class='ocrx_word' id='word_1_754' title='bbox 973 5764 1280 5832; x_wconf 64' lang='lat' dir='ltr'><strong><em>Accusatus</em></strong></span> <span class='ocrx_word' id='word_1_755' title='bbox 1310 5764 1510 5829; x_wconf 62' lang='lat' dir='ltr'><strong><em>Bassus</em></strong></span> 
     </span>
    </p>
   </div>
   <div class='ocr_carea' id='block_1_107' title="bbox 1993 4642 3592 4719">
    <p class='ocr_par' dir='ltr' id='par_1_107' title="bbox 1993 4642 3592 4719">
     <span class='ocr_line' id='line_1_108' title="bbox 1993 4642 3592 4719; baseline -0.009 -15"><span class='ocrx_word' id='word_1_756' title='bbox 1993 4649 2281 4704; x_wconf 84' lang='lat' dir='ltr'><strong><em>Reinesius</em></strong></span> <span class='ocrx_word' id='word_1_757' title='bbox 2309 4647 2519 4719; x_wconf 88' lang='lat' dir='ltr'><strong><em>probat,</em></strong></span> <span class='ocrx_word' id='word_1_758' title='bbox 2545 4661 2607 4701; x_wconf 90' lang='lat' dir='ltr'><strong><em>ac</em></strong></span> <span class='ocrx_word' id='word_1_759' title='bbox 2628 4661 2696 4701; x_wconf 82' lang='lat' dir='ltr'><strong><em>ex</em></strong></span> <span class='ocrx_word' id='word_1_760' title='bbox 2724 4642 3166 4713; x_wconf 82' lang='lat' dir='ltr'><strong><em>inscriptionibus</em></strong></span> <span class='ocrx_word' id='word_1_761' title='bbox 3192 4650 3424 4705; x_wconf 83' lang='lat' dir='ltr'><strong><em>constat,</em></strong></span> <span class='ocrx_word' id='word_1_762' title='bbox 3454 4653 3592 4710; x_wconf 91' lang='lat' dir='ltr'><strong><em>qua-</em></strong></span> 
     </span>
    </p>
   </div>
   <div class='ocr_carea' id='block_1_108' title="bbox 1994 4728 3595 4809">
    <p class='ocr_par' dir='ltr' id='par_1_108' title="bbox 1994 4728 3595 4809">
     <span class='ocr_line' id='line_1_109' title="bbox 1994 4728 3595 4809; baseline -0.006 -14"><span class='ocrx_word' id='word_1_763' title='bbox 1994 4756 2111 4795; x_wconf 87' lang='lat' dir='ltr'><strong><em>rum</em></strong></span> <span class='ocrx_word' id='word_1_764' title='bbox 2144 4741 2316 4795; x_wconf 90' lang='lat' dir='ltr'><strong><em>altera</em></strong></span> <span class='ocrx_word' id='word_1_765' title='bbox 2346 4738 2486 4809; x_wconf 90' lang='lat' dir='ltr'><strong><em>apud</em></strong></span> <span class='ocrx_word' id='word_1_766' title='bbox 2525 4739 2585 4794; x_wconf 88' lang='lat' dir='ltr'><strong><em>P.</em></strong></span> <span class='ocrx_word' id='word_1_767' title='bbox 2612 4737 2906 4807; x_wconf 85' lang='lat' dir='ltr'><strong><em>Josephum</em></strong></span> <span class='ocrx_word' id='word_1_768' title='bbox 2941 4733 3190 4802; x_wconf 85' lang='lat' dir='ltr'><strong><em>Vulpium</em></strong></span> <span class='ocrx_word' id='word_1_769' title='bbox 3219 4734 3270 4786; x_wconf 90' lang='lat' dir='ltr'><strong><em>in</em></strong></span> <span class='ocrx_word' id='word_1_770' title='bbox 3303 4730 3467 4787; x_wconf 83' lang='lat' dir='ltr'><strong><em>Antio</em></strong></span> <span class='ocrx_word' id='word_1_771' title='bbox 3490 4728 3595 4803; x_wconf 87' lang='lat' dir='ltr'><strong><em>legi</em></strong></span> 
     </span>
    </p>
   </div>
   <div class='ocr_carea' id='block_1_109' title="bbox 1994 4826 3597 4903">
    <p class='ocr_par' dir='ltr' id='par_1_109' title="bbox 1994 4826 3597 4903">
     <span class='ocr_line' id='line_1_110' title="bbox 1994 4826 3597 4903; baseline -0.003 -17"><span class='ocrx_word' id='word_1_772' title='bbox 1994 4841 2196 4903; x_wconf 89' lang='lat' dir='ltr'><strong><em>potest,</em></strong></span> <span class='ocrx_word' id='word_1_773' title='bbox 2227 4831 2450 4887; x_wconf 86' lang='lat' dir='ltr'><strong><em>alteram</em></strong></span> <span class='ocrx_word' id='word_1_774' title='bbox 2471 4847 2501 4885; x_wconf 92' lang='lat' dir='ltr'><strong><em>a</em></strong></span> <span class='ocrx_word' id='word_1_775' title='bbox 2530 4833 2646 4886; x_wconf 91' lang='lat' dir='ltr'><strong><em>viro</em></strong></span> <span class='ocrx_word' id='word_1_776' title='bbox 2667 4831 2738 4887; x_wconf 92' lang='lat' dir='ltr'><strong><em>cl.</em></strong></span> <span class='ocrx_word' id='word_1_777' title='bbox 2762 4827 3000 4898; x_wconf 80' lang='lat' dir='ltr'><strong><em>Josepho</em></strong></span> <span class='ocrx_word' id='word_1_778' title='bbox 3022 4828 3189 4883; x_wconf 88' lang='lat' dir='ltr'><strong><em>Maria</em></strong></span> <span class='ocrx_word' id='word_1_779' title='bbox 3221 4826 3445 4881; x_wconf 84' lang='lat' dir='ltr'><strong><em>Pratillo</em></strong></span> <span class='ocrx_word' id='word_1_780' title='bbox 3470 4841 3597 4899; x_wconf 88' lang='lat' dir='ltr'><strong><em>pro-</em></strong></span> 
     </span>
    </p>
   </div>
   <div class='ocr_carea' id='block_1_110' title="bbox 1997 4919 3598 4995">
    <p class='ocr_par' dir='ltr' id='par_1_110' title="bbox 1997 4919 3598 4995">
     <span class='ocr_line' id='line_1_111' title="bbox 1997 4919 3598 4995; baseline -0.005 -14"><span class='ocrx_word' id='word_1_781' title='bbox 1997 4926 2210 4981; x_wconf 90' lang='lat' dir='ltr'><strong><em>ductam</em></strong></span> <span class='ocrx_word' id='word_1_782' title='bbox 2242 4928 2435 4979; x_wconf 89' lang='lat' dir='ltr'><strong><em>iterum</em></strong></span> <span class='ocrx_word' id='word_1_783' title='bbox 2469 4925 2647 4980; x_wconf 83' lang='lat' dir='ltr'><strong><em>refero</em></strong></span> <span class='ocrx_word' id='word_1_784' title='bbox 2681 4924 2778 4995; x_wconf 89' lang='lat' dir='ltr'><strong><em>(c).</em></strong></span> <span class='ocrx_word' id='word_1_785' title='bbox 2802 4922 3077 4979; x_wconf 86' lang='lat' dir='ltr'><strong><em>Urbanam</em></strong></span> <span class='ocrx_word' id='word_1_786' title='bbox 3109 4922 3288 4991; x_wconf 90' lang='lat' dir='ltr'><strong><em>itaque</em></strong></span> <span class='ocrx_word' id='word_1_787' title='bbox 3314 4919 3598 4989; x_wconf 67' lang='lat' dir='ltr'><strong><em>praefectu-</em></strong></span> 
     </span>
    </p>
   </div>
   <div class='ocr_carea' id='block_1_111' title="bbox 1998 5012 3598 5086">
    <p class='ocr_par' dir='ltr' id='par_1_111' title="bbox 1998 5012 3598 5086">
     <span class='ocr_line' id='line_1_112' title="bbox 1998 5012 3598 5086; baseline -0.007 -13"><span class='ocrx_word' id='word_1_788' title='bbox 1998 5033 2114 5073; x_wconf 89' lang='lat' dir='ltr'><strong><em>ram</em></strong></span> <span class='ocrx_word' id='word_1_789' title='bbox 2172 5018 2369 5072; x_wconf 87' lang='lat' dir='ltr'><strong><em>Bassus</em></strong></span> <span class='ocrx_word' id='word_1_790' title='bbox 2401 5016 2639 5072; x_wconf 87' lang='lat' dir='ltr'><strong><em>nondum</em></strong></span> <span class='ocrx_word' id='word_1_791' title='bbox 2666 5018 2917 5086; x_wconf 86' lang='lat' dir='ltr'><strong><em>attigerat</em></strong></span> <span class='ocrx_word' id='word_1_792' title='bbox 2946 5029 3088 5070; x_wconf 88' lang='lat' dir='ltr'><strong><em>anno</em></strong></span> <span class='ocrx_word' id='word_1_793' title='bbox 3137 5014 3267 5077; x_wconf 78' lang='grc'><strong><em>581.</em></strong></span> <span class='ocrx_word' id='word_1_794' title='bbox 3312 5026 3423 5083; x_wconf 90' lang='lat' dir='ltr'><strong><em>quo</em></strong></span> <span class='ocrx_word' id='word_1_795' title='bbox 3464 5012 3598 5081; x_wconf 83' lang='lat' dir='ltr'><strong><em>Sya-</em></strong></span> 
     </span>
    </p>
   </div>
   <div class='ocr_carea' id='block_1_112' title="bbox 1998 5099 3596 5181">
    <p class='ocr_par' dir='ltr' id='par_1_112' title="bbox 1998 5099 3596 5181">
     <span class='ocr_line' id='line_1_113' title="bbox 1998 5099 3596 5181; baseline -0.008 -17"><span class='ocrx_word' id='word_1_796' title='bbox 1998 5110 2148 5181; x_wconf 88' lang='lat' dir='ltr'><strong><em>grius</em></strong></span> <span class='ocrx_word' id='word_1_797' title='bbox 2175 5119 2229 5164; x_wconf 89' lang='lat' dir='ltr'><strong><em>et</em></strong></span> <span class='ocrx_word' id='word_1_798' title='bbox 2257 5107 2562 5164; x_wconf 87' lang='lat' dir='ltr'><strong><em>Eucherius</em></strong></span> <span class='ocrx_word' id='word_1_799' title='bbox 2590 5110 2843 5163; x_wconf 87' lang='lat' dir='ltr'><strong><em>consules</em></strong></span> <span class='ocrx_word' id='word_1_800' title='bbox 2872 5105 3117 5170; x_wconf 87' lang='lat' dir='ltr'><strong><em>fuerant;</em></strong></span> <span class='ocrx_word' id='word_1_801' title='bbox 3144 5112 3353 5167; x_wconf 87' lang='lat' dir='ltr'><strong><em>contra,</em></strong></span> <span class='ocrx_word' id='word_1_802' title='bbox 3380 5101 3468 5156; x_wconf 88' lang='lat' dir='ltr'><strong><em>illa</em></strong></span> <span class='ocrx_word' id='word_1_803' title='bbox 3485 5099 3596 5168; x_wconf 89' lang='lat' dir='ltr'><strong><em>jam</em></strong></span> 
     </span>
    </p>
   </div>
   <div class='ocr_carea' id='block_1_113' title="bbox 2000 5188 3599 5273">
    <p class='ocr_par' dir='ltr' id='par_1_113' title="bbox 2000 5188 3599 5273">
     <span class='ocr_line' id='line_1_114' title="bbox 2000 5188 3599 5273; baseline -0.009 -13"><span class='ocrx_word' id='word_1_804' title='bbox 2000 5201 2217 5260; x_wconf 88' lang='lat' dir='ltr'><strong><em>functus</em></strong></span> <span class='ocrx_word' id='word_1_805' title='bbox 2243 5204 2418 5259; x_wconf 89' lang='lat' dir='ltr'><strong><em>fuerat</em></strong></span> <span class='ocrx_word' id='word_1_806' title='bbox 2446 5217 2591 5259; x_wconf 89' lang='lat' dir='ltr'><strong><em>anno</em></strong></span> <span class='ocrx_word' id='word_1_807' title='bbox 2611 5201 2740 5269; x_wconf 76' lang='grc'><strong><em>584,</em></strong></span> <span class='ocrx_word' id='word_1_808' title='bbox 2764 5215 2872 5273; x_wconf 87' lang='lat' dir='ltr'><strong><em>quo</em></strong></span> <span class='ocrx_word' id='word_1_809' title='bbox 2897 5198 3254 5272; x_wconf 82' lang='lat' dir='ltr'><strong><em>Symmachus</em></strong></span> <span class='ocrx_word' id='word_1_810' title='bbox 3281 5203 3409 5248; x_wconf 87' lang='lat' dir='ltr'><strong><em>tunc</em></strong></span> <span class='ocrx_word' id='word_1_811' title='bbox 3438 5188 3599 5245; x_wconf 89' lang='lat' dir='ltr'><strong><em>Urbis</em></strong></span> 
     </span>
    </p>
   </div>
   <div class='ocr_carea' id='block_1_114' title="bbox 2468 5347 3141 5406">
    <p class='ocr_par' dir='ltr' id='par_1_114' title="bbox 2468 5347 3141 5406">
     <span class='ocr_line' id='line_1_115' title="bbox 2468 5347 3141 5406; baseline -0.01 0"><span class='ocrx_word' id='word_1_812' title='bbox 2468 5351 2534 5406; x_wconf 83' lang='lat' dir='ltr'><strong><em>V.</em></strong></span> <span class='ocrx_word' id='word_1_813' title='bbox 2563 5350 2626 5405; x_wconf 91' lang='lat' dir='ltr'><strong><em>C.</em></strong></span> <span class='ocrx_word' id='word_1_814' title='bbox 2657 5351 2822 5405; x_wconf 74' lang='lat' dir='ltr'><strong><em>Cous.</em></strong></span> <span class='ocrx_word' id='word_1_815' title='bbox 2850 5347 3141 5404; x_wconf 62' lang='lat' dir='ltr'><strong><em>Caunum:</em></strong></span> 
     </span>
    </p>
   </div>
   <div class='ocr_carea' id='block_1_115' title="bbox 2382 5422 3206 5481">
    <p class='ocr_par' dir='ltr' id='par_1_115' title="bbox 2382 5422 3206 5481">
     <span class='ocr_line' id='line_1_116' title="bbox 2382 5422 3206 5481; baseline -0.012 -3"><span class='ocrx_word' id='word_1_816' title='bbox 2382 5423 2546 5478; x_wconf 79' lang='lat' dir='ltr'><strong><em>LUDIS</em></strong></span> <span class='ocrx_word' id='word_1_817' title='bbox 2573 5422 2787 5476; x_wconf 71' lang='lat' dir='ltr'><strong><em>Porum</em></strong></span> <span class='ocrx_word' id='word_1_818' title='bbox 2814 5435 2968 5474; x_wconf 71' lang='lat' dir='ltr'><strong><em>DATIS</em></strong></span> <span class='ocrx_word' id='word_1_819' title='bbox 2986 5459 3001 5481; x_wconf 90' lang='lat'><strong><em>,</em></strong></span> <span class='ocrx_word' id='word_1_820' title='bbox 3028 5429 3206 5479; x_wconf 71' lang='lat' dir='ltr'><strong><em>noua</em></strong></span> 
     </span>
    </p>
   </div>
   <div class='ocr_carea' id='block_1_116' title="bbox 2460 5493 3140 5616">
    <p class='ocr_par' dir='ltr' id='par_1_116' title="bbox 2460 5493 3140 5616">
     <span class='ocr_line' id='line_1_117' title="bbox 2460 5493 3140 5616; baseline -0.007 -70"><span class='ocrx_word' id='word_1_821' title='bbox 2460 5493 2816 5616; x_wconf 74' lang='lat' dir='ltr'><strong><em>VECTIGALPL.</em></strong></span> <span class='ocrx_word' id='word_1_822' title='bbox 2851 5500 3140 5543; x_wconf 76' lang='lat' dir='ltr'><strong><em>ABSOLU’I&#39;IS</em></strong></span> 
     </span>
     <span class='ocr_line' id='line_1_118' title="bbox 2779 5575 2861 5616; baseline -0.024 0"><span class='ocrx_word' id='word_1_823' title='bbox 2779 5575 2861 5616; x_wconf 90' lang='lat' dir='ltr'><strong><em>os.</em></strong></span> 
     </span>
    </p>
   </div>
   <div class='ocr_carea' id='block_1_117' title="bbox 2364 5628 3243 5701">
    <p class='ocr_par' dir='ltr' id='par_1_117' title="bbox 2364 5628 3243 5701">
     <span class='ocr_line' id='line_1_119' title="bbox 2364 5628 3243 5701; baseline -0.005 -12"><span class='ocrx_word' id='word_1_824' title='bbox 2364 5639 2630 5701; x_wconf 76' lang='lat' dir='ltr'><strong><em>SYAGRIO,</em></strong></span> <span class='ocrx_word' id='word_1_825' title='bbox 2678 5648 2747 5688; x_wconf 74' lang='lat' dir='ltr'><strong><em>cr</em></strong></span> <span class='ocrx_word' id='word_1_826' title='bbox 2779 5632 3054 5687; x_wconf 76' lang='lat' dir='ltr'><strong><em>Eocncato</em></strong></span> <span class='ocrx_word' id='word_1_827' title='bbox 3087 5628 3243 5688; x_wconf 89' lang='lat' dir='ltr'><strong><em>Coss.</em></strong></span> 
     </span>
    </p>
   </div>
   <div class='ocr_carea' id='block_1_118' title="bbox 2012 5714 3096 5799">
    <p class='ocr_par' dir='ltr' id='par_1_118' title="bbox 2012 5714 3096 5799">
     <span class='ocr_line' id='line_1_120' title="bbox 2012 5714 3096 5799; baseline -0.008 -13"><span class='ocrx_word' id='word_1_828' title='bbox 2012 5727 2199 5786; x_wconf 79' lang='lat' dir='ltr'><strong><em>Pratll.</em></strong></span> <span class='ocrx_word' id='word_1_829' title='bbox 2232 5724 2303 5785; x_wconf 85' lang='lat' dir='ltr'><strong><em>de</em></strong></span> <span class='ocrx_word' id='word_1_830' title='bbox 2327 5722 2425 5784; x_wconf 80' lang='lat' dir='ltr'><strong><em>Via</em></strong></span> <span class='ocrx_word' id='word_1_831' title='bbox 2454 5724 2624 5799; x_wconf 78' lang='lat' dir='ltr'><strong><em>Appia</em></strong></span> <span class='ocrx_word' id='word_1_832' title='bbox 2647 5724 2743 5784; x_wconf 84' lang='lat' dir='ltr'><strong><em>lib.</em></strong></span> <span class='ocrx_word' id='word_1_833' title='bbox 2774 5735 2864 5791; x_wconf 81' lang='lat' dir='ltr'><strong><em>tu,</em></strong></span> <span class='ocrx_word' id='word_1_834' title='bbox 2897 5736 3018 5798; x_wconf 86' lang='lat' dir='ltr'><strong><em>cap.</em></strong></span> <span class='ocrx_word' id='word_1_835' title='bbox 3042 5714 3096 5779; x_wconf 69' lang='grc'><strong><em>4.</em></strong></span> 
     </span>
    </p>
   </div>
  </div>
