  <div class='ocr_page' id='page_1' title='image "/cluster/home/n/w/nwhite01/storage/ocr_20150623/13/hvd.32044096580428/131.png"; bbox 0 0 4138 6178; ppageno 0'>
   <div class='ocr_carea' id='block_1_1' title="bbox 489 238 2503 307">
    <p class='ocr_par' dir='ltr' id='par_1_1' title="bbox 489 238 2503 307">
     <span class='ocr_line' id='line_1_1' title="bbox 489 238 2503 307; baseline -0.002 -2"><span class='ocrx_word' id='word_1_1' title='bbox 489 247 591 307; x_wconf 69' lang='grc'><strong>251</strong></span> <span class='ocrx_word' id='word_1_2' title='bbox 1593 240 1910 300; x_wconf 84' lang='lat' dir='ltr'><strong>SANCTUS</strong></span> <span class='ocrx_word' id='word_1_3' title='bbox 1950 238 2265 299; x_wconf 73' lang='lat' dir='ltr'><strong>DAMASUS</strong></span> <span class='ocrx_word' id='word_1_4' title='bbox 2302 242 2503 303; x_wconf 82' lang='lat' dir='ltr'><strong>PAPA.</strong></span> 
     </span>
    </p>
   </div>
   <div class='ocr_carea' id='block_1_2' title="bbox 488 354 3806 431">
    <p class='ocr_par' dir='ltr' id='par_1_2' title="bbox 488 354 3806 431">
     <span class='ocr_line' id='line_1_2' title="bbox 488 354 3806 431; baseline 0 -16"><span class='ocrx_word' id='word_1_5' title='bbox 488 359 778 431; x_wconf 74' lang='lat' dir='ltr'><strong>praefectus</strong></span> <span class='ocrx_word' id='word_1_6' title='bbox 824 372 951 414; x_wconf 88' lang='lat' dir='ltr'><strong>suos</strong></span> <span class='ocrx_word' id='word_1_7' title='bbox 994 359 1046 413; x_wconf 92' lang='lat' dir='ltr'><strong>in</strong></span> <span class='ocrx_word' id='word_1_8' title='bbox 1079 373 1144 414; x_wconf 88' lang='lat' dir='ltr'><strong>ea</strong></span> <span class='ocrx_word' id='word_1_9' title='bbox 1171 356 1432 427; x_wconf 85' lang='lat' dir='ltr'><strong>dignitate</strong></span> <span class='ocrx_word' id='word_1_10' title='bbox 1461 364 1835 411; x_wconf 78' lang='lat' dir='ltr'><strong>antecessores</strong></span> <span class='ocrx_word' id='word_1_11' title='bbox 1875 354 2095 410; x_wconf 81' lang='lat' dir='ltr'><strong>Bassum</strong></span> <span class='ocrx_word' id='word_1_12' title='bbox 2122 360 2169 420; x_wconf 78' lang='grc' dir='ltr'><strong>Α</strong></span> <span class='ocrx_word' id='word_1_13' title='bbox 2202 360 2303 415; x_wconf 92' lang='lat' dir='ltr'><strong>boc</strong></span> <span class='ocrx_word' id='word_1_14' title='bbox 2333 361 2492 415; x_wconf 88' lang='lat' dir='ltr'><strong>etiam</strong></span> <span class='ocrx_word' id='word_1_15' title='bbox 2540 359 2595 416; x_wconf 88' lang='lat' dir='ltr'><strong>in</strong></span> <span class='ocrx_word' id='word_1_16' title='bbox 2646 359 2822 431; x_wconf 88' lang='lat' dir='ltr'><strong>capite</strong></span> <span class='ocrx_word' id='word_1_17' title='bbox 2862 356 3171 423; x_wconf 93' lang='lat' dir='ltr'><strong>mentiatur,</strong></span> <span class='ocrx_word' id='word_1_18' title='bbox 3206 356 3292 413; x_wconf 91' lang='lat' dir='ltr'><strong>vix</strong></span> <span class='ocrx_word' id='word_1_19' title='bbox 3336 356 3679 426; x_wconf 85' lang='lat' dir='ltr'><strong>dubitaverit,</strong></span> <span class='ocrx_word' id='word_1_20' title='bbox 3712 360 3806 431; x_wconf 89' lang='lat' dir='ltr'><strong>qui</strong></span> 
     </span>
    </p>
   </div>
   <div class='ocr_carea' id='block_1_3' title="bbox 488 448 3805 525">
    <p class='ocr_par' dir='ltr' id='par_1_3' title="bbox 488 448 3805 525">
     <span class='ocr_line' id='line_1_3' title="bbox 488 448 3805 525; baseline -0.002 -14"><span class='ocrx_word' id='word_1_21' title='bbox 488 456 690 525; x_wconf 88' lang='lat' dir='ltr'><strong>ipsum,</strong></span> <span class='ocrx_word' id='word_1_22' title='bbox 734 465 787 510; x_wconf 92' lang='lat' dir='ltr'><strong>et</strong></span> <span class='ocrx_word' id='word_1_23' title='bbox 817 455 1105 508; x_wconf 84' lang='lat' dir='ltr'><strong>Aventium</strong></span> <span class='ocrx_word' id='word_1_24' title='bbox 1136 456 1312 517; x_wconf 88' lang='lat' dir='ltr'><strong>vocat,</strong></span> <span class='ocrx_word' id='word_1_25' title='bbox 1344 464 1408 505; x_wconf 87' lang='lat' dir='ltr'><strong>ac</strong></span> <span class='ocrx_word' id='word_1_26' title='bbox 1448 458 1511 504; x_wconf 90' lang='lat' dir='ltr'><strong>ut</strong></span> <span class='ocrx_word' id='word_1_27' title='bbox 1548 448 1763 519; x_wconf 86' lang='lat' dir='ltr'><strong>Orphitl</strong></span> <span class='ocrx_word' id='word_1_28' title='bbox 1792 448 1968 504; x_wconf 84' lang='lat' dir='ltr'><strong>soceri</strong></span> <span class='ocrx_word' id='word_1_29' title='bbox 2010 448 2095 503; x_wconf 89' lang='lat' dir='ltr'><strong>sui</strong></span> <span class='ocrx_word' id='word_1_30' title='bbox 2200 452 2265 508; x_wconf 88' lang='lat' dir='ltr'><strong>ad</strong></span> <span class='ocrx_word' id='word_1_31' title='bbox 2315 454 2431 508; x_wconf 60' lang='lat' dir='ltr'><strong>haec</strong></span> <span class='ocrx_word' id='word_1_32' title='bbox 2474 452 2768 509; x_wconf 85' lang='lat' dir='ltr'><strong>adverterit</strong></span> <span class='ocrx_word' id='word_1_33' title='bbox 2814 452 3054 506; x_wconf 85' lang='lat' dir='ltr'><strong>animum</strong></span> <span class='ocrx_word' id='word_1_34' title='bbox 3086 468 3099 504; x_wconf 91' lang='lat'><strong>:</strong></span> <span class='ocrx_word' id='word_1_35' title='bbox 3138 450 3313 520; x_wconf 90' lang='lat' dir='ltr'><strong>primo</strong></span> <span class='ocrx_word' id='word_1_36' title='bbox 3344 449 3551 505; x_wconf 85' lang='lat' dir='ltr'><strong>scilicet</strong></span> <span class='ocrx_word' id='word_1_37' title='bbox 3580 449 3805 507; x_wconf 89' lang='lat' dir='ltr'><strong>Bassum</strong></span> 
     </span>
    </p>
   </div>
   <div class='ocr_carea' id='block_1_4' title="bbox 492 541 3805 615">
    <p class='ocr_par' dir='ltr' id='par_1_4' title="bbox 492 541 3805 615">
     <span class='ocr_line' id='line_1_4' title="bbox 492 541 3805 615; baseline -0.002 -11"><span class='ocrx_word' id='word_1_38' title='bbox 492 548 865 604; x_wconf 69' lang='lat' dir='ltr'><strong>bmreditatem</strong></span> <span class='ocrx_word' id='word_1_39' title='bbox 919 552 1134 600; x_wconf 86' lang='lat' dir='ltr'><strong>tueatur</strong></span> <span class='ocrx_word' id='word_1_40' title='bbox 1181 543 1442 598; x_wconf 88' lang='lat' dir='ltr'><strong>adversus</strong></span> <span class='ocrx_word' id='word_1_41' title='bbox 1490 544 1704 608; x_wconf 84' lang='lat' dir='ltr'><strong>ﬁscum,</strong></span> <span class='ocrx_word' id='word_1_42' title='bbox 1740 543 1839 598; x_wconf 89' lang='lat' dir='ltr'><strong>bac</strong></span> <span class='ocrx_word' id='word_1_43' title='bbox 1882 542 2098 613; x_wconf 87' lang='lat' dir='ltr'><strong>potissi-</strong></span> <span class='ocrx_word' id='word_1_44' title='bbox 2202 561 2305 599; x_wconf 93' lang='lat' dir='ltr'><strong>non</strong></span> <span class='ocrx_word' id='word_1_45' title='bbox 2336 545 2500 599; x_wconf 91' lang='lat' dir='ltr'><strong>fuisse</strong></span> <span class='ocrx_word' id='word_1_46' title='bbox 2526 545 2756 605; x_wconf 61' lang='lat' dir='ltr'><strong>Urbana;</strong></span> <span class='ocrx_word' id='word_1_47' title='bbox 2785 542 3122 615; x_wconf 62' lang='lat' dir='ltr'><strong>praefeCIurte</strong></span> <span class='ocrx_word' id='word_1_48' title='bbox 3150 541 3426 596; x_wconf 87' lang='lat' dir='ltr'><strong>admotmn</strong></span> <span class='ocrx_word' id='word_1_49' title='bbox 3458 551 3582 597; x_wconf 85' lang='lat' dir='ltr'><strong>ante</strong></span> <span class='ocrx_word' id='word_1_50' title='bbox 3607 558 3805 599; x_wconf 89' lang='lat' dir='ltr'><strong>annum</strong></span> 
     </span>
    </p>
   </div>
   <div class='ocr_carea' id='block_1_5' title="bbox 490 632 3807 707">
    <p class='ocr_par' dir='ltr' id='par_1_5' title="bbox 490 632 3807 707">
     <span class='ocr_line' id='line_1_5' title="bbox 490 632 3807 707; baseline -0.002 -11"><span class='ocrx_word' id='word_1_51' title='bbox 490 656 634 696; x_wconf 92' lang='lat' dir='ltr'><strong>mum</strong></span> <span class='ocrx_word' id='word_1_52' title='bbox 661 638 869 693; x_wconf 88' lang='lat' dir='ltr'><strong>ratione</strong></span> <span class='ocrx_word' id='word_1_53' title='bbox 897 638 1064 693; x_wconf 85' lang='lat' dir='ltr'><strong>utitur</strong></span> <span class='ocrx_word' id='word_1_54' title='bbox 1084 636 1461 693; x_wconf 81' lang='lat' dir='ltr'><strong>Valentiniano</strong></span> <span class='ocrx_word' id='word_1_55' title='bbox 1480 638 1744 704; x_wconf 86' lang='lat' dir='ltr'><strong>scribens,</strong></span> <span class='ocrx_word' id='word_1_56' title='bbox 1802 634 1945 707; x_wconf 92' lang='lat' dir='ltr'><strong>quod</strong></span> <span class='ocrx_word' id='word_1_57' title='bbox 1974 649 2094 690; x_wconf 90' lang='lat' dir='ltr'><strong>cum</strong></span> <span class='ocrx_word' id='word_1_58' title='bbox 2200 637 2327 703; x_wconf 77' lang='grc'><strong>581,</strong></span> <span class='ocrx_word' id='word_1_59' title='bbox 2376 646 2539 707; x_wconf 88' lang='lat' dir='ltr'><strong>atque</strong></span> <span class='ocrx_word' id='word_1_60' title='bbox 2570 636 2801 707; x_wconf 83' lang='lat' dir='ltr'><strong>aliquam</strong></span> <span class='ocrx_word' id='word_1_61' title='bbox 2840 634 3119 705; x_wconf 86' lang='lat' dir='ltr'><strong>sequentis</strong></span> <span class='ocrx_word' id='word_1_62' title='bbox 3150 632 3276 688; x_wconf 86' lang='lat' dir='ltr'><strong>anni</strong></span> <span class='ocrx_word' id='word_1_63' title='bbox 3326 643 3532 702; x_wconf 89' lang='lat' dir='ltr'><strong>partem</strong></span> <span class='ocrx_word' id='word_1_64' title='bbox 3580 633 3807 690; x_wconf 79' lang='lat' dir='ltr'><strong>Aventio</strong></span> 
     </span>
    </p>
   </div>
   <div class='ocr_carea' id='block_1_6' title="bbox 491 726 3810 799">
    <p class='ocr_par' dir='ltr' id='par_1_6' title="bbox 491 726 3810 799">
     <span class='ocr_line' id='line_1_6' title="bbox 491 726 3810 799; baseline -0.001 -14"><span class='ocrx_word' id='word_1_65' title='bbox 491 731 711 795; x_wconf 82' lang='lat' dir='ltr'><strong>Bassus,</strong></span> <span class='ocrx_word' id='word_1_66' title='bbox 743 739 792 785; x_wconf 86' lang='lat' dir='ltr'><strong>et</strong></span> <span class='ocrx_word' id='word_1_67' title='bbox 818 728 1083 795; x_wconf 75' lang='lat' dir='ltr'><strong>Auantius,</strong></span> <span class='ocrx_word' id='word_1_68' title='bbox 1115 743 1177 783; x_wconf 91' lang='lat' dir='ltr'><strong>ea</strong></span> <span class='ocrx_word' id='word_1_69' title='bbox 1201 728 1266 781; x_wconf 89' lang='lat' dir='ltr'><strong>de</strong></span> <span class='ocrx_word' id='word_1_70' title='bbox 1295 728 1668 783; x_wconf 79' lang='lat' dir='ltr'><strong>contraversia</strong></span> <span class='ocrx_word' id='word_1_71' title='bbox 1696 728 1988 782; x_wconf 88' lang='lat' dir='ltr'><strong>novissime</strong></span> <span class='ocrx_word' id='word_1_72' title='bbox 2006 741 2095 781; x_wconf 85' lang='lat' dir='ltr'><strong>re-</strong></span> <span class='ocrx_word' id='word_1_73' title='bbox 2200 731 2319 799; x_wconf 85' lang='lat' dir='ltr'><strong>ejus</strong></span> <span class='ocrx_word' id='word_1_74' title='bbox 2350 729 2651 786; x_wconf 88' lang='lat' dir='ltr'><strong>successori</strong></span> <span class='ocrx_word' id='word_1_75' title='bbox 2682 727 2945 792; x_wconf 82' lang='lat' dir='ltr'><strong>dandam;</strong></span> <span class='ocrx_word' id='word_1_76' title='bbox 2978 728 3216 781; x_wconf 88' lang='lat' dir='ltr'><strong>secumlo</strong></span> <span class='ocrx_word' id='word_1_77' title='bbox 3246 727 3464 782; x_wconf 90' lang='lat' dir='ltr'><strong>celebre</strong></span> <span class='ocrx_word' id='word_1_78' title='bbox 3516 726 3810 782; x_wconf 84' lang='lat' dir='ltr'><strong>Theodosii</strong></span> 
     </span>
    </p>
   </div>
   <div class='ocr_carea' id='block_1_7' title="bbox 492 817 3810 894">
    <p class='ocr_par' dir='ltr' id='par_1_7' title="bbox 492 817 3810 894">
     <span class='ocr_line' id='line_1_7' title="bbox 492 817 3810 894; baseline -0 -17"><span class='ocrx_word' id='word_1_79' title='bbox 492 822 765 890; x_wconf 76' lang='lat' dir='ltr'><strong>tulissent,</strong></span> <span class='ocrx_word' id='word_1_80' title='bbox 802 820 1048 877; x_wconf 64' lang='lat' dir='ltr'><strong>baaredes</strong></span> <span class='ocrx_word' id='word_1_81' title='bbox 1088 820 1277 875; x_wconf 78' lang='lat' dir='ltr'><strong>recenti</strong></span> <span class='ocrx_word' id='word_1_82' title='bbox 1320 820 1665 889; x_wconf 69' lang='lat' dir='ltr'><strong>prwceptione</strong></span> <span class='ocrx_word' id='word_1_83' title='bbox 1694 818 1928 873; x_wconf 83' lang='lat' dir='ltr'><strong>absoluti</strong></span> <span class='ocrx_word' id='word_1_84' title='bbox 1951 817 2094 888; x_wconf 85' lang='lat' dir='ltr'><strong>judl-</strong></span> <span class='ocrx_word' id='word_1_85' title='bbox 2203 823 2462 887; x_wconf 89' lang='lat' dir='ltr'><strong>edictum,</strong></span> <span class='ocrx_word' id='word_1_86' title='bbox 2496 838 2605 894; x_wconf 91' lang='lat' dir='ltr'><strong>quo</strong></span> <span class='ocrx_word' id='word_1_87' title='bbox 2640 823 2821 877; x_wconf 85' lang='lat' dir='ltr'><strong>Ariani</strong></span> <span class='ocrx_word' id='word_1_88' title='bbox 2869 832 3161 891; x_wconf 85' lang='lat' dir='ltr'><strong>occupatas</strong></span> <span class='ocrx_word' id='word_1_89' title='bbox 3215 821 3466 875; x_wconf 83' lang='lat' dir='ltr'><strong>basilicas</strong></span> <span class='ocrx_word' id='word_1_90' title='bbox 3510 819 3810 877; x_wconf 87' lang='lat' dir='ltr'><strong>Catholicis</strong></span> 
     </span>
    </p>
   </div>
   <div class='ocr_carea' id='block_1_8' title="bbox 496 910 2100 985">
    <p class='ocr_par' dir='ltr' id='par_1_8' title="bbox 496 910 2100 985">
     <span class='ocr_line' id='line_1_8' title="bbox 496 910 2100 985; baseline -0.005 -13"><span class='ocrx_word' id='word_1_91' title='bbox 496 918 583 972; x_wconf 91' lang='lat' dir='ltr'><strong>cio</strong></span> <span class='ocrx_word' id='word_1_92' title='bbox 609 915 821 971; x_wconf 78' lang='lat' dir='ltr'><strong>fuerant</strong></span> <span class='ocrx_word' id='word_1_93' title='bbox 846 913 947 985; x_wconf 84' lang='grc' dir='ltr'><strong>(α).</strong></span> <span class='ocrx_word' id='word_1_94' title='bbox 982 912 1113 968; x_wconf 89' lang='lat' dir='ltr'><strong>Cum</strong></span> <span class='ocrx_word' id='word_1_95' title='bbox 1148 912 1327 981; x_wconf 90' lang='lat' dir='ltr'><strong>itaque</strong></span> <span class='ocrx_word' id='word_1_96' title='bbox 1352 912 1500 968; x_wconf 83' lang='lat' dir='ltr'><strong>Bassi</strong></span> <span class='ocrx_word' id='word_1_97' title='bbox 1545 911 1864 981; x_wconf 85' lang='lat' dir='ltr'><strong>praefectura</strong></span> <span class='ocrx_word' id='word_1_98' title='bbox 1893 910 2100 965; x_wconf 91' lang='lat' dir='ltr'><strong>initium</strong></span> 
     </span>
    </p>
   </div>
   <div class='ocr_carea' id='block_1_9' title="bbox 3697 241 3807 302">
    <p class='ocr_par' dir='ltr' id='par_1_9' title="bbox 3697 241 3807 302">
     <span class='ocr_line' id='line_1_9' title="bbox 3697 241 3807 302; baseline 0.045 -6"><span class='ocrx_word' id='word_1_99' title='bbox 3697 241 3807 302; x_wconf 70' lang='lat'><strong>259..</strong></span> 
     </span>
    </p>
   </div>
   <div class='ocr_carea' id='block_1_10' title="bbox 496 999 2103 1081">
    <p class='ocr_par' dir='ltr' id='par_1_10' title="bbox 496 999 2103 1081">
     <span class='ocr_line' id='line_1_10' title="bbox 496 999 2103 1081; baseline -0.005 -17"><span class='ocrx_word' id='word_1_100' title='bbox 496 1009 703 1081; x_wconf 87' lang='lat' dir='ltr'><strong>ceperit</strong></span> <span class='ocrx_word' id='word_1_101' title='bbox 735 1016 857 1079; x_wconf 87' lang='lat' dir='ltr'><strong>post</strong></span> <span class='ocrx_word' id='word_1_102' title='bbox 902 1021 1104 1061; x_wconf 88' lang='lat' dir='ltr'><strong>annum</strong></span> <span class='ocrx_word' id='word_1_103' title='bbox 1136 1006 1265 1067; x_wconf 73' lang='lat'><strong>381,</strong></span> <span class='ocrx_word' id='word_1_104' title='bbox 1298 1019 1363 1060; x_wconf 90' lang='lat' dir='ltr'><strong>ac</strong></span> <span class='ocrx_word' id='word_1_105' title='bbox 1396 1005 1685 1074; x_wconf 90' lang='lat' dir='ltr'><strong>reliquum,</strong></span> <span class='ocrx_word' id='word_1_106' title='bbox 1714 1002 1856 1072; x_wconf 92' lang='lat' dir='ltr'><strong>quod</strong></span> <span class='ocrx_word' id='word_1_107' title='bbox 1889 1002 2013 1057; x_wconf 91' lang='lat' dir='ltr'><strong>inde</strong></span> <span class='ocrx_word' id='word_1_108' title='bbox 2035 999 2103 1056; x_wconf 88' lang='lat' dir='ltr'><strong>ad</strong></span> 
     </span>
    </p>
   </div>
   <div class='ocr_carea' id='block_1_11' title="bbox 496 1096 2106 1173">
    <p class='ocr_par' dir='ltr' id='par_1_11' title="bbox 496 1096 2106 1173">
     <span class='ocr_line' id='line_1_11' title="bbox 496 1096 2106 1173; baseline -0.004 -17"><span class='ocrx_word' id='word_1_109' title='bbox 496 1102 870 1173; x_wconf 72' lang='lat' dir='ltr'><strong>pnefecturam</strong></span> <span class='ocrx_word' id='word_1_110' title='bbox 902 1097 1213 1170; x_wconf 85' lang='lat' dir='ltr'><strong>Symmachi</strong></span> <span class='ocrx_word' id='word_1_111' title='bbox 1245 1098 1506 1161; x_wconf 83' lang='lat' dir='ltr'><strong>excurrit,</strong></span> <span class='ocrx_word' id='word_1_112' title='bbox 1542 1097 1735 1166; x_wconf 90' lang='lat' dir='ltr'><strong>partim</strong></span> <span class='ocrx_word' id='word_1_113' title='bbox 1769 1096 1944 1153; x_wconf 91' lang='lat' dir='ltr'><strong>eidem</strong></span> <span class='ocrx_word' id='word_1_114' title='bbox 1977 1096 2106 1150; x_wconf 87' lang='lat' dir='ltr'><strong>Bas-</strong></span> 
     </span>
    </p>
   </div>
   <div class='ocr_carea' id='block_1_12' title="bbox 501 1186 2107 1264">
    <p class='ocr_par' dir='ltr' id='par_1_12' title="bbox 501 1186 2107 1264">
     <span class='ocr_line' id='line_1_12' title="bbox 501 1186 2107 1264; baseline -0.007 -13"><span class='ocrx_word' id='word_1_115' title='bbox 501 1210 599 1260; x_wconf 89' lang='lat' dir='ltr'><strong>so,</strong></span> <span class='ocrx_word' id='word_1_116' title='bbox 633 1195 827 1264; x_wconf 81' lang='lat' dir='ltr'><strong>partim</strong></span> <span class='ocrx_word' id='word_1_117' title='bbox 873 1191 1107 1248; x_wconf 84' lang='lat' dir='ltr'><strong>Aventio</strong></span> <span class='ocrx_word' id='word_1_118' title='bbox 1157 1192 1464 1247; x_wconf 83' lang='lat' dir='ltr'><strong>necessario</strong></span> <span class='ocrx_word' id='word_1_119' title='bbox 1501 1189 1844 1245; x_wconf 82' lang='lat' dir='ltr'><strong>tribuendum</strong></span> <span class='ocrx_word' id='word_1_120' title='bbox 1894 1190 1983 1250; x_wconf 80' lang='lat' dir='ltr'><strong>sit.</strong></span> <span class='ocrx_word' id='word_1_121' title='bbox 2026 1186 2107 1241; x_wconf 90' lang='lat' dir='ltr'><strong>fa-</strong></span> 
     </span>
    </p>
   </div>
   <div class='ocr_carea' id='block_1_13' title="bbox 500 1280 2104 1355">
    <p class='ocr_par' dir='ltr' id='par_1_13' title="bbox 500 1280 2104 1355">
     <span class='ocr_line' id='line_1_13' title="bbox 500 1280 2104 1355; baseline -0.006 -12"><span class='ocrx_word' id='word_1_122' title='bbox 500 1288 603 1343; x_wconf 89' lang='lat' dir='ltr'><strong>cile</strong></span> <span class='ocrx_word' id='word_1_123' title='bbox 632 1285 1006 1355; x_wconf 86' lang='lat' dir='ltr'><strong>iutelligimus,</strong></span> <span class='ocrx_word' id='word_1_124' title='bbox 1037 1283 1199 1352; x_wconf 85' lang='lat' dir='ltr'><strong>hujus</strong></span> <span class='ocrx_word' id='word_1_125' title='bbox 1242 1282 1456 1350; x_wconf 87' lang='lat' dir='ltr'><strong>Ephesii</strong></span> <span class='ocrx_word' id='word_1_126' title='bbox 1487 1288 1729 1347; x_wconf 80' lang='lat' dir='ltr'><strong>causam,</strong></span> <span class='ocrx_word' id='word_1_127' title='bbox 1758 1281 1914 1349; x_wconf 87' lang='lat' dir='ltr'><strong>cujus</strong></span> <span class='ocrx_word' id='word_1_128' title='bbox 1961 1280 2104 1334; x_wconf 88' lang='lat' dir='ltr'><strong>idem</strong></span> 
     </span>
    </p>
   </div>
   <div class='ocr_carea' id='block_1_14' title="bbox 498 1371 2109 1447">
    <p class='ocr_par' dir='ltr' id='par_1_14' title="bbox 498 1371 2109 1447">
     <span class='ocr_line' id='line_1_14' title="bbox 498 1371 2109 1447; baseline -0.004 -15"><span class='ocrx_word' id='word_1_129' title='bbox 498 1377 694 1433; x_wconf 90' lang='lat' dir='ltr'><strong>Bassus</strong></span> <span class='ocrx_word' id='word_1_130' title='bbox 730 1376 977 1447; x_wconf 79' lang='lat' dir='ltr'><strong>cognitor</strong></span> <span class='ocrx_word' id='word_1_131' title='bbox 1036 1376 1200 1433; x_wconf 80' lang='lat' dir='ltr'><strong>fttisse</strong></span> <span class='ocrx_word' id='word_1_132' title='bbox 1242 1374 1465 1439; x_wconf 86' lang='lat' dir='ltr'><strong>dicitur,</strong></span> <span class='ocrx_word' id='word_1_133' title='bbox 1514 1388 1658 1427; x_wconf 90' lang='lat' dir='ltr'><strong>anno</strong></span> <span class='ocrx_word' id='word_1_134' title='bbox 1706 1371 1815 1427; x_wconf 76' lang='lat'><strong>582</strong></span> <span class='ocrx_word' id='word_1_135' title='bbox 1841 1383 1933 1427; x_wconf 89' lang='lat' dir='ltr'><strong>aut</strong></span> <span class='ocrx_word' id='word_1_136' title='bbox 1965 1371 2109 1426; x_wconf 88' lang='lat' dir='ltr'><strong>inse-</strong></span> 
     </span>
    </p>
   </div>
   <div class='ocr_carea' id='block_1_15' title="bbox 500 1463 2111 1539">
    <p class='ocr_par' dir='ltr' id='par_1_15' title="bbox 500 1463 2111 1539">
     <span class='ocr_line' id='line_1_15' title="bbox 500 1463 2111 1539; baseline -0.001 -19"><span class='ocrx_word' id='word_1_137' title='bbox 500 1469 688 1539; x_wconf 88' lang='lat' dir='ltr'><strong>quenti</strong></span> <span class='ocrx_word' id='word_1_138' title='bbox 714 1470 1033 1529; x_wconf 88' lang='lat' dir='ltr'><strong>confectam.</strong></span> <span class='ocrx_word' id='word_1_139' title='bbox 1068 1466 1446 1521; x_wconf 86' lang='lat' dir='ltr'><strong>Tillemnntins</strong></span> <span class='ocrx_word' id='word_1_140' title='bbox 1468 1465 1675 1519; x_wconf 85' lang='lat' dir='ltr'><strong>dubitat</strong></span> <span class='ocrx_word' id='word_1_141' title='bbox 1703 1478 1769 1518; x_wconf 88' lang='lat' dir='ltr'><strong>an</strong></span> <span class='ocrx_word' id='word_1_142' title='bbox 1825 1464 1913 1518; x_wconf 91' lang='lat' dir='ltr'><strong>hic</strong></span> <span class='ocrx_word' id='word_1_143' title='bbox 1936 1463 2111 1518; x_wconf 88' lang='lat' dir='ltr'><strong>chris-</strong></span> 
     </span>
    </p>
   </div>
   <div class='ocr_carea' id='block_1_16' title="bbox 504 1557 2109 1631">
    <p class='ocr_par' dir='ltr' id='par_1_16' title="bbox 504 1557 2109 1631">
     <span class='ocr_line' id='line_1_16' title="bbox 504 1557 2109 1631; baseline -0.003 -14"><span class='ocrx_word' id='word_1_144' title='bbox 504 1564 680 1617; x_wconf 89' lang='lat' dir='ltr'><strong>tiauus</strong></span> <span class='ocrx_word' id='word_1_145' title='bbox 709 1563 893 1627; x_wconf 86' lang='lat' dir='ltr'><strong>fuerit,</strong></span> <span class='ocrx_word' id='word_1_146' title='bbox 942 1560 1207 1631; x_wconf 86' lang='lat' dir='ltr'><strong>siquidem</strong></span> <span class='ocrx_word' id='word_1_147' title='bbox 1252 1558 1494 1613; x_wconf 89' lang='lat' dir='ltr'><strong>Libellus</strong></span> <span class='ocrx_word' id='word_1_148' title='bbox 1526 1572 1771 1627; x_wconf 90' lang='lat' dir='ltr'><strong>precum,</strong></span> <span class='ocrx_word' id='word_1_149' title='bbox 1821 1558 1909 1625; x_wconf 92' lang='lat' dir='ltr'><strong>qui</strong></span> <span class='ocrx_word' id='word_1_150' title='bbox 1955 1557 2109 1612; x_wconf 92' lang='lat' dir='ltr'><strong>illum</strong></span> 
     </span>
    </p>
   </div>
   <div class='ocr_carea' id='block_1_17' title="bbox 504 1651 2108 1726">
    <p class='ocr_par' dir='ltr' id='par_1_17' title="bbox 504 1651 2108 1726">
     <span class='ocr_line' id='line_1_17' title="bbox 504 1651 2108 1726; baseline -0.006 -15"><span class='ocrx_word' id='word_1_151' title='bbox 504 1656 812 1713; x_wconf 78' lang='lat' dir='ltr'><strong>catholicam</strong></span> <span class='ocrx_word' id='word_1_152' title='bbox 870 1653 1172 1726; x_wconf 79' lang='lat' dir='ltr'><strong>religionem</strong></span> <span class='ocrx_word' id='word_1_153' title='bbox 1227 1651 1507 1706; x_wconf 82' lang='lat' dir='ltr'><strong>dumtaxat</strong></span> <span class='ocrx_word' id='word_1_154' title='bbox 1552 1659 1874 1705; x_wconf 82' lang='lat' dir='ltr'><strong>venerantem</strong></span> <span class='ocrx_word' id='word_1_155' title='bbox 1922 1658 2108 1716; x_wconf 90' lang='lat' dir='ltr'><strong>vocat,</strong></span> 
     </span>
    </p>
   </div>
   <div class='ocr_carea' id='block_1_18' title="bbox 2206 912 3811 985">
    <p class='ocr_par' dir='ltr' id='par_1_18' title="bbox 2206 912 3811 985">
     <span class='ocr_line' id='line_1_18' title="bbox 2206 912 3811 985; baseline -0.001 -17"><span class='ocrx_word' id='word_1_156' title='bbox 2206 917 2491 970; x_wconf 84' lang='lat' dir='ltr'><strong>restituere</strong></span> <span class='ocrx_word' id='word_1_157' title='bbox 2515 916 2650 985; x_wconf 89' lang='lat' dir='ltr'><strong>jussi</strong></span> <span class='ocrx_word' id='word_1_158' title='bbox 2682 923 2829 983; x_wconf 89' lang='lat' dir='ltr'><strong>sunt,</strong></span> <span class='ocrx_word' id='word_1_159' title='bbox 2863 913 3331 984; x_wconf 83' lang='lat' dir='ltr'><strong>Constantinopoli</strong></span> <span class='ocrx_word' id='word_1_160' title='bbox 3362 912 3528 969; x_wconf 89' lang='lat' dir='ltr'><strong>fuisse</strong></span> <span class='ocrx_word' id='word_1_161' title='bbox 3562 914 3811 985; x_wconf 85' lang='lat' dir='ltr'><strong>promul-</strong></span> 
     </span>
    </p>
   </div>
   <div class='ocr_carea' id='block_1_19' title="bbox 2205 1008 3815 1081">
    <p class='ocr_par' dir='ltr' id='par_1_19' title="bbox 2205 1008 3815 1081">
     <span class='ocr_line' id='line_1_19' title="bbox 2205 1008 3815 1081; baseline 0 -17"><span class='ocrx_word' id='word_1_162' title='bbox 2205 1019 2383 1079; x_wconf 84' lang='lat' dir='ltr'><strong>gatum</strong></span> <span class='ocrx_word' id='word_1_163' title='bbox 2426 1009 2514 1063; x_wconf 90' lang='lat' dir='ltr'><strong>die</strong></span> <span class='ocrx_word' id='word_1_164' title='bbox 2561 1010 2625 1066; x_wconf 84' lang='grc'><strong>19</strong></span> <span class='ocrx_word' id='word_1_165' title='bbox 2656 1009 2783 1065; x_wconf 88' lang='lat' dir='ltr'><strong>Julii</strong></span> <span class='ocrx_word' id='word_1_166' title='bbox 2826 1009 2952 1063; x_wconf 86' lang='lat' dir='ltr'><strong>anni</strong></span> <span class='ocrx_word' id='word_1_167' title='bbox 2982 1009 3121 1063; x_wconf 73' lang='lat' dir='ltr'><strong>58f:</strong></span> <span class='ocrx_word' id='word_1_168' title='bbox 3164 1008 3325 1062; x_wconf 84' lang='lat' dir='ltr'><strong>tertio</strong></span> <span class='ocrx_word' id='word_1_169' title='bbox 3354 1024 3471 1063; x_wconf 90' lang='lat' dir='ltr'><strong>cum</strong></span> <span class='ocrx_word' id='word_1_170' title='bbox 3507 1009 3637 1063; x_wconf 91' lang='lat' dir='ltr'><strong>illud</strong></span> <span class='ocrx_word' id='word_1_171' title='bbox 3666 1010 3815 1081; x_wconf 81' lang='lat' dir='ltr'><strong>Oxy-</strong></span> 
     </span>
    </p>
   </div>
   <div class='ocr_carea' id='block_1_20' title="bbox 2205 1103 3809 1173">
    <p class='ocr_par' dir='ltr' id='par_1_20' title="bbox 2205 1103 3809 1173">
     <span class='ocr_line' id='line_1_20' title="bbox 2205 1103 3809 1173; baseline 0.002 -14"><span class='ocrx_word' id='word_1_172' title='bbox 2205 1106 2378 1159; x_wconf 91' lang='lat' dir='ltr'><strong>rincbi</strong></span> <span class='ocrx_word' id='word_1_173' title='bbox 2410 1104 2625 1160; x_wconf 77' lang='lat' dir='ltr'><strong>cﬂ‘ectui</strong></span> <span class='ocrx_word' id='word_1_174' title='bbox 2652 1105 2832 1160; x_wconf 90' lang='lat' dir='ltr'><strong>datum</strong></span> <span class='ocrx_word' id='word_1_175' title='bbox 2864 1114 2971 1170; x_wconf 89' lang='lat' dir='ltr'><strong>est,</strong></span> <span class='ocrx_word' id='word_1_176' title='bbox 3008 1103 3304 1173; x_wconf 90' lang='lat' dir='ltr'><strong>Ephesium</strong></span> <span class='ocrx_word' id='word_1_177' title='bbox 3328 1120 3391 1160; x_wconf 90' lang='lat' dir='ltr'><strong>eo</strong></span> <span class='ocrx_word' id='word_1_178' title='bbox 3415 1105 3513 1159; x_wconf 91' lang='lat' dir='ltr'><strong>loci</strong></span> <span class='ocrx_word' id='word_1_179' title='bbox 3545 1106 3809 1173; x_wconf 78' lang='lat' dir='ltr'><strong>adfuisse,</strong></span> 
     </span>
    </p>
   </div>
   <div class='ocr_carea' id='block_1_21' title="bbox 2207 1198 3815 1270">
    <p class='ocr_par' dir='ltr' id='par_1_21' title="bbox 2207 1198 3815 1270">
     <span class='ocr_line' id='line_1_21' title="bbox 2207 1198 3815 1270; baseline 0.002 -19"><span class='ocrx_word' id='word_1_180' title='bbox 2207 1208 2367 1269; x_wconf 87' lang='lat' dir='ltr'><strong>atque</strong></span> <span class='ocrx_word' id='word_1_181' title='bbox 2392 1200 2552 1253; x_wconf 89' lang='lat' dir='ltr'><strong>etiam</strong></span> <span class='ocrx_word' id='word_1_182' title='bbox 2584 1198 2893 1268; x_wconf 89' lang='lat' dir='ltr'><strong>aliquandiu</strong></span> <span class='ocrx_word' id='word_1_183' title='bbox 2925 1208 3048 1270; x_wconf 86' lang='lat' dir='ltr'><strong>post</strong></span> <span class='ocrx_word' id='word_1_184' title='bbox 3083 1198 3199 1252; x_wconf 83' lang='lat' dir='ltr'><strong>haec</strong></span> <span class='ocrx_word' id='word_1_185' title='bbox 3244 1198 3313 1252; x_wconf 90' lang='lat' dir='ltr'><strong>ibi</strong></span> <span class='ocrx_word' id='word_1_186' title='bbox 3347 1198 3649 1253; x_wconf 79' lang='lat' dir='ltr'><strong>substitisse</strong></span> <span class='ocrx_word' id='word_1_187' title='bbox 3682 1216 3696 1253; x_wconf 90' lang='lat'>:</span> <span class='ocrx_word' id='word_1_188' title='bbox 3732 1199 3815 1255; x_wconf 88' lang='lat' dir='ltr'><strong>vi-</strong></span> 
     </span>
    </p>
   </div>
   <div class='ocr_carea' id='block_1_22' title="bbox 2208 1289 3816 1362">
    <p class='ocr_par' dir='ltr' id='par_1_22' title="bbox 2208 1289 3816 1362">
     <span class='ocr_line' id='line_1_22' title="bbox 2208 1289 3816 1362; baseline 0 -17"><span class='ocrx_word' id='word_1_189' title='bbox 2208 1289 2304 1345; x_wconf 86' lang='lat' dir='ltr'><strong>des</strong></span> <span class='ocrx_word' id='word_1_190' title='bbox 2335 1293 2531 1361; x_wconf 80' lang='lat' dir='ltr'><strong>igitur,</strong></span> <span class='ocrx_word' id='word_1_191' title='bbox 2582 1292 2707 1362; x_wconf 91' lang='lat' dir='ltr'><strong>quid</strong></span> <span class='ocrx_word' id='word_1_192' title='bbox 2743 1290 2868 1346; x_wconf 89' lang='lat' dir='ltr'><strong>hinc</strong></span> <span class='ocrx_word' id='word_1_193' title='bbox 2896 1290 3037 1345; x_wconf 81' lang='lat' dir='ltr'><strong>efﬁci</strong></span> <span class='ocrx_word' id='word_1_194' title='bbox 3069 1292 3259 1362; x_wconf 87' lang='lat' dir='ltr'><strong>possit.</strong></span> <span class='ocrx_word' id='word_1_195' title='bbox 3287 1290 3416 1345; x_wconf 83' lang='lat' dir='ltr'><strong>Nam</strong></span> <span class='ocrx_word' id='word_1_196' title='bbox 3457 1292 3501 1345; x_wconf 92' lang='lat' dir='ltr'><strong>si</strong></span> <span class='ocrx_word' id='word_1_197' title='bbox 3533 1291 3620 1346; x_wconf 91' lang='lat' dir='ltr'><strong>ille</strong></span> <span class='ocrx_word' id='word_1_198' title='bbox 3645 1292 3816 1355; x_wconf 78' lang='lat' dir='ltr'><strong>Basso</strong></span> 
     </span>
    </p>
   </div>
   <div class='ocr_carea' id='block_1_23' title="bbox 2205 1383 3817 1455">
    <p class='ocr_par' dir='ltr' id='par_1_23' title="bbox 2205 1383 3817 1455">
     <span class='ocr_line' id='line_1_23' title="bbox 2205 1383 3817 1455; baseline 0.002 -18"><span class='ocrx_word' id='word_1_199' title='bbox 2205 1384 2315 1455; x_wconf 84' lang='lat' dir='ltr'><strong>jatn</strong></span> <span class='ocrx_word' id='word_1_200' title='bbox 2346 1383 2504 1439; x_wconf 82' lang='lat' dir='ltr'><strong>Urbis</strong></span> <span class='ocrx_word' id='word_1_201' title='bbox 2538 1384 2792 1453; x_wconf 68' lang='lat' dir='ltr'><strong>prmfecto</strong></span> <span class='ocrx_word' id='word_1_202' title='bbox 2839 1384 3051 1439; x_wconf 89' lang='lat' dir='ltr'><strong>delatus</strong></span> <span class='ocrx_word' id='word_1_203' title='bbox 3080 1393 3183 1450; x_wconf 87' lang='lat' dir='ltr'><strong>est,</strong></span> <span class='ocrx_word' id='word_1_204' title='bbox 3236 1385 3281 1437; x_wconf 90' lang='lat' dir='ltr'><strong>si</strong></span> <span class='ocrx_word' id='word_1_205' title='bbox 3327 1385 3544 1446; x_wconf 86' lang='lat' dir='ltr'><strong>eodem,</strong></span> <span class='ocrx_word' id='word_1_206' title='bbox 3596 1395 3688 1438; x_wconf 86' lang='lat' dir='ltr'><strong>aut</strong></span> <span class='ocrx_word' id='word_1_207' title='bbox 3730 1401 3817 1441; x_wconf 80' lang='lat' dir='ltr'><strong>se-</strong></span> 
     </span>
    </p>
   </div>
   <div class='ocr_carea' id='block_1_24' title="bbox 2210 1475 3816 1547">
    <p class='ocr_par' dir='ltr' id='par_1_24' title="bbox 2210 1475 3816 1547">
     <span class='ocr_line' id='line_1_24' title="bbox 2210 1475 3816 1547; baseline 0.003 -20"><span class='ocrx_word' id='word_1_208' title='bbox 2210 1477 2394 1546; x_wconf 88' lang='lat' dir='ltr'><strong>quenti</strong></span> <span class='ocrx_word' id='word_1_209' title='bbox 2421 1492 2562 1531; x_wconf 91' lang='lat' dir='ltr'><strong>anno</strong></span> <span class='ocrx_word' id='word_1_210' title='bbox 2592 1492 2716 1531; x_wconf 91' lang='lat' dir='ltr'><strong>eum</strong></span> <span class='ocrx_word' id='word_1_211' title='bbox 2760 1491 2857 1547; x_wconf 89' lang='lat' dir='ltr'><strong>per</strong></span> <span class='ocrx_word' id='word_1_212' title='bbox 2886 1476 3140 1531; x_wconf 88' lang='lat' dir='ltr'><strong>interiora</strong></span> <span class='ocrx_word' id='word_1_213' title='bbox 3194 1475 3438 1547; x_wconf 67' lang='lat' dir='ltr'><strong>Egypti,</strong></span> <span class='ocrx_word' id='word_1_214' title='bbox 3474 1491 3539 1530; x_wconf 89' lang='lat' dir='ltr'><strong>ac</strong></span> <span class='ocrx_word' id='word_1_215' title='bbox 3572 1494 3666 1545; x_wconf 88' lang='lat' dir='ltr'><strong>per</strong></span> <span class='ocrx_word' id='word_1_216' title='bbox 3715 1477 3816 1531; x_wconf 88' lang='lat' dir='ltr'><strong>Pa-</strong></span> 
     </span>
    </p>
   </div>
   <div class='ocr_carea' id='block_1_25' title="bbox 2213 1566 3819 1633">
    <p class='ocr_par' dir='ltr' id='par_1_25' title="bbox 2213 1566 3819 1633">
     <span class='ocr_line' id='line_1_25' title="bbox 2213 1566 3819 1633; baseline 0.002 -12"><span class='ocrx_word' id='word_1_217' title='bbox 2213 1568 2474 1621; x_wconf 82' lang='lat' dir='ltr'><strong>l:rstinam</strong></span> <span class='ocrx_word' id='word_1_218' title='bbox 2525 1568 2819 1622; x_wconf 78' lang='lat' dir='ltr'><strong>rursitasse</strong></span> <span class='ocrx_word' id='word_1_219' title='bbox 2849 1576 3083 1633; x_wconf 83' lang='lat' dir='ltr'><strong>constat,</strong></span> <span class='ocrx_word' id='word_1_220' title='bbox 3135 1566 3275 1621; x_wconf 89' lang='lat' dir='ltr'><strong>haud</strong></span> <span class='ocrx_word' id='word_1_221' title='bbox 3317 1568 3405 1621; x_wconf 91' lang='lat' dir='ltr'><strong>diu</strong></span> <span class='ocrx_word' id='word_1_222' title='bbox 3457 1568 3645 1623; x_wconf 68' lang='lat' dir='ltr'><strong>Roma:</strong></span> <span class='ocrx_word' id='word_1_223' title='bbox 3691 1570 3819 1624; x_wconf 90' lang='lat' dir='ltr'><strong>sub-</strong></span> 
     </span>
    </p>
   </div>
   <div class='ocr_carea' id='block_1_26' title="bbox 2214 1659 3821 1730">
    <p class='ocr_par' dir='ltr' id='par_1_26' title="bbox 2214 1659 3821 1730">
     <span class='ocr_line' id='line_1_26' title="bbox 2214 1659 3821 1730; baseline 0.002 -17"><span class='ocrx_word' id='word_1_224' title='bbox 2214 1660 2415 1714; x_wconf 90' lang='lat' dir='ltr'><strong>stitisse</strong></span> <span class='ocrx_word' id='word_1_225' title='bbox 2439 1660 2539 1714; x_wconf 88' lang='lat' dir='ltr'><strong>sub</strong></span> <span class='ocrx_word' id='word_1_226' title='bbox 2567 1660 2755 1714; x_wconf 91' lang='lat' dir='ltr'><strong>eodem</strong></span> <span class='ocrx_word' id='word_1_227' title='bbox 2787 1659 3039 1730; x_wconf 86' lang='lat' dir='ltr'><strong>praefecto</strong></span> <span class='ocrx_word' id='word_1_228' title='bbox 3066 1660 3261 1728; x_wconf 90' lang='lat' dir='ltr'><strong>potuit,</strong></span> <span class='ocrx_word' id='word_1_229' title='bbox 3287 1659 3381 1715; x_wconf 91' lang='lat' dir='ltr'><strong>sed</strong></span> <span class='ocrx_word' id='word_1_230' title='bbox 3405 1661 3581 1715; x_wconf 89' lang='lat' dir='ltr'><strong>solum</strong></span> <span class='ocrx_word' id='word_1_231' title='bbox 3607 1672 3821 1717; x_wconf 82' lang='lat' dir='ltr'><strong>vertere</strong></span> 
     </span>
    </p>
   </div>
   <div class='ocr_carea' id='block_1_27' title="bbox 514 1742 3821 1824">
    <p class='ocr_par' dir='ltr' id='par_1_27' title="bbox 514 1742 3821 1824">
     <span class='ocr_line' id='line_1_27' title="bbox 514 1742 3821 1824; baseline -0.004 -17"><span class='ocrx_word' id='word_1_232' title='bbox 514 1752 656 1823; x_wconf 86' lang='lat' dir='ltr'><strong>quod</strong></span> <span class='ocrx_word' id='word_1_233' title='bbox 686 1749 891 1809; x_wconf 90' lang='lat' dir='ltr'><strong>homini</strong></span> <span class='ocrx_word' id='word_1_234' title='bbox 920 1748 1140 1803; x_wconf 89' lang='lat' dir='ltr'><strong>ethnico</strong></span> <span class='ocrx_word' id='word_1_235' title='bbox 1160 1744 1454 1801; x_wconf 90' lang='lat' dir='ltr'><strong>convenire</strong></span> <span class='ocrx_word' id='word_1_236' title='bbox 1486 1744 1680 1814; x_wconf 76' lang='lat' dir='ltr'><strong>pOlUii,</strong></span> <span class='ocrx_word' id='word_1_237' title='bbox 1710 1742 1844 1799; x_wconf 91' lang='lat' dir='ltr'><strong>nihil</strong></span> <span class='ocrx_word' id='word_1_238' title='bbox 1872 1758 1969 1812; x_wconf 89' lang='lat' dir='ltr'><strong>pro</strong></span> <span class='ocrx_word' id='word_1_239' title='bbox 1997 1758 2114 1797; x_wconf 90' lang='lat' dir='ltr'><strong>cer-</strong></span> <span class='ocrx_word' id='word_1_240' title='bbox 2144 1751 2187 1809; x_wconf 80' lang='grc' dir='ltr'><strong>Β</strong></span> <span class='ocrx_word' id='word_1_241' title='bbox 2216 1762 2435 1808; x_wconf 59' lang='lat' dir='ltr'><strong>coactus</strong></span> <span class='ocrx_word' id='word_1_242' title='bbox 2463 1762 2546 1808; x_wconf 66' lang='lat' dir='ltr'><strong>est</strong></span> <span class='ocrx_word' id='word_1_243' title='bbox 2578 1770 2590 1806; x_wconf 74' lang='grc' dir='ltr'>ε</span> <span class='ocrx_word' id='word_1_244' title='bbox 2624 1768 2720 1808; x_wconf 74' lang='lat' dir='ltr'><strong>cur</strong></span> <span class='ocrx_word' id='word_1_245' title='bbox 2747 1752 2890 1807; x_wconf 79' lang='lat' dir='ltr'><strong>enim</strong></span> <span class='ocrx_word' id='word_1_246' title='bbox 2923 1762 3017 1806; x_wconf 67' lang='lat' dir='ltr'><strong>aut</strong></span> <span class='ocrx_word' id='word_1_247' title='bbox 3046 1752 3273 1807; x_wconf 74' lang='lat' dir='ltr'><strong>Romam</strong></span> <span class='ocrx_word' id='word_1_248' title='bbox 3313 1761 3420 1807; x_wconf 66' lang='lat' dir='ltr'><strong>tam</strong></span> <span class='ocrx_word' id='word_1_249' title='bbox 3448 1754 3578 1819; x_wconf 58' lang='lat' dir='ltr'><strong>cito,</strong></span> <span class='ocrx_word' id='word_1_250' title='bbox 3612 1768 3676 1808; x_wconf 73' lang='lat' dir='ltr'><strong>ac</strong></span> <span class='ocrx_word' id='word_1_251' title='bbox 3696 1769 3821 1824; x_wconf 54' lang='grc' dir='ltr'><strong>ετξ..</strong></span> 
     </span>
    </p>
   </div>
   <div class='ocr_carea' id='block_1_28' title="bbox 509 1835 2113 1906">
    <p class='ocr_par' dir='ltr' id='par_1_28' title="bbox 509 1835 2113 1906">
     <span class='ocr_line' id='line_1_28' title="bbox 509 1835 2113 1906; baseline -0.006 -6"><span class='ocrx_word' id='word_1_252' title='bbox 509 1856 563 1900; x_wconf 88' lang='grc' dir='ltr'><strong>ιο</strong></span> <span class='ocrx_word' id='word_1_253' title='bbox 599 1843 829 1899; x_wconf 82' lang='lat' dir='ltr'><strong>definire</strong></span> <span class='ocrx_word' id='word_1_254' title='bbox 860 1841 1090 1897; x_wconf 85' lang='lat' dir='ltr'><strong>videtur.</strong></span> <span class='ocrx_word' id='word_1_255' title='bbox 1133 1842 1201 1895; x_wconf 84' lang='lat' dir='ltr'><strong>At</strong></span> <span class='ocrx_word' id='word_1_256' title='bbox 1229 1839 1344 1893; x_wconf 64' lang='lat' dir='ltr'><strong>haec</strong></span> <span class='ocrx_word' id='word_1_257' title='bbox 1372 1838 1555 1901; x_wconf 87' lang='lat' dir='ltr'><strong>verba,</strong></span> <span class='ocrx_word' id='word_1_258' title='bbox 1590 1839 1784 1906; x_wconf 85' lang='lat' dir='ltr'><strong>quibus</strong></span> <span class='ocrx_word' id='word_1_259' title='bbox 1815 1835 2113 1891; x_wconf 84' lang='lat' dir='ltr'><strong>Luciferia—</strong></span> 
     </span>
    </p>
   </div>
   <div class='ocr_carea' id='block_1_29' title="bbox 511 1930 2116 2001">
    <p class='ocr_par' dir='ltr' id='par_1_29' title="bbox 511 1930 2116 2001">
     <span class='ocr_line' id='line_1_29' title="bbox 511 1930 2116 2001; baseline -0.004 -9"><span class='ocrx_word' id='word_1_260' title='bbox 511 1938 585 2001; x_wconf 94' lang='lat' dir='ltr'><strong>ni,</strong></span> <span class='ocrx_word' id='word_1_261' title='bbox 620 1945 677 1992; x_wconf 89' lang='lat' dir='ltr'><strong>ut</strong></span> <span class='ocrx_word' id='word_1_262' title='bbox 703 1936 849 1990; x_wconf 87' lang='lat' dir='ltr'><strong>solos</strong></span> <span class='ocrx_word' id='word_1_263' title='bbox 877 1948 936 1989; x_wconf 89' lang='lat' dir='ltr'><strong>se</strong></span> <span class='ocrx_word' id='word_1_264' title='bbox 962 1933 1261 1988; x_wconf 89' lang='lat' dir='ltr'><strong>catholicos</strong></span> <span class='ocrx_word' id='word_1_265' title='bbox 1288 1945 1412 1987; x_wconf 89' lang='lat' dir='ltr'><strong>esse</strong></span> <span class='ocrx_word' id='word_1_266' title='bbox 1434 1930 1811 2001; x_wconf 84' lang='lat' dir='ltr'><strong>praedicarent,</strong></span> <span class='ocrx_word' id='word_1_267' title='bbox 1837 1946 1933 2000; x_wconf 91' lang='lat' dir='ltr'><strong>pro</strong></span> <span class='ocrx_word' id='word_1_268' title='bbox 1962 1944 2116 1986; x_wconf 89' lang='lat' dir='ltr'><strong>more</strong></span> 
     </span>
    </p>
   </div>
   <div class='ocr_carea' id='block_1_30' title="bbox 508 2024 2115 2096">
    <p class='ocr_par' dir='ltr' id='par_1_30' title="bbox 508 2024 2115 2096">
     <span class='ocr_line' id='line_1_30' title="bbox 508 2024 2115 2096; baseline -0.004 -10"><span class='ocrx_word' id='word_1_269' title='bbox 508 2031 827 2090; x_wconf 87' lang='lat' dir='ltr'><strong>utebantur.</strong></span> <span class='ocrx_word' id='word_1_270' title='bbox 879 2027 945 2082; x_wconf 90' lang='lat' dir='ltr'><strong>ad</strong></span> <span class='ocrx_word' id='word_1_271' title='bbox 992 2028 1345 2082; x_wconf 87' lang='lat' dir='ltr'><strong>cbristianam</strong></span> <span class='ocrx_word' id='word_1_272' title='bbox 1405 2026 1725 2096; x_wconf 76' lang='lat' dir='ltr'><strong>religionem</strong></span> <span class='ocrx_word' id='word_1_273' title='bbox 1770 2024 2115 2080; x_wconf 89' lang='lat' dir='ltr'><strong>indicandam</strong></span> 
     </span>
    </p>
   </div>
   <div class='ocr_carea' id='block_1_31' title="bbox 512 2120 2117 2190">
    <p class='ocr_par' dir='ltr' id='par_1_31' title="bbox 512 2120 2117 2190">
     <span class='ocr_line' id='line_1_31' title="bbox 512 2120 2117 2190; baseline -0.003 -11"><span class='ocrx_word' id='word_1_274' title='bbox 512 2123 699 2179; x_wconf 89' lang='lat' dir='ltr'><strong>retulit</strong></span> <span class='ocrx_word' id='word_1_275' title='bbox 727 2121 872 2178; x_wconf 88' lang='lat' dir='ltr'><strong>aliud</strong></span> <span class='ocrx_word' id='word_1_276' title='bbox 922 2135 1090 2190; x_wconf 81' lang='lat' dir='ltr'><strong>agens</strong></span> <span class='ocrx_word' id='word_1_277' title='bbox 1130 2122 1211 2176; x_wconf 85' lang='lat' dir='ltr'><strong>vir</strong></span> <span class='ocrx_word' id='word_1_278' title='bbox 1262 2120 1750 2175; x_wconf 83' lang='lat' dir='ltr'><strong>accuratissimus:</strong></span> <span class='ocrx_word' id='word_1_279' title='bbox 1812 2134 1933 2174; x_wconf 89' lang='lat' dir='ltr'><strong>nam</strong></span> <span class='ocrx_word' id='word_1_280' title='bbox 1988 2121 2117 2189; x_wconf 89' lang='lat' dir='ltr'><strong>quin</strong></span> 
     </span>
    </p>
   </div>
   <div class='ocr_carea' id='block_1_32' title="bbox 517 2213 2123 2283">
    <p class='ocr_par' dir='ltr' id='par_1_32' title="bbox 517 2213 2123 2283">
     <span class='ocr_line' id='line_1_32' title="bbox 517 2213 2123 2283; baseline -0.004 -9"><span class='ocrx_word' id='word_1_281' title='bbox 517 2220 719 2275; x_wconf 90' lang='lat' dir='ltr'><strong>Bassus</strong></span> <span class='ocrx_word' id='word_1_282' title='bbox 762 2216 1093 2271; x_wconf 82' lang='lat' dir='ltr'><strong>christianus</strong></span> <span class='ocrx_word' id='word_1_283' title='bbox 1143 2214 1327 2279; x_wconf 90' lang='lat' dir='ltr'><strong>fuerit,</strong></span> <span class='ocrx_word' id='word_1_284' title='bbox 1372 2214 1462 2269; x_wconf 92' lang='lat' dir='ltr'><strong>vix</strong></span> <span class='ocrx_word' id='word_1_285' title='bbox 1494 2213 1745 2269; x_wconf 91' lang='lat' dir='ltr'><strong>dubitare</strong></span> <span class='ocrx_word' id='word_1_286' title='bbox 1792 2228 1891 2268; x_wconf 93' lang='lat' dir='ltr'><strong>nos</strong></span> <span class='ocrx_word' id='word_1_287' title='bbox 1923 2214 2123 2283; x_wconf 88' lang='lat' dir='ltr'><strong>patitur</strong></span> 
     </span>
    </p>
   </div>
   <div class='ocr_carea' id='block_1_33' title="bbox 513 2306 2121 2376">
    <p class='ocr_par' dir='ltr' id='par_1_33' title="bbox 513 2306 2121 2376">
     <span class='ocr_line' id='line_1_33' title="bbox 513 2306 2121 2376; baseline -0.003 -10"><span class='ocrx_word' id='word_1_288' title='bbox 513 2310 859 2374; x_wconf 90' lang='lat' dir='ltr'><strong>Prudentius,</strong></span> <span class='ocrx_word' id='word_1_289' title='bbox 892 2323 956 2363; x_wconf 87' lang='lat' dir='ltr'><strong>ac</strong></span> <span class='ocrx_word' id='word_1_290' title='bbox 1001 2315 1411 2363; x_wconf 88' lang='lat' dir='ltr'><strong>monumentum</strong></span> <span class='ocrx_word' id='word_1_291' title='bbox 1457 2306 1603 2362; x_wconf 82' lang='lat' dir='ltr'><strong>Junii</strong></span> <span class='ocrx_word' id='word_1_292' title='bbox 1654 2306 1827 2369; x_wconf 84' lang='lat' dir='ltr'><strong>Bassi,</strong></span> <span class='ocrx_word' id='word_1_293' title='bbox 1873 2307 2016 2376; x_wconf 87' lang='lat' dir='ltr'><strong>quod</strong></span> <span class='ocrx_word' id='word_1_294' title='bbox 2066 2307 2121 2361; x_wconf 89' lang='lat' dir='ltr'><strong>in</strong></span> 
     </span>
    </p>
   </div>
   <div class='ocr_carea' id='block_1_34' title="bbox 512 2397 2124 2468">
    <p class='ocr_par' dir='ltr' id='par_1_34' title="bbox 512 2397 2124 2468">
     <span class='ocr_line' id='line_1_34' title="bbox 512 2397 2124 2468; baseline -0.004 -10"><span class='ocrx_word' id='word_1_295' title='bbox 512 2402 732 2458; x_wconf 88' lang='lat' dir='ltr'><strong>basilica</strong></span> <span class='ocrx_word' id='word_1_296' title='bbox 766 2400 1021 2454; x_wconf 86' lang='lat' dir='ltr'><strong>Vaticana</strong></span> <span class='ocrx_word' id='word_1_297' title='bbox 1062 2398 1240 2453; x_wconf 88' lang='lat' dir='ltr'><strong>adhuc</strong></span> <span class='ocrx_word' id='word_1_298' title='bbox 1269 2406 1542 2468; x_wconf 89' lang='lat' dir='ltr'><strong>superest,</strong></span> <span class='ocrx_word' id='word_1_299' title='bbox 1572 2397 1641 2452; x_wconf 90' lang='lat' dir='ltr'><strong>ab</strong></span> <span class='ocrx_word' id='word_1_300' title='bbox 1669 2397 1982 2453; x_wconf 86' lang='lat' dir='ltr'><strong>auctoribus</strong></span> <span class='ocrx_word' id='word_1_301' title='bbox 2015 2397 2124 2452; x_wconf 87' lang='lat' dir='ltr'><strong>Ro-</strong></span> 
     </span>
    </p>
   </div>
   <div class='ocr_carea' id='block_1_35' title="bbox 516 2490 1350 2561">
    <p class='ocr_par' dir='ltr' id='par_1_35' title="bbox 516 2490 1350 2561">
     <span class='ocr_line' id='line_1_35' title="bbox 516 2490 1350 2561; baseline -0.006 -13"><span class='ocrx_word' id='word_1_302' title='bbox 516 2510 616 2548; x_wconf 77' lang='lat' dir='ltr'><strong>mw</strong></span> <span class='ocrx_word' id='word_1_303' title='bbox 640 2495 982 2548; x_wconf 75' lang='lat' dir='ltr'><strong>subterranea:</strong></span> <span class='ocrx_word' id='word_1_304' title='bbox 1005 2490 1350 2561; x_wconf 88' lang='lat' dir='ltr'><strong>productum.</strong></span> 
     </span>
    </p>
   </div>
   <div class='ocr_carea' id='block_1_36' title="bbox 587 2582 2126 2656">
    <p class='ocr_par' dir='ltr' id='par_1_36' title="bbox 587 2582 2126 2656">
     <span class='ocr_line' id='line_1_36' title="bbox 587 2582 2126 2656; baseline -0.003 -14"><span class='ocrx_word' id='word_1_305' title='bbox 587 2586 674 2642; x_wconf 92' lang='lat' dir='ltr'><strong>lll.</strong></span> <span class='ocrx_word' id='word_1_306' title='bbox 719 2585 978 2656; x_wconf 81' lang='lat' dir='ltr'><strong>Ephesius</strong></span> <span class='ocrx_word' id='word_1_307' title='bbox 1010 2584 1099 2640; x_wconf 91' lang='lat' dir='ltr'><strong>ille</strong></span> <span class='ocrx_word' id='word_1_308' title='bbox 1129 2582 1410 2639; x_wconf 88' lang='lat' dir='ltr'><strong>ordinatus</strong></span> <span class='ocrx_word' id='word_1_309' title='bbox 1451 2597 1482 2637; x_wconf 90' lang='lat' dir='ltr'><strong>a</strong></span> <span class='ocrx_word' id='word_1_310' title='bbox 1509 2583 1741 2652; x_wconf 85' lang='lat' dir='ltr'><strong>Taorgio</strong></span> <span class='ocrx_word' id='word_1_311' title='bbox 1795 2582 1971 2637; x_wconf 80' lang='lat' dir='ltr'><strong>fuerat</strong></span> <span class='ocrx_word' id='word_1_312' title='bbox 2015 2584 2126 2654; x_wconf 83' lang='lat' dir='ltr'><strong>epi-</strong></span> 
     </span>
    </p>
   </div>
   <div class='ocr_carea' id='block_1_37' title="bbox 523 2676 2126 2749">
    <p class='ocr_par' dir='ltr' id='par_1_37' title="bbox 523 2676 2126 2749">
     <span class='ocr_line' id='line_1_37' title="bbox 523 2676 2126 2749; baseline -0.001 -16"><span class='ocrx_word' id='word_1_313' title='bbox 523 2696 711 2749; x_wconf 84' lang='lat' dir='ltr'><strong>sc0pus</strong></span> <span class='ocrx_word' id='word_1_314' title='bbox 756 2680 1176 2733; x_wconf 77' lang='lat' dir='ltr'><strong>incontaminnta:</strong></span> <span class='ocrx_word' id='word_1_315' title='bbox 1199 2676 1360 2747; x_wconf 83' lang='lat' dir='ltr'><strong>plebis</strong></span> <span class='ocrx_word' id='word_1_316' title='bbox 1394 2677 1671 2744; x_wconf 76' lang='lat' dir='ltr'><strong>Romanw,</strong></span> <span class='ocrx_word' id='word_1_317' title='bbox 1713 2677 1832 2746; x_wconf 90' lang='lat' dir='ltr'><strong>ejus</strong></span> <span class='ocrx_word' id='word_1_318' title='bbox 1875 2676 2126 2744; x_wconf 78' lang='lat' dir='ltr'><strong>scilicet,</strong></span> 
     </span>
    </p>
   </div>
   <div class='ocr_carea' id='block_1_38' title="bbox 516 2770 2126 2842">
    <p class='ocr_par' dir='ltr' id='par_1_38' title="bbox 516 2770 2126 2842">
     <span class='ocr_line' id='line_1_38' title="bbox 516 2770 2126 2842; baseline -0.002 -16"><span class='ocrx_word' id='word_1_319' title='bbox 516 2788 636 2842; x_wconf 75' lang='lat' dir='ltr'><strong>qua:</strong></span> <span class='ocrx_word' id='word_1_320' title='bbox 668 2772 720 2825; x_wconf 91' lang='lat' dir='ltr'><strong>in</strong></span> <span class='ocrx_word' id='word_1_321' title='bbox 761 2772 1058 2827; x_wconf 88' lang='lat' dir='ltr'><strong>schismate</strong></span> <span class='ocrx_word' id='word_1_322' title='bbox 1097 2770 1360 2826; x_wconf 88' lang='lat' dir='ltr'><strong>adversus</strong></span> <span class='ocrx_word' id='word_1_323' title='bbox 1394 2770 1679 2824; x_wconf 91' lang='lat' dir='ltr'><strong>Damasum</strong></span> <span class='ocrx_word' id='word_1_324' title='bbox 1714 2778 2126 2839; x_wconf 87' lang='lat' dir='ltr'><strong>permanserat,</strong></span> 
     </span>
    </p>
   </div>
   <div class='ocr_carea' id='block_1_39' title="bbox 519 2861 2129 2933">
    <p class='ocr_par' dir='ltr' id='par_1_39' title="bbox 519 2861 2129 2933">
     <span class='ocr_line' id='line_1_39' title="bbox 519 2861 2129 2933; baseline -0.002 -14"><span class='ocrx_word' id='word_1_325' title='bbox 519 2873 573 2919; x_wconf 90' lang='lat' dir='ltr'><strong>et</strong></span> <span class='ocrx_word' id='word_1_326' title='bbox 603 2863 785 2919; x_wconf 87' lang='lat' dir='ltr'><strong>Ursini</strong></span> <span class='ocrx_word' id='word_1_327' title='bbox 817 2862 1057 2918; x_wconf 91' lang='lat' dir='ltr'><strong>absentis</strong></span> <span class='ocrx_word' id='word_1_328' title='bbox 1086 2872 1139 2919; x_wconf 92' lang='lat' dir='ltr'><strong>et</strong></span> <span class='ocrx_word' id='word_1_329' title='bbox 1168 2862 1393 2933; x_wconf 78' lang='lat' dir='ltr'><strong>relegati</strong></span> <span class='ocrx_word' id='word_1_330' title='bbox 1428 2862 1761 2931; x_wconf 88' lang='lat' dir='ltr'><strong>sequebatur</strong></span> <span class='ocrx_word' id='word_1_331' title='bbox 1803 2871 2001 2930; x_wconf 88' lang='lat' dir='ltr'><strong>partes;</strong></span> <span class='ocrx_word' id='word_1_332' title='bbox 2037 2861 2129 2929; x_wconf 87' lang='lat' dir='ltr'><strong>qui</strong></span> 
     </span>
    </p>
   </div>
   <div class='ocr_carea' id='block_1_40' title="bbox 515 2951 2171 3023">
    <p class='ocr_par' dir='ltr' id='par_1_40' title="bbox 515 2951 2171 3023">
     <span class='ocr_line' id='line_1_40' title="bbox 515 2951 2171 3023; baseline -0.003 -12"><span class='ocrx_word' id='word_1_333' title='bbox 515 2956 666 3011; x_wconf 89' lang='lat' dir='ltr'><strong>locus</strong></span> <span class='ocrx_word' id='word_1_334' title='bbox 693 2965 749 3009; x_wconf 88' lang='lat' dir='ltr'><strong>ut</strong></span> <span class='ocrx_word' id='word_1_335' title='bbox 780 2955 955 3008; x_wconf 88' lang='lat' dir='ltr'><strong>obiter</strong></span> <span class='ocrx_word' id='word_1_336' title='bbox 984 2952 1185 3018; x_wconf 88' lang='lat' dir='ltr'><strong>dicam,</strong></span> <span class='ocrx_word' id='word_1_337' title='bbox 1214 2953 1599 3011; x_wconf 84' lang='lat' dir='ltr'><strong>observatione</strong></span> <span class='ocrx_word' id='word_1_338' title='bbox 1633 2951 1829 3023; x_wconf 84' lang='lat' dir='ltr'><strong>dignus</strong></span> <span class='ocrx_word' id='word_1_339' title='bbox 1868 2961 1973 3016; x_wconf 88' lang='lat' dir='ltr'><strong>est,</strong></span> <span class='ocrx_word' id='word_1_340' title='bbox 2006 2967 2128 3006; x_wconf 90' lang='lat' dir='ltr'><strong>cum</strong></span> <span class='ocrx_word' id='word_1_341' title='bbox 2168 2960 2171 2963; x_wconf 76' lang='lat'><em>&#39;</em></span> 
     </span>
    </p>
   </div>
   <div class='ocr_carea' id='block_1_41' title="bbox 521 3044 2130 3116">
    <p class='ocr_par' dir='ltr' id='par_1_41' title="bbox 521 3044 2130 3116">
     <span class='ocr_line' id='line_1_41' title="bbox 521 3044 2130 3116; baseline -0.001 -15"><span class='ocrx_word' id='word_1_342' title='bbox 521 3055 895 3116; x_wconf 77' lang='lat' dir='ltr'><strong>argumentum</strong></span> <span class='ocrx_word' id='word_1_343' title='bbox 939 3050 1161 3115; x_wconf 68' lang='lat' dir='ltr'><strong>pracswt</strong></span> <span class='ocrx_word' id='word_1_344' title='bbox 1190 3046 1412 3110; x_wconf 85' lang='lat' dir='ltr'><strong>minime</strong></span> <span class='ocrx_word' id='word_1_345' title='bbox 1448 3045 1692 3109; x_wconf 89' lang='lat' dir='ltr'><strong>dubium,</strong></span> <span class='ocrx_word' id='word_1_346' title='bbox 1734 3060 1799 3101; x_wconf 87' lang='lat' dir='ltr'><strong>ex</strong></span> <span class='ocrx_word' id='word_1_347' title='bbox 1842 3060 1948 3115; x_wconf 91' lang='lat' dir='ltr'><strong>quo</strong></span> <span class='ocrx_word' id='word_1_348' title='bbox 1986 3044 2130 3100; x_wconf 86' lang='lat' dir='ltr'><strong>ordi-</strong></span> 
     </span>
    </p>
   </div>
   <div class='ocr_carea' id='block_1_42' title="bbox 2217 1843 3814 1916">
    <p class='ocr_par' dir='ltr' id='par_1_42' title="bbox 2217 1843 3814 1916">
     <span class='ocr_line' id='line_1_42' title="bbox 2217 1843 3814 1916; baseline -0.001 -17"><span class='ocrx_word' id='word_1_349' title='bbox 2217 1848 2365 1916; x_wconf 83' lang='lat' dir='ltr'><strong>gales</strong></span> <span class='ocrx_word' id='word_1_350' title='bbox 2392 1861 2540 1910; x_wconf 81' lang='lat' dir='ltr'><strong>suos,</strong></span> <span class='ocrx_word' id='word_1_351' title='bbox 2560 1844 2756 1915; x_wconf 87' lang='lat' dir='ltr'><strong>quibus</strong></span> <span class='ocrx_word' id='word_1_352' title='bbox 2776 1845 3065 1914; x_wconf 89' lang='lat' dir='ltr'><strong>episcopus</strong></span> <span class='ocrx_word' id='word_1_353' title='bbox 3078 1843 3235 1898; x_wconf 87' lang='lat' dir='ltr'><strong>datus</strong></span> <span class='ocrx_word' id='word_1_354' title='bbox 3261 1844 3431 1899; x_wconf 87' lang='lat' dir='ltr'><strong>fuerat</strong></span> <span class='ocrx_word' id='word_1_355' title='bbox 3456 1844 3814 1912; x_wconf 86' lang='lat' dir='ltr'><strong>deseruisset,</strong></span> 
     </span>
    </p>
   </div>
   <div class='ocr_carea' id='block_1_43' title="bbox 2218 1934 3824 2008">
    <p class='ocr_par' dir='ltr' id='par_1_43' title="bbox 2218 1934 3824 2008">
     <span class='ocr_line' id='line_1_43' title="bbox 2218 1934 3824 2008; baseline -0.002 -15"><span class='ocrx_word' id='word_1_356' title='bbox 2218 1947 2307 1993; x_wconf 90' lang='lat' dir='ltr'><strong>aut</strong></span> <span class='ocrx_word' id='word_1_357' title='bbox 2337 1953 2455 2008; x_wconf 70' lang='lat' dir='ltr'><strong>qua:</strong></span> <span class='ocrx_word' id='word_1_358' title='bbox 2503 1937 2579 1990; x_wconf 92' lang='lat' dir='ltr'><strong>illi</strong></span> <span class='ocrx_word' id='word_1_359' title='bbox 2619 1951 2740 1990; x_wconf 91' lang='lat' dir='ltr'><strong>cum</strong></span> <span class='ocrx_word' id='word_1_360' title='bbox 2792 1934 3074 1990; x_wconf 89' lang='lat' dir='ltr'><strong>Heraclida</strong></span> <span class='ocrx_word' id='word_1_361' title='bbox 3124 1943 3228 1988; x_wconf 88' lang='lat' dir='ltr'><strong>tam</strong></span> <span class='ocrx_word' id='word_1_362' title='bbox 3286 1934 3442 2005; x_wconf 88' lang='lat' dir='ltr'><strong>longe</strong></span> <span class='ocrx_word' id='word_1_363' title='bbox 3490 1951 3519 1988; x_wconf 89' lang='lat' dir='ltr'><strong>a</strong></span> <span class='ocrx_word' id='word_1_364' title='bbox 3552 1949 3611 1989; x_wconf 90' lang='lat' dir='ltr'><strong>se</strong></span> <span class='ocrx_word' id='word_1_365' title='bbox 3640 1935 3824 2004; x_wconf 91' lang='lat' dir='ltr'><strong>posito</strong></span> 
     </span>
    </p>
   </div>
   <div class='ocr_carea' id='block_1_44' title="bbox 2222 2026 3821 2100">
    <p class='ocr_par' dir='ltr' id='par_1_44' title="bbox 2222 2026 3821 2100">
     <span class='ocr_line' id='line_1_44' title="bbox 2222 2026 3821 2100; baseline -0.001 -16"><span class='ocrx_word' id='word_1_366' title='bbox 2222 2030 2431 2100; x_wconf 85' lang='lat' dir='ltr'><strong>negotia</strong></span> <span class='ocrx_word' id='word_1_367' title='bbox 2464 2042 2585 2083; x_wconf 89' lang='lat' dir='ltr'><strong>esse</strong></span> <span class='ocrx_word' id='word_1_368' title='bbox 2616 2038 2883 2098; x_wconf 84' lang='lat' dir='ltr'><strong>poterant,</strong></span> <span class='ocrx_word' id='word_1_369' title='bbox 2919 2037 2979 2082; x_wconf 90' lang='lat' dir='ltr'><strong>ut</strong></span> <span class='ocrx_word' id='word_1_370' title='bbox 2999 2027 3064 2082; x_wconf 91' lang='lat' dir='ltr'><strong>ad</strong></span> <span class='ocrx_word' id='word_1_371' title='bbox 3092 2043 3211 2081; x_wconf 90' lang='lat' dir='ltr'><strong>eum</strong></span> <span class='ocrx_word' id='word_1_372' title='bbox 3239 2026 3613 2099; x_wconf 77' lang='lat' dir='ltr'><strong>Oxyrinchum</strong></span> <span class='ocrx_word' id='word_1_373' title='bbox 3648 2042 3821 2099; x_wconf 86' lang='lat' dir='ltr'><strong>usque</strong></span> 
     </span>
    </p>
   </div>
   <div class='ocr_carea' id='block_1_45' title="bbox 2222 2123 3826 2196">
    <p class='ocr_par' dir='ltr' id='par_1_45' title="bbox 2222 2123 3826 2196">
     <span class='ocr_line' id='line_1_45' title="bbox 2222 2123 3826 2196; baseline -0.001 -17"><span class='ocrx_word' id='word_1_374' title='bbox 2222 2139 2343 2180; x_wconf 75' lang='lat' dir='ltr'><strong>sese</strong></span> <span class='ocrx_word' id='word_1_375' title='bbox 2375 2134 2569 2196; x_wconf 89' lang='lat' dir='ltr'><strong>sponte</strong></span> <span class='ocrx_word' id='word_1_376' title='bbox 2613 2124 2925 2181; x_wconf 81' lang='lat' dir='ltr'><strong>conferret?</strong></span> <span class='ocrx_word' id='word_1_377' title='bbox 2969 2123 3077 2179; x_wconf 91' lang='lat' dir='ltr'><strong>Cur</strong></span> <span class='ocrx_word' id='word_1_378' title='bbox 3125 2140 3254 2179; x_wconf 91' lang='lat' dir='ltr'><strong>vero</strong></span> <span class='ocrx_word' id='word_1_379' title='bbox 3302 2140 3368 2179; x_wconf 86' lang='lat' dir='ltr'><strong>eo</strong></span> <span class='ocrx_word' id='word_1_380' title='bbox 3415 2132 3661 2195; x_wconf 88' lang='lat' dir='ltr'><strong>tempore</strong></span> <span class='ocrx_word' id='word_1_381' title='bbox 3715 2137 3826 2193; x_wconf 91' lang='lat' dir='ltr'><strong>quo</strong></span> 
     </span>
    </p>
   </div>
   <div class='ocr_carea' id='block_1_46' title="bbox 2228 2214 3829 2287">
    <p class='ocr_par' dir='ltr' id='par_1_46' title="bbox 2228 2214 3829 2287">
     <span class='ocr_line' id='line_1_46' title="bbox 2228 2214 3829 2287; baseline -0.002 -15"><span class='ocrx_word' id='word_1_382' title='bbox 2228 2219 2425 2273; x_wconf 84' lang='lat' dir='ltr'><strong>Bassus</strong></span> <span class='ocrx_word' id='word_1_383' title='bbox 2455 2218 2728 2275; x_wconf 86' lang='lat' dir='ltr'><strong>Urbanam</strong></span> <span class='ocrx_word' id='word_1_384' title='bbox 2763 2218 3137 2287; x_wconf 62' lang='lat' dir='ltr'><strong>praefecturam</strong></span> <span class='ocrx_word' id='word_1_385' title='bbox 3163 2214 3385 2286; x_wconf 81' lang='lat' dir='ltr'><strong>gerebat</strong></span> <span class='ocrx_word' id='word_1_386' title='bbox 3406 2214 3699 2285; x_wconf 85' lang='lat' dir='ltr'><strong>Ephesium</strong></span> <span class='ocrx_word' id='word_1_387' title='bbox 3733 2229 3829 2282; x_wconf 87' lang='lat' dir='ltr'><strong>per</strong></span> 
     </span>
    </p>
   </div>
   <div class='ocr_carea' id='block_1_47' title="bbox 2227 2306 3829 2381">
    <p class='ocr_par' dir='ltr' id='par_1_47' title="bbox 2227 2306 3829 2381">
     <span class='ocr_line' id='line_1_47' title="bbox 2227 2306 3829 2381; baseline -0.004 -15"><span class='ocrx_word' id='word_1_388' title='bbox 2227 2310 2518 2381; x_wconf 65' lang='lat' dir='ltr'><strong>Egyptum</strong></span> <span class='ocrx_word' id='word_1_389' title='bbox 2560 2325 2623 2364; x_wconf 92' lang='lat' dir='ltr'><strong>ac</strong></span> <span class='ocrx_word' id='word_1_390' title='bbox 2653 2309 2994 2363; x_wconf 67' lang='lat' dir='ltr'><strong>Paimstinam</strong></span> <span class='ocrx_word' id='word_1_391' title='bbox 3025 2310 3377 2362; x_wconf 89' lang='lat' dir='ltr'><strong>cursitantem</strong></span> <span class='ocrx_word' id='word_1_392' title='bbox 3422 2307 3674 2369; x_wconf 81' lang='lat' dir='ltr'><strong>dixerim,</strong></span> <span class='ocrx_word' id='word_1_393' title='bbox 3721 2306 3829 2360; x_wconf 80' lang='lat' dir='ltr'><strong>alia</strong></span> 
     </span>
    </p>
   </div>
   <div class='ocr_carea' id='block_1_48' title="bbox 2227 2399 3833 2459">
    <p class='ocr_par' dir='ltr' id='par_1_48' title="bbox 2227 2399 3833 2459">
     <span class='ocr_line' id='line_1_48' title="bbox 2227 2399 3833 2459; baseline -0.004 0"><span class='ocrx_word' id='word_1_394' title='bbox 2227 2406 2387 2459; x_wconf 88' lang='lat' dir='ltr'><strong>etiam</strong></span> <span class='ocrx_word' id='word_1_395' title='bbox 2442 2405 2580 2458; x_wconf 89' lang='lat' dir='ltr'><strong>ratio</strong></span> <span class='ocrx_word' id='word_1_396' title='bbox 2634 2420 2699 2458; x_wconf 86' lang='lat' dir='ltr'><strong>ex</strong></span> <span class='ocrx_word' id='word_1_397' title='bbox 2733 2404 2921 2457; x_wconf 90' lang='lat' dir='ltr'><strong>eodem</strong></span> <span class='ocrx_word' id='word_1_398' title='bbox 2971 2402 3154 2456; x_wconf 90' lang='lat' dir='ltr'><strong>libello</strong></span> <span class='ocrx_word' id='word_1_399' title='bbox 3210 2400 3493 2455; x_wconf 89' lang='lat' dir='ltr'><strong>manifesta</strong></span> <span class='ocrx_word' id='word_1_400' title='bbox 3542 2409 3643 2455; x_wconf 91' lang='lat' dir='ltr'><strong>est.</strong></span> <span class='ocrx_word' id='word_1_401' title='bbox 3674 2399 3833 2453; x_wconf 84' lang='lat' dir='ltr'><strong>Post-</strong></span> 
     </span>
    </p>
   </div>
   <div class='ocr_carea' id='block_1_49' title="bbox 2227 2492 3837 2568">
    <p class='ocr_par' dir='ltr' id='par_1_49' title="bbox 2227 2492 3837 2568">
     <span class='ocr_line' id='line_1_49' title="bbox 2227 2492 3837 2568; baseline -0.003 -17"><span class='ocrx_word' id='word_1_402' title='bbox 2227 2512 2387 2568; x_wconf 88' lang='lat' dir='ltr'><strong>quam</strong></span> <span class='ocrx_word' id='word_1_403' title='bbox 2421 2498 2562 2551; x_wconf 90' lang='lat' dir='ltr'><strong>enim</strong></span> <span class='ocrx_word' id='word_1_404' title='bbox 2586 2494 2882 2567; x_wconf 82' lang='lat' dir='ltr'><strong>Oxyrinchi</strong></span> <span class='ocrx_word' id='word_1_405' title='bbox 2911 2494 3206 2549; x_wconf 76' lang='lat' dir='ltr'><strong>Theodosii</strong></span> <span class='ocrx_word' id='word_1_406' title='bbox 3236 2494 3386 2562; x_wconf 84' lang='lat' dir='ltr'><strong>jnssa</strong></span> <span class='ocrx_word' id='word_1_407' title='bbox 3422 2493 3637 2563; x_wconf 87' lang='lat' dir='ltr'><strong>impleta</strong></span> <span class='ocrx_word' id='word_1_408' title='bbox 3669 2492 3837 2547; x_wconf 89' lang='lat' dir='ltr'><strong>vidis-</strong></span> 
     </span>
    </p>
   </div>
   <div class='ocr_carea' id='block_1_50' title="bbox 2230 2583 3834 2658">
    <p class='ocr_par' dir='ltr' id='par_1_50' title="bbox 2230 2583 3834 2658">
     <span class='ocr_line' id='line_1_50' title="bbox 2230 2583 3834 2658; baseline -0.002 -15"><span class='ocrx_word' id='word_1_409' title='bbox 2230 2600 2332 2654; x_wconf 91' lang='lat' dir='ltr'><strong>set,</strong></span> <span class='ocrx_word' id='word_1_410' title='bbox 2360 2589 2484 2643; x_wconf 89' lang='lat' dir='ltr'><strong>inde</strong></span> <span class='ocrx_word' id='word_1_411' title='bbox 2512 2586 2975 2658; x_wconf 79' lang='lat' dir='ltr'><strong>Eleutbewpolim</strong></span> <span class='ocrx_word' id='word_1_412' title='bbox 2999 2587 3065 2641; x_wconf 90' lang='lat' dir='ltr'><strong>ab</strong></span> <span class='ocrx_word' id='word_1_413' title='bbox 3090 2587 3278 2641; x_wconf 88' lang='lat' dir='ltr'><strong>eodem</strong></span> <span class='ocrx_word' id='word_1_414' title='bbox 3308 2584 3585 2641; x_wconf 79' lang='lat' dir='ltr'><strong>Heraclida</strong></span> <span class='ocrx_word' id='word_1_415' title='bbox 3620 2583 3834 2640; x_wconf 83' lang='lat' dir='ltr'><strong>Lucife-</strong></span> 
     </span>
    </p>
   </div>
   <div class='ocr_carea' id='block_1_51' title="bbox 2231 2676 3837 2750">
    <p class='ocr_par' dir='ltr' id='par_1_51' title="bbox 2231 2676 3837 2750">
     <span class='ocr_line' id='line_1_51' title="bbox 2231 2676 3837 2750; baseline -0.002 -14"><span class='ocrx_word' id='word_1_416' title='bbox 2231 2682 2506 2736; x_wconf 90' lang='lat' dir='ltr'><strong>rianorum</strong></span> <span class='ocrx_word' id='word_1_417' title='bbox 2558 2681 2817 2750; x_wconf 82' lang='lat' dir='ltr'><strong>episcopo</strong></span> <span class='ocrx_word' id='word_1_418' title='bbox 2847 2680 3047 2734; x_wconf 84' lang='lat' dir='ltr'><strong>missus</strong></span> <span class='ocrx_word' id='word_1_419' title='bbox 3096 2678 3318 2745; x_wconf 91' lang='lat' dir='ltr'><strong>dicitur,</strong></span> <span class='ocrx_word' id='word_1_420' title='bbox 3378 2688 3432 2731; x_wconf 89' lang='grc' dir='ltr'><strong>ιιι</strong></span> <span class='ocrx_word' id='word_1_421' title='bbox 3490 2676 3837 2732; x_wconf 86' lang='lat' dir='ltr'><strong>Hermioncm</strong></span> 
     </span>
    </p>
   </div>
   <div class='ocr_carea' id='block_1_52' title="bbox 2232 2771 3839 2845">
    <p class='ocr_par' dir='ltr' id='par_1_52' title="bbox 2232 2771 3839 2845">
     <span class='ocr_line' id='line_1_52' title="bbox 2232 2771 3839 2845; baseline -0.004 -15"><span class='ocrx_word' id='word_1_422' title='bbox 2232 2775 2349 2844; x_wconf 89' lang='lat' dir='ltr'><strong>ejus</strong></span> <span class='ocrx_word' id='word_1_423' title='bbox 2369 2782 2531 2829; x_wconf 61' lang='lat' dir='ltr'><strong>sectae</strong></span> <span class='ocrx_word' id='word_1_424' title='bbox 2565 2774 2832 2845; x_wconf 80' lang='lat' dir='ltr'><strong>virginem</strong></span> <span class='ocrx_word' id='word_1_425' title='bbox 2863 2774 3125 2836; x_wconf 89' lang='lat' dir='ltr'><strong>visitaret,</strong></span> <span class='ocrx_word' id='word_1_426' title='bbox 3164 2784 3327 2842; x_wconf 89' lang='lat' dir='ltr'><strong>atque</strong></span> <span class='ocrx_word' id='word_1_427' title='bbox 3374 2786 3433 2825; x_wconf 85' lang='lat' dir='ltr'><strong>ea</strong></span> <span class='ocrx_word' id='word_1_428' title='bbox 3485 2771 3619 2825; x_wconf 89' lang='lat' dir='ltr'><strong>forte</strong></span> <span class='ocrx_word' id='word_1_429' title='bbox 3672 2786 3839 2825; x_wconf 85' lang='lat' dir='ltr'><strong>occa-</strong></span> 
     </span>
    </p>
   </div>
   <div class='ocr_carea' id='block_1_53' title="bbox 2232 2861 3830 2928">
    <p class='ocr_par' dir='ltr' id='par_1_53' title="bbox 2232 2861 3830 2928">
     <span class='ocr_line' id='line_1_53' title="bbox 2232 2861 3830 2928; baseline -0.002 -9"><span class='ocrx_word' id='word_1_430' title='bbox 2232 2866 2385 2920; x_wconf 89' lang='lat' dir='ltr'><strong>sione</strong></span> <span class='ocrx_word' id='word_1_431' title='bbox 2411 2865 2631 2928; x_wconf 89' lang='lat' dir='ltr'><strong>factum,</strong></span> <span class='ocrx_word' id='word_1_432' title='bbox 2664 2876 2722 2918; x_wconf 88' lang='lat' dir='ltr'><strong>ut</strong></span> <span class='ocrx_word' id='word_1_433' title='bbox 2751 2874 2955 2919; x_wconf 88' lang='lat' dir='ltr'><strong>arctum</strong></span> <span class='ocrx_word' id='word_1_434' title='bbox 2993 2863 3120 2917; x_wconf 91' lang='lat' dir='ltr'><strong>illud</strong></span> <span class='ocrx_word' id='word_1_435' title='bbox 3161 2879 3283 2917; x_wconf 90' lang='lat' dir='ltr'><strong>cum</strong></span> <span class='ocrx_word' id='word_1_436' title='bbox 3316 2863 3571 2918; x_wconf 84' lang='lat' dir='ltr'><strong>Faustino</strong></span> <span class='ocrx_word' id='word_1_437' title='bbox 3599 2872 3650 2917; x_wconf 87' lang='lat' dir='ltr'><strong>et</strong></span> <span class='ocrx_word' id='word_1_438' title='bbox 3682 2861 3830 2916; x_wconf 76' lang='lat' dir='ltr'><strong>Mar-</strong></span> 
     </span>
    </p>
   </div>
   <div class='ocr_carea' id='block_1_54' title="bbox 2234 2954 3838 3026">
    <p class='ocr_par' dir='ltr' id='par_1_54' title="bbox 2234 2954 3838 3026">
     <span class='ocr_line' id='line_1_54' title="bbox 2234 2954 3838 3026; baseline -0.002 -13"><span class='ocrx_word' id='word_1_439' title='bbox 2234 2958 2428 3013; x_wconf 89' lang='lat' dir='ltr'><strong>cellino</strong></span> <span class='ocrx_word' id='word_1_440' title='bbox 2458 2956 2632 3012; x_wconf 74' lang='lat' dir='ltr'><strong>ftedns</strong></span> <span class='ocrx_word' id='word_1_441' title='bbox 2655 2956 2969 3026; x_wconf 83' lang='lat' dir='ltr'><strong>stringeret,</strong></span> <span class='ocrx_word' id='word_1_442' title='bbox 2995 2956 3083 3025; x_wconf 92' lang='lat' dir='ltr'><strong>qui</strong></span> <span class='ocrx_word' id='word_1_443' title='bbox 3104 2954 3309 3024; x_wconf 88' lang='lat' dir='ltr'><strong>jamdiu</strong></span> <span class='ocrx_word' id='word_1_444' title='bbox 3338 2965 3495 3009; x_wconf 88' lang='lat' dir='ltr'><strong>antea</strong></span> <span class='ocrx_word' id='word_1_445' title='bbox 3522 2970 3588 3009; x_wconf 90' lang='lat' dir='ltr'><strong>eo</strong></span> <span class='ocrx_word' id='word_1_446' title='bbox 3616 2954 3838 3009; x_wconf 83' lang='lat' dir='ltr'><strong>exsules</strong></span> 
     </span>
    </p>
   </div>
   <div class='ocr_carea' id='block_1_55' title="bbox 2236 3046 3839 3117">
    <p class='ocr_par' dir='ltr' id='par_1_55' title="bbox 2236 3046 3839 3117">
     <span class='ocr_line' id='line_1_55' title="bbox 2236 3046 3839 3117; baseline -0.001 -14"><span class='ocrx_word' id='word_1_447' title='bbox 2236 3064 2355 3103; x_wconf 85' lang='lat' dir='ltr'><strong>sese</strong></span> <span class='ocrx_word' id='word_1_448' title='bbox 2384 3050 2763 3112; x_wconf 90' lang='lat' dir='ltr'><strong>contulerant;</strong></span> <span class='ocrx_word' id='word_1_449' title='bbox 2797 3062 2857 3101; x_wconf 88' lang='lat' dir='ltr'><strong>ac</strong></span> <span class='ocrx_word' id='word_1_450' title='bbox 2888 3063 3009 3101; x_wconf 90' lang='lat' dir='ltr'><strong>cum</strong></span> <span class='ocrx_word' id='word_1_451' title='bbox 3058 3046 3369 3117; x_wconf 88' lang='lat' dir='ltr'><strong>aliquandiu</strong></span> <span class='ocrx_word' id='word_1_452' title='bbox 3414 3047 3464 3100; x_wconf 91' lang='lat' dir='ltr'><strong>iu</strong></span> <span class='ocrx_word' id='word_1_453' title='bbox 3520 3061 3580 3100; x_wconf 92' lang='lat' dir='ltr'><strong>ea</strong></span> <span class='ocrx_word' id='word_1_454' title='bbox 3622 3060 3839 3116; x_wconf 86' lang='lat' dir='ltr'><strong>quoque</strong></span> 
     </span>
    </p>
   </div>
   <div class='ocr_carea' id='block_1_56' title="bbox 527 3137 3840 3209">
    <p class='ocr_par' dir='ltr' id='par_1_56' title="bbox 527 3137 3840 3209">
     <span class='ocr_line' id='line_1_56' title="bbox 527 3137 3840 3209; baseline -0.001 -15"><span class='ocrx_word' id='word_1_455' title='bbox 527 3139 692 3195; x_wconf 91' lang='lat' dir='ltr'><strong>nandi</strong></span> <span class='ocrx_word' id='word_1_456' title='bbox 740 3153 838 3208; x_wconf 88' lang='lat' dir='ltr'><strong>pro</strong></span> <span class='ocrx_word' id='word_1_457' title='bbox 881 3138 1129 3193; x_wconf 85' lang='lat' dir='ltr'><strong>Romano</strong></span> <span class='ocrx_word' id='word_1_458' title='bbox 1178 3139 1440 3207; x_wconf 89' lang='lat' dir='ltr'><strong>episcopo</strong></span> <span class='ocrx_word' id='word_1_459' title='bbox 1483 3139 1753 3207; x_wconf 85' lang='lat' dir='ltr'><strong>pontifice,</strong></span> <span class='ocrx_word' id='word_1_460' title='bbox 1794 3147 1885 3191; x_wconf 93' lang='lat' dir='ltr'><strong>aut</strong></span> <span class='ocrx_word' id='word_1_461' title='bbox 1911 3137 2137 3192; x_wconf 87' lang='lat' dir='ltr'><strong>absente</strong></span> <span class='ocrx_word' id='word_1_462' title='bbox 2166 3142 2211 3205; x_wconf 87' lang='lat' dir='ltr'>C</span> <span class='ocrx_word' id='word_1_463' title='bbox 2246 3141 2377 3196; x_wconf 90' lang='lat' dir='ltr'><strong>urbe</strong></span> <span class='ocrx_word' id='word_1_464' title='bbox 2423 3147 2665 3195; x_wconf 87' lang='lat' dir='ltr'><strong>moratus</strong></span> <span class='ocrx_word' id='word_1_465' title='bbox 2695 3149 2860 3205; x_wconf 88' lang='lat' dir='ltr'><strong>esset,</strong></span> <span class='ocrx_word' id='word_1_466' title='bbox 2914 3138 2965 3193; x_wconf 92' lang='lat' dir='ltr'><strong>in</strong></span> <span class='ocrx_word' id='word_1_467' title='bbox 3008 3138 3243 3194; x_wconf 84' lang='lat' dir='ltr'><strong>Africam</strong></span> <span class='ocrx_word' id='word_1_468' title='bbox 3292 3137 3600 3209; x_wconf 77' lang='lat' dir='ltr'><strong>navigavit:</strong></span> <span class='ocrx_word' id='word_1_469' title='bbox 3651 3137 3840 3207; x_wconf 84' lang='lat' dir='ltr'><strong>gravia</strong></span> 
     </span>
    </p>
   </div>
   <div class='ocr_carea' id='block_1_57' title="bbox 519 3227 2130 3300">
    <p class='ocr_par' dir='ltr' id='par_1_57' title="bbox 519 3227 2130 3300">
     <span class='ocr_line' id='line_1_57' title="bbox 519 3227 2130 3300; baseline -0.002 -14"><span class='ocrx_word' id='word_1_470' title='bbox 519 3240 613 3287; x_wconf 89' lang='lat' dir='ltr'><strong>aut</strong></span> <span class='ocrx_word' id='word_1_471' title='bbox 658 3230 919 3300; x_wconf 90' lang='lat' dir='ltr'><strong>impedito</strong></span> <span class='ocrx_word' id='word_1_472' title='bbox 962 3227 1150 3284; x_wconf 86' lang='lat' dir='ltr'><strong>vicarii</strong></span> <span class='ocrx_word' id='word_1_473' title='bbox 1180 3229 1419 3297; x_wconf 90' lang='lat' dir='ltr'><strong>episcopi</strong></span> <span class='ocrx_word' id='word_1_474' title='bbox 1454 3236 1667 3298; x_wconf 89' lang='lat' dir='ltr'><strong>recepta</strong></span> <span class='ocrx_word' id='word_1_475' title='bbox 1714 3228 1921 3297; x_wconf 81' lang='lat' dir='ltr'><strong>pridem</strong></span> <span class='ocrx_word' id='word_1_476' title='bbox 1964 3228 2130 3283; x_wconf 90' lang='lat' dir='ltr'><strong>disci-</strong></span> 
     </span>
    </p>
   </div>
   <div class='ocr_carea' id='block_1_58' title="bbox 523 3320 2132 3396">
    <p class='ocr_par' dir='ltr' id='par_1_58' title="bbox 523 3320 2132 3396">
     <span class='ocr_line' id='line_1_58' title="bbox 523 3320 2132 3396; baseline -0.002 -16"><span class='ocrx_word' id='word_1_477' title='bbox 523 3326 665 3396; x_wconf 91' lang='lat' dir='ltr'><strong>plina</strong></span> <span class='ocrx_word' id='word_1_478' title='bbox 694 3333 926 3380; x_wconf 91' lang='lat' dir='ltr'><strong>constet.</strong></span> <span class='ocrx_word' id='word_1_479' title='bbox 952 3322 1058 3379; x_wconf 91' lang='lat' dir='ltr'><strong>Sed</strong></span> <span class='ocrx_word' id='word_1_480' title='bbox 1092 3337 1160 3378; x_wconf 91' lang='lat' dir='ltr'><strong>ne</strong></span> <span class='ocrx_word' id='word_1_481' title='bbox 1192 3321 1405 3392; x_wconf 89' lang='lat' dir='ltr'><strong>longius</strong></span> <span class='ocrx_word' id='word_1_482' title='bbox 1445 3320 1659 3387; x_wconf 88' lang='lat' dir='ltr'><strong>abeam,</strong></span> <span class='ocrx_word' id='word_1_483' title='bbox 1692 3321 1812 3391; x_wconf 90' lang='lat' dir='ltr'><strong>quis</strong></span> <span class='ocrx_word' id='word_1_484' title='bbox 1840 3321 1929 3376; x_wconf 88' lang='lat' dir='ltr'><strong>ille</strong></span> <span class='ocrx_word' id='word_1_485' title='bbox 1968 3320 2132 3376; x_wconf 72' lang='grc' dir='ltr'><strong>Ταυτ-</strong></span> 
     </span>
    </p>
   </div>
   <div class='ocr_carea' id='block_1_59' title="bbox 523 3413 2133 3489">
    <p class='ocr_par' dir='ltr' id='par_1_59' title="bbox 523 3413 2133 3489">
     <span class='ocr_line' id='line_1_59' title="bbox 523 3413 2133 3489; baseline 0 -18"><span class='ocrx_word' id='word_1_486' title='bbox 523 3419 636 3489; x_wconf 84' lang='lat' dir='ltr'><strong>gius</strong></span> <span class='ocrx_word' id='word_1_487' title='bbox 680 3417 838 3473; x_wconf 89' lang='lat' dir='ltr'><strong>fuerit</strong></span> <span class='ocrx_word' id='word_1_488' title='bbox 870 3417 1262 3487; x_wconf 88' lang='lat' dir='ltr'><strong>incompertum</strong></span> <span class='ocrx_word' id='word_1_489' title='bbox 1307 3426 1389 3471; x_wconf 90' lang='lat' dir='ltr'><strong>est</strong></span> <span class='ocrx_word' id='word_1_490' title='bbox 1423 3434 1435 3467; x_wconf 89' lang='lat'><strong>:</strong></span> <span class='ocrx_word' id='word_1_491' title='bbox 1471 3415 1609 3469; x_wconf 88' lang='lat' dir='ltr'><strong>forte</strong></span> <span class='ocrx_word' id='word_1_492' title='bbox 1650 3413 1962 3471; x_wconf 86' lang='lat' dir='ltr'><strong>Novalianis</strong></span> <span class='ocrx_word' id='word_1_493' title='bbox 2005 3423 2133 3471; x_wconf 89' lang='lat' dir='ltr'><strong>tunc</strong></span> 
     </span>
    </p>
   </div>
   <div class='ocr_carea' id='block_1_60' title="bbox 527 3508 2135 3583">
    <p class='ocr_par' dir='ltr' id='par_1_60' title="bbox 527 3508 2135 3583">
     <span class='ocr_line' id='line_1_60' title="bbox 527 3508 2135 3583; baseline -0.001 -19"><span class='ocrx_word' id='word_1_494' title='bbox 527 3514 710 3583; x_wconf 87' lang='lat' dir='ltr'><strong>plures</strong></span> <span class='ocrx_word' id='word_1_495' title='bbox 754 3511 804 3566; x_wconf 92' lang='lat' dir='ltr'><strong>in</strong></span> <span class='ocrx_word' id='word_1_496' title='bbox 850 3510 995 3566; x_wconf 87' lang='lat' dir='ltr'><strong>Urbe</strong></span> <span class='ocrx_word' id='word_1_497' title='bbox 1043 3510 1304 3565; x_wconf 86' lang='lat' dir='ltr'><strong>ecclesias</strong></span> <span class='ocrx_word' id='word_1_498' title='bbox 1333 3509 1701 3565; x_wconf 84' lang='lat' dir='ltr'><strong>obtinentibus</strong></span> <span class='ocrx_word' id='word_1_499' title='bbox 1733 3516 1982 3579; x_wconf 65' lang='lat' dir='ltr'><strong>praeerat,</strong></span> <span class='ocrx_word' id='word_1_500' title='bbox 2014 3508 2135 3579; x_wconf 86' lang='lat' dir='ltr'><strong>qui-</strong></span> 
     </span>
    </p>
   </div>
   <div class='ocr_carea' id='block_1_61' title="bbox 531 3602 2130 3673">
    <p class='ocr_par' dir='ltr' id='par_1_61' title="bbox 531 3602 2130 3673">
     <span class='ocr_line' id='line_1_61' title="bbox 531 3602 2130 3673; baseline -0.004 -11"><span class='ocrx_word' id='word_1_501' title='bbox 531 3606 753 3663; x_wconf 85' lang='lat' dir='ltr'><strong>buscum</strong></span> <span class='ocrx_word' id='word_1_502' title='bbox 802 3602 1071 3659; x_wconf 86' lang='lat' dir='ltr'><strong>Ursiniani</strong></span> <span class='ocrx_word' id='word_1_503' title='bbox 1126 3603 1301 3658; x_wconf 58' lang='lat' dir='ltr'><strong>foedus</strong></span> <span class='ocrx_word' id='word_1_504' title='bbox 1338 3612 1392 3658; x_wconf 91' lang='lat' dir='ltr'><strong>et</strong></span> <span class='ocrx_word' id='word_1_505' title='bbox 1438 3604 1753 3670; x_wconf 72' lang='lat' dir='ltr'><strong>societatem</strong></span> <span class='ocrx_word' id='word_1_506' title='bbox 1797 3602 2130 3673; x_wconf 84' lang='lat' dir='ltr'><strong>junxerant;</strong></span> 
     </span>
    </p>
   </div>
   <div class='ocr_carea' id='block_1_62' title="bbox 525 3694 2132 3768">
    <p class='ocr_par' dir='ltr' id='par_1_62' title="bbox 525 3694 2132 3768">
     <span class='ocr_line' id='line_1_62' title="bbox 525 3694 2132 3768; baseline 0 -17"><span class='ocrx_word' id='word_1_507' title='bbox 525 3695 790 3768; x_wconf 91' lang='lat' dir='ltr'><strong>siquidem</strong></span> <span class='ocrx_word' id='word_1_508' title='bbox 814 3695 1077 3751; x_wconf 89' lang='lat' dir='ltr'><strong>adversus</strong></span> <span class='ocrx_word' id='word_1_509' title='bbox 1104 3695 1394 3766; x_wconf 85' lang='lat' dir='ltr'><strong>&#39;l‘aorgium</strong></span> <span class='ocrx_word' id='word_1_510' title='bbox 1428 3695 1603 3766; x_wconf 91' lang='lat' dir='ltr'><strong>ipsum</strong></span> <span class='ocrx_word' id='word_1_511' title='bbox 1633 3709 1700 3750; x_wconf 93' lang='lat' dir='ltr'><strong>ex</strong></span> <span class='ocrx_word' id='word_1_512' title='bbox 1733 3694 2132 3763; x_wconf 85' lang='lat' dir='ltr'><strong>parte‘Damasi</strong></span> 
     </span>
    </p>
   </div>
   <div class='ocr_carea' id='block_1_63' title="bbox 525 3788 2136 3860">
    <p class='ocr_par' dir='ltr' id='par_1_63' title="bbox 525 3788 2136 3860">
     <span class='ocr_line' id='line_1_63' title="bbox 525 3788 2136 3860; baseline -0.002 -17"><span class='ocrx_word' id='word_1_513' title='bbox 525 3789 654 3846; x_wconf 89' lang='lat' dir='ltr'><strong>nihil</strong></span> <span class='ocrx_word' id='word_1_514' title='bbox 688 3797 866 3844; x_wconf 86' lang='lat' dir='ltr'><strong>actum</strong></span> <span class='ocrx_word' id='word_1_515' title='bbox 913 3789 1141 3860; x_wconf 87' lang='lat' dir='ltr'><strong>legimus</strong></span> <span class='ocrx_word' id='word_1_516' title='bbox 1172 3806 1184 3841; x_wconf 93' lang='lat'><strong>:</strong></span> <span class='ocrx_word' id='word_1_517' title='bbox 1222 3788 1382 3857; x_wconf 79' lang='lat' dir='ltr'><strong>plebis</strong></span> <span class='ocrx_word' id='word_1_518' title='bbox 1423 3802 1555 3843; x_wconf 83' lang='lat' dir='ltr'><strong>vero</strong></span> <span class='ocrx_word' id='word_1_519' title='bbox 1584 3788 1999 3843; x_wconf 67' lang='lat' dir='ltr'><strong>incontaminatis</strong></span> <span class='ocrx_word' id='word_1_520' title='bbox 2038 3801 2136 3841; x_wconf 83' lang='lat' dir='ltr'><strong>no-</strong></span> 
     </span>
    </p>
   </div>
   <div class='ocr_carea' id='block_1_64' title="bbox 528 3878 2138 3947">
    <p class='ocr_par' dir='ltr' id='par_1_64' title="bbox 528 3878 2138 3947">
     <span class='ocr_line' id='line_1_64' title="bbox 528 3878 2138 3947; baseline -0.002 -11"><span class='ocrx_word' id='word_1_521' title='bbox 528 3882 695 3947; x_wconf 89' lang='lat' dir='ltr'><strong>mine,</strong></span> <span class='ocrx_word' id='word_1_522' title='bbox 727 3879 1050 3937; x_wconf 87' lang='lat' dir='ltr'><strong>Ursinianos</strong></span> <span class='ocrx_word' id='word_1_523' title='bbox 1080 3881 1245 3935; x_wconf 87' lang='lat' dir='ltr'><strong>laicos</strong></span> <span class='ocrx_word' id='word_1_524' title='bbox 1272 3879 1535 3947; x_wconf 85' lang='lat' dir='ltr'><strong>intelligo,</strong></span> <span class='ocrx_word' id='word_1_525' title='bbox 1562 3878 1685 3946; x_wconf 92' lang='lat' dir='ltr'><strong>quia</strong></span> <span class='ocrx_word' id='word_1_526' title='bbox 1717 3879 2011 3947; x_wconf 88' lang='lat' dir='ltr'><strong>projectam</strong></span> <span class='ocrx_word' id='word_1_527' title='bbox 2043 3893 2138 3933; x_wconf 91' lang='lat' dir='ltr'><strong>eo-</strong></span> 
     </span>
    </p>
   </div>
   <div class='ocr_carea' id='block_1_65' title="bbox 524 3968 2137 4039">
    <p class='ocr_par' dir='ltr' id='par_1_65' title="bbox 524 3968 2137 4039">
     <span class='ocr_line' id='line_1_65' title="bbox 524 3968 2137 4039; baseline -0.001 -13"><span class='ocrx_word' id='word_1_528' title='bbox 524 3987 643 4026; x_wconf 89' lang='lat' dir='ltr'><strong>rum</strong></span> <span class='ocrx_word' id='word_1_529' title='bbox 675 3971 1035 4029; x_wconf 87' lang='lat' dir='ltr'><strong>temeritatem</strong></span> <span class='ocrx_word' id='word_1_530' title='bbox 1067 3985 1359 4039; x_wconf 88' lang='lat' dir='ltr'><strong>numquam</strong></span> <span class='ocrx_word' id='word_1_531' title='bbox 1389 3968 1750 4035; x_wconf 86' lang='lat' dir='ltr'><strong>defcrbuisse,</strong></span> <span class='ocrx_word' id='word_1_532' title='bbox 1781 3969 1971 4039; x_wconf 82' lang='lat' dir='ltr'><strong>probat</strong></span> <span class='ocrx_word' id='word_1_533' title='bbox 2022 3969 2137 4038; x_wconf 88' lang='lat' dir='ltr'><strong>epi-</strong></span> 
     </span>
    </p>
   </div>
   <div class='ocr_carea' id='block_1_66' title="bbox 528 4061 2135 4132">
    <p class='ocr_par' dir='ltr' id='par_1_66' title="bbox 528 4061 2135 4132">
     <span class='ocr_line' id='line_1_66' title="bbox 528 4061 2135 4132; baseline 0.001 -14"><span class='ocrx_word' id='word_1_534' title='bbox 528 4064 667 4118; x_wconf 88' lang='lat' dir='ltr'><strong>stola</strong></span> <span class='ocrx_word' id='word_1_535' title='bbox 721 4062 951 4117; x_wconf 82' lang='lat' dir='ltr'><strong>Romani</strong></span> <span class='ocrx_word' id='word_1_536' title='bbox 997 4061 1216 4116; x_wconf 91' lang='lat' dir='ltr'><strong>concilii</strong></span> <span class='ocrx_word' id='word_1_537' title='bbox 1266 4062 1331 4117; x_wconf 89' lang='lat' dir='ltr'><strong>ad</strong></span> <span class='ocrx_word' id='word_1_538' title='bbox 1360 4061 1708 4125; x_wconf 85' lang='lat' dir='ltr'><strong>Gratianum,</strong></span> <span class='ocrx_word' id='word_1_539' title='bbox 1762 4077 1923 4132; x_wconf 88' lang='lat' dir='ltr'><strong>quam</strong></span> <span class='ocrx_word' id='word_1_540' title='bbox 1970 4077 2135 4132; x_wconf 86' lang='lat' dir='ltr'><strong>supra</strong></span> 
     </span>
    </p>
   </div>
   <div class='ocr_carea' id='block_1_67' title="bbox 520 4154 2139 4226">
    <p class='ocr_par' dir='ltr' id='par_1_67' title="bbox 520 4154 2139 4226">
     <span class='ocr_line' id='line_1_67' title="bbox 520 4154 2139 4226; baseline 0.001 -15"><span class='ocrx_word' id='word_1_541' title='bbox 520 4154 907 4226; x_wconf 82' lang='lat' dir='ltr'><strong>expendimus,</strong></span> <span class='ocrx_word' id='word_1_542' title='bbox 961 4170 1025 4211; x_wconf 90' lang='lat' dir='ltr'><strong>ac</strong></span> <span class='ocrx_word' id='word_1_543' title='bbox 1070 4154 1435 4210; x_wconf 83' lang='lat' dir='ltr'><strong>Valentiniani</strong></span> <span class='ocrx_word' id='word_1_544' title='bbox 1472 4155 1793 4223; x_wconf 87' lang='lat' dir='ltr'><strong>rescriptum</strong></span> <span class='ocrx_word' id='word_1_545' title='bbox 1845 4155 1912 4211; x_wconf 89' lang='lat' dir='ltr'><strong>ad</strong></span> <span class='ocrx_word' id='word_1_546' title='bbox 1960 4156 2139 4212; x_wconf 88' lang='lat' dir='ltr'><strong>Pinia-</strong></span> 
     </span>
    </p>
   </div>
   <div class='ocr_carea' id='block_1_68' title="bbox 531 4248 2138 4321">
    <p class='ocr_par' dir='ltr' id='par_1_68' title="bbox 531 4248 2138 4321">
     <span class='ocr_line' id='line_1_68' title="bbox 531 4248 2138 4321; baseline 0.002 -18"><span class='ocrx_word' id='word_1_547' title='bbox 531 4264 657 4303; x_wconf 92' lang='lat' dir='ltr'><strong>num</strong></span> <span class='ocrx_word' id='word_1_548' title='bbox 686 4248 744 4305; x_wconf 89' lang='lat' dir='ltr'><strong>P.</strong></span> <span class='ocrx_word' id='word_1_549' title='bbox 784 4248 847 4305; x_wconf 91' lang='lat' dir='ltr'><strong>U.</strong></span> <span class='ocrx_word' id='word_1_550' title='bbox 882 4264 911 4304; x_wconf 89' lang='lat' dir='ltr'><strong>a</strong></span> <span class='ocrx_word' id='word_1_551' title='bbox 941 4264 1139 4321; x_wconf 89' lang='lat' dir='ltr'><strong>magno</strong></span> <span class='ocrx_word' id='word_1_552' title='bbox 1162 4250 1395 4315; x_wconf 84' lang='lat' dir='ltr'><strong>Baronio</strong></span> <span class='ocrx_word' id='word_1_553' title='bbox 1429 4250 1656 4309; x_wconf 86' lang='lat' dir='ltr'><strong>relatum</strong></span> <span class='ocrx_word' id='word_1_554' title='bbox 1686 4267 1782 4320; x_wconf 86' lang='lat' dir='ltr'><strong>pro</strong></span> <span class='ocrx_word' id='word_1_555' title='bbox 1810 4252 2138 4309; x_wconf 83' lang='lat' dir='ltr'><strong>conﬁrmau-</strong></span> 
     </span>
    </p>
   </div>
   <div class='ocr_carea' id='block_1_69' title="bbox 528 4341 2136 4402">
    <p class='ocr_par' dir='ltr' id='par_1_69' title="bbox 528 4341 2136 4402">
     <span class='ocr_line' id='line_1_69' title="bbox 528 4341 2136 4402; baseline 0.003 -6"><span class='ocrx_word' id='word_1_556' title='bbox 528 4341 595 4396; x_wconf 90' lang='lat' dir='ltr'><strong>da</strong></span> <span class='ocrx_word' id='word_1_557' title='bbox 624 4341 797 4398; x_wconf 89' lang='lat' dir='ltr'><strong>Siricii</strong></span> <span class='ocrx_word' id='word_1_558' title='bbox 826 4344 1093 4399; x_wconf 83' lang='lat' dir='ltr'><strong>electione</strong></span> <span class='ocrx_word' id='word_1_559' title='bbox 1121 4345 1382 4399; x_wconf 86' lang='lat' dir='ltr'><strong>adversus</strong></span> <span class='ocrx_word' id='word_1_560' title='bbox 1413 4345 1639 4400; x_wconf 90' lang='lat' dir='ltr'><strong>iteralas</strong></span> <span class='ocrx_word' id='word_1_561' title='bbox 1686 4344 1990 4401; x_wconf 75' lang='lat' dir='ltr'><strong>Ursinianae</strong></span> <span class='ocrx_word' id='word_1_562' title='bbox 2028 4347 2136 4402; x_wconf 82' lang='lat' dir='ltr'><strong>fac-</strong></span> 
     </span>
    </p>
   </div>
   <div class='ocr_carea' id='block_1_70' title="bbox 534 4438 2135 4509">
    <p class='ocr_par' dir='ltr' id='par_1_70' title="bbox 534 4438 2135 4509">
     <span class='ocr_line' id='line_1_70' title="bbox 534 4438 2135 4509; baseline 0.001 -16"><span class='ocrx_word' id='word_1_563' title='bbox 534 4438 695 4493; x_wconf 86' lang='lat' dir='ltr'><strong>tionis</strong></span> <span class='ocrx_word' id='word_1_564' title='bbox 727 4438 1057 4494; x_wconf 88' lang='lat' dir='ltr'><strong>molitiones.</strong></span> <span class='ocrx_word' id='word_1_565' title='bbox 1102 4438 1271 4508; x_wconf 84' lang='lat' dir='ltr'><strong>Hujus</strong></span> <span class='ocrx_word' id='word_1_566' title='bbox 1309 4449 1489 4496; x_wconf 89' lang='lat' dir='ltr'><strong>autem</strong></span> <span class='ocrx_word' id='word_1_567' title='bbox 1524 4438 1747 4509; x_wconf 85' lang='lat' dir='ltr'><strong>Ephesii</strong></span> <span class='ocrx_word' id='word_1_568' title='bbox 1772 4457 1969 4496; x_wconf 85' lang='lat' dir='ltr'><strong>nomen</strong></span> <span class='ocrx_word' id='word_1_569' title='bbox 1992 4441 2135 4498; x_wconf 89' lang='lat' dir='ltr'><strong>idem</strong></span> 
     </span>
    </p>
   </div>
   <div class='ocr_carea' id='block_1_71' title="bbox 2238 3228 3841 3301">
    <p class='ocr_par' dir='ltr' id='par_1_71' title="bbox 2238 3228 3841 3301">
     <span class='ocr_line' id='line_1_71' title="bbox 2238 3228 3841 3301; baseline -0.001 -15"><span class='ocrx_word' id='word_1_570' title='bbox 2238 3233 2454 3297; x_wconf 87' lang='lat' dir='ltr'><strong>deinde,</strong></span> <span class='ocrx_word' id='word_1_571' title='bbox 2489 3247 2551 3287; x_wconf 90' lang='lat' dir='ltr'><strong>ac</strong></span> <span class='ocrx_word' id='word_1_572' title='bbox 2576 3232 2886 3286; x_wconf 85' lang='lat' dir='ltr'><strong>continuata</strong></span> <span class='ocrx_word' id='word_1_573' title='bbox 2916 3231 3281 3295; x_wconf 88' lang='lat' dir='ltr'><strong>incommoda,</strong></span> <span class='ocrx_word' id='word_1_574' title='bbox 3314 3246 3434 3301; x_wconf 64' lang='lat' dir='ltr'><strong>quae</strong></span> <span class='ocrx_word' id='word_1_575' title='bbox 3466 3238 3589 3301; x_wconf 88' lang='lat' dir='ltr'><strong>post</strong></span> <span class='ocrx_word' id='word_1_576' title='bbox 3621 3228 3841 3299; x_wconf 83' lang='lat' dir='ltr'><strong>Ephesii</strong></span> 
     </span>
    </p>
   </div>
   <div class='ocr_carea' id='block_1_72' title="bbox 2237 3320 3843 3390">
    <p class='ocr_par' dir='ltr' id='par_1_72' title="bbox 2237 3320 3843 3390">
     <span class='ocr_line' id='line_1_72' title="bbox 2237 3320 3843 3390; baseline -0.002 -9"><span class='ocrx_word' id='word_1_577' title='bbox 2237 3325 2535 3381; x_wconf 62' lang='lat' dir='ltr'><strong>discessum</strong></span> <span class='ocrx_word' id='word_1_578' title='bbox 2572 3341 2630 3379; x_wconf 91' lang='lat' dir='ltr'><strong>se</strong></span> <span class='ocrx_word' id='word_1_579' title='bbox 2669 3341 2737 3379; x_wconf 81' lang='lat' dir='ltr'><strong>ac</strong></span> <span class='ocrx_word' id='word_1_580' title='bbox 2758 3333 2989 3379; x_wconf 72' lang='lat' dir='ltr'><strong>cmteros</strong></span> <span class='ocrx_word' id='word_1_581' title='bbox 3020 3322 3394 3379; x_wconf 83' lang='lat' dir='ltr'><strong>Lucifcrianos</strong></span> <span class='ocrx_word' id='word_1_582' title='bbox 3418 3336 3603 3390; x_wconf 80' lang='lat' dir='ltr'><strong>paSSos</strong></span> <span class='ocrx_word' id='word_1_583' title='bbox 3625 3320 3777 3375; x_wconf 88' lang='lat' dir='ltr'><strong>aiunt</strong></span> <span class='ocrx_word' id='word_1_584' title='bbox 3806 3335 3843 3377; x_wconf 84' lang='lat' dir='ltr'><strong>a</strong></span> 
     </span>
    </p>
   </div>
   <div class='ocr_carea' id='block_1_73' title="bbox 2237 3414 3843 3487">
    <p class='ocr_par' dir='ltr' id='par_1_73' title="bbox 2237 3414 3843 3487">
     <span class='ocr_line' id='line_1_73' title="bbox 2237 3414 3843 3487; baseline -0.002 -14"><span class='ocrx_word' id='word_1_585' title='bbox 2237 3419 2489 3473; x_wconf 73' lang='lat' dir='ltr'><strong>Turbnne</strong></span> <span class='ocrx_word' id='word_1_586' title='bbox 2534 3417 2974 3483; x_wconf 81' lang='lat' dir='ltr'><strong>Eleuthempnlis</strong></span> <span class='ocrx_word' id='word_1_587' title='bbox 3024 3418 3304 3487; x_wconf 81' lang='lat' dir='ltr'><strong>episcOpo,</strong></span> <span class='ocrx_word' id='word_1_588' title='bbox 3339 3417 3389 3469; x_wconf 92' lang='lat' dir='ltr'><strong>in</strong></span> <span class='ocrx_word' id='word_1_589' title='bbox 3429 3429 3588 3470; x_wconf 87' lang='lat' dir='ltr'><strong>causa</strong></span> <span class='ocrx_word' id='word_1_590' title='bbox 3615 3414 3843 3470; x_wconf 86' lang='lat' dir='ltr'><strong>tandem</strong></span> 
     </span>
    </p>
   </div>
   <div class='ocr_carea' id='block_1_74' title="bbox 2238 3507 3848 3581">
    <p class='ocr_par' dir='ltr' id='par_1_74' title="bbox 2238 3507 3848 3581">
     <span class='ocr_line' id='line_1_74' title="bbox 2238 3507 3848 3581; baseline -0.003 -14"><span class='ocrx_word' id='word_1_591' title='bbox 2238 3516 2476 3578; x_wconf 90' lang='lat' dir='ltr'><strong>fuerunt,</strong></span> <span class='ocrx_word' id='word_1_592' title='bbox 2500 3520 2557 3566; x_wconf 91' lang='lat' dir='ltr'><strong>ut</strong></span> <span class='ocrx_word' id='word_1_593' title='bbox 2579 3528 2671 3565; x_wconf 79' lang='lat' dir='ltr'><strong>eas</strong></span> <span class='ocrx_word' id='word_1_594' title='bbox 2696 3526 2885 3581; x_wconf 89' lang='lat' dir='ltr'><strong>preces</strong></span> <span class='ocrx_word' id='word_1_595' title='bbox 2908 3510 3227 3577; x_wconf 79' lang='lat' dir='ltr'><strong>scriberent,</strong></span> <span class='ocrx_word' id='word_1_596' title='bbox 3254 3524 3316 3564; x_wconf 89' lang='lat' dir='ltr'><strong>ac</strong></span> <span class='ocrx_word' id='word_1_597' title='bbox 3346 3508 3651 3563; x_wconf 80' lang='lat' dir='ltr'><strong>Theodosio</strong></span> <span class='ocrx_word' id='word_1_598' title='bbox 3676 3507 3848 3562; x_wconf 76' lang='lat' dir='ltr'><strong>offer-</strong></span> 
     </span>
    </p>
   </div>
   <div class='ocr_carea' id='block_1_75' title="bbox 2239 3600 3847 3675">
    <p class='ocr_par' dir='ltr' id='par_1_75' title="bbox 2239 3600 3847 3675">
     <span class='ocr_line' id='line_1_75' title="bbox 2239 3600 3847 3675; baseline -0.003 -14"><span class='ocrx_word' id='word_1_599' title='bbox 2239 3615 2381 3661; x_wconf 91' lang='lat' dir='ltr'><strong>rent.</strong></span> <span class='ocrx_word' id='word_1_600' title='bbox 2414 3605 2484 3661; x_wconf 82' lang='lat' dir='ltr'><strong>At</strong></span> <span class='ocrx_word' id='word_1_601' title='bbox 2528 3606 2787 3659; x_wconf 84' lang='lat' dir='ltr'><strong>Damasus</strong></span> <span class='ocrx_word' id='word_1_602' title='bbox 2826 3613 3101 3675; x_wconf 88' lang='lat' dir='ltr'><strong>superstes</strong></span> <span class='ocrx_word' id='word_1_603' title='bbox 3141 3615 3288 3664; x_wconf 88' lang='lat' dir='ltr'><strong>erat,</strong></span> <span class='ocrx_word' id='word_1_604' title='bbox 3321 3618 3442 3657; x_wconf 90' lang='lat' dir='ltr'><strong>cum</strong></span> <span class='ocrx_word' id='word_1_605' title='bbox 3492 3601 3717 3672; x_wconf 82' lang='lat' dir='ltr'><strong>supplex</strong></span> <span class='ocrx_word' id='word_1_606' title='bbox 3749 3600 3847 3656; x_wconf 89' lang='lat' dir='ltr'><strong>ille</strong></span> 
     </span>
    </p>
   </div>
   <div class='ocr_carea' id='block_1_76' title="bbox 2240 3694 3849 3769">
    <p class='ocr_par' dir='ltr' id='par_1_76' title="bbox 2240 3694 3849 3769">
     <span class='ocr_line' id='line_1_76' title="bbox 2240 3694 3849 3769; baseline -0.003 -14"><span class='ocrx_word' id='word_1_607' title='bbox 2240 3701 2479 3755; x_wconf 87' lang='lat' dir='ltr'><strong>Libellus</strong></span> <span class='ocrx_word' id='word_1_608' title='bbox 2507 3700 2762 3769; x_wconf 87' lang='lat' dir='ltr'><strong>scriptus,</strong></span> <span class='ocrx_word' id='word_1_609' title='bbox 2789 3699 3110 3766; x_wconf 78' lang='lat' dir='ltr'><strong>oblaIUSquc</strong></span> <span class='ocrx_word' id='word_1_610' title='bbox 3152 3696 3464 3766; x_wconf 89' lang='lat' dir='ltr'><strong>imperatori</strong></span> <span class='ocrx_word' id='word_1_611' title='bbox 3517 3695 3630 3749; x_wconf 89' lang='lat' dir='ltr'><strong>fuit.</strong></span> <span class='ocrx_word' id='word_1_612' title='bbox 3663 3694 3849 3765; x_wconf 85' lang='lat' dir='ltr'><strong>Cyne-</strong></span> 
     </span>
    </p>
   </div>
   <div class='ocr_carea' id='block_1_77' title="bbox 2238 3788 3847 3863">
    <p class='ocr_par' dir='ltr' id='par_1_77' title="bbox 2238 3788 3847 3863">
     <span class='ocr_line' id='line_1_77' title="bbox 2238 3788 3847 3863; baseline -0.004 -16"><span class='ocrx_word' id='word_1_613' title='bbox 2238 3794 2356 3863; x_wconf 89' lang='lat' dir='ltr'><strong>gius</strong></span> <span class='ocrx_word' id='word_1_614' title='bbox 2386 3800 2563 3846; x_wconf 88' lang='lat' dir='ltr'><strong>autem</strong></span> <span class='ocrx_word' id='word_1_615' title='bbox 2597 3790 2977 3859; x_wconf 79' lang='lat' dir='ltr'><strong>praefecturam</strong></span> <span class='ocrx_word' id='word_1_616' title='bbox 3011 3790 3249 3859; x_wconf 77' lang='lat' dir='ltr'><strong>praetorii</strong></span> <span class='ocrx_word' id='word_1_617' title='bbox 3279 3788 3517 3843; x_wconf 89' lang='lat' dir='ltr'><strong>Orientis</strong></span> <span class='ocrx_word' id='word_1_618' title='bbox 3548 3795 3674 3840; x_wconf 89' lang='lat' dir='ltr'><strong>tunc</strong></span> <span class='ocrx_word' id='word_1_619' title='bbox 3705 3796 3847 3840; x_wconf 89' lang='lat' dir='ltr'><strong>tem-</strong></span> 
     </span>
    </p>
   </div>
   <div class='ocr_carea' id='block_1_78' title="bbox 2241 3881 3847 3957">
    <p class='ocr_par' dir='ltr' id='par_1_78' title="bbox 2241 3881 3847 3957">
     <span class='ocr_line' id='line_1_78' title="bbox 2241 3881 3847 3957; baseline -0.003 -16"><span class='ocrx_word' id='word_1_620' title='bbox 2241 3888 2386 3957; x_wconf 88' lang='lat' dir='ltr'><strong>poris</strong></span> <span class='ocrx_word' id='word_1_621' title='bbox 2412 3885 2849 3951; x_wconf 85' lang='lat' dir='ltr'><strong>administrabat,</strong></span> <span class='ocrx_word' id='word_1_622' title='bbox 2884 3894 2940 3939; x_wconf 91' lang='lat' dir='ltr'><strong>ut</strong></span> <span class='ocrx_word' id='word_1_623' title='bbox 2966 3901 3031 3939; x_wconf 84' lang='lat' dir='ltr'><strong>ex</strong></span> <span class='ocrx_word' id='word_1_624' title='bbox 3082 3883 3322 3953; x_wconf 89' lang='lat' dir='ltr'><strong>ejusdem</strong></span> <span class='ocrx_word' id='word_1_625' title='bbox 3355 3881 3698 3952; x_wconf 84' lang='lat' dir='ltr'><strong>imperatoris</strong></span> <span class='ocrx_word' id='word_1_626' title='bbox 3757 3895 3847 3936; x_wconf 85' lang='lat' dir='ltr'><strong>re-</strong></span> 
     </span>
    </p>
   </div>
   <div class='ocr_carea' id='block_1_79' title="bbox 2241 3974 3839 4048">
    <p class='ocr_par' dir='ltr' id='par_1_79' title="bbox 2241 3974 3839 4048">
     <span class='ocr_line' id='line_1_79' title="bbox 2241 3974 3839 4048; baseline -0.003 -17"><span class='ocrx_word' id='word_1_627' title='bbox 2241 3980 2463 4048; x_wconf 85' lang='lat' dir='ltr'><strong>scripto,</strong></span> <span class='ocrx_word' id='word_1_628' title='bbox 2492 3977 2633 4046; x_wconf 90' lang='lat' dir='ltr'><strong>quod</strong></span> <span class='ocrx_word' id='word_1_629' title='bbox 2688 3976 2863 4032; x_wconf 91' lang='lat' dir='ltr'><strong>eidem</strong></span> <span class='ocrx_word' id='word_1_630' title='bbox 2913 3977 3122 4032; x_wconf 88' lang='lat' dir='ltr'><strong>Libello</strong></span> <span class='ocrx_word' id='word_1_631' title='bbox 3171 3976 3382 4041; x_wconf 88' lang='lat' dir='ltr'><strong>subest,</strong></span> <span class='ocrx_word' id='word_1_632' title='bbox 3434 3974 3839 4043; x_wconf 85' lang='lat' dir='ltr'><strong>cognoscimus.</strong></span> 
     </span>
    </p>
   </div>
   <div class='ocr_carea' id='block_1_80' title="bbox 2238 4066 3847 4141">
    <p class='ocr_par' dir='ltr' id='par_1_80' title="bbox 2238 4066 3847 4141">
     <span class='ocr_line' id='line_1_80' title="bbox 2238 4066 3847 4141; baseline -0.006 -12"><span class='ocrx_word' id='word_1_633' title='bbox 2238 4071 2371 4129; x_wconf 89' lang='lat' dir='ltr'><strong>Cum</strong></span> <span class='ocrx_word' id='word_1_634' title='bbox 2405 4085 2535 4125; x_wconf 91' lang='lat' dir='ltr'><strong>vero</strong></span> <span class='ocrx_word' id='word_1_635' title='bbox 2563 4086 2679 4126; x_wconf 90' lang='lat' dir='ltr'><strong>eam</strong></span> <span class='ocrx_word' id='word_1_636' title='bbox 2708 4070 3021 4141; x_wconf 88' lang='lat' dir='ltr'><strong>dignitatem</strong></span> <span class='ocrx_word' id='word_1_637' title='bbox 3049 4069 3300 4134; x_wconf 83' lang='lat' dir='ltr'><strong>indeptus</strong></span> <span class='ocrx_word' id='word_1_638' title='bbox 3327 4068 3422 4122; x_wconf 90' lang='lat' dir='ltr'><strong>ille</strong></span> <span class='ocrx_word' id='word_1_639' title='bbox 3448 4066 3517 4121; x_wconf 92' lang='lat' dir='ltr'><strong>sit</strong></span> <span class='ocrx_word' id='word_1_640' title='bbox 3545 4066 3719 4138; x_wconf 90' lang='lat' dir='ltr'><strong>primo</strong></span> <span class='ocrx_word' id='word_1_641' title='bbox 3749 4071 3847 4119; x_wconf 79' lang='lat' dir='ltr'><strong>aut</strong></span> 
     </span>
    </p>
   </div>
   <div class='ocr_carea' id='block_1_81' title="bbox 2241 4159 3847 4229">
    <p class='ocr_par' dir='ltr' id='par_1_81' title="bbox 2241 4159 3847 4229">
     <span class='ocr_line' id='line_1_81' title="bbox 2241 4159 3847 4229; baseline -0.006 -10"><span class='ocrx_word' id='word_1_642' title='bbox 2241 4166 2412 4220; x_wconf 90' lang='lat' dir='ltr'><strong>altero</strong></span> <span class='ocrx_word' id='word_1_643' title='bbox 2444 4179 2631 4219; x_wconf 86' lang='lat' dir='ltr'><strong>mense</strong></span> <span class='ocrx_word' id='word_1_644' title='bbox 2660 4166 2785 4218; x_wconf 90' lang='lat' dir='ltr'><strong>anni</strong></span> <span class='ocrx_word' id='word_1_645' title='bbox 2816 4163 2943 4226; x_wconf 72' lang='grc'><strong>584,</strong></span> <span class='ocrx_word' id='word_1_646' title='bbox 2987 4161 3252 4216; x_wconf 86' lang='lat' dir='ltr'><strong>Libellum</strong></span> <span class='ocrx_word' id='word_1_647' title='bbox 3287 4162 3459 4229; x_wconf 91' lang='lat' dir='ltr'><strong>ipsum</strong></span> <span class='ocrx_word' id='word_1_648' title='bbox 3498 4159 3686 4213; x_wconf 86' lang='lat' dir='ltr'><strong>eodem</strong></span> <span class='ocrx_word' id='word_1_649' title='bbox 3720 4172 3847 4211; x_wconf 85' lang='lat' dir='ltr'><strong>cur-</strong></span> 
     </span>
    </p>
   </div>
   <div class='ocr_carea' id='block_1_82' title="bbox 2242 4250 3845 4322">
    <p class='ocr_par' dir='ltr' id='par_1_82' title="bbox 2242 4250 3845 4322">
     <span class='ocr_line' id='line_1_82' title="bbox 2242 4250 3845 4322; baseline -0.005 -10"><span class='ocrx_word' id='word_1_650' title='bbox 2242 4266 2396 4312; x_wconf 89' lang='lat' dir='ltr'><strong>rente</strong></span> <span class='ocrx_word' id='word_1_651' title='bbox 2427 4272 2570 4311; x_wconf 88' lang='lat' dir='ltr'><strong>anno</strong></span> <span class='ocrx_word' id='word_1_652' title='bbox 2593 4256 2774 4310; x_wconf 91' lang='lat' dir='ltr'><strong>datum</strong></span> <span class='ocrx_word' id='word_1_653' title='bbox 2802 4254 2970 4310; x_wconf 90' lang='lat' dir='ltr'><strong>fuisse</strong></span> <span class='ocrx_word' id='word_1_654' title='bbox 2993 4262 3227 4322; x_wconf 84' lang='lat' dir='ltr'><strong>Oportet.</strong></span> <span class='ocrx_word' id='word_1_655' title='bbox 3256 4251 3631 4307; x_wconf 85' lang='lat' dir='ltr'><strong>Concedamus</strong></span> <span class='ocrx_word' id='word_1_656' title='bbox 3662 4250 3845 4319; x_wconf 83' lang='lat' dir='ltr'><strong>itaque</strong></span> 
     </span>
    </p>
   </div>
   <div class='ocr_carea' id='block_1_83' title="bbox 2243 4341 3841 4420">
    <p class='ocr_par' dir='ltr' id='par_1_83' title="bbox 2243 4341 3841 4420">
     <span class='ocr_line' id='line_1_83' title="bbox 2243 4341 3841 4420; baseline -0.006 -17"><span class='ocrx_word' id='word_1_657' title='bbox 2243 4350 2337 4403; x_wconf 87' lang='lat' dir='ltr'><strong>illo</strong></span> <span class='ocrx_word' id='word_1_658' title='bbox 2358 4349 2468 4420; x_wconf 90' lang='lat' dir='ltr'><strong>jam</strong></span> <span class='ocrx_word' id='word_1_659' title='bbox 2496 4347 2677 4402; x_wconf 91' lang='lat' dir='ltr'><strong>medio</strong></span> <span class='ocrx_word' id='word_1_660' title='bbox 2698 4347 2903 4411; x_wconf 91' lang='lat' dir='ltr'><strong>datum,</strong></span> <span class='ocrx_word' id='word_1_661' title='bbox 2933 4346 3284 4415; x_wconf 89' lang='lat' dir='ltr'><strong>oblatumque</strong></span> <span class='ocrx_word' id='word_1_662' title='bbox 3313 4343 3626 4400; x_wconf 88' lang='lat' dir='ltr'><strong>Theodosio</strong></span> <span class='ocrx_word' id='word_1_663' title='bbox 3656 4341 3841 4406; x_wconf 88' lang='lat' dir='ltr'><strong>fuisse;</strong></span> 
     </span>
    </p>
   </div>
   <div class='ocr_carea' id='block_1_84' title="bbox 2242 4432 3843 4509">
    <p class='ocr_par' dir='ltr' id='par_1_84' title="bbox 2242 4432 3843 4509">
     <span class='ocr_line' id='line_1_84' title="bbox 2242 4432 3843 4509; baseline -0.005 -14"><span class='ocrx_word' id='word_1_664' title='bbox 2242 4444 2287 4496; x_wconf 92' lang='lat' dir='ltr'><strong>si</strong></span> <span class='ocrx_word' id='word_1_665' title='bbox 2316 4442 2599 4496; x_wconf 88' lang='lat' dir='ltr'><strong>diuturnas</strong></span> <span class='ocrx_word' id='word_1_666' title='bbox 2647 4439 2865 4509; x_wconf 86' lang='lat' dir='ltr'><strong>Ephesii</strong></span> <span class='ocrx_word' id='word_1_667' title='bbox 2898 4436 3367 4508; x_wconf 87' lang='lat' dir='ltr'><strong>peregrinationes</strong></span> <span class='ocrx_word' id='word_1_668' title='bbox 3420 4448 3735 4503; x_wconf 89' lang='lat' dir='ltr'><strong>moramque</strong></span> <span class='ocrx_word' id='word_1_669' title='bbox 3786 4432 3843 4487; x_wconf 87' lang='lat' dir='ltr'><strong>in</strong></span> 
     </span>
    </p>
   </div>
   <div class='ocr_carea' id='block_1_85' title="bbox 536 4524 3847 4605">
    <p class='ocr_par' dir='ltr' id='par_1_85' title="bbox 536 4524 3847 4605">
     <span class='ocr_line' id='line_1_85' title="bbox 536 4524 3847 4605; baseline -0.003 -18"><span class='ocrx_word' id='word_1_670' title='bbox 536 4531 802 4587; x_wconf 83' lang='lat' dir='ltr'><strong>Baronius</strong></span> <span class='ocrx_word' id='word_1_671' title='bbox 830 4530 905 4603; x_wconf 77' lang='grc' dir='ltr'><strong>(ὁ)</strong></span> <span class='ocrx_word' id='word_1_672' title='bbox 935 4533 1176 4588; x_wconf 83' lang='lat' dir='ltr'><strong>asterisco</strong></span> <span class='ocrx_word' id='word_1_673' title='bbox 1200 4543 1373 4597; x_wconf 88' lang='lat' dir='ltr'><strong>notat,</strong></span> <span class='ocrx_word' id='word_1_674' title='bbox 1400 4534 1544 4589; x_wconf 88' lang='lat' dir='ltr'><strong>velut</strong></span> <span class='ocrx_word' id='word_1_675' title='bbox 1568 4534 1622 4590; x_wconf 90' lang='lat' dir='ltr'><strong>in</strong></span> <span class='ocrx_word' id='word_1_676' title='bbox 1664 4535 1862 4590; x_wconf 90' lang='lat' dir='ltr'><strong>mendo</strong></span> <span class='ocrx_word' id='word_1_677' title='bbox 1887 4536 2094 4590; x_wconf 88' lang='lat' dir='ltr'><strong>cubans</strong></span> <span class='ocrx_word' id='word_1_678' title='bbox 2121 4553 2134 4589; x_wconf 89' lang='lat'>:</span> <span class='ocrx_word' id='word_1_679' title='bbox 2167 4531 2212 4590; x_wconf 90' lang='lat' dir='ltr'><strong>D</strong></span> <span class='ocrx_word' id='word_1_680' title='bbox 2242 4533 2480 4605; x_wconf 66' lang='lat' dir='ltr'><strong>Egypto</strong></span> <span class='ocrx_word' id='word_1_681' title='bbox 2508 4533 2726 4595; x_wconf 91' lang='lat' dir='ltr'><strong>factam,</strong></span> <span class='ocrx_word' id='word_1_682' title='bbox 2773 4538 3060 4598; x_wconf 90' lang='lat' dir='ltr'><strong>antequam</strong></span> <span class='ocrx_word' id='word_1_683' title='bbox 3092 4531 3144 4583; x_wconf 91' lang='lat' dir='ltr'><strong>in</strong></span> <span class='ocrx_word' id='word_1_684' title='bbox 3179 4525 3521 4582; x_wconf 64' lang='lat' dir='ltr'><strong>Palaestinam</strong></span> <span class='ocrx_word' id='word_1_685' title='bbox 3545 4540 3605 4580; x_wconf 91' lang='lat' dir='ltr'><strong>se</strong></span> <span class='ocrx_word' id='word_1_686' title='bbox 3630 4524 3847 4578; x_wconf 84' lang='lat' dir='ltr'><strong>confer-</strong></span> 
     </span>
    </p>
   </div>
   <div class='ocr_carea' id='block_1_86' title="bbox 533 4624 2137 4695">
    <p class='ocr_par' dir='ltr' id='par_1_86' title="bbox 533 4624 2137 4695">
     <span class='ocr_line' id='line_1_86' title="bbox 533 4624 2137 4695; baseline 0.001 -16"><span class='ocrx_word' id='word_1_687' title='bbox 533 4624 903 4681; x_wconf 88' lang='lat' dir='ltr'><strong>Gothofredus</strong></span> <span class='ocrx_word' id='word_1_688' title='bbox 921 4642 1048 4681; x_wconf 86' lang='lat' dir='ltr'><strong>vero</strong></span> <span class='ocrx_word' id='word_1_689' title='bbox 1074 4625 1365 4695; x_wconf 85' lang='lat' dir='ltr'><strong>Ephesium</strong></span> <span class='ocrx_word' id='word_1_690' title='bbox 1390 4633 1657 4691; x_wconf 87' lang='lat' dir='ltr'><strong>nostrum,</strong></span> <span class='ocrx_word' id='word_1_691' title='bbox 1690 4624 1965 4680; x_wconf 85' lang='lat' dir='ltr'><strong>Euresium</strong></span> <span class='ocrx_word' id='word_1_692' title='bbox 1987 4624 2137 4680; x_wconf 91' lang='lat' dir='ltr'><strong>illum</strong></span> 
     </span>
    </p>
   </div>
   <div class='ocr_carea' id='block_1_87' title="bbox 538 4717 2141 4789">
    <p class='ocr_par' dir='ltr' id='par_1_87' title="bbox 538 4717 2141 4789">
     <span class='ocr_line' id='line_1_87' title="bbox 538 4717 2141 4789; baseline 0.001 -18"><span class='ocrx_word' id='word_1_693' title='bbox 538 4718 703 4773; x_wconf 88' lang='lat' dir='ltr'><strong>fuisse</strong></span> <span class='ocrx_word' id='word_1_694' title='bbox 744 4726 915 4787; x_wconf 88' lang='lat' dir='ltr'><strong>putat,</strong></span> <span class='ocrx_word' id='word_1_695' title='bbox 974 4734 1134 4789; x_wconf 90' lang='lat' dir='ltr'><strong>quem</strong></span> <span class='ocrx_word' id='word_1_696' title='bbox 1182 4718 1447 4774; x_wconf 76' lang='lat' dir='ltr'><strong>Arcadius</strong></span> <span class='ocrx_word' id='word_1_697' title='bbox 1495 4731 1639 4772; x_wconf 92' lang='lat' dir='ltr'><strong>anno</strong></span> <span class='ocrx_word' id='word_1_698' title='bbox 1686 4717 1790 4771; x_wconf 82' lang='lat'><strong>595</strong></span> <span class='ocrx_word' id='word_1_699' title='bbox 1820 4718 1870 4772; x_wconf 91' lang='lat' dir='ltr'><strong>in</strong></span> <span class='ocrx_word' id='word_1_700' title='bbox 1914 4731 2141 4773; x_wconf 91' lang='lat' dir='ltr'><strong>numero</strong></span> 
     </span>
    </p>
   </div>
   <div class='ocr_carea' id='block_1_88' title="bbox 538 4795 2136 4879">
    <p class='ocr_par' dir='ltr' id='par_1_88' title="bbox 538 4795 2136 4879">
     <span class='ocr_line' id='line_1_88' title="bbox 538 4795 2136 4879; baseline 0.001 -15"><span class='ocrx_word' id='word_1_701' title='bbox 538 4824 819 4865; x_wconf 89' lang='lat' dir='ltr'><strong>sacrorum</strong></span> <span class='ocrx_word' id='word_1_702' title='bbox 851 4795 1155 4866; x_wconf 73' lang='lat' dir='ltr'><strong>antistitum</strong></span> <span class='ocrx_word' id='word_1_703' title='bbox 1186 4810 1370 4865; x_wconf 88' lang='lat' dir='ltr'><strong>haberi</strong></span> <span class='ocrx_word' id='word_1_704' title='bbox 1416 4825 1522 4865; x_wconf 89' lang='lat' dir='ltr'><strong>non</strong></span> <span class='ocrx_word' id='word_1_705' title='bbox 1554 4820 1807 4879; x_wconf 84' lang='lat' dir='ltr'><strong>oportere</strong></span> <span class='ocrx_word' id='word_1_706' title='bbox 1827 4809 1990 4879; x_wconf 86' lang='lat' dir='ltr'><strong>jussit</strong></span> <span class='ocrx_word' id='word_1_707' title='bbox 2015 4811 2066 4863; x_wconf 92' lang='lat' dir='ltr'><strong>in</strong></span> <span class='ocrx_word' id='word_1_708' title='bbox 2099 4809 2136 4865; x_wconf 95' lang='lat' dir='ltr'><strong>I.</strong></span> 
     </span>
    </p>
   </div>
   <div class='ocr_carea' id='block_1_89' title="bbox 538 4901 2141 4976">
    <p class='ocr_par' dir='ltr' id='par_1_89' title="bbox 538 4901 2141 4976">
     <span class='ocr_line' id='line_1_89' title="bbox 538 4901 2141 4976; baseline 0 -17"><span class='ocrx_word' id='word_1_709' title='bbox 538 4903 626 4959; x_wconf 77' lang='lat' dir='ltr'><strong>i8.</strong></span> <span class='ocrx_word' id='word_1_710' title='bbox 664 4902 801 4958; x_wconf 84' lang='lat' dir='ltr'><strong>Cod.</strong></span> <span class='ocrx_word' id='word_1_711' title='bbox 854 4901 1064 4957; x_wconf 89' lang='lat' dir='ltr'><strong>Theod.</strong></span> <span class='ocrx_word' id='word_1_712' title='bbox 1093 4902 1160 4957; x_wconf 89' lang='lat' dir='ltr'><strong>de</strong></span> <span class='ocrx_word' id='word_1_713' title='bbox 1188 4902 1332 4959; x_wconf 82' lang='lat' dir='ltr'><strong>Haer.</strong></span> <span class='ocrx_word' id='word_1_714' title='bbox 1353 4944 1368 4967; x_wconf 94' lang='lat'><strong>,</strong></span> <span class='ocrx_word' id='word_1_715' title='bbox 1401 4903 1544 4972; x_wconf 88' lang='lat' dir='ltr'><strong>quod</strong></span> <span class='ocrx_word' id='word_1_716' title='bbox 1590 4902 1798 4959; x_wconf 85' lang='lat' dir='ltr'><strong>scilicet</strong></span> <span class='ocrx_word' id='word_1_717' title='bbox 1824 4904 2141 4976; x_wconf 89' lang='lat' dir='ltr'><strong>episcopatu</strong></span> 
     </span>
    </p>
   </div>
   <div class='ocr_carea' id='block_1_90' title="bbox 532 4995 2139 5071">
    <p class='ocr_par' dir='ltr' id='par_1_90' title="bbox 532 4995 2139 5071">
     <span class='ocr_line' id='line_1_90' title="bbox 532 4995 2139 5071; baseline 0 -16"><span class='ocrx_word' id='word_1_718' title='bbox 532 4999 643 5071; x_wconf 92' lang='lat' dir='ltr'><strong>jam</strong></span> <span class='ocrx_word' id='word_1_719' title='bbox 687 4998 930 5067; x_wconf 77' lang='lat' dir='ltr'><strong>deiectus</strong></span> <span class='ocrx_word' id='word_1_720' title='bbox 962 4995 1170 5052; x_wconf 89' lang='lat' dir='ltr'><strong>fuisset.</strong></span> <span class='ocrx_word' id='word_1_721' title='bbox 1204 4996 1597 5053; x_wconf 85' lang='lat' dir='ltr'><strong>Geihofredum</strong></span> <span class='ocrx_word' id='word_1_722' title='bbox 1646 4998 1843 5067; x_wconf 87' lang='lat' dir='ltr'><strong>Pagius</strong></span> <span class='ocrx_word' id='word_1_723' title='bbox 1872 5014 1937 5055; x_wconf 89' lang='lat' dir='ltr'><strong>ac</strong></span> <span class='ocrx_word' id='word_1_724' title='bbox 1975 4999 2139 5055; x_wconf 88' lang='lat' dir='ltr'><strong>&#39;l‘ille-</strong></span> 
     </span>
    </p>
   </div>
   <div class='ocr_carea' id='block_1_91' title="bbox 536 5092 2139 5162">
    <p class='ocr_par' dir='ltr' id='par_1_91' title="bbox 536 5092 2139 5162">
     <span class='ocr_line' id='line_1_91' title="bbox 536 5092 2139 5162; baseline 0 -12"><span class='ocrx_word' id='word_1_725' title='bbox 536 5095 774 5150; x_wconf 87' lang='lat' dir='ltr'><strong>montius</strong></span> <span class='ocrx_word' id='word_1_726' title='bbox 797 5092 965 5148; x_wconf 88' lang='lat' dir='ltr'><strong>secuti</strong></span> <span class='ocrx_word' id='word_1_727' title='bbox 1002 5100 1146 5155; x_wconf 89' lang='lat' dir='ltr'><strong>sunt,</strong></span> <span class='ocrx_word' id='word_1_728' title='bbox 1173 5107 1401 5161; x_wconf 89' lang='lat' dir='ltr'><strong>quorum</strong></span> <span class='ocrx_word' id='word_1_729' title='bbox 1432 5093 1721 5161; x_wconf 87' lang='lat' dir='ltr'><strong>probabilis</strong></span> <span class='ocrx_word' id='word_1_730' title='bbox 1747 5104 1831 5148; x_wconf 89' lang='lat' dir='ltr'><strong>est</strong></span> <span class='ocrx_word' id='word_1_731' title='bbox 1855 5094 2038 5162; x_wconf 90' lang='lat' dir='ltr'><strong>opinio</strong></span> <span class='ocrx_word' id='word_1_732' title='bbox 2069 5094 2139 5150; x_wconf 89' lang='lat' dir='ltr'><strong>ob</strong></span> 
     </span>
    </p>
   </div>
   <div class='ocr_carea' id='block_1_92' title="bbox 531 5184 2138 5258">
    <p class='ocr_par' dir='ltr' id='par_1_92' title="bbox 531 5184 2138 5258">
     <span class='ocr_line' id='line_1_92' title="bbox 531 5184 2138 5258; baseline -0.003 -14"><span class='ocrx_word' id='word_1_733' title='bbox 531 5203 675 5256; x_wconf 88' lang='lat' dir='ltr'><strong>eam,</strong></span> <span class='ocrx_word' id='word_1_734' title='bbox 702 5202 822 5258; x_wconf 63' lang='lat' dir='ltr'><strong>qum</strong></span> <span class='ocrx_word' id='word_1_735' title='bbox 848 5200 994 5255; x_wconf 65' lang='lat' dir='ltr'><strong>smpe</strong></span> <span class='ocrx_word' id='word_1_736' title='bbox 1013 5184 1247 5238; x_wconf 86' lang='lat' dir='ltr'><strong>occurrit</strong></span> <span class='ocrx_word' id='word_1_737' title='bbox 1278 5185 1577 5239; x_wconf 87' lang='lat' dir='ltr'><strong>litterarum</strong></span> <span class='ocrx_word' id='word_1_738' title='bbox 1609 5184 1651 5239; x_wconf 85' lang='lat' dir='ltr'><strong>V</strong></span> <span class='ocrx_word' id='word_1_739' title='bbox 1682 5192 1738 5239; x_wconf 84' lang='lat' dir='ltr'><strong>et</strong></span> <span class='ocrx_word' id='word_1_740' title='bbox 1762 5184 1802 5238; x_wconf 84' lang='lat' dir='ltr'><strong>F</strong></span> <span class='ocrx_word' id='word_1_741' title='bbox 1832 5195 2138 5239; x_wconf 83' lang='lat' dir='ltr'><strong>commuta-</strong></span> 
     </span>
    </p>
   </div>
   <div class='ocr_carea' id='block_1_93' title="bbox 536 5276 2136 5349">
    <p class='ocr_par' dir='ltr' id='par_1_93' title="bbox 536 5276 2136 5349">
     <span class='ocr_line' id='line_1_93' title="bbox 536 5276 2136 5349; baseline -0.001 -15"><span class='ocrx_word' id='word_1_742' title='bbox 536 5282 761 5345; x_wconf 83' lang='lat' dir='ltr'><strong>tionem,</strong></span> <span class='ocrx_word' id='word_1_743' title='bbox 790 5279 1012 5348; x_wconf 80' lang='lat' dir='ltr'><strong>lierique</strong></span> <span class='ocrx_word' id='word_1_744' title='bbox 1042 5276 1196 5332; x_wconf 81' lang='lat' dir='ltr'><strong>facile</strong></span> <span class='ocrx_word' id='word_1_745' title='bbox 1226 5279 1419 5347; x_wconf 92' lang='lat' dir='ltr'><strong>potuit,</strong></span> <span class='ocrx_word' id='word_1_746' title='bbox 1449 5286 1505 5331; x_wconf 88' lang='lat' dir='ltr'><strong>ut</strong></span> <span class='ocrx_word' id='word_1_747' title='bbox 1538 5277 1790 5332; x_wconf 83' lang='lat' dir='ltr'><strong>librarius</strong></span> <span class='ocrx_word' id='word_1_748' title='bbox 1821 5278 1939 5333; x_wconf 89' lang='lat' dir='ltr'><strong>loco</strong></span> <span class='ocrx_word' id='word_1_749' title='bbox 1971 5279 2136 5349; x_wconf 85' lang='lat' dir='ltr'><strong>Ephe-</strong></span> 
     </span>
    </p>
   </div>
   <div class='ocr_carea' id='block_1_94' title="bbox 538 5368 2135 5441">
    <p class='ocr_par' dir='ltr' id='par_1_94' title="bbox 538 5368 2135 5441">
     <span class='ocr_line' id='line_1_94' title="bbox 538 5368 2135 5441; baseline 0.001 -16"><span class='ocrx_word' id='word_1_750' title='bbox 538 5373 601 5425; x_wconf 83' lang='lat' dir='ltr'><strong>sii</strong></span> <span class='ocrx_word' id='word_1_751' title='bbox 634 5371 909 5427; x_wconf 80' lang='lat' dir='ltr'><strong>Euresium</strong></span> <span class='ocrx_word' id='word_1_752' title='bbox 939 5370 1044 5426; x_wconf 84' lang='lat' dir='ltr'><strong>levi</strong></span> <span class='ocrx_word' id='word_1_753' title='bbox 1083 5379 1266 5425; x_wconf 90' lang='lat' dir='ltr'><strong>errato</strong></span> <span class='ocrx_word' id='word_1_754' title='bbox 1295 5368 1594 5441; x_wconf 86' lang='lat' dir='ltr'><strong>scripserit.</strong></span> <span class='ocrx_word' id='word_1_755' title='bbox 1630 5369 1898 5439; x_wconf 87' lang='lat' dir='ltr'><strong>Quidquid</strong></span> <span class='ocrx_word' id='word_1_756' title='bbox 1944 5369 2135 5427; x_wconf 85' lang='lat' dir='ltr'><strong>horum</strong></span> 
     </span>
    </p>
   </div>
   <div class='ocr_carea' id='block_1_95' title="bbox 539 5462 2138 5535">
    <p class='ocr_par' dir='ltr' id='par_1_95' title="bbox 539 5462 2138 5535">
     <span class='ocr_line' id='line_1_95' title="bbox 539 5462 2138 5535; baseline 0.003 -18"><span class='ocrx_word' id='word_1_757' title='bbox 539 5466 648 5526; x_wconf 85' lang='lat' dir='ltr'><strong>sit,</strong></span> <span class='ocrx_word' id='word_1_758' title='bbox 688 5466 814 5534; x_wconf 90' lang='lat' dir='ltr'><strong>quin</strong></span> <span class='ocrx_word' id='word_1_759' title='bbox 845 5464 1102 5534; x_wconf 72' lang='lat' dir='ltr'><strong>Ephesius</strong></span> <span class='ocrx_word' id='word_1_760' title='bbox 1140 5465 1233 5529; x_wconf 83' lang='lat' dir='ltr'><strong>ille</strong></span> <span class='ocrx_word' id='word_1_761' title='bbox 1262 5464 1445 5535; x_wconf 81' lang='lat' dir='ltr'><strong>pulsus</strong></span> <span class='ocrx_word' id='word_1_762' title='bbox 1481 5465 1550 5527; x_wconf 79' lang='lat' dir='ltr'><strong>ab</strong></span> <span class='ocrx_word' id='word_1_763' title='bbox 1574 5463 1721 5527; x_wconf 78' lang='lat' dir='ltr'><strong>Urbe</strong></span> <span class='ocrx_word' id='word_1_764' title='bbox 1752 5462 1934 5531; x_wconf 87' lang='lat' dir='ltr'><strong>fuerit,</strong></span> <span class='ocrx_word' id='word_1_765' title='bbox 1963 5482 2024 5520; x_wconf 85' lang='lat' dir='ltr'><strong>ac</strong></span> <span class='ocrx_word' id='word_1_766' title='bbox 2051 5466 2138 5521; x_wconf 84' lang='lat' dir='ltr'><strong>Li—</strong></span> 
     </span>
    </p>
   </div>
   <div class='ocr_carea' id='block_1_96' title="bbox 541 5558 2139 5629">
    <p class='ocr_par' dir='ltr' id='par_1_96' title="bbox 541 5558 2139 5629">
     <span class='ocr_line' id='line_1_96' title="bbox 541 5558 2139 5629; baseline 0.001 -16"><span class='ocrx_word' id='word_1_767' title='bbox 541 5558 719 5613; x_wconf 83' lang='lat' dir='ltr'><strong>bellus</strong></span> <span class='ocrx_word' id='word_1_768' title='bbox 745 5572 989 5625; x_wconf 85' lang='lat' dir='ltr'><strong>precum,</strong></span> <span class='ocrx_word' id='word_1_769' title='bbox 1012 5561 1101 5629; x_wconf 93' lang='lat' dir='ltr'><strong>qui</strong></span> <span class='ocrx_word' id='word_1_770' title='bbox 1135 5558 1304 5615; x_wconf 90' lang='lat' dir='ltr'><strong>fuisse</strong></span> <span class='ocrx_word' id='word_1_771' title='bbox 1331 5559 1480 5614; x_wconf 83' lang='lat' dir='ltr'><strong>illum</strong></span> <span class='ocrx_word' id='word_1_772' title='bbox 1509 5559 1713 5629; x_wconf 87' lang='lat' dir='ltr'><strong>judicio</strong></span> <span class='ocrx_word' id='word_1_773' title='bbox 1736 5559 2019 5615; x_wconf 86' lang='lat' dir='ltr'><strong>liberatum</strong></span> <span class='ocrx_word' id='word_1_774' title='bbox 2046 5561 2139 5628; x_wconf 90' lang='lat' dir='ltr'><strong>ait,</strong></span> 
     </span>
    </p>
   </div>
   <div class='ocr_carea' id='block_1_97' title="bbox 545 5668 2150 5805">
    <p class='ocr_par' dir='ltr' id='par_1_97' title="bbox 545 5668 2150 5805">
     <span class='ocr_line' id='line_1_97' title="bbox 545 5668 2150 5805; baseline 0.006 -84"><span class='ocrx_word' id='word_1_775' title='bbox 545 5668 882 5805; x_wconf 33' lang='lat' dir='ltr'><strong>1“)(‘ajx&#39;Vid</strong></span> <span class='ocrx_word' id='word_1_776' title='bbox 952 5669 1304 5753; x_wconf 73' lang='lat' dir='ltr'><strong>Symmach.,</strong></span> <span class='ocrx_word' id='word_1_777' title='bbox 1350 5674 1512 5759; x_wconf 80' lang='lat' dir='ltr'><strong>epist.</strong></span> <span class='ocrx_word' id='word_1_778' title='bbox 1572 5675 1663 5743; x_wconf 72' lang='grc'><strong>53,</strong></span> <span class='ocrx_word' id='word_1_779' title='bbox 1722 5672 1812 5743; x_wconf 74' lang='grc'><strong>56.</strong></span> <span class='ocrx_word' id='word_1_780' title='bbox 1857 5675 1927 5737; x_wconf 78' lang='lat'><strong>&#39;59</strong></span> <span class='ocrx_word' id='word_1_781' title='bbox 1963 5686 2019 5734; x_wconf 71' lang='grc' dir='ltr'>ει</span> <span class='ocrx_word' id='word_1_782' title='bbox 2057 5674 2150 5753; x_wconf 64' lang='grc' dir='ltr'><strong>Η,</strong></span> 
     </span>
    </p>
   </div>
   <div class='ocr_carea' id='block_1_98' title="bbox 2244 4614 3846 4693">
    <p class='ocr_par' dir='ltr' id='par_1_98' title="bbox 2244 4614 3846 4693">
     <span class='ocr_line' id='line_1_98' title="bbox 2244 4614 3846 4693; baseline -0.009 -11"><span class='ocrx_word' id='word_1_783' title='bbox 2244 4626 2658 4693; x_wconf 87' lang='lat' dir='ltr'><strong>ret,sitempus,</strong></span> <span class='ocrx_word' id='word_1_784' title='bbox 2689 4639 2797 4690; x_wconf 90' lang='lat' dir='ltr'><strong>quo</strong></span> <span class='ocrx_word' id='word_1_785' title='bbox 2826 4622 2895 4676; x_wconf 92' lang='lat' dir='ltr'><strong>ibi</strong></span> <span class='ocrx_word' id='word_1_786' title='bbox 2915 4620 3176 4685; x_wconf 89' lang='lat' dir='ltr'><strong>substitit,</strong></span> <span class='ocrx_word' id='word_1_787' title='bbox 3208 4634 3269 4672; x_wconf 89' lang='lat' dir='ltr'><strong>ac</strong></span> <span class='ocrx_word' id='word_1_788' title='bbox 3301 4616 3429 4673; x_wconf 91' lang='lat' dir='ltr'><strong>illud</strong></span> <span class='ocrx_word' id='word_1_789' title='bbox 3462 4614 3605 4687; x_wconf 88' lang='lat' dir='ltr'><strong>quod</strong></span> <span class='ocrx_word' id='word_1_790' title='bbox 3629 4615 3698 4669; x_wconf 89' lang='lat' dir='ltr'><strong>ab</strong></span> <span class='ocrx_word' id='word_1_791' title='bbox 3727 4614 3846 4683; x_wconf 86' lang='lat' dir='ltr'><strong>ejus</strong></span> 
     </span>
    </p>
   </div>
   <div class='ocr_carea' id='block_1_99' title="bbox 2240 4710 3848 4786">
    <p class='ocr_par' dir='ltr' id='par_1_99' title="bbox 2240 4710 3848 4786">
     <span class='ocr_line' id='line_1_99' title="bbox 2240 4710 3848 4786; baseline -0.008 -9"><span class='ocrx_word' id='word_1_792' title='bbox 2240 4724 2483 4778; x_wconf 84' lang='lat' dir='ltr'><strong>discessu</strong></span> <span class='ocrx_word' id='word_1_793' title='bbox 2511 4720 2705 4776; x_wconf 88' lang='lat' dir='ltr'><strong>deinde</strong></span> <span class='ocrx_word' id='word_1_794' title='bbox 2730 4720 2908 4783; x_wconf 81' lang='lat' dir='ltr'><strong>fluxit,</strong></span> <span class='ocrx_word' id='word_1_795' title='bbox 2941 4729 3226 4786; x_wconf 85' lang='lat' dir='ltr'><strong>antequam</strong></span> <span class='ocrx_word' id='word_1_796' title='bbox 3255 4713 3472 4769; x_wconf 89' lang='lat' dir='ltr'><strong>libellus</strong></span> <span class='ocrx_word' id='word_1_797' title='bbox 3518 4712 3611 4766; x_wconf 91' lang='lat' dir='ltr'><strong>ille</strong></span> <span class='ocrx_word' id='word_1_798' title='bbox 3641 4710 3848 4764; x_wconf 84' lang='lat' dir='ltr'><strong>scribe-</strong></span> 
     </span>
    </p>
   </div>
   <div class='ocr_carea' id='block_1_100' title="bbox 2241 4806 3849 4886">
    <p class='ocr_par' dir='ltr' id='par_1_100' title="bbox 2241 4806 3849 4886">
     <span class='ocr_line' id='line_1_100' title="bbox 2241 4806 3849 4886; baseline -0.007 -15"><span class='ocrx_word' id='word_1_799' title='bbox 2241 4827 2415 4882; x_wconf 89' lang='lat' dir='ltr'><strong>retur,</strong></span> <span class='ocrx_word' id='word_1_800' title='bbox 2448 4832 2508 4871; x_wconf 90' lang='lat' dir='ltr'><strong>ac</strong></span> <span class='ocrx_word' id='word_1_801' title='bbox 2537 4816 2570 4871; x_wconf 90' lang='lat' dir='ltr'><strong>ii</strong></span> <span class='ocrx_word' id='word_1_802' title='bbox 2615 4813 2919 4886; x_wconf 87' lang='lat' dir='ltr'><strong>presbyteri</strong></span> <span class='ocrx_word' id='word_1_803' title='bbox 2954 4812 3021 4867; x_wconf 91' lang='lat' dir='ltr'><strong>ad</strong></span> <span class='ocrx_word' id='word_1_804' title='bbox 3049 4813 3432 4881; x_wconf 80' lang='lat' dir='ltr'><strong>imperatorem</strong></span> <span class='ocrx_word' id='word_1_805' title='bbox 3460 4806 3849 4862; x_wconf 83' lang='lat' dir='ltr'><strong>Constantino-</strong></span> 
     </span>
    </p>
   </div>
   <div class='ocr_carea' id='block_1_101' title="bbox 2246 4896 3849 4980">
    <p class='ocr_par' dir='ltr' id='par_1_101' title="bbox 2246 4896 3849 4980">
     <span class='ocr_line' id='line_1_101' title="bbox 2246 4896 3849 4980; baseline -0.007 -16"><span class='ocrx_word' id='word_1_806' title='bbox 2246 4909 2408 4980; x_wconf 88' lang='lat' dir='ltr'><strong>polim</strong></span> <span class='ocrx_word' id='word_1_807' title='bbox 2440 4907 2785 4972; x_wconf 89' lang='lat' dir='ltr'><strong>accederent,</strong></span> <span class='ocrx_word' id='word_1_808' title='bbox 2820 4914 3172 4975; x_wconf 82' lang='lat' dir='ltr'><strong>suppulemus</strong></span> <span class='ocrx_word' id='word_1_809' title='bbox 3195 4944 3209 4966; x_wconf 96' lang='lat'><strong>,</strong></span> <span class='ocrx_word' id='word_1_810' title='bbox 3242 4901 3292 4955; x_wconf 92' lang='lat' dir='ltr'><strong>id</strong></span> <span class='ocrx_word' id='word_1_811' title='bbox 3323 4900 3465 4971; x_wconf 87' lang='lat' dir='ltr'><strong>qttod</strong></span> <span class='ocrx_word' id='word_1_812' title='bbox 3511 4899 3642 4963; x_wconf 82' lang='lat' dir='ltr'><strong>dixi,</strong></span> <span class='ocrx_word' id='word_1_813' title='bbox 3690 4896 3849 4952; x_wconf 83' lang='lat' dir='ltr'><strong>facile</strong></span> 
     </span>
    </p>
   </div>
   <div class='ocr_carea' id='block_1_102' title="bbox 2244 4989 3848 5070">
    <p class='ocr_par' dir='ltr' id='par_1_102' title="bbox 2244 4989 3848 5070">
     <span class='ocr_line' id='line_1_102' title="bbox 2244 4989 3848 5070; baseline -0.007 -14"><span class='ocrx_word' id='word_1_814' title='bbox 2244 5011 2578 5065; x_wconf 87' lang='lat' dir='ltr'><strong>statuemus,</strong></span> <span class='ocrx_word' id='word_1_815' title='bbox 2620 4998 2911 5070; x_wconf 83' lang='lat' dir='ltr'><strong>Ephesium</strong></span> <span class='ocrx_word' id='word_1_816' title='bbox 2946 4998 3154 5052; x_wconf 81' lang='lat' dir='ltr'><strong>scilicet</strong></span> <span class='ocrx_word' id='word_1_817' title='bbox 3202 4995 3304 5049; x_wconf 83' lang='lat' dir='ltr'><strong>sub</strong></span> <span class='ocrx_word' id='word_1_818' title='bbox 3347 4992 3660 5064; x_wconf 71' lang='lat' dir='ltr'><strong>praefectura</strong></span> <span class='ocrx_word' id='word_1_819' title='bbox 3692 4989 3848 5045; x_wconf 86' lang='lat' dir='ltr'><strong>Bassi</strong></span> 
     </span>
    </p>
   </div>
   <div class='ocr_carea' id='block_1_103' title="bbox 2244 5090 3343 5152">
    <p class='ocr_par' dir='ltr' id='par_1_103' title="bbox 2244 5090 3343 5152">
     <span class='ocr_line' id='line_1_103' title="bbox 2244 5090 3343 5152; baseline -0.007 -1"><span class='ocrx_word' id='word_1_820' title='bbox 2244 5098 2485 5152; x_wconf 82' lang='lat' dir='ltr'><strong>Romana</strong></span> <span class='ocrx_word' id='word_1_821' title='bbox 2521 5096 2655 5150; x_wconf 85' lang='lat' dir='ltr'><strong>urbe</strong></span> <span class='ocrx_word' id='word_1_822' title='bbox 2683 5093 2990 5148; x_wconf 85' lang='lat' dir='ltr'><strong>necessario</strong></span> <span class='ocrx_word' id='word_1_823' title='bbox 3015 5090 3343 5147; x_wconf 88' lang='lat' dir='ltr'><strong>excessisse.</strong></span> 
     </span>
    </p>
   </div>
   <div class='ocr_carea' id='block_1_104' title="bbox 2310 5179 3845 5255">
    <p class='ocr_par' dir='ltr' id='par_1_104' title="bbox 2310 5179 3845 5255">
     <span class='ocr_line' id='line_1_104' title="bbox 2310 5179 3845 5255; baseline -0.005 -15"><span class='ocrx_word' id='word_1_824' title='bbox 2310 5188 2400 5242; x_wconf 88' lang='lat' dir='ltr'><strong>IV.</strong></span> <span class='ocrx_word' id='word_1_825' title='bbox 2452 5187 2605 5254; x_wconf 84' lang='lat' dir='ltr'><strong>Quod</strong></span> <span class='ocrx_word' id='word_1_826' title='bbox 2638 5186 2815 5255; x_wconf 87' lang='lat' dir='ltr'><strong>itaque</strong></span> <span class='ocrx_word' id='word_1_827' title='bbox 2859 5199 2921 5237; x_wconf 84' lang='lat' dir='ltr'><strong>ex</strong></span> <span class='ocrx_word' id='word_1_828' title='bbox 2950 5182 3142 5238; x_wconf 90' lang='lat' dir='ltr'><strong>eodem</strong></span> <span class='ocrx_word' id='word_1_829' title='bbox 3175 5191 3249 5237; x_wconf 89' lang='lat' dir='ltr'><strong>tot</strong></span> <span class='ocrx_word' id='word_1_830' title='bbox 3278 5179 3576 5236; x_wconf 90' lang='lat' dir='ltr'><strong>mendaciis</strong></span> <span class='ocrx_word' id='word_1_831' title='bbox 3600 5186 3845 5233; x_wconf 83' lang='lat' dir='ltr'><strong>scatente</strong></span> 
     </span>
    </p>
   </div>
   <div class='ocr_carea' id='block_1_105' title="bbox 2242 5274 3848 5349">
    <p class='ocr_par' dir='ltr' id='par_1_105' title="bbox 2242 5274 3848 5349">
     <span class='ocr_line' id='line_1_105' title="bbox 2242 5274 3848 5349; baseline -0.004 -14"><span class='ocrx_word' id='word_1_832' title='bbox 2242 5281 2427 5335; x_wconf 86' lang='lat' dir='ltr'><strong>libello</strong></span> <span class='ocrx_word' id='word_1_833' title='bbox 2461 5280 2640 5349; x_wconf 84' lang='lat' dir='ltr'><strong>colligi</strong></span> <span class='ocrx_word' id='word_1_834' title='bbox 2672 5288 2868 5349; x_wconf 88' lang='lat' dir='ltr'><strong>potest,</strong></span> <span class='ocrx_word' id='word_1_835' title='bbox 2893 5278 3023 5333; x_wconf 91' lang='lat' dir='ltr'><strong>illud</strong></span> <span class='ocrx_word' id='word_1_836' title='bbox 3062 5288 3165 5344; x_wconf 88' lang='lat' dir='ltr'><strong>est,</strong></span> <span class='ocrx_word' id='word_1_837' title='bbox 3213 5277 3463 5343; x_wconf 81' lang='lat' dir='ltr'><strong>fabellam</strong></span> <span class='ocrx_word' id='word_1_838' title='bbox 3490 5275 3558 5330; x_wconf 91' lang='lat' dir='ltr'><strong>de</strong></span> <span class='ocrx_word' id='word_1_839' title='bbox 3592 5274 3848 5329; x_wconf 88' lang='lat' dir='ltr'><strong>damnato</strong></span> 
     </span>
    </p>
   </div>
   <div class='ocr_carea' id='block_1_106' title="bbox 2245 5367 3849 5444">
    <p class='ocr_par' dir='ltr' id='par_1_106' title="bbox 2245 5367 3849 5444">
     <span class='ocr_line' id='line_1_106' title="bbox 2245 5367 3849 5444; baseline -0.005 -12"><span class='ocrx_word' id='word_1_840' title='bbox 2245 5374 2461 5432; x_wconf 89' lang='lat' dir='ltr'><strong>Liberio</strong></span> <span class='ocrx_word' id='word_1_841' title='bbox 2503 5390 2598 5444; x_wconf 89' lang='lat' dir='ltr'><strong>per</strong></span> <span class='ocrx_word' id='word_1_842' title='bbox 2641 5375 2953 5439; x_wconf 80' lang='lat' dir='ltr'><strong>Damasum,</strong></span> <span class='ocrx_word' id='word_1_843' title='bbox 2987 5373 3041 5429; x_wconf 90' lang='lat' dir='ltr'><strong>in</strong></span> <span class='ocrx_word' id='word_1_844' title='bbox 3072 5373 3207 5427; x_wconf 87' lang='lat' dir='ltr'><strong>actis</strong></span> <span class='ocrx_word' id='word_1_845' title='bbox 3237 5371 3453 5428; x_wconf 88' lang='lat' dir='ltr'><strong>Eusebii</strong></span> <span class='ocrx_word' id='word_1_846' title='bbox 3483 5367 3786 5440; x_wconf 85' lang='lat' dir='ltr'><strong>presbyteri</strong></span> <span class='ocrx_word' id='word_1_847' title='bbox 3815 5381 3849 5423; x_wconf 71' lang='grc' dir='ltr'><strong>ι</strong></span> 
     </span>
    </p>
   </div>
   <div class='ocr_carea' id='block_1_107' title="bbox 2250 5464 3849 5542">
    <p class='ocr_par' dir='ltr' id='par_1_107' title="bbox 2250 5464 3849 5542">
     <span class='ocr_line' id='line_1_107' title="bbox 2250 5464 3849 5542; baseline -0.006 -15"><span class='ocrx_word' id='word_1_848' title='bbox 2250 5472 2473 5527; x_wconf 86' lang='lat' dir='ltr'><strong>Baluzio</strong></span> <span class='ocrx_word' id='word_1_849' title='bbox 2505 5471 2793 5542; x_wconf 83' lang='lat' dir='ltr'><strong>publicatis</strong></span> <span class='ocrx_word' id='word_1_850' title='bbox 2822 5471 3124 5533; x_wconf 87' lang='lat' dir='ltr'><strong>recitatant,</strong></span> <span class='ocrx_word' id='word_1_851' title='bbox 3156 5467 3399 5535; x_wconf 88' lang='lat' dir='ltr'><strong>ejusdem</strong></span> <span class='ocrx_word' id='word_1_852' title='bbox 3432 5464 3646 5518; x_wconf 88' lang='lat' dir='ltr'><strong>Damasi</strong></span> <span class='ocrx_word' id='word_1_853' title='bbox 3689 5470 3849 5517; x_wconf 65' lang='lat' dir='ltr'><strong>(etate</strong></span> 
     </span>
    </p>
   </div>
   <div class='ocr_carea' id='block_1_108' title="bbox 2249 5555 3850 5635">
    <p class='ocr_par' dir='ltr' id='par_1_108' title="bbox 2249 5555 3850 5635">
     <span class='ocr_line' id='line_1_108' title="bbox 2249 5555 3850 5635; baseline -0.007 -15"><span class='ocrx_word' id='word_1_854' title='bbox 2249 5566 2605 5635; x_wconf 89' lang='lat' dir='ltr'><strong>posteriorem</strong></span> <span class='ocrx_word' id='word_1_855' title='bbox 2636 5578 2778 5620; x_wconf 86' lang='lat' dir='ltr'><strong>esse.</strong></span> <span class='ocrx_word' id='word_1_856' title='bbox 2808 5562 2940 5625; x_wconf 74' lang='lat' dir='ltr'><strong>Nam</strong></span> <span class='ocrx_word' id='word_1_857' title='bbox 2965 5563 3009 5618; x_wconf 88' lang='lat' dir='ltr'><strong>si</strong></span> <span class='ocrx_word' id='word_1_858' title='bbox 3038 5560 3130 5627; x_wconf 85' lang='lat' dir='ltr'><strong>ille</strong></span> <span class='ocrx_word' id='word_1_859' title='bbox 3156 5559 3433 5625; x_wconf 86' lang='lat' dir='ltr'><strong>Liberium</strong></span> <span class='ocrx_word' id='word_1_860' title='bbox 3465 5555 3850 5628; x_wconf 81' lang='lat' dir='ltr'><strong>praevaricato-</strong></span> 
     </span>
    </p>
   </div>
   <div class='ocr_carea' id='block_1_109' title="bbox 2332 5675 3059 5761">
    <p class='ocr_par' dir='ltr' id='par_1_109' title="bbox 2332 5675 3059 5761">
     <span class='ocr_line' id='line_1_109' title="bbox 2332 5675 3059 5761; baseline -0.004 -29"><span class='ocrx_word' id='word_1_861' title='bbox 2332 5678 2410 5749; x_wconf 89' lang='lat' dir='ltr'><strong>(b)</strong></span> <span class='ocrx_word' id='word_1_862' title='bbox 2466 5678 2546 5734; x_wconf 87' lang='lat' dir='ltr'><strong>Ad</strong></span> <span class='ocrx_word' id='word_1_863' title='bbox 2569 5693 2694 5735; x_wconf 86' lang='lat' dir='ltr'><strong>ann.</strong></span> <span class='ocrx_word' id='word_1_864' title='bbox 2728 5676 2855 5761; x_wconf 73' lang='lat'><strong>396,</strong></span> <span class='ocrx_word' id='word_1_865' title='bbox 2884 5693 2939 5731; x_wconf 93' lang='lat' dir='ltr'><strong>n.</strong></span> <span class='ocrx_word' id='word_1_866' title='bbox 2973 5675 3059 5732; x_wconf 75' lang='grc'><strong>10.</strong></span> 
     </span>
    </p>
   </div>
  </div>
