4138 6178
321 258 436 315 253
1665 255 2205 318 PROLEGOMENA.
3525 268 3634 323 254

319 392 439 433 rem
465 380 602 447 facta
628 374 829 447 synodo
859 375 1215 440 damnauerat,
1249 388 1346 429 cur
1377 388 1482 429 non
1512 373 1672 430 iidem
1705 373 1928 445 presby-
1954 376 2006 436 Α
2034 373 2086 427 in
2114 374 2319 429 civitate
2346 376 2634 447 episcopus.
2686 376 2843 431 Omni
2885 378 3019 432 enim
3062 378 3382 433 hebdomada
3412 380 3636 447 olferen-

324 472 425 526 teri
450 470 589 525 hanc
610 469 790 524 eidem
817 468 1319 538 prtevaricationem
1346 467 1591 522 vicissim
1623 465 1819 523 deinde
1846 481 1932 521 eo-
2034 465 2156 519 dum
2183 476 2277 534 est,
2306 478 2352 521 et
2382 469 2427 521 si
2466 484 2567 523 non
2615 470 2843 540 quotidie
2887 472 3193 545 peregrinis,
3244 472 3430 527 incolis
3472 484 3641 527 tamen

322 563 449 618 dem
474 562 658 616 libello
671 561 1117 631 exprobrassent,
1136 560 1523 626 utAthanasio,
1541 559 1745 614 Hilario
1772 566 1932 629 atque
2034 562 2111 615 uel
2134 563 2208 615 bis
2229 564 2281 616 in
2306 562 2658 629 liebdomada;
2682 574 2728 618 et
2752 566 2793 619 si
2817 581 2917 618 non
2945 565 3131 630 desint,
3162 565 3248 635 qui
3269 567 3497 635 quotidie
3518 581 3644 635 quo-

323 658 450 713 aliis
475 657 593 727 ejus
621 655 859 726 generis,
893 668 957 709 ac
987 655 1221 709 nominis
1251 652 1566 726 episcopis?
1587 652 1695 708 Cur
1728 668 1795 707 ne
1819 668 1933 706 mo-

326 760 516 805 mento
542 748 778 818 quidem,
832 756 889 800 ut
944 761 1013 801 ex
1060 760 1249 801 eorum
1298 746 1504 816 scripto
1551 752 1784 810 constat,
1818 752 1931 799 tum

331 841 459 911 ipsi,
510 850 618 895 tum
663 838 851 895 eteteri
881 838 1139 893 Romanae
1194 839 1341 893 urbis
1372 824 1679 908 pervicaces
1724 836 1931 905 clerici,

332 933 460 989 huic
485 933 714 1001 pontiﬁci
745 931 1258 988 communicarunt?

410 1025 467 1079 ν.
506 1024 691 1079 Codex
735 1039 1004 1079 canonum
1036 1038 1065 1077 a
1097 1023 1393 1092 Quesuello
1433 1023 1610 1078 editus
1643 1022 1937 1093 expositio-

334 1133 448 1172 nem
480 1117 604 1171 lidei
642 1118 887 1172 continet
937 1116 1176 1171 Faustini
1235 1115 1534 1187 presbyteri
1587 1115 1805 1170 nomine
1851 1115 1934 1169 in-

330 1209 614 1276 scriptam.
645 1208 898 1263 Eamdem
931 1207 1166 1277 scriptor
1188 1207 1279 1262 ille
1305 1206 1371 1262 ab
1401 1207 1590 1262 eodem
1614 1206 1939 1278 Presbytero

326 1300 570 1356 oblatam
601 1300 908 1355 Theodosio
931 1299 1174 1369 conjicit,
1210 1307 1373 1370 atque
1406 1314 1434 1353 a
1459 1299 1769 1354 Theodosio
1787 1298 1941 1354 dein-

329 1411 465 1463 ccps
496 1395 864 1449 transmissam
899 1392 1131 1449 Damaso
1177 1388 1365 1449 contra
1413 1392 1790 1447 schismaticos
1840 1393 1940 1446 im-

332 1497 642 1557 peratorem
669 1486 817 1540 illum
846 1485 1189 1549 obtundenti,
1220 1501 1248 1539 a
1276 1500 1383 1554 quo
1416 1496 1690 1554 postremo
1718 1484 1786 1539 ad
1810 1484 1941 1539 scri-

330 1579 419 1633 nia
453 1578 597 1633 sedis
637 1577 971 1646 apostolicae,
1003 1587 1164 1647 atque
1193 1579 1261 1633 ab
1289 1577 1353 1632 iis
1387 1580 1439 1632 in
1471 1593 1616 1644 eum,
1641 1593 1799 1649 quem
1834 1578 1942 1632 lio-

329 1686 506 1726 manze
551 1670 814 1726 Ecclesia:
844 1670 1171 1740 peculiarem
1208 1683 1363 1724 vocat
1396 1670 1679 1735 Codicum,
1716 1672 1942 1726 transie-

2032 669 2130 722 que
2156 653 2479 723 baptizentur
2504 657 2647 726 aegri.
2682 656 2788 713 Sed
2819 656 2887 711 de
2908 656 2991 710 his
3017 656 3125 727 jam
3154 656 3306 711 satis.

2109 744 2220 801 νη.
2265 746 2545 801 Prioribus
2599 749 2759 802 etiam
2788 790 2803 813 ,
2838 758 2896 801 ut
2945 764 3044 817 ego
3073 759 3238 818 puto,
3302 748 3461 820 hujus
3512 751 3641 807 anni

2036 837 2314 891 mensibus
2347 839 2631 893 Arsenium
2684 839 2919 893 Arcadio
2977 855 3142 908 puero
3194 840 3307 909 jam
3363 843 3640 897 declarato

2038 932 2316 1000 Augusto,
2369 930 2494 985 huic
2534 933 2748 986 muneri
2790 930 3040 985 obeundo
3101 947 3323 1001 parem,
3382 934 3639 990 Damasus

2041 1031 2431 1093 praeceptorem
2466 1024 2642 1088 misit,
2702 1031 2922 1094 rogatus
2952 1039 2977 1076 a
3008 1023 3268 1078 Gratiano
3290 1066 3303 1089 ,
3336 1025 3423 1079 cui
3466 1025 3644 1080 Theo-

2038 1113 2226 1169 dosius
2253 1130 2316 1169 ea
2341 1115 2408 1171 de
2430 1130 2487 1170 re
2512 1118 2805 1186 scripserat
2837 1114 2929 1187 (ε).
2962 1115 3227 1169 Baronius
3259 1114 3639 1184 Metaphrastis

2041 1206 2148 1262 ﬁde
2174 1207 2328 1262 nixus
2350 1223 2473 1263 eum
2503 1208 2759 1263 Romanae
2789 1208 3347 1263 Ecclesiwdiaconum
3376 1217 3533 1263 vocat
3554 1226 3567 1261 :
3588 1216 3644 1261 at

2042 1300 2422 1355 Tillemontius
2448 1316 2554 1355 non
2584 1317 2686 1355 una
2721 1300 3101 1370 Metaphrastis
3124 1300 3446 1356 auctoritate
3476 1300 3649 1354 addu—

2041 1391 2088 1447 ci
2118 1399 2317 1462 potest,
2337 1404 2393 1446 ut
2422 1392 2575 1447 illum
2602 1392 2889 1447 diaconum
2916 1391 3083 1446 fuisse
3106 1392 3315 1457 credat,
3335 1408 3399 1448 ac
3427 1396 3646 1463 gravius

2042 1486 2259 1557 aliquod
2288 1495 2343 1541 et
2364 1486 2634 1556 antiquius
2668 1486 3032 1540 testimonium
3061 1486 3273 1556 quaerit.
3329 1485 3527 1540 Verum
3557 1487 3645 1541 cui

2043 1581 2187 1636 bono
2218 1581 2451 1649 scriptor
2482 1580 2572 1635 ille
2603 1579 2743 1635 hanc
2772 1580 2825 1635 in
2854 1578 3085 1635 Arsenio
3117 1580 3433 1652 dignitatem
3469 1580 3643 1651 linge-

2044 1689 2103 1727 re
2126 1672 2429 1742 potuisset?
2457 1672 2565 1726 Cur
2592 1671 2768 1741 petius
2801 1688 2908 1726 non
2930 1672 3032 1727 hoc
3060 1674 3340 1742 scripserit
3374 1672 3467 1728 ille
3487 1715 3501 1736 ,
3548 1689 3648 1727 an-

330 1770 401 1820 rit
430 1765 529 1833 (α).
561 1764 695 1829 Qum
728 1772 911 1818 tamen
967 1763 1153 1833 quanti
1206 1763 1334 1827 sint,
1392 1764 1516 1818 inde
1570 1764 1936 1833 cognoscitur,
1970 1772 2018 1833 Β
2048 1765 2264 1835 tiquiori
2296 1764 2512 1835 aliquo,
2539 1764 2868 1834 minimeque
2889 1765 3054 1817 dubio
3079 1764 3391 1818 testimonio
3440 1763 3648 1819 fretus?

329 1858 472 1926 quod
518 1854 710 1909 Codex
748 1855 841 1909 ille
872 1863 979 1909 tam
1026 1854 1127 1909 fuit
1154 1855 1311 1909 unius
1358 1854 1615 1909 Romana:
1660 1855 1939 1920 Ecclesiae,

331 1964 495 2019 quam
526 1957 852 2003 czeterarum
881 1948 1124 2003 omnium
1158 1948 1465 2017 peculiaris,
1515 1957 1573 2003 ut
1600 1948 1699 2002 viri
1742 1946 1945 2003 doctis-

328 2042 456 2096 simi
483 2039 835 2095 Coustantius
878 2050 935 2095 et
965 2039 1226 2107 Malfeius,
1274 2042 1364 2111 qui
1406 2041 1615 2095 consuli
1665 2048 1941 2112 poterunt,

322 2134 442 2203 jam
471 2134 930 2189 demonstrarunt.

411 2228 504 2283 Vl.
583 2228 889 2298 Antequam
938 2241 969 2282 tt
1023 2226 1384 2282 Luciferianis
1436 2226 1753 2293 discedam,
1807 2227 1944 2284 illud

328 2332 610 2395 postremo
640 2322 913 2391 adjiciam,
970 2336 1093 2377 esse
1122 2322 1329 2377 scilicet
1370 2322 1515 2376 viros
1558 2322 1942 2391 gravissimos,

322 2417 421 2484 qui
455 2416 672 2470 Damasi
724 2416 775 2469 in
832 2415 1153 2486 religionem
1198 2414 1377 2469 studio
1426 2414 1623 2469 factum
1667 2415 1836 2479 aiunt,
1890 2424 1947 2470 ut

325 2505 563 2563 Hilarius
579 2506 843 2560 Romaute
872 2506 1133 2561 Ecclesia:
1171 2507 1433 2561 diaconus
1458 2507 1525 2560 ab
1555 2522 1622 2561 eo
1647 2506 1942 2563 schismate

321 2600 396 2654 ad
429 2600 730 2653 Ecclesium
763 2599 989 2654 redierit
1029 2598 1127 2671 (li),
1158 2599 1383 2669 ejusque
1422 2601 1499 2653 rei
1545 2599 1756 2655 illustre
1795 2602 1946 2655 testi-

324 2692 573 2747 monium
599 2692 882 2761 reliquerit
910 2692 961 2745 in
994 2706 1113 2761 cap.
1146 2707 1226 2757 ιιι,
1257 2693 1418 2762 epist.
1447 2692 1466 2746 l
1494 2692 1560 2746 ad
1585 2692 1824 2747 Timoth.
1861 2692 1944 2748 his

324 2799 652 2856 expressum
682 2784 863 2840 verbis
895 2801 909 2839 :
938 2782 1067 2839 Cum
1096 2794 1231 2839 totus
1260 2784 1486 2838 mundus
1520 2784 1614 2839 Dei
1642 2786 1729 2849 sit,
1764 2772 1955 2840 Εεειεέ

324 2880 411 2933 sia
438 2888 610 2932 tamen
646 2877 831 2931 domus
866 2878 981 2943 eius
1012 2877 1223 2945 dicitur,
1252 2879 1400 2944 cuius
1429 2886 1597 2933 rector
1638 2887 1711 2931 est
1752 2878 1945 2932 Doma-

326 2990 421 3028 sats
458 2971 553 3044 (ε).
584 2971 719 3039 Quae
746 2980 799 3026 et
825 2972 868 3025 si
914 2985 1117 3025 meram
1152 2972 1435 3026 veritatem
1486 2972 1719 3041 sapiant,
1755 2973 1824 3026 ita
1867 2983 1945 3026 ta-

327 3078 456 3118 men
486 3062 763 3117 nonnullis
793 3062 1141 3130 diSplicuisse
1182 3062 1373 3128 miror,
1419 3071 1496 3127 ιιι,
1530 3077 1659 3117 mss.
1690 3064 1943 3119 omnibus

2046 1855 2384 1924 Nicephorus
2439 1869 2606 1919 sane,
2658 1853 2745 1908 eui
2800 1854 3396 1924 Constantinopolitana
3447 1854 3644 1908 biblio-

2046 1948 2198 2002 theca
2252 1948 2457 2018 patuit,
2493 1948 2747 2001 lectorem
2783 1954 3043 2016 provocat
3072 1944 3138 1999 ad
3173 1946 3339 1999 libros
3383 1946 3451 1998 ab
3478 1945 3648 1999 Arse-

2045 2042 2135 2097 nio
2165 2042 2385 2097 relictos
2408 2082 2424 2108 ,
2456 2051 2509 2096 et
2539 2039 2606 2094 ad
2657 2039 2940 2097 historiam
2960 2081 2975 2104 ,
3020 2054 3141 2108 qua:
3173 2038 3240 2092 de
3280 2037 3372 2092 illo
3400 2036 3647 2091 conscri-

2046 2146 2133 2204 pta
2165 2143 2247 2189 est
2277 2134 2345 2207 (f)
2370 2175 2385 2200 ,
2418 2148 2588 2204 eaque
2619 2132 2721 2202 legi
2747 2148 2774 2184 a
2800 2131 3166 2201 Metaphraste
3196 2139 3508 2201 potuerunt.
3538 2128 3647 2184 Nc-

2045 2245 2150 2301 que
2173 2244 2300 2283 vero
2328 2228 2569 2283 rationes
2598 2269 2612 2293 ,
2640 2241 2774 2297 quas
2806 2225 3182 2280 Tillemontius
3210 2223 3365 2278 aliert
3388 2264 3403 2289 ,
3438 2224 3650 2295 gravio-

2045 2321 2121 2375 ris
2149 2319 2414 2375 momenti
2444 2327 2602 2381 sunt;
2637 2316 2906 2387 siquidem
2964 2316 3186 2369 minime
3236 2329 3457 2369 necesse
3508 2314 3644 2381 fuit,

2047 2421 2105 2465 ut
2132 2412 2248 2466 haec
2284 2410 2498 2465 Arsenii
2542 2409 2775 2481 dignitas
2817 2409 2869 2462 in
2899 2408 3172 2461 veteribus
3202 2405 3605 2477 martyrologiis
3629 2447 3646 2473 ,

2047 2506 2378 2575 Patrumque
2406 2504 2544 2559 Vitis
2572 2504 2974 2574 exprimeretur
2999 2542 3013 2565 ,
3048 2516 3075 2553 a
3124 2500 3318 2571 quibus
3348 2514 3452 2553 una
3496 2499 3651 2553 dum-

2048 2608 2193 2655 taxat
2218 2599 2336 2669 ejus
2363 2597 2635 2667 professio
2673 2594 3071 2665 suspiciebatur
3110 2591 3470 2646 monasticum
3501 2589 3649 2645 scili-

2046 2703 2129 2746 cet
2159 2693 2461 2745 institutqu
2486 2709 2498 2744 :
2525 2689 2669 2759 quod
2699 2698 2879 2743 autem
2901 2690 3026 2741 vitae
3046 2701 3213 2757 genus
3235 2685 3394 2755 paulo
3412 2685 3645 2752 mollius,

2047 2801 2110 2840 ac
2138 2784 2502 2856 Splendidius,
2524 2786 2606 2837 cui
2635 2798 2695 2838 se
2722 2783 2870 2837 illum
2898 2780 3113 2835 dedisse
3138 2779 3317 2835 ferunt
3350 2787 3469 2848 post
3493 2793 3648 2833 suum

2046 2878 2110 2931 ad
2150 2879 2329 2932 aulam
2387 2890 2700 2937 accessum,
2760 2874 2982 2928 minime
3039 2873 3326 2927 conveniat
3375 2882 3485 2925 tum
3533 2872 3653 2925 dia-

2045 2972 2166 3025 coni
2198 2968 2397 3035 ol‘licio,
2435 2978 2546 3022 tum
2580 2966 2967 3036 pietati,quam
3001 2964 3187 3019 Romae
3216 2979 3327 3033 pra:
3347 2978 3405 3017 se
3427 2962 3646 3030 tulerat,

2049 3066 2171 3118 hinc
2201 3063 2383 3133 colligi
2415 3063 2610 3131 poterit
2639 3062 2883 3116 moribus
2904 3060 3043 3115 aulae
3090 3058 3319 3113 fractum
3344 3057 3647 3113 declinasse

328 3156 785 3226 repugnantibus,
814 3156 901 3209 vix
936 3170 1042 3209 non
1071 3169 1171 3225 pro
1209 3156 1428 3225 spuriis,
1458 3164 1514 3210 et
1541 3156 1800 3211 addititiis
1844 3156 1941 3211 ha-
1968 3153 2013 3215 C
2048 3160 2198 3214 illum
2232 3158 2498 3227 tantisper
2544 3172 2572 3210 a
2622 3155 2849 3226 pristina
2882 3155 3206 3209 sanctitate:
3257 3167 3323 3206 an
3358 3167 3488 3207 vero
3546 3152 3650 3207 hoc

327 3248 523 3302 beant.
568 3248 699 3302 Scio
741 3261 851 3301 non
897 3248 1090 3302 deesse
1122 3246 1268 3301 viros
1306 3247 1675 3313 doctissimos,
1719 3250 1808 3319 qui
1840 3249 1945 3305 hoc

328 3358 474 3410 opus
511 3342 687 3396 eidem
729 3342 962 3395 diacono
989 3340 1324 3410 abjudicaut,
1358 3356 1533 3409 neque
1562 3342 1693 3396 mihi
1732 3343 1944 3397 animus

329 3443 435 3499 est,
473 3443 531 3487 ut
560 3449 735 3488 meam
788 3432 979 3488 iaciam
1027 3432 1166 3488 hanc
1216 3433 1386 3488 litem.
1423 3433 1622 3487 Fateor
1673 3441 1849 3488 tamen
1879 3449 1944 3490 ea

342 3527 507 3582 verba
535 3528 621 3580 vix
652 3541 757 3580 non
790 3526 1023 3589 ellicere,
1051 3534 1108 3579 ut
1127 3526 1575 3580 commentarium
1603 3525 1731 3579 illud
1755 3526 1822 3580 ab
1848 3527 1941 3580 ali-

328 3636 441 3691 quo
469 3621 662 3675 saltem
698 3631 923 3673 auctore
954 3620 1215 3687 scriptum
1245 3619 1571 3687 existimem,
1603 3619 1695 3690 qui
1733 3619 1947 3676 Lucife-

330 3715 544 3768 rianam
597 3724 651 3767 et
708 3712 1111 3769 schismatieam
1166 3722 1367 3767 sectam
1441 3713 1719 3782 professus
1784 3722 1943 3769 antea

332 3805 520 3860 fuerit.
554 3804 834 3875 Siquidem
878 3818 998 3858 cum
1027 3806 1062 3861 ii
1094 3819 1269 3873 neque
1301 3804 1600 3871 Liberium,
1640 3822 1815 3876 neque
1841 3807 1946 3861 Da-

333 3912 549 3952 masum
608 3898 872 3953 haberent
918 3912 1016 3965 pro
1066 3897 1322 3967 legitimis
1374 3896 1630 3952 Romanae
1680 3898 1944 3955 Ecclesiae

330 3994 631 4062 episcopis.
678 4005 885 4058 eosque
932 3990 1299 4062 Hieronymus
1348 3993 1650 4049 monuisset
1696 3990 1945 4047 Ecclesiae

332 4086 559 4139 salutem
588 4085 640 4137 in
697 4084 883 4137 summi
937 4084 1220 4137 sacerdotis
1269 4083 1518 4154 dignitate
1568 4084 1789 4153 pendere
1833 4084 1941 4155 (ἀ),

339 4179 625 4234 videbatur
652 4178 750 4232 viri
778 4186 905 4232 tunc
930 4178 996 4231 ad
1028 4177 1326 4232 Ecclesiam
1374 4177 1547 4245 ipsam
1600 4179 1814 4237 sincere
1858 4192 1944 4233 re-

335 4270 553 4326 deuntis
582 4285 725 4335 esse,
752 4270 910 4324 ﬁdem
936 4270 987 4323 in
1018 4284 1086 4324 eo
1108 4269 1284 4339 capite
1305 4283 1456 4323 suam
1482 4268 1824 4338 argumentis
1847 4268 1945 4324 mi-

336 4368 486 4421 nime
514 4364 694 4419 dubiis
722 4364 898 4434 palam
926 4364 1247 4433 publiceque
1270 4370 1520 4417 testatum
1550 4362 1751 4429 facere,
1781 4378 1941 4432 quam

334 4460 505 4514 etiam
535 4460 603 4512 ob
632 4471 875 4523 causam,
908 4456 1158 4511 iteratum
1191 4455 1514 4525 baptismum
1535 4495 1549 4518 ,
1594 4454 1738 4523 quod
1784 4463 1941 4509 antea

2046 3253 2241 3307 mirum
2265 3294 2279 3319 ,
2311 3258 2363 3303 et
2397 3249 2712 3304 insuetum?
2741 3246 3009 3302 Caeterum
3050 3245 3305 3316 quidquid
3328 3245 3519 3299 horum
3541 3247 3646 3313 sit,

2045 3344 2215 3410 vides,
2249 3344 2452 3406 lector,
2482 3358 2639 3408 quam
2690 3341 2831 3393 aeris
2867 3336 3375 3407 maturiquejudicii
3407 3338 3458 3389 in
3514 3336 3650 3389 deli-

2045 3436 2238 3506 gendis
2265 3436 2393 3489 viris
2419 3436 2678 3489 Damasus
2702 3434 2885 3487 fuerit.
2912 3430 3282 3486 Theodosium
3310 3446 3438 3483 vero
3466 3429 3650 3483 lauda-

2046 3531 2191 3584 veris
2215 3571 2231 3596 ,
2263 3528 2411 3598 quod
2444 3528 2673 3582 Libanio
2697 3570 2709 3594 ,
2750 3526 3159 3595 Tliemistioque
3191 3523 3439 3595 neglecto
3464 3565 3480 3590 ,
3511 3539 3647 3593 quos

2046 3621 2279 3676 Arcadio
2312 3627 2673 3689 praeceptores
2703 3619 2833 3673 dare
2860 3624 3104 3687 poterat,
3150 3616 3435 3671 Arsenium
3464 3616 3643 3682 eli-ge-

2048 3719 2152 3777 rit,
2182 3717 2328 3768 velut
2376 3715 2465 3783 qui
2503 3712 2674 3783 probe
2723 3716 2926 3775 sciret,
2974 3710 3311 3773 doctrinam,
3340 3717 3645 3775 caeteraque

2045 3815 2361 3864 ornamenta
2390 3822 2417 3859 a
2445 3807 2654 3860 sincera
2685 3804 2883 3874 pietate
2905 3845 2918 3867 ,
2956 3816 3019 3856 ac
3047 3801 3305 3870 religione
3354 3800 3599 3868 sejuncta
3625 3840 3641 3864 ,

2047 3902 2383 3973 principibus
2414 3900 2744 3969 Reipublicte
2798 3893 3153 3953 admovendis
3202 3895 3397 3950 obesse
3444 3894 3645 3962 smpius

2047 3997 2218 4065 magis
2260 4007 2420 4063 quam
2450 3991 2729 4063 prodesse.

2622 4125 2850 4183 CAPUT
2880 4124 3069 4182 XXIII.

2046 4246 2089 4303 1.
2131 4246 2345 4311 Damasi
2384 4243 2603 4315 epistola
2648 4244 2717 4298 ad
2770 4240 3093 4305 Orientales,
3134 4255 3233 4309 quo
3278 4253 3437 4302 anno,
3489 4249 3649 4305 quave

2118 4338 2387 4394 occasione
2428 4336 2623 4404 scripta
2669 4335 2765 4397 sit,
2791 4350 2852 4388 ac
2875 4332 2938 4386 de
2956 4330 3220 4386 Timotheo
3251 4327 3642 4399 Apotlinarista.

2121 4433 2184 4488 ll.
2220 4430 2297 4488 De
2328 4429 2576 4501 Symboio
2607 4430 2659 4483 in
2684 4428 2827 4483 Actis
2876 4426 3156 4497 Ephesium
3180 4423 3397 4493 synodi,
3429 4418 3481 4474 Ν
3488 4421 3647 4472 immo

334 4567 463 4609 cum
494 4550 871 4606 Luciferianus
896 4557 1061 4611 esset,
1105 4555 1447 4610 asseruerat.
1476 4548 1653 4619 palam
1684 4547 1883 4603 deinde
1912 4563 1942 4603 a
1970 4534 2021 4594 Ι)
2119 4524 2338 4587 εοησίίίο
2367 4524 2629 4579 (“"50"”-

335 4661 398 4700 se
450 4644 600 4714 rejici
633 4653 891 4713 oportere
915 4641 1278 4706 existimavit,
1338 4655 1460 4710 cap.
1508 4656 1524 4694 ι
1576 4640 1750 4710 Epist.
1804 4639 1826 4695 l
1876 4640 1942 4694 ad

336 4735 586 4792 Corinth.
619 4735 747 4791 ﬂare
773 4744 953 4790 autem
984 4749 1108 4788 cum
1143 4734 1214 4787 ita
1242 4733 1371 4799 sint,
1405 4747 1613 4802 nosque
1643 4733 1943 4800 impellant,

338 4838 399 4885 ut
444 4830 896 4883 commentarium
951 4826 1080 4882 illud
1107 4841 1135 4881 a
1169 4824 1511 4880 Luciferiano
1550 4824 1614 4878 ad
1649 4824 1946 4880 Ecclesium

337 4922 540 4977 reduce
561 4922 821 4989 scriptum
850 4919 1019 4976 fuisse
1046 4920 1351 4988 opinemur,
1376 4932 1472 4973 cur
1496 4933 1602 4971 non
1624 4917 1703 4971 ah
1719 4917 1945 4984 Hilario,

337 5016 426 5070 cui
455 5015 514 5070 S.
544 5015 881 5084 Augustinus
930 5013 1061 5067 illud
1107 5008 1395 5067 attribuit?
1441 5013 1734 5066 Auctorem
1783 5026 1946 5081 porro

336 5106 648 5162 Romanum
698 5106 885 5170 fuisse,
916 5113 1078 5174 atque
1110 5105 1161 5159 in
1194 5102 1340 5159 Urbe
1379 5103 1524 5157 circa
1555 5102 1672 5156 base
1700 5111 1947 5171 tempora

336 5199 473 5254 illud
522 5197 811 5268 scripsisse
851 5205 1065 5252 constat
1113 5211 1179 5251 ex
1212 5194 1499 5249 lTimoth.
1551 5210 1640 5261 tu,
1691 5195 1783 5249 ubi
1831 5193 1949 5251 haec

333 5292 456 5346 ait:
493 5290 649 5345 Nunc
672 5299 844 5346 autem
871 5299 1063 5359 septem
1102 5288 1343 5342 diaconos
1383 5303 1491 5342 esse
1514 5297 1713 5357 oportet
1753 5297 1800 5343 et
1841 5288 1946 5342 alt-

333 5392 558 5455 qstantos
586 5384 926 5454 presbyteros,
960 5392 1016 5437 ut
1045 5380 1151 5436 bini
1174 5381 1297 5446 sint,
1332 5396 1423 5449 per
1447 5378 1721 5446 Eooksias,
1750 5389 1798 5436 et
1815 5397 1947 5436 unus

416 5542 498 5617 (αν)
547 5543 820 5617 Quesn_ell.
853 5542 1073 5617 dissert.
1108 5538 1196 5606 14,
1224 5539 1360 5617 mg.

412 5610 491 5687 (ὁ)
553 5610 673 5670 Vid.
715 5615 846 5687 Pag.
892 5614 1205 5687 etiannum
1246 5611 1373 5679 362,
1425 5627 1481 5668 η.
1524 5611 1599 5677 5;
1630 5610 1749 5669 Nat.
1784 5610 1941 5675 Alex.

334 5684 455 5745 see.
488 5702 563 5749 tv,
594 5700 712 5755 cap.
743 5684 797 5751 6,
833 5693 935 5739 art.
969 5686 1060 5740 H.

416 5759 491 5833 (e)
533 5757 592 5815 ln
615 5752 862 5834 Append.
893 5756 1057 5827 Oper.
1088 5755 1311 5824 Ambr.,
1339 5763 1469 5812 tom.
1496 5752 1543 5815 Il
1567 5796 1582 5824 ,
1607 5768 1661 5827 p.
1692 5753 1818 5817 295.

2124 4642 2161 4698 Ι.
2207 4641 2319 4695 lloc
2345 4638 2536 4695 eodem
2559 4648 2702 4689 anno
2728 4633 2985 4702 scriptam
3015 4646 3041 4685 a
3082 4630 3311 4683 Damaso
3340 4626 3407 4679 ad
3442 4624 3647 4682 Orien-

2049 4736 2177 4790 tales
2199 4731 2479 4802 epistolam
2514 4738 2677 4799 puto,
2712 4740 2871 4797 quam
2923 4740 2950 4778 a
2974 4720 3315 4776 Theodorcto
3369 4727 3648 4789 acceptam

2052 4826 2389 4896 Epiphanius
2423 4822 2588 4877 latine
2640 4818 2907 4881 reddidit,
2944 4824 3197 4888 postremo
3228 4813 3347 4867 loco
3376 4827 3406 4867 a
3438 4828 3522 4867 me
3563 4827 3649 4867 re-

2052 4919 2333 4975 censitam.
2368 4914 2769 4985 Apollinaristaa
2794 4913 2937 4968 enim
2985 4909 3113 4965 etsi
3159 4907 3227 4963 ab
3271 4922 3337 4961 eo
3394 4907 3649 4977 pontifice

2051 5012 2217 5066 semel
2246 5020 2405 5078 atque
2429 5009 2621 5063 iterum
2644 5006 2883 5060 damnati
2909 5003 3140 5066 fuerant,
3170 5000 3350 5054 ιιιόίκὶ
3374 5041 3388 5065 ,
3416 5015 3478 5053 ac
3498 4999 3650 5053 dein-

2051 5105 2119 5159 de
2147 5099 2804 5168 aConstantiimpolitana
2854 5094 3095 5167 synodo,
3148 5106 3269 5147 sese
3314 5099 3491 5145 tamen
3518 5129 3533 5154 ,
3590 5096 3648 5142 ut

2054 5197 2294 5251 haeretici
2321 5194 2533 5257 solent,
2567 5192 2620 5246 in
2655 5190 2879 5262 perﬁdia
2908 5186 3359 5247 oblirmaverant,
3408 5179 3647 5248 atquein

2052 5306 2113 5347 ea
2146 5287 2549 5345 disseminanda
2581 5287 2711 5342 totis
2739 5286 2943 5340 viribus
2978 5277 3368 5336 allaborabaut.
3415 5272 3650 5330 Aiebant

2052 5398 2187 5439 vero
2211 5381 2585 5453 impudenter,
2616 5394 2679 5435 se
2711 5377 2877 5433 veluti
2901 5379 3066 5430 recta:
3097 5369 3219 5424 ﬁdei
3242 5368 3649 5423 consentientes

2150 5544 2205 5612 ά)
2252 5541 2390 5598 Adv.
2424 5538 2600 5595 Lucil.
2626 5538 2825 5612 c.3919.

2151 5602 2199 5681 ei
2241 5617 2362 5669 Bar.
2396 5613 2462 5666 ad
2493 5625 2622 5664 ann.
2657 5602 2782 5681 $89,
2814 5622 2867 5661 ιι.
2900 5602 2992 5667 22,

2153 5679 2196 5758 f)
2237 5685 2357 5742 Lib.
2386 5699 2492 5751 xu,
2525 5696 2647 5755 cap.
2669 5679 2763 5734 25.
