4138 6178
508 216 618 277 255

1684 211 2000 273 SANCTUS
2037 206 2363 270 DAMASUS
2400 210 2601 269 PAPA.

3704 209 3812 269 256

509 332 580 392 ab
606 332 937 391 Occidentali
963 331 1201 389 Ecclesia
1232 337 1519 401 susceptos
1546 343 1697 397 esse,
1728 339 1783 387 et
1804 330 2005 386 nullam
2037 344 2103 385 ex
2131 334 2179 392 Α
2207 330 2316 402 ipse
2328 328 2602 384 damnatus
2618 325 3046 396 est,utLeontius
3058 326 3131 383 ait
3145 326 3466 401 (d),tumqui
3477 326 3809 385 cummiserat

513 427 722 498 legibus
741 470 758 493 ,
782 442 903 496 quae
929 425 1189 482 adversus
1212 423 1499 481 haereticos
1520 424 1872 495 promulgata:
1899 421 2113 481 fuerant

521 521 740 575 obstare
768 517 870 572 sibi
895 516 1184 588 quominus
1200 515 1443 586 religioni
1468 523 1756 583 vacarent,
1772 529 1835 570 ac
1855 530 1967 570 sua:
1989 529 2110 569 seco

516 621 585 669 ta:
611 612 861 681 dogmata
893 608 1253 679 praedicarent
1276 608 1496 680 ubique.
1530 608 1667 664 Hinc
1707 608 1951 677 publicos
2002 606 2117 663 col-

514 702 752 775 ligebant
780 709 983 767 ccetus,
1012 700 1427 772 prophanaSque
1459 700 1690 772 agebant
1715 700 1960 773 Synaxes
1980 740 1994 763 .
2051 714 2115 755 ac

516 793 821 850 circuihant
849 795 1023 865 palam
1055 810 1152 864 per
1177 793 1469 865 Egyptum
1493 836 1509 863 ,
1539 795 1754 868 Syriam
1778 837 1793 863 ,
1825 793 2113 865 Cappado-

518 887 658 943 ciam
676 928 693 956 ,
737 896 1017 959 totumque
1037 888 1271 943 Orientis
1293 896 1553 953 tractum,
1583 890 1963 961 mysteriorum
1991 904 2118 943 suo-

517 997 637 1039 rum
662 1024 676 1049 ,
727 992 819 1038 aut
846 981 1250 1038 ordinationum
1298 984 1726 1039 exercendarum
1771 997 1929 1038 causa
1952 1025 1969 1049 ,
1999 997 2118 1051 quae

520 1075 639 1130 ﬁeri
671 1089 780 1130 non
825 1082 1079 1145 poterant
1114 1074 1317 1143 absque
1363 1074 1700 1144 gravissimis
1750 1073 2118 1130 Ecclesiarum

523 1169 663 1225 bene
701 1169 1117 1224 eonstitutarum
1184 1182 1248 1223 ac
1302 1168 1690 1223 catholicorum
1743 1169 2119 1240 episcoporum

522 1261 914 1327 incommodis,
942 1276 1005 1316 ac
1036 1260 1301 1316 molestiis
1320 1302 1336 1328 ,
1360 1276 1496 1332 quas
1517 1260 1885 1316 Nazianzenus
1930 1259 2120 1331 Olym-

525 1358 615 1429 pio
655 1366 781 1413 tunc
802 1356 1157 1428 Cappadocia":
1187 1354 1401 1427 praesidi
1447 1364 1665 1411 enarrat
1710 1354 1827 1410 hare
1878 1355 2122 1411 scribens

526 1452 603 1527 (a)
632 1471 646 1508 :
679 1452 876 1507 Prwter
918 1451 1024 1506 alia
1046 1451 1218 1505 omnia
1263 1466 1322 1504 eo
1350 1466 1551 1518 quoque
1586 1448 1824 1503 audacia:
1875 1465 2126 1521 prorupe-

530 1556 696 1612 runt,
728 1556 785 1599 ut
825 1545 1093 1617 episcopos
1132 1543 1286 1598 etiam
1334 1540 1583 1612 quosdam
1608 1583 1623 1605 ,
1668 1541 1851 1610 quibus
1899 1541 2125 1612 dignitas

526 1637 590 1692 ab
614 1636 893 1691 universali
918 1634 1317 1690 Orientaliumet
1336 1632 1747 1688 Occidentalium
1767 1634 1963 1705 synodo
1974 1636 2127 1688 abra-

2216 422 2567 493 Apollinarius
2589 439 2608 489 ;
2631 436 2697 478 ex
2728 437 2835 493 quo
2857 421 3055 477 factum
3080 462 3094 485 ,
3125 431 3184 475 ut
3209 422 3367 492 longe
3404 420 3802 491 obstinatiores,

2214 526 2270 573 et
2295 517 2615 573 audaciores
2642 516 2833 573 nefarii
2859 517 3109 571 homines
3135 516 3410 573 evaserint
3435 558 3451 583 ,
3484 527 3542 571 ut
3568 516 3689 573 alibi
3728 518 3808 573 di-

2214 610 2429 675 ximus;
2458 624 2782 680 quamquatn
2822 607 3014 662 eodem
3043 616 3293 678 tempore
3318 649 3332 671 ,
3377 607 3556 679 quoad
3605 610 3807 679 potuit,

2218 710 2592 773 perseveraret
2641 700 2731 756 ille
2755 715 2814 755 se
2833 699 3175 755 catholicum
3202 715 3455 756 asserere
3475 744 3489 766 ,
3524 716 3589 757 ac
3614 702 3811 759 subdo-

2219 794 2286 850 lis
2310 837 2325 859 ,
2357 794 2722 864 captiosisque
2773 793 3018 848 formulis
3045 791 3408 861 simpliciores
3435 791 3691 863 decipere
3711 835 3727 862 ,
3760 802 3817 850 ut

2218 896 2433 944 constat
2484 904 2550 943 ex
2613 886 2977 958 pseudo-Julii
3024 887 3257 960 epistola
3305 887 3370 941 ad
3418 887 3817 957 Prosdocium,

2218 996 2326 1053 qua
2353 981 2437 1036 vix
2470 998 2575 1036 non
2608 982 2914 1053 assequitur
2939 1024 2953 1043 .
2987 991 3045 1036 ut
3075 990 3254 1047 recte,
3282 997 3345 1037 ac
3370 996 3490 1037 cum
3521 980 3821 1038 Catholicis

2220 1076 2422 1131 sentire
2468 1074 2719 1131 videatur
2744 1093 2758 1143 ;
2788 1075 3056 1146 siquidem
3077 1091 3196 1132 eam
3219 1077 3620 1148 ipsiTimotheo
3640 1077 3824 1135 Leon—

2221 1170 2327 1225 tius
2375 1168 2687 1237 adjudicat;
2740 1169 3099 1240 rejiciuntque
3127 1170 3230 1225 viri
3276 1170 3421 1226 docti
3452 1171 3815 1242 Leqnienius,

2221 1260 2600 1326 Coustantius,
2634 1275 2698 1315 ac
2726 1260 3050 1317 Muratorius
3078 1260 3222 1317 inter
3272 1277 3366 1318 eas
3422 1277 3557 1333 quas
3616 1264 3825 1333 Apolli-

2222 1355 2439 1410 naristm
2468 1354 2609 1409 Julio
2634 1370 2783 1425 papa:
2805 1353 3165 1419 afﬁnxerunt;
3190 1355 3335 1410 aliud
3365 1357 3529 1413 etiam
3553 1356 3825 1412 simulatae

2223 1444 2293 1500 ab
2319 1460 2385 1501 eo
2414 1445 2691 1515 religionis
2721 1457 3096 1515 argumentum
3119 1446 3334 1501 ducitur
3364 1463 3434 1503 ex
3456 1446 3679 1502 Polemii
3699 1462 3828 1518 ope-

2223 1554 2285 1596 re
2305 1546 2493 1595 contra
2516 1540 2664 1595 illum
2687 1540 2910 1607 scripto,
2944 1539 3097 1610 cujus
3118 1540 3258 1608 apud
3288 1540 3539 1595 Pltotium
3560 1540 3683 1595 cod.
3724 1542 3827 1596 130

2226 1630 2588 1702 fragmentum
2620 1641 2891 1703 superest,
2920 1632 3014 1687 ubi
3040 1633 3358 1687 Timotheus
3387 1632 3825 1704 reprehenditur,

526 1737 648 1800 gata
677 1732 874 1799 fuerat,
907 1737 1238 1795 accersentes,
1291 1735 1381 1780 aut
1430 1726 1808 1781 transeuntibus
1855 1728 2120 1781 abutentes
2154 1722 2197 1783 Β
2225 1724 2366 1796 quod
2396 1739 2518 1781 esse
2574 1740 2635 1780 se
2661 1740 2725 1781 ex
2751 1725 3072 1795 Apollinarii
3102 1724 3382 1795 discipulis
3415 1727 3583 1782 videri
3614 1727 3820 1794 vellet,

531 1819 885 1892 imperialibus
926 1818 1158 1873 omnibus
1189 1817 1668 1885 constitutionibus,
1698 1829 1851 1889 atque
1893 1818 2129 1874 omnibus

529 1913 708 1968 uestris
738 1911 917 1967 edictis
932 1911 1157 1977 violatis,
1188 1911 1393 1965 cuidam
1414 1911 1562 1980 impii
1584 1951 1599 1976 ,
1654 1920 1702 1965 et
1724 1908 2000 1964 adulterini
2048 1910 2130 1965 sui

533 2006 702 2079 gregis
732 2003 1021 2077 (Nazianzi
1046 2002 1275 2074 scilicet)
1304 2004 1533 2074 episcopi
1554 2003 2130 2071 nomenimposuerunt.

602 2098 939 2170 Quamquam
965 2097 1145 2168 plures
1165 2096 1331 2152 fuisse
1358 2078 1573 2166 oportet
1595 2096 1987 2153 deambuloues
2010 2095 2130 2153 illos

532 2190 1051 2264 pseudo-episcOpos
1078 2231 1093 2256 ,
1119 2204 1411 2261 paucorum
1434 2189 1652 2244 nomina
1673 2189 1741 2245 ad
1768 2204 1868 2245 nos
1895 2204 1925 2244 a
1957 2189 2132 2246 Leon-

533 2283 609 2339 tio
633 2282 947 2337 transmissa
977 2290 1122 2337 sunt.
1144 2281 1217 2336 At
1239 2282 1441 2351 primas
1460 2283 1600 2337 inter
1621 2296 1717 2337 eos
1740 2280 1934 2351 agebat
1952 2290 2131 2351 partes

534 2376 875 2448 Apollinario
900 2376 1316 2442 tuncdeluncto,
1334 2375 1655 2433 Timotheus
1685 2376 1804 2447 ejus
1834 2376 2131 2448 discipulus

535 2486 856 2527 arcanorum
885 2470 1125 2527 omnium
1157 2471 1428 2543 particeps
1453 2513 1468 2537 ,
1501 2481 1662 2543 atque
1683 2471 1873 2544 ingens
1889 2472 2002 2543 jam
2030 2473 2132 2528 sub

538 2564 730 2622 eodem
786 2568 1044 2636 magistro
1087 2565 1345 2622 Ecclesia:
1372 2567 1574 2622 turbo:
1607 2581 1733 2623 nam
1781 2583 1942 2638 quam
1972 2569 2131 2624 aliam

536 2657 607 2713 ob
633 2672 852 2713 causam
878 2656 994 2728 ejus
1026 2659 1362 2727 potissimum
1391 2658 1793 2715 damnationem
1824 2658 2133 2716 Orientales

536 2763 570 2804 a
602 2749 831 2803 Damaso
860 2749 1019 2804 enixe
1059 2748 1481 2819 efflagitassent,
1533 2750 1633 2805 nisi
1680 2752 1803 2822 quia
1851 2752 1941 2806 ille
1997 2766 2134 2807 unus

539 2842 777 2897 omnium
793 2843 963 2896 instar
974 2856 1094 2896 cum
1108 2851 1403 2907 esset,eum
1420 2843 1730 2898 nominatim
1744 2843 1985 2899 damnari
2003 2844 2133 2899 tanti

539 2934 806 2989 interesse
836 2936 1187 3005 putaverunt?
1200 2935 1353 2991 lltmc
1375 2935 1593 3009 Berythi
1623 2937 1936 3008 episcopum
1967 2938 2135 2995 fuisse

537 3025 681 3081 idem
726 3025 985 3082 Leontius
1010 3029 1118 3094 ait,
1168 3026 1311 3099 quod
1360 3038 1537 3084 tamen
1581 3030 1761 3085 nullus
1789 3046 1855 3085 eo
1909 3042 2134 3087 auctore

2228 1827 2391 1888 atque
2419 1832 2483 1873 ea
2510 1859 2525 1884 ,
2556 1834 2675 1887 quae
2706 1816 2969 1872 docuerat
3000 1817 3090 1873 ille
3115 1818 3319 1873 sentire
3345 1860 3359 1885 ,
3391 1835 3701 1890 quamquam
3748 1820 3829 1873 bi-

2231 1912 2438 1966 narium
2468 1923 2771 1967 naturarunt
2802 1912 3111 1983 prtedicaret
3135 1952 3151 1979 ,
3189 1922 3337 1983 atque
3364 1913 3431 1966 ad
3460 1914 3831 1986 Cappadocum

2231 2003 2417 2075 dogma
2459 2013 2507 2058 et
2530 2001 2561 2056 Ι
2565 2002 2782 2059 talorum
2810 2004 3161 2076 arrogantiam
3190 2004 3469 2060 accederet.

2302 2095 2597 2166 Gregorius
2624 2096 2802 2167 itaque
2826 2095 3194 2152 Nazianzenus
3239 2096 3329 2168 qui
3372 2111 3670 2164 summum,
3723 2113 3830 2169 quo

2233 2190 2537 2256 tenebatur,
2558 2190 2836 2260 religionis
2867 2192 3103 2245 studium
3132 2191 3355 2247 minime
3387 2206 3509 2247 cum
3546 2192 3689 2248 solio
3737 2194 3832 2249 de-

2234 2293 2514 2354 posuerat,
2540 2292 2737 2354 praeter
2772 2283 2982 2339 litteras
3010 2283 3077 2338 ad
3120 2282 3431 2356 Olympium
3473 2283 3832 2354 Cappadociae

2234 2374 2547 2447 praesidem,
2581 2376 2713 2431 alias
2742 2375 2894 2432 dedit
2910 2376 2979 2431 ad
3004 2376 3315 2431 Nectarium
3332 2374 3833 2447 ConstantinOpolis

2234 2470 2572 2543 episcopum,
2597 2472 2912 2542 rogavitque
2926 2480 2986 2525 ut
3009 2471 3392 2541 imperatorem
3421 2469 3613 2535 adiret,
3647 2484 3837 2527 mone-

2233 2573 2446 2635 retque,
2472 2562 2604 2618 nihil
2632 2563 2892 2619 Ecclesia:
2920 2562 3219 2619 rediturum
3249 2578 3316 2619 ex
3346 2562 3463 2633 ejus
3504 2563 3705 2633 pietate
3734 2564 3836 2619 uti-

2237 2654 2404 2710 litatis
2432 2696 2448 2722 ,
2503 2655 2547 2710 si
2588 2669 2706 2709 eam
2747 2654 3255 2725 Apollinaristarum
3310 2653 3583 2709 licentiam
3630 2654 3836 2710 diutius

2238 2746 2418 2802 valere
2450 2747 2787 2815 permitteret
2840 2746 2907 2801 ad
2953 2756 3118 2802 recta:
3174 2746 3297 2802 fidei
3350 2746 3689 2803 eversionem
3738 2746 3833 2820 (c).

2235 2838 2647 2907 Scripsitetiam
2669 2838 3059 2895 Posthumiano
3104 2839 3206 2895 PP.
3258 2839 3515 2907 Orientis,
3550 2838 3834 2911 petiitque,

2239 2939 2298 2987 ut
2325 2947 2446 2987 cum
2470 2932 2709 3002 episcopi
2735 2931 2786 2986 in
2810 2932 2956 3001 regia
2988 2931 3121 2987 urbe
3148 2931 3398 2987 iteratam
3431 2931 3698 3003 synodum
3744 2947 3830 2987 ce-

2239 3027 2499 3082 lebraturi
2521 3036 2724 3091 essent,
2754 3026 3118 3082 Ecclesiarum
3150 3025 3270 3096 paci
3315 3026 3387 3081 ab
3430 3025 3704 3081 hmreticis
3732 3024 3836 3081 illis

545 3119 706 3189 paulo
733 3120 1010 3192 antiquior
1059 3124 1311 3178 asseruit.
1348 3122 1483 3179 ilinc
1526 3139 1718 3180 vereor
1758 3140 1826 3180 ne
1880 3126 1973 3181 ille
2002 3125 2131 3181 sub-
2160 3109 2206 3174 C
2241 3121 2582 3192 potissimum
2610 3120 2976 3185 labefactatas,
3010 3135 3109 3191 pro
3150 3134 3213 3175 ea
3259 3135 3489 3186 summa,
3547 3135 3650 3190 qua
3702 3135 3838 3190 pra:—

539 3212 924 3282 scriptionibus
949 3214 1328 3286 episc0porum
1356 3257 1371 3283 ,
1417 3217 1508 3286 qtti
1540 3217 2136 3288 Constantinopolitano

540 3302 562 3358 ι
587 3304 820 3361 concilio
841 3304 1124 3362 adfuerunt
1151 3348 1167 3374 ,
1197 3308 1455 3380 deceptus
1480 3310 1585 3376 sit,
1610 3325 1675 3366 ac
1704 3311 1848 3382 quod
1878 3312 2019 3368 inter
2042 3328 2138 3368 eos

540 3394 882 3452 Timotheum
898 3398 1117 3468 Berythi
1146 3399 1357 3471 legerit,
1374 3417 1536 3456 unum
1568 3417 1668 3473 pro
1692 3402 1802 3459 alio
1828 3406 2134 3474 acceperit:

542 3504 720 3560 neque
749 3492 893 3547 enim
920 3490 1035 3547 fieri
1066 3494 1306 3563 potuisse
1351 3494 1566 3551 videtur
1589 3536 1605 3561 ,
1638 3496 1813 3553 virum
1845 3498 1988 3554 hunc
2013 3515 2137 3569 per-

541 3583 671 3640 dita:
695 3585 881 3653 lamas,
914 3594 968 3641 et
988 3587 1157 3658 gradu
1176 3588 1287 3657 jam
1315 3596 1469 3646 antea
1496 3589 1768 3661 dejectum
1790 3632 1804 3657 ,
1832 3593 2038 3649 sedisse
2060 3594 2141 3648 in-

546 3686 629 3734 ter
656 3679 952 3736 catholicos
984 3682 1243 3752 praesules
1269 3724 1284 3749 ,
1312 3698 1376 3739 ac
1404 3686 1727 3741 sententiam
1775 3699 2035 3757 praeterea
2084 3688 2139 3743 in

546 3768 941 3841 Apollinarium
990 3788 1147 3829 suum
1179 3774 1418 3838 dixisse.
1450 3788 1615 3848 atque
1662 3778 1789 3833 ideo
1820 3778 1970 3834 illum
2004 3780 2142 3835 inter

547 3876 644 3918 eos
697 3864 874 3933 potius
927 3867 1324 3921 numerandum
1356 3876 1484 3937 puto
1508 3909 1525 3934 ,
1553 3883 1691 3938 quos
1741 3868 1965 3939 profane
1991 3871 2138 3926 ordi-

546 3960 704 4006 natos
724 3952 1093 4022 Apollinarius
1119 3955 1224 4009 huc
1260 3957 1391 4011 illuc
1420 3972 1728 4015 commeare
1753 3959 1989 4028 jusserat
2015 4003 2031 4028 ,
2086 3975 2145 4017 ιιι

546 4041 821 4097 Ecclesias
852 4044 986 4099 bene
1031 4049 1351 4102 constitutas
1379 4048 1689 4105 scindcrcnt
1711 4091 1727 4116 ,
1773 4066 2016 4123 quosque
2045 4054 2145 4109 Ba-

546 4134 700 4190 silius
729 4146 1029 4205 memorat,
1053 4146 1106 4192 ct
1134 4138 1252 4193 sine
1285 4142 1483 4208 populo
1505 4182 1518 4205 ,
1549 4142 1668 4197 sine
1697 4142 1857 4203 Clero
1879 4146 2142 4203 obambu-

548 4227 763 4299 lantes,
797 4245 861 4287 ac
905 4231 1109 4287 nudum
1166 4233 1407 4305 episcopi
1456 4251 1654 4292 nomen
1697 4237 2146 4300 circumferentes

547 4322 788 4393 appellat
832 4325 933 4397 (b).
963 4325 1282 4383 Timotheus
1308 4337 1485 4385 autem
1517 4332 1619 4387 iste
1656 4333 1826 4388 semel
1856 4344 2020 4405 atque
2046 4337 2147 4392 ite-

549 4430 668 4471 rnm
700 4414 926 4473 Romam
967 4428 1191 4475 venerat
1238 4422 1412 4492 primo
1441 4433 1568 4480 ante
1596 4423 1801 4482 obitum
1831 4426 2144 4497 Athanasii,

2241 3212 2414 3269 fectus
2462 3215 2715 3284 praitorio
2765 3212 3052 3277 utebatur,
3110 3212 3432 3268 auctoritate
3482 3212 3834 3284 provideret,

2241 3306 2452 3363 etiamsi
2484 3308 2728 3378 asperius
2758 3306 2961 3378 aliquid
2989 3316 3231 3363 statuere
3266 3322 3491 3363 necesse
3532 3319 3677 3363 esset
3702 3326 3715 3361 :
3740 3308 3839 3362 has

2242 3401 2389 3456 enim
2418 3401 2630 3456 litteras
2651 3416 2815 3471 agere
2834 3410 3069 3468 constat,
3097 3400 3165 3456 de
3186 3401 3393 3473 synodo
3416 3400 3527 3465 illa,
3546 3415 3705 3470 quam
3731 3398 3838 3454 So-

2242 3503 2420 3551 crates
2445 3507 2496 3550 et
2529 3493 2866 3551 Sozomenus
2891 3493 2998 3550 hoc
3023 3508 3167 3548 anno
3216 3509 3245 3547 a
3278 3492 3584 3549 Theodosio
3636 3506 3842 3547 convo—

2242 3580 2416 3644 catam
2448 3588 2689 3645 scribunt
2711 3586 2801 3660 (ι’),
2828 3588 2953 3658 quia
2972 3602 3115 3643 anno
3135 3586 3401 3657 superiori
3420 3584 3842 3641 Posthumianus

2245 3680 2481 3736 nondum
2509 3690 2727 3736 evectus
2753 3680 2821 3735 ad
2850 3679 3088 3737 Orientis
3111 3678 3487 3750 praefecturam
3520 3677 3716 3733 fuerat.
3748 3678 3843 3733 hli-

2244 3773 2389 3828 nime
2416 3787 2548 3828 vero
2578 3788 2678 3844 ego
2699 3772 2908 3839 dubito,
2953 3773 3080 3842 quin
3132 3781 3393 3843 prasterea
3433 3769 3728 3841 Gregorius
3778 3770 3842 3825 ad

2244 3863 2381 3919 alios
2402 3864 2707 3933 scripserit,
2749 3865 2815 3919 ad
2866 3865 3073 3919 amicos
3122 3864 3354 3930 scilicet,
3387 3863 3697 3934 prohosque
3732 3862 3847 3931 epi-

2245 3972 2460 4027 scopos,
2492 3956 2555 4012 ad
2582 3972 2701 4012 eam
2721 3957 2985 4029 synodum
3005 3966 3354 4023 convocatos,
3378 3964 3433 4011 et
3454 3954 3520 4009 ad
3538 3954 3842 4026 Nyssenum

2246 4050 2539 4122 prmcipue,
2571 4065 2729 4121 quem
2758 4050 2992 4105 concilio
3024 4050 3099 4105 illi
3128 4048 3368 4104 adfuisse
3388 4048 3614 4115 scimus,
3646 4063 3720 4119 ac
3755 4049 3850 4102 ha-

2247 4145 2430 4201 buisse
2476 4144 2779 4201 orationem
2821 4160 2939 4215 qua:
2992 4144 3061 4201 de
3115 4143 3388 4200 Abraham
3441 4142 3653 4198 titulum
3708 4158 3850 4214 pra:-

2249 4237 2355 4295 l’ert
2379 4239 2478 4312 (g).

2326 4331 2591 4391 Videntur
2613 4348 2743 4389 vero
2768 4331 3074 4401 Nectarius,
3100 4340 3153 4388 et
3183 4331 3276 4402 qui
3322 4329 3849 4400 Constantinopolim

2250 4433 2518 4480 venerant
2537 4423 2847 4481 Orientales
2876 4425 3141 4496 episcopi,
3166 4423 3489 4479 Nazianzeui
3512 4422 3737 4478 monitis
3762 4438 3853 4477 ex-

548 4521 699 4579 aquo
711 4509 1432 4570 ctiamconunendatitiasad
1447 4516 2151 4580 Damasumcumattulisset
2175 4508 2227 4568 D
2253 4516 2424 4584 citati,
2459 4517 2893 4591 expostulavisse
2921 4518 3266 4588 imperatoris
3288 4532 3472 4588 opem,
3504 4532 3569 4573 ac
3590 4527 3851 4587 pranerea

549 4605 819 4661 simulatae
851 4614 977 4661 tunc
1006 4607 1130 4663 ﬁdei
1163 4624 1320 4675 reus,
1346 4611 1555 4667 litteras
1585 4614 1638 4668 in
1666 4612 1943 4670 Orientem
1967 4617 2150 4671 retulit

551 4709 664 4750 suae
692 4711 813 4752 cum
840 4699 972 4754 sede
999 4702 1295 4770 apostolica
1333 4703 1731 4759 communionis
1754 4713 1954 4772 testes,
1988 4718 2150 4780 atque

554 4785 717 4854 hujus
748 4790 907 4857 primi
955 4790 1071 4860 ejus
1096 4791 1327 4847 Romani
1355 4794 1564 4849 itineris
1590 4806 1789 4865 praeter
1815 4797 2099 4856 Leontium
2130 4843 2146 4868 ,

556 4876 842 4934 Facundus
866 4880 1272 4939 llermianensis
1312 4887 1555 4942 meminit
1597 4888 1693 4960 (c).
1751 4888 1911 4947 Venit
1956 4894 2150 4950 iterum

555 4970 851 5027 Athanasio
887 4972 999 5043 jam
1025 4972 1280 5030 defuncto
1331 4977 1398 5033 ab
1440 4977 1776 5051 Apollinario
1822 4985 2059 5053 missus,
2092 4995 2153 5041 ut

556 5079 724 5126 secta:
770 5085 884 5125 suae
923 5070 1140 5139 negotia
1180 5075 1660 5145 procuraretapud
1698 5077 1995 5134 Romanum
2019 5095 2155 5149 pon-

558 5161 913 5225 tiﬁcem;sed
958 5160 1468 5233 Apollinaristarum
1509 5166 1697 5223 fraude
1748 5179 1875 5225 tunc
1903 5171 2150 5241 detecta,

561 5256 615 5310 in
643 5255 878 5312 concilio
903 5254 1049 5326 quod
1082 5254 1326 5311 habitum
1373 5256 1543 5314 fuisse
1573 5257 1686 5312 dixi
1716 5273 1858 5314 anno
1909 5263 2015 5319 576
2063 5273 2157 5319 aut

559 5349 731 5408 altero
765 5351 987 5409 ineunte
1010 5392 1026 5418 ,
1082 5350 1245 5408 Petro
1282 5351 1651 5410 Alexandrino
1700 5363 2004 5426 praesente,
2044 5366 2155 5414 tum

634 5512 718 5581 (a)
758 5511 931 5581 Epist.
959 5514 1049 5569 77.

661 5581 716 5640 bl
755 5581 929 5640 Epist.
956 5583 1085 5640 265.

662 5650 872 5726 cngib.
906 5668 1164 5726 ytgcap.
1192 5654 1245 5713 3.
1432 5711 1437 5718 .
1471 5705 1498 5719 ..

700 5716 889 5793 )‘Adv.
913 5716 1125 5779 Fraudi
1141 5728 1359 5799 Appoll.
1391 5716 1445 5786 in
1468 5716 1564 5787 litt.

2254 4611 2540 4681 scripsisse
2560 4610 2806 4666 Romano
2829 4612 3066 4681 pontiﬁci
3092 4629 3107 4677 ;
3137 4611 3422 4682 responsio
3443 4611 3587 4665 enim
3613 4608 3849 4676 Damasi,

2253 4718 2374 4775 qua:
2400 4705 2653 4776 episwpis
2686 4704 2947 4760 Orientem
2993 4705 3394 4779 gubernantibus
3440 4704 3697 4774 inscripta
3747 4712 3849 4768 est,

2255 4813 2363 4854 non
2394 4799 2625 4854 obscure
2653 4800 2855 4855 indicat
2885 4800 3067 4870 plures
3088 4815 3153 4854 ac
3181 4798 3342 4855 simul
3370 4796 3633 4853 collectos
3660 4796 3849 4859 fuisse,

2253 4893 2345 4964 qui
2371 4893 2645 4948 communi
2672 4894 2893 4951 nomine
2914 4894 3250 4963 scripserant
3278 4910 3290 4946 :
3315 4900 3577 4964 quantum
3596 4906 3728 4947 vero
3752 4890 3856 4946 col-

2254 4985 2346 5056 ligi
2372 5002 2438 5042 ex
2463 4987 2653 5043 eadem
2687 4987 3046 5056 reSponsione
3067 4994 3266 5056 potest,
3291 4984 3598 5040 Orientales
3623 4983 3857 5038 Damaso

2256 5081 2724 5148 renuntiaverant,
2751 5079 3093 5135 Timotheum
3124 5079 3396 5150 praecipue
3415 5078 3623 5148 jactare
3674 5090 3754 5143 se,
3778 5090 3859 5137 ,ac

2257 5175 2311 5229 in
2339 5173 2532 5243 vulgus
2553 5187 2831 5244 Spargere,
2856 5180 2949 5227 aut
2977 5187 3037 5229 sc
3068 5172 3290 5229 minime
3308 5170 3497 5226 Romae
3518 5169 3851 5232 damnatum,

2257 5265 2567 5320 autiterum
2594 5265 2745 5320 velut
2779 5264 3107 5320 catholicum
3159 5264 3228 5320 ad
3272 5264 3711 5320 communionem
3763 5259 3859 5316 ad-

2257 5360 2513 5426 missum,
2539 5373 2711 5431 eaque
2738 5357 2925 5415 fraude
2951 5360 3141 5431 ingens
3168 5372 3315 5414 sanae
3343 5357 3604 5415 doctrinae
3657 5362 3714 5412 et
3758 5353 3859 5410 Ec-

2342 5521 2416 5664 (εἷ
2445 5520 2700 5578 Nazianz.
2730 5538 2813 5579 or.
2841 5521 2933 5579 46.

2342 5595 2391 5664 (Ῑ
2437 5593 2595 5650 Socr.
2630 5594 2726 5651 lib.
2750 5610 2844 5663 vn,
2877 5608 2933 5650 ca

2337 5586 2411 5735 ill
2437 5593 2595 5650 Socr.
2630 5594 2726 5651 lib.
2750 5610 2844 5663 vn,
2877 5592 3118 5665 capio;
3142 5593 3366 5665 Sozom,
3388 5591 3482 5651 lib.
3502 5594 3738 5663 vu,cap;
3765 5586 3855 5645 ﬁ.

2368 5666 2423 5735 9)
2448 5664 2610 5735 Oper.
2645 5677 2775 5725 tom.
2800 5663 2844 5735 l,
2876 5681 2928 5735 p.
2958 5661 3084 5722 898.

2368 5661 2423 5736 9)
2448 5664 2610 5735 Oper.
2645 5661 2775 5725 tom.
2800 5663 2844 5736 l,
2876 5681 2928 5738 p.
2948 5661 3084 5722 sas.
