4138 6178
294 246 405 303 257
1668 226 2195 291 PROLEGOMENA.
3490 222 3597 282 258

293 362 583 417 clesiarum
608 353 987 428 tranquillitati
1014 351 1401 410 detrimentum
1434 348 1486 404 in
1510 349 1801 420 praesentia
1818 346 1898 402 af-
1923 351 1977 413 Α
2003 346 2233 417 primum
2267 350 2428 416 atque
2456 343 2656 400 iterum
2707 343 2793 400 hic
2822 342 3047 414 repetit,
3089 348 3151 399 ut
3205 339 3438 397 Niciam
3474 340 3597 411 fidei

294 453 447 518 ferri,
472 467 536 507 ac
566 451 620 505 iu
642 460 918 520 posterum
960 446 1247 502 imminere
1276 486 1290 511 ,
1336 444 1437 499 nisi
1485 442 1638 499 illum
1689 458 1718 496 a
1767 442 1898 497 sede
2001 439 2439 504 subscriberent;
2472 448 2635 509 atque
2665 437 2791 493 hinc
2811 446 3076 508 praeterea
3099 437 3473 509 intelligimus,
3501 451 3600 492 cur

294 544 595 617 apostolica
618 542 817 613 publici
850 542 1187 605 damnatum,
1210 552 1275 593 ac
1298 536 1559 606 rejectum
1605 534 1769 590 fuisse
1798 532 1900 588 Ec-
2005 530 2234 602 \‘igilius
2273 530 2567 601 Tapsensis
2591 573 2606 597 ,
2656 542 2944 602 postquam
2975 531 3291 600 scripserat,
3349 530 3600 586 Macedo-

295 638 485 695 clesiis
514 637 765 692 omnibus
794 633 971 704 palam
998 631 1171 687 ﬁeret.
2004 624 2152 680 nium
2177 625 2458 680 iucusasse
2492 624 2912 680 Alexandrinam
2941 625 3232 697 synodum,
3265 624 3409 697 quod
3433 642 3462 679 a
3494 625 3597 680 Pa-

374 731 510 799 Quis
534 745 717 785 earum
746 742 931 783 rerum
960 734 1189 782 eventus
1218 719 1689 791 Constantinopoli
1744 717 1904 774 fuerit
2005 728 2147 775 trum
2172 720 2441 775 sententia
2471 720 2811 784 recessisset,
2838 718 2975 775 nova
3004 720 3351 776 decernendo
3378 718 3446 773 dc
3476 719 3601 789 Spi-

304 832 498 894 aperte
522 820 781 877 discimus
800 836 866 875 ex
897 819 933 873 I.
958 819 994 872 2
1016 817 1150 873 Cod.
1185 815 1397 872 'fheod.
1430 814 1498 871 de
1529 814 1726 869 llzeret.
1780 826 1904 882 pro-
2006 813 2112 867 ritu
2141 822 2352 879 saneto,
2382 829 2502 884 quae
2524 829 2553 868 a
2583 812 2803 868 Niczena
2836 812 2941 868 lide
2975 813 3170 868 tradita
3214 827 3322 867 non
3368 810 3602 879 fuerant,

307 917 485 989 posita
516 915 600 970 die
629 915 661 969 4
690 912 1027 984 Septembris
1056 910 1157 965 hoc
1184 924 1324 963 anno
1347 950 1360 974 ,
1394 915 1447 963 et
1467 906 1642 962 eidem
1674 902 1907 959 Posthu;
2008 904 2226 975 adjiciat
2265 906 2469 967 statim,
2510 906 2700 961 eadem
2739 920 2959 977 quoque
3012 904 3306 973 impietatis
3361 905 3607 975 praescri-

307 1011 487 1068 miano
511 1008 791 1079 inscripta.
818 1007 928 1061 [lac
950 1005 1094 1061 enim
1119 1020 1242 1059 cum
1271 1002 1485 1058 ezeteris
1538 998 1813 1055 haereticis
1839 1011 1906 1053 eo
2009 996 2195 1067 ptione
2222 1008 2412 1052 contra
2443 995 2742 1053 Ecclesiam
2790 1012 2946 1051 usum
2996 996 3165 1053 fuisse
3209 995 3605 1068 Apollinarium

308 1104 426 1159 loco
449 1101 750 1173 expressis,
781 1097 1122 1155 Theodosius
1165 1094 1588 1167 Apollinarium:
1615 1133 1629 1157 ,
1675 1104 1906 1161 quorum

306 1194 453 1250 nulla
481 1195 540 1249 in
574 1191 833 1248 anteactis
852 1187 1333 1246 constitutionibus
1356 1186 1559 1240 mentio
1586 1184 1782 1248 fuerat,
1798 1197 1911 1237 ma-

308 1287 507 1342 nifeste
534 1294 804 1350 recenset,
852 1295 1058 1352 eosque
1098 1287 1284 1347 vetat,
1346 1287 1405 1333 ut
1443 1276 1735 1347 Gregorius
1796 1274 1911 1330 fieri

308 1389 571 1452 oportere
583 1375 941 1439 existimabat,
965 1391 1031 1430 ue
1050 1374 1308 1430 collectas
1324 1381 1485 1443 agant
1505 1368 1910 1441 quoquomodo,

313 1490 385 1529 ne
416 1470 687 1528 Ecclesias
714 1469 1076 1532 constituant,
1125 1481 1262 1521 neve
1304 1463 1639 1520 adulterinas
1692 1461 1914 1517 ordina-

313 1566 493 1622 tiones
517 1564 771 1628 habeant,
800 1575 960 1633 atque
986 1569 1088 1615 uta
1119 1559 1370 1624 coetibus,
1392 1556 1636 1626 locisque
1662 1553 1917 1609 omnibus

311 1676 342 1715 a
375 1659 575 1730 quibus
601 1656 845 1713 extranei
868 1664 1017 1720 sunt,
1051 1653 1419 1723 expellautur,
1468 1659 1524 1705 et
1569 1648 1635 1704 ad
1680 1656 1854 1703 terras
1884 1661 1914 1700 a

2013 1090 2103 1163 (I);
2137 1104 2259 1144 nam
2290 1104 2410 1145 cum
2435 1104 2631 1161 negare
2662 1106 2769 1146 non
2794 1101 2999 1160 posset,
3022 1090 3152 1161 quin
3176 1088 3393 1144 Niczena
3423 1088 3611 1145 eadem

2013 1185 2252 1257 synodus
2264 1183 2502 1241 Verbum
2525 1186 2921 1240 iulmmanatum
2945 1183 3111 1242 fuisse
3124 1184 3348 1250 diceret,
3371 1184 3613 1240 Ecclesia

2015 1293 2145 1332 vero
2172 1276 2331 1347 hujus
2352 1279 2501 1333 vocis
2530 1279 2638 1332 vim
2668 1279 2739 1334 ita
2765 1277 3083 1349 explicaret,
3130 1287 3189 1333 ut
3228 1276 3464 1333 Verbum
3518 1276 3617 1332 liu-

2016 1386 2230 1426 manam
2255 1380 2513 1438 mentem,
2543 1381 2707 1441 atque
2735 1370 2970 1426 animam
2994 1387 3115 1426 CIIII]
3138 1386 3321 1435 carne,
3350 1385 3414 1425 ac
3445 1378 3614 1426 totum

2020 1462 2425 1533 perfectumque
2455 1463 2573 1517 sine
2603 1472 2825 1533 peccato
2857 1462 3131 1517 hominem
3151 1462 3512 1533 assumpsisse
3531 1477 3617 1518 as—

2019 1565 2263 1621 sereret,
2319 1570 2382 1610 ac
2409 1554 2544 1611 duas
2582 1556 2633 1610 in
2671 1571 2774 1610 una
2831 1571 3061 1626 persona
3107 1566 3328 1612 naturas
3376 1557 3620 1629 perfecte

2021 1649 2199 1704 unitas
2222 1658 2503 1713 statueret,
2530 1650 2755 1721 ejusque
2785 1650 3037 1706 hwresiut
3085 1660 3396 1717 everteret,
3431 1650 3615 1707 catho-

312 1754 511 1823 quibus
533 1761 714 1805 ortum
744 1756 1019 1804 traxerant
1054 1744 1430 1810 amandeutur,
1464 1758 1494 1797 a
1526 1743 1723 1809 quibus
1768 1740 1915 1794 insu-
1946 1754 1994 1815 Β
2023 1742 2181 1798 licam
2215 1744 2660 1816 verissimamque
2708 1746 3213 1816 interpretationem
3261 1746 3621 1802 calumniatus

314 1862 414 1918 per
439 1844 555 1899 vult
585 1860 653 1899 ne
682 1858 935 1913 umquam
964 1839 1243 1895 discedere
1298 1838 1488 1893 iisdem
1540 1836 1726 1892 liceat.
1769 1834 1920 1889 Hauc

313 1938 591 2012 synodum
619 1937 896 2006 latamque
925 1934 1044 2005 ejus
1070 1933 1358 1988 occasione
1388 1931 1560 2001 legem
1588 1929 1922 1985 Suzomenus

317 2026 718 2098 memorat(a),
746 2041 919 2097 eaque
947 2025 1147 2080 factum
1195 2023 1371 2093 inquit
1422 2023 1529 2077 alio
1582 2022 1702 2076 loco
1734 2018 1832 2091 (b),
1866 2026 1924 2073 ut

320 2122 707 2180 lircreticorum
732 2119 900 2175 duces
920 2133 988 2174 ex
1019 2117 1408 2173 amoenioribus
1438 2115 1651 2185 imperii
1695 2110 1923 2166 Romani

317 2213 466 2270 locis
509 2214 560 2267 iu
590 2210 865 2283 squalidas
890 2225 953 2265 ac
972 2209 1216 2265 desertas
1234 2205 1486 2277 regiones
1503 2204 1769 2276 deportati
1799 2212 1927 2256 tunc

321 2306 556 2370 fuerint,
587 2319 725 2375 quos
771 2305 912 2358 inter
938 2301 1284 2357 Timotheum
1326 2296 1719 2353 numerandum
1770 2306 1923 2366 puto,

321 2399 599 2471 siquidem
623 2398 773 2453 illum
804 2397 1020 2469 Byziam
1043 2410 1229 2466 regum
1247 2392 1495 2449 Thraciae
1523 2406 1725 2459 arcem,
1759 2389 1929 2461 impe-

326 2493 533 2550 ratoris
556 2492 712 2562 jussu
737 2490 1031 2560 relegatum
1056 2488 1223 2543 fuisse
1244 2485 1444 2541 scimus
1474 2483 1571 2557 (ο).

401 2587 513 2643 Sed
541 2601 717 2656 neque
744 2585 1034 2639 Damasum
1075 2580 1318 2638 defuisse
1368 2580 1551 2635 ofﬁcio
1601 2594 1702 2634 suo
1736 2618 1752 2645 ,
1812 2576 1929 2632 haec

324 2682 447 2753 ejus
468 2679 537 2735 ad
566 2677 873 2736 Orientales
901 2676 1129 2748 epistola
1157 2673 1422 2730 certiores
1466 2687 1565 2728 nos
1607 2670 1757 2726 facit.
1792 2669 1930 2726 Hinc

326 2791 464 2831 vero
491 2786 707 2829 auctum
735 2782 839 2837 est,
873 2770 1135 2826 adversus
1174 2767 1495 2839 Gregorium
1541 2774 1595 2820 et
1641 2765 1930 2819 Damasum

329 2872 538 2941 ipsum,
561 2869 716 2938 cujus
745 2866 1121 2923 auctoritatem
1153 2863 1533 2918 haereticorum
1563 2876 1736 2927 more,
1781 2874 1935 2914 arro-

329 2968 536 3040 gantize
558 2966 677 3021 loco
701 2964 1030 3030 habuerunt,
1067 2958 1577 3031 Apollinaristarum
1629 2956 1833 3021 odium,
1880 2962 1937 3008 ut

330 3080 402 3121 ex
434 3071 734 3117 memorato
760 3058 988 3116 Polemii
1014 3058 1320 3128 fragmento
1362 3053 1621 3119 vidimus,
1677 3066 1741 3106 ac
1797 3064 1937 3121 prie—

2025 1836 2121 1892 ille
2152 1848 2254 1904 est,
2285 1838 2508 1907 perinde
2534 1855 2597 1895 ac
2623 1839 2669 1894 si
2690 1840 2924 1911 aliquam
2953 1840 3173 1897 Nicaeuo
3200 1841 3448 1913 symbolo
3469 1841 3625 1896 addi-

2027 1930 2229 1986 tionem
2261 1931 2564 1988 induceret.
2601 1933 2713 1989 lloc
2739 1933 2938 1990 deinde
2958 1944 3336 2005 argumentum
3361 1936 3431 1991 ab
3456 1934 3625 2005 Apol-

2028 2024 2224 2079 linario
2250 2028 2510 2096 magistro
2547 2043 2648 2083 suo
2676 2028 2928 2083 haustum
2958 2027 3204 2084 adhibuit
3227 2027 3502 2101 Eutyches
3529 2028 3626 2084 de-

2027 2118 2161 2174 lirtts
2184 2135 2371 2187 senex,
2408 2121 2565 2191 cujus
2603 2122 2761 2177 verba
2803 2122 2996 2179 eodem
3048 2122 3169 2178 loco
3210 2123 3504 2193 Tapsensis
3548 2121 3628 2177 af-

2030 2213 2137 2269 fert
2169 2231 2182 2267 :
2213 2229 2388 2285 neque
2413 2216 2557 2271 enim
2598 2216 2909 2287 intelligere
2941 2225 3252 2287 potuerunt,
3313 2225 3408 2271 aut
3442 2218 3631 2273 volue—

2032 2316 2159 2360 runt
2188 2322 2385 2362 vesana
2413 2308 2609 2378 capita,
2643 2324 2750 2380 quo
2773 2320 2932 2381 pacto
2962 2310 3210 2366 Christus
3264 2311 3527 2366 Dominus
3572 2310 3628 2367 in

2033 2400 2243 2459 duabus
2269 2412 2322 2457 et
2347 2418 2412 2458 ex
2437 2402 2647 2460 duabus
2677 2405 2884 2460 naturis
2914 2412 3060 2460 totus
3084 2419 3206 2461 esse
3236 2415 3441 2477 posset,
3471 2413 3631 2476 atque

2035 2510 2142 2550 una
2198 2510 2428 2567 persona
2482 2496 2794 2567 complecti,
2845 2497 3107 2568 quidquid
3154 2498 3370 2567 utrique
3424 2508 3634 2554 natura:

2036 2589 2200 2645 unita:
2223 2590 2493 2657 convenit,
2522 2592 2650 2661 quin
2673 2590 2793 2646 dua:
2822 2606 3091 2661 personae,
3121 2606 3183 2646 ac
3204 2591 3313 2646 duo
3348 2590 3441 2646 filii
3486 2606 3631 2656 esse,

2038 2696 2103 2737 ac
2126 2682 2233 2738 dici
2265 2682 2532 2738 deberent
2564 2699 2576 2735 :
2608 2682 2885 2738 hominem
2913 2682 3098 2753 itaque
3142 2682 3340 2738 factum
3363 2682 3637 2739 Christum

2043 2774 2354 2840 Dominum,
2398 2790 2634 2845 cumque
2664 2773 2965 2846 perfectum
3001 2775 3273 2831 hominem
3305 2774 3638 2832 conﬁteban-

2042 2879 2130 2925 tur
2148 2886 2269 2925 cum
2300 2869 2536 2925 Nicmnis
2564 2870 2832 2935 Patribus,
2881 2871 2953 2925 ita
2986 2880 3165 2927 tamen
3192 2880 3249 2925 ut
3276 2871 3503 2927 duarum
3545 2886 3648 2926 na-

2043 2972 2284 3019 turarum
2317 2964 2570 3018 unionem
2591 2962 2710 3019 sine
2740 2962 3131 3019 commixtione
3156 2964 3467 3032 rejicerent,
3497 2962 3645 3019 velut

2042 3071 2217 3124 nuper
2236 3054 2468 3111 Nimenze
2495 3055 2618 3111 fidei
2646 3055 2887 3111 additttm
2910 3056 3125 3127 dogma,
3148 3072 3214 3113 ac
3233 3055 3508 3113 Christum
3535 3057 3646 3113 Do-

333 3164 489 3211 terea
518 3154 824 3224 colligimus
877 3167 944 3208 ex
998 3150 1064 3205 iis
1114 3164 1233 3220 quae.
1284 3146 1588 3202 Euuoutius
1617 3146 1837 3200 Beroea:
1879 3144 1930 3198 in
1962 3152 2008 3215 α
2041 3147 2246 3202 minum
2278 3146 2556 3203 hominem
2591 3148 2852 3215 dicerent,
2885 3148 3059 3203 divina
3084 3158 3289 3203 tantum
3336 3149 3649 3220 perfectione

335 3244 569 3302 Thracia
599 3242 1126 3316 pseudo-episcopus
1148 3239 1351 3307 scripta
1381 3238 1596 3307 reliquit
1619 3235 1724 3309 (d),
1747 3235 1941 3306 quibus

337 3338 648 3409 Egyptios,
673 3334 1006 3406 Cappadoces
1050 3343 1098 3387 et
1128 3330 1391 3385 Romanos
1428 3329 1799 3400 perstringere
1843 3342 1941 3380 au-

341 3432 457 3499 det,
490 3446 555 3487 eo
583 3429 726 3501 quod
752 3428 1025 3499 duplicem
1068 3434 1316 3480 naturam
1348 3422 1732 3493 praedicarent,
1784 3434 1944 3490 quam

344 3538 585 3579 vesanus
614 3523 704 3576 ille
719 3536 961 3576 unamex
988 3528 1218 3588 utraque
1241 3516 1596 3587 compositam
1625 3521 1681 3569 et
1706 3521 1949 3568 contem-

346 3629 616 3692 peratam,
650 3625 709 3671 ut
738 3614 1104 3687 Apollinarius
1128 3612 1479 3676 deliraverat,
1504 3624 1627 3665 esse
1648 3606 1947 3663 asserebat.

420 3713 490 3769 ll.
529 3708 942 3769 Observandum
973 3707 1134 3764 modo
1159 3717 1265 3772 est,
1293 3706 1347 3761 in
1380 3706 1569 3761 eadem
1597 3704 1810 3759 Damasi
1838 3699 1953 3771 epi-

349 3808 490 3862 stola
516 3805 725 3860 moneri
756 3802 1061 3858 Orientales
1090 3801 1260 3871 ipsos,
1290 3809 1347 3853 ut
1391 3798 1445 3853 in
1496 3797 1602 3853 lide
1648 3812 1678 3851 a
1733 3795 1954 3851 Niczeno

350 3900 585 3956 concilio
607 3898 803 3953 tradita
834 3893 1141 3951 immobiles
1173 3900 1439 3963 perstent.
1473 3889 1558 3945 An
1590 3888 1958 3959 furteApolli-

354 3992 577 4049 nat-ista:
604 3989 840 4045 Nicaena:
871 3987 993 4042 fidei
1019 3983 1432 4056 repugnabant?
1462 3983 1574 4039 Hoc
1596 3981 1839 4054 profecto
1864 3996 1961 4036 ve-

354 4083 631 4141 rissimum
656 4100 671 4145 ;
701 4081 902 4138 Nicaeui
927 4079 1070 4135 enim
1100 4078 1293 4133 Patres
1336 4077 1407 4132 ita
1437 4077 1765 4132 iucarnatum
1807 4088 1959 4130 asse-

357 4188 490 4234 runt
513 4176 788 4233 Christum
813 4173 1120 4239 Dominum,
1141 4171 1359 4227 utillum
1383 4171 1545 4226 etiam
1568 4170 1961 4224 inhumanatum

358 4282 617 4338 statuant,
642 4270 695 4325 id
727 4278 813 4326 est
841 4268 1114 4325 hominem
1147 4264 1418 4337 prodiisse
1470 4265 1521 4318 in
1572 4262 1738 4318 simili
1763 4270 1965 4316 nostra:

360 4365 533 4421 forma
566 4379 629 4419 ac
649 4362 854 4434 specie,
903 4362 1081 4416 anima
1112 4374 1177 4415 ac
1203 4366 1385 4414 mente
1410 4356 1635 4412 minime
1663 4361 1962 4419 carentem,

360 4468 422 4512 ut
444 4456 677 4515 explicat
714 4453 1162 4510 Chalcedonense
1193 4450 1486 4509 concilium
1535 4449 1589 4503 in
1638 4446 1967 4502 allocutione

2044 3241 2347 3313 perfectum,
2380 3241 2557 3297 Verbo
2588 3243 2796 3297 scilicet
2844 3242 3092 3297 humanae
3120 3241 3315 3297 mentis
3361 3230 3649 3313 supplente

2046 3335 2194 3390 vices
2225 3335 2291 3388 ad
2319 3334 2522 3402 omnia,
2551 3344 2607 3390 ut
2635 3336 2707 3390 ait
2738 3336 2849 3392 Leo
2893 3335 3138 3407 Magnus,
3182 3334 3413 3392 rationis
3467 3334 3651 3392 officia

2051 3425 2149 3500 (g).
2175 3427 2306 3493 Quae
2327 3427 2572 3496 profecm
2600 3443 2723 3482 cum
2749 3429 2821 3482 ita
2854 3427 2985 3495 sint,
3017 3428 3163 3483 nulla
3188 3437 3273 3485 est
3293 3429 3464 3485 solida
3488 3429 3651 3499 ratio,

2053 3534 2151 3576 cur
2174 3519 2422 3575 Valesius
2455 3520 2534 3593 (Ii)
2570 3530 2622 3575 et
2652 3521 2849 3592 Pagius
2883 3520 2944 3593 (ἱ)
2972 3536 3224 3593 magnum
3250 3522 3540 3579 Daronium
3570 3538 3657 3580 re-

2053 3612 2337 3685 darguam,
2366 3614 2455 3683 qui
2489 3629 2607 3669 eam
2635 3613 2763 3669 fidei
2795 3615 3217 3685 expositionem,
3242 3631 3363 3686 quae
3386 3615 3438 3669 in
3459 3616 3653 3686 graecis

2056 3705 2192 3760 actis
2222 3704 2506 3775 Ephesium
2536 3705 2750 3777 synodi,
2782 3704 3016 3762 Nicaenis
3044 3708 3293 3763 Patribus
3312 3708 3657 3763 librariorum

2059 3798 2200 3855 forte
2239 3813 2430 3854 errore
2481 3797 2733 3853 tribuitur
2766 3798 2860 3873 (j),
2905 3799 3093 3855 Latina
3126 3801 3296 3855 veteri
3330 3801 3658 3870 interpreta-

2061 3893 2212 3948 tione
2238 3907 2391 3962 usus,
2417 3892 2756 3949 Antiocheno
2784 3903 2972 3950 contra
2997 3894 3222 3951 Paulum
3245 3895 3660 3951 Samosateuum

2062 3986 2294 4042 concilio
2319 3986 2731 4058 adjudicaverit,
2792 3990 3170 4061 putaveritque
3216 3989 3507 4046 Eusebium
3534 3989 3663 4045 dolo

2064 4078 2211 4134 malo
2240 4094 2304 4133 ac
2331 4078 2513 4136 studio
2540 4080 2725 4135 Ariani
2757 4080 3023 4152 dogmatis
3054 4082 3106 4137 in
3139 4097 3202 4137 ea
3231 4077 3520 4139 referenda
3546 4096 3667 4138 ver-

2066 4181 2243 4225 satum
2272 4188 2284 4224 :
2318 4187 2478 4243 quam
2508 4171 2707 4229 deinde
2729 4173 2948 4229 Barouii
2978 4175 3308 4230 sententiam
3344 4173 3542 4232 eruditi
3576 4172 3667 4228 alii

2068 4264 2366 4336 scriptores
2389 4268 2583 4322 merito
2612 4268 2881 4338 complexi
2915 4278 3040 4324 sunt
3085 4284 3116 4323 a
3159 4268 3409 4326 Fabricio
3461 4284 3671 4324 mento-

2073 4362 2170 4416 rati
2206 4360 2307 4433 (k),
2350 4376 2414 4417 ac
2456 4378 2627 4434 nuper
2656 4365 2819 4420 etiam
2873 4365 2941 4420 cl.
3004 4365 3270 4421 Bcncinus
3301 4405 3317 4433 ,
3378 4365 3470 4436 qui
3519 4365 3668 4422 illam

2072 4464 2342 4524 sumptam
2375 4454 2653 4511 existimat
2696 4472 2761 4512 ex
2800 4458 3003 4513 veteris
3034 4458 3278 4528 ejusdem
3316 4458 3673 4515 Autiucbente

361 4549 430 4603 ad
466 4548 794 4603 Marcianum
821 4547 1206 4617 imperatorem
1233 4562 1245 4597 :
1278 4542 1423 4615 quod
1449 4541 1612 4598 etiam
1654 4540 1915 4595 docemur
1938 4553 1967 4593 a
1996 4540 2051 4602 D
2076 4546 2269 4619 synodi
2290 4548 2584 4622 encyclicis
2612 4549 2809 4606 litteris
2828 4550 2912 4622 (ι),
2939 4566 3062 4606 nam
3090 4567 3213 4608 cum
3245 4567 3308 4608 ea
3336 4551 3462 4608 fidei
3489 4553 3674 4609 cethe-

361 4644 551 4702 Leone
576 4645 792 4715 Magno,
816 4657 938 4700 cum
966 4641 1209 4712 scripsit,
1229 4638 1282 4695 id
1313 4638 1489 4709 ipsum
1514 4635 1657 4707 quod
1684 4650 1713 4690 a
1750 4633 1973 4690 Chalce-

362 4736 592 4794 donensi
645 4735 877 4792 concilio
906 4734 976 4791 de
999 4733 1215 4789 Domini
1244 4734 1413 4788 nostri
1447 4731 1822 4787 incarnatione
1852 4737 1969 4785 tra-

365 4833 538 4889 ditum
584 4832 782 4897 fuerat,
827 4830 970 4902 apud
1012 4828 1246 4885 Nicaeam
1290 4827 1452 4883 etiam
1480 4825 1761 4882 definitum
1809 4834 1970 4879 antea

364 4926 538 4981 fuisse
572 4923 668 4995 (ε).
700 4923 829 4979 Haec
854 4924 1036 4994 itaque
1062 4930 1149 4979 est
1168 4922 1329 4987 ratio,
1358 4930 1476 4975 ‘cur
1522 4918 1664 4974 idem
1715 4918 1973 4973 Damasus

367 5016 423 5072 in
451 5015 613 5087 priori
645 5015 712 5071 ad
734 5015 1016 5071 Paulinum
1044 5014 1440 5069 Antiochenuin
1471 5009 1724 5081 epistola,
1749 5025 1851 5080 qua
1868 5009 1976 5064 for-

2078 4645 2154 4700 sis
2177 4642 2453 4699 Christum
2489 4644 2772 4700 Dominum
2802 4645 2855 4700 iu
2887 4644 3119 4712 duahus,
3159 4656 3213 4702 et
3238 4662 3306 4704 ex
3333 4645 3543 4703 duabus
3572 4663 3674 4704 na-

2076 4737 2211 4792 turis
2270 4739 2616 4808 apertissime
2662 4739 2923 4814 definiat,
2974 4754 3038 4797 ac
3090 4739 3241 4797 velut
3294 4740 3677 4798 inconcussum

2074 4829 2268 4901 dogma
2297 4831 2634 4887 credendum
2669 4842 2962 4904 proponat,
2999 4849 3109 4891 non
3131 4842 3247 4892 erat
3274 4850 3372 4892 cur
3402 4836 3678 4907 Apollina-

2079 4922 2189 4978 rius
2222 4963 2237 4987 ,
2292 4923 2517 4994 ejusque
2574 4926 2795 4982 asseclae
2846 4926 3159 4984 Catholicos
3216 4928 3678 4996 criminarentur,

2079 5013 2221 5085 quod
2249 5031 2386 5069 nova
2418 5014 2641 5073 Nicteno
2667 5018 2902 5074 concilio
2927 5018 3144 5077 decreta
3171 5019 3530 5086 addidissent,
3551 5016 3599 5073 si
3619 5031 3685 5073 ea

365 5109 574 5167 mulam
606 5109 937 5179 praescripsit
982 5106 1407 5176 Apollinaristis,
1442 5104 1536 5176 qui
1574 5102 1643 5159 ad
1677 5102 1940 5159 Ecclesia:

2077 5106 2188 5179 jam
2220 5107 2354 5165 fides
2374 5124 2405 5164 a
2426 5108 2665 5168 Nictenis
2694 5111 2951 5171 Patribus
2967 5114 3300 5185 conscripta,
3323 5127 3388 5169 ac
3410 5108 3683 5183 praposita

366 5202 787 5259 revertebantur
817 5242 831 5268 ,
869 5199 1197 5271 recipiendis
1248 5194 1709 5255 accommodatam
1738 5236 1753 5264 ,
1809 5192 1978 5251 edixit
2080 5196 2279 5258 fuerat.

470 5345 523 5413 a)
555 5343 675 5399 Lib.
707 5359 801 5410 vn,
834 5357 955 5414 cap.
985 5342 1075 5397 12.

470 5345 523 5413 a)
555 5343 675 5399 Lib.
707 5359 801 5410 vn,
834 5357 955 5414 cap.
985 5342 1064 5397 12,

478 5417 531 5483 b)
564 5416 681 5471 Lib.
713 5430 787 5479 vi,
819 5430 940 5483 cap.
970 5414 1064 5470 26.

445 5342 525 5571 ἒς)
563 5487 702 5543 Add.
734 5487 802 5543 ad
824 5491 964 5558 Aug.
993 5486 1063 5541 de

474 5480 525 5557 ε)
563 5487 702 5543 Add.
734 5487 802 5543 ad
824 5480 964 5558 Aug.
993 5486 1063 5541 de
1088 5483 1231 5541 Hzer.
1273 5483 1330 5540 in
1368 5481 1461 5540 ﬁn.
1512 5489 1645 5540 tom.
1695 5496 1788 5537 vui
1837 5480 1977 5539 Ven.

371 5558 537 5698 θὼῖἰ)
573 5592 830 5703 Lequien.
865 5630 1086 5686 dissert.
1110 5628 1169 5690 2,
1198 5645 1253 5683 η.
1286 5624 1379 5684 21.

450 5631 527 5775 ξε)
565 5702 864 5775 Epistt79,
894 5701 1068 5775 Lugd.
1100 5699 1232 5755 edit.

475 5703 527 5773 e)
565 5699 740 5773 Epist.
774 5702 864 5767 79,
894 5701 1068 5773 Lugd.
1100 5699 1232 5755 edit.

455 5703 503 5775 (ε
565 5703 740 5771 Epist.
774 5703 864 5767 79,
894 5703 1068 5773 Lugd.
1100 5703 1186 5754 edi

455 5703 532 5848 qi
562 5770 721 5832 Cont.
748 5773 979 5847 Eutych.
1003 5773 1100 5831 lib.
1132 5786 1187 5828 v.

2182 5414 2240 5490 li)
2261 5414 2343 5469 Ad
2377 5416 2577 5490 Euseb.
2612 5418 2707 5473 lib.
2737 5435 2834 5487 vn,
2862 5432 2984 5490 cap.
3012 5418 3103 5476 30.

2185 5484 2226 5569 i2
2253 5490 2331 5569 And
2362 5487 2604 5569 an.g72.

2214 5557 2232 5630 )
2263 5556 2433 5630 Cone.
2469 5557 2603 5614 Ven.
2633 5559 2766 5616 edit.
2800 5569 2841 5616 t.
2871 5560 2959 5627 IIl,
2993 5577 3045 5630 p.
3072 5559 3235 5620 1502.

2161 5576 2173 5621 ι
2216 5576 2232 5625 ι
2268 5576 2433 5614 ωηο.
2473 5576 2603 5614 ven.
2633 5576 2766 5616 eun.
2800 5576 2841 5616 t.
2871 5576 2959 5627 ιιι,
2993 5577 3045 5630 ρ.
3072 5576 3235 5620 1502.

2161 5576 2237 5772 ἔς)
2262 5629 2413 5713 BBG:
2447 5630 2540 5686 lib.
2575 5646 2648 5688 v1.
2675 5646 2798 5702 cap.
2831 5633 2887 5696 4.
2913 5651 2964 5704 p.
2990 5632 3119 5703 365,
3149 5644 3188 5693 t.
3217 5631 3313 5690 XI.

2186 5700 2228 5770 ι)
2270 5702 2347 5758 De
2374 5701 2457 5758 lit.
2484 5717 2696 5772 encyc.,
2719 5718 2773 5772 p.
2804 5702 2933 5762 272.

2186 5700 2228 5770 ι)
2270 5702 2347 5758 De
2374 5701 2457 5758 lit.
2484 5717 2696 5775 encyc.,
2719 5700 2773 5776 p.
2804 5700 2933 5762 272.

2179 5343 2236 5412 g)
2269 5342 2344 5399 De
2371 5342 2548 5401 Nativ.
2579 5346 2758 5403 Serm.
2792 5347 2846 5404 8.

2182 5414 2240 5483 Ii)
2261 5414 2343 5469 Ad
2377 5416 2577 5471 Euseb.
2612 5418 2707 5473 lib.
2737 5435 2834 5487 vn,

2185 5484 2224 5569 ἑ)
2253 5490 2331 5541 Ad
2362 5501 2453 5543 an.
2477 5487 2604 5541 272.

2181 5557 2232 5621 1)
2268 5556 2433 5614 Cunc.
2469 5557 2603 5614 Ven.
2633 5559 2766 5616 edit.
2800 5569 2841 5616 t.
