4138 6178
512 240 619 299 969

1795 212 2105 283 SANCTUS
2140 211 2465 293 DAHASUS
2502 213 2703 281 PAPA.

3719 222 3822 280 κδο

592 357 811 415 Videtur
848 351 1123 410 nonnullis
1160 350 1361 405 mirum
1424 312 1899 415 atque.insuetum
1925 382 1941 407 ,
1972 337 2116 411 quod
2143 337 2200 403 Α
2222 338 2567 407 proconsule.
2607 346 2788 396 rerum
2824 335 3029 395 domini
3059 334 3264 401 euecti,
3295 332 3597 391 catholicos
3618 332 3819 408 aliquol

515 451 778 507 Damasus
804 448 1106 518 episcOpos,
1138 442 1332 512 quibus
1362 440 1573 505 scribit,
1603 438 1834 510 ﬁliorum
1856 435 2119 491 vocabulo

513 541 822 613 compellet.
847 537 914 593 At
938 537 1041 590 hoc
1065 533 1313 603 exemplo
1342 548 1448 587 non
1468 542 1642 597 caret,
1665 528 1931 598 siquidem
1956 525 2122 580 Atha-

514 639 717 696 nasius,
747 632 1036 687 Diodorum
1064 629 1191 699 Tyri
1222 629 1389 699 ﬁlium
1417 634 1662 691 vocat,et
1690 620 2121 678 amantissimum

514 729 853 784 sacerdotem
885 743 900 779 :
930 739 993 780 ac
1024 732 1309 794 propterea
1338 721 1440 776 hoc
1460 716 1866 775 concedendum
1897 724 2009 769 tum
2032 728 2123 768 se-

512 821 597 876 dis
627 818 908 892 dignitati,
942 816 1012 872 ob
1054 830 1215 887 quam
1253 814 1570 869 Ambrosius
1612 810 1865 867 Siricium
1907 804 2122 863 Damasi

512 927 918 977 successorem,
944 917 1204 982 parentem
1230 916 1387 962 vocat
1417 906 1521 977 (α),
1558 915 1670 958 tum
1702 902 1950 959 charitati
1969 942 1984 970 ,
2016 914 2123 971 qua

514 1008 657 1064 idem
690 1006 929 1078 pontifex
957 1018 1052 1059 eos
1079 1003 1135 1057 in
1173 1003 1295 1056 sinu
1322 1016 1422 1056 suo
1466 1009 1681 1070 gestare
1711 996 1882 1053 videri
1908 994 2074 1050 voluit
2105 1031 2121 1058 ,

515 1112 626 1156 ttnn
674 1100 979 1170 grandmvm
1036 1100 1155 1167 ejus
1209 1094 1385 1158 attati,
1414 1092 1503 1148 cui
1552 1102 1751 1155 tamen,
1784 1090 1830 1145 si
1886 1087 1952 1142 ad
2001 1101 2122 1141 eam

515 1192 797 1262 epistolam
828 1187 1105 1254 attendas,
1135 1187 1205 1242 de
1250 1193 1509 1242 consueta
1557 1183 1757 1254 ingenii
1789 1182 1839 1237 vi
1877 1180 2013 1238 nihil
2043 1180 2125 1235 in-

516 1292 664 1341 terea
688 1284 992 1340 decessisse
1020 1281 1289 1337 videatur.

590 1379 713 1434 llmc
737 1393 857 1433 cum
884 1378 1068 1432 Roma:
1097 1382 1388 1447 agerentur
1415 1372 1675 1429 Gratiano
1696 1371 1785 1426 die
1806 1370 1879 1425 25
1898 1368 2125 1439 Augusti

515 1470 792 1537 defuncto,
826 1486 887 1525 ac
915 1469 1147 1524 Maximo
1179 1483 1276 1539 per
1307 1465 1643 1538 tyrannidem
1676 1464 1961 1534 imperium
1993 1462 2125 1517 ade-

518 1574 640 1633 pto,
668 1578 860 1633 magna
888 1576 1067 1616 rerum
1105 1560 1331 1616 mutatio
1364 1558 1503 1614 facta
1527 1566 1610 1613 est
1634 1574 1649 1622 ;
1679 1556 1747 1612 de
1773 1572 1875 1627 qua
1910 1568 2121 1621 tamen,

518 1656 741 1723 majoris
771 1654 1165 1725 perspicuitatis
1188 1694 1201 1717 ,
1228 1662 1388 1723 atque
1419 1650 1627 1706 ordinis
1653 1648 1907 1705 servandi
1926 1650 2120 1719 gratia,

515 1747 780 1818 agendum
809 1756 1055 1816 superest
1088 1744 1333 1817 sequenti
1362 1759 1425 1799 ac
1448 1751 1722 1813 postremo
1744 1741 1959 1799 Damasi
1990 1757 2124 1812 pon-

516 1840 749 1895 tificatus
770 1854 931 1895 atnto.
1032 1866 1035 1869 -

1084 1950 1313 2008 CAPUT
1354 1950 1552 2007 XXIV.

513 2066 621 2129 385
644 2108 658 2133 ,
713 2067 915 2124 ῡΑιίΑει
967 2081 1351 2124 νοητιπιαλτυε
1395 2079 1693 2135 posrnsuo,
1725 2063 2023 2121 CLEARCEO
2052 2079 2122 2120 ιτ

1068 2160 1390 2216 Ricuousns
1420 2173 1566 2213 coss.

514 2268 730 2326 Damasi
770 2272 839 2327 ad
875 2272 1294 2326 Valentinianum
1355 2288 1449 2341 pro
1488 2270 1799 2343 Symmacho
1826 2272 2033 2338 lilterm;
2062 2271 2126 2325 de

587 2361 922 2429 Prisciliano,
954 2372 1005 2417 et
1058 2362 1423 2433 Burdigalensi
1454 2364 1673 2434 synodo.
1695 2362 1877 2435 Hujus
1910 2364 2127 2434 ponti/i-

586 2455 661 2509 cis
701 2455 888 2523 obitus,
914 2454 1251 2526 depositionis
1283 2456 1456 2521 locus,
1487 2464 1533 2509 et
1562 2456 1749 2527 elogia.

588 2568 651 2623 lli
686 2570 938 2624 consules
975 2576 1313 2639 postremum
1362 2570 1579 2640 signant
1631 2568 1846 2623 Damasi
1904 2569 2125 2640 pontifi-

515 2673 667 2719 catus
692 2678 891 2717 annum
924 2680 936 2715 :
967 2663 1084 2733 ejus
1115 2661 1381 2731 siquidem
1410 2673 1535 2717 tunc
1556 2663 1865 2731 superstitis
1897 2662 2128 2716 Ambro-

515 2757 632 2810 sius
654 2755 963 2811 metninitin
978 2754 1206 2825 epistola
1230 2754 1295 2808 ad
1308 2752 1748 2809 Valentinianum
1762 2762 1947 2808 contra
1962 2754 2125 2824 Sym-

515 2849 978 2920 machum,cujus,
1004 2865 1121 2919 cap.
1151 2848 1243 2911 ‘20,
1276 2848 1446 2903 verba
1471 2847 1644 2913 attuli,
1673 2862 1736 2902 ac
1766 2846 2127 2920 Symmachus

516 2944 631 3015 ipse
660 2953 785 2998 tunc
814 2940 976 2998 Urbis
1007 2939 1293 3011 perfectus
1325 2941 1376 2994 in
1405 2940 1601 2994 litteris
1630 2939 1696 2993 ad
1726 2938 2090 2994 Theodosium
2109 2979 2124 3003 ,

515 3038 950 3093 Valentinianum
981 3047 1036 3091 et
1064 3033 1354 3091 Arcadium
1399 3051 1497 3106 pro
1541 3051 1600 3090 se
1635 3036 1852 3105 scriptis
1876 3036 1994 3107 (b):
2035 3034 2126 3091 hic

515 3128 661 3183 enim
710 3129 926 3184 delatus
967 3127 1385 3197 imperatoribus
1411 3168 1425 3191 ,
1460 3126 1601 3195 quod
1648 3136 1914 3196 prmtextu
1944 3126 2123 3196 inqui-

2226 431 2513 501 episcopos
2537 431 2602 485 ad
2636 430 2811 501 fugam
2844 428 3236 497 compulerunt.
3266 426 3604 498 Quamquam
3643 429 3819 499 itaque

2224 520 2509 589 Maximus,
2539 521 2666 577 dum
2701 522 2816 576 hzec
2854 520 3186 592 agebantur,
3222 519 3275 575 in
3319 518 3523 577 Gallius
3552 528 3820 589 penetras-

2224 624 2328 679 set,
2382 612 2699 669 Grutianum
2751 627 2941 682 magna
2969 612 3246 666 celeritate
3276 611 3671 682 oppressisset,
3696 609 3822 667 Gal-

2226 706 2325 762 lias
2352 708 2452 762 sibi
2483 708 2646 777 ipsas,
2681 721 2745 762 ac
2784 706 3066 775 Hispanias
3092 706 3451 776 adjunxisset.
3487 705 3730 775 pontifex
3753 717 3824 759 ta-

2226 814 2350 854 men
2375 799 2440 852 ad
2470 813 2594 853 eum
2625 798 2847 853 minime
2869 796 3088 868 scripsit
3107 838 3121 863 ,
3147 798 3261 852 sive
3279 797 3432 868 gravi
3459 812 3589 853 casu
3620 796 3827 866 percul-

2226 905 2342 955 sus,
2367 890 2483 946 sive
2509 889 2722 945 consilii
2754 891 2911 959 inops
2927 898 2981 944 et
3005 887 3288 954 dubitans,
3306 904 3372 945 ne
3391 888 3825 947 Valentinianum

2225 983 2453 1040 Justinus
2492 986 2679 1039 matris
2703 983 2911 1041 artibus
2943 982 2998 1038 in
3043 982 3309 1053 religione
3340 992 3464 1038 tunc
3504 992 3787 1040 nutantem
3811 1024 3827 1051 ,

2227 1092 2257 1132 a
2288 1077 2578 1132 Catholicis
2604 1078 2777 1149 magis
2806 1076 3045 1133 alienum
3070 1076 3294 1144 faceret,
3324 1086 3483 1148 atque
3504 1079 3570 1134 ad
3599 1078 3832 1134 Ariano-

2226 1185 2349 1226 rum
2392 1180 2569 1239 partes
2618 1184 2838 1239 prorsus
2868 1168 3194 1239 impelleret.
3242 1170 3323 1226 Ex
3374 1168 3616 1239 ejusdem
3670 1170 3831 1241 igitur

2227 1264 2442 1320 Maximi
2463 1263 2656 1320 litteris
2683 1263 2750 1320 ad
2778 1263 2991 1319 Damasi
3017 1278 3389 1320 successorem
3408 1303 3422 1327 ,
3455 1277 3562 1317 non
3586 1262 3679 1317 diu
3711 1274 3833 1333 post

2228 1366 2542 1427 usurpatum
2573 1358 2860 1427 imperium
2887 1356 3028 1411 datis
3055 1355 3408 1426 intelligimus
3428 1396 3443 1419 ,
3476 1355 3730 1411 Siricium
3754 1356 3834 1425 ip-

2226 1466 2346 1505 sum
2380 1452 2608 1519 primum
2654 1451 2705 1504 in
2742 1448 3030 1506 scribendo
3063 1450 3264 1516 fuisse,
3297 1465 3363 1505 ac
3393 1465 3591 1527 novum
3634 1449 3831 1519 princi-

2228 1559 2350 1614 pem
2373 1544 2439 1598 ad
2461 1545 2742 1600 catholicae
2769 1544 2894 1600 fidei
2921 1544 3292 1601 defensionem
3319 1544 3661 1600 cohortatum
3686 1562 3826 1602 esse.

2228 1639 2360 1696 Cum
2391 1656 2521 1696 vero
2552 1640 2812 1696 Maximus
2844 1641 3039 1697 Siricio
3085 1640 3430 1706 rescribens,
3462 1655 3525 1696 se
3554 1641 3735 1695 statim
3770 1656 3835 1697 ac

2233 1734 2284 1787 in
2312 1732 2519 1790 Gallias
2545 1734 2800 1800 advenit,
2830 1732 3099 1805 religioni,
3125 1748 3287 1803 quam
3305 1734 3690 1789 sceleratorum
3713 1733 3839 1790 labe

2230 1826 2489 1895 pollutam
2516 1826 2955 1896 deprehenderat
2970 1868 2985 1892 .
3014 1840 3174 1897 opem
3196 1826 3449 1882 celeriter
3474 1827 3723 1883 attulisse
3743 1842 3837 1881 as-

2229 1931 2396 1985 serat,
2420 1919 2546 1975 binc
2570 1919 2767 1977 merito
2796 1919 2897 1975 viri
2925 1919 3069 1974 docti
3114 1918 3408 1979 coniiciunt
3443 1919 3840 1989 Burdigalense

2227 2011 2516 2066 concilium
2544 2011 2610 2066 ad
2637 2025 2836 2067 artuum
2864 2010 2971 2071 584
3004 2012 3324 2079 Damasique
3348 2010 3725 2081 pontificatum
3757 2026 3841 2066 re-

2229 2104 2358 2160 ferri
2385 2114 2643 2173 oportere
2671 2120 2685 2157 :
2712 2117 2836 2158 cum
2868 2104 3018 2159 enim
3047 2119 3151 2160 non
3174 2103 3267 2158 diu
3301 2112 3423 2174 post
3448 2102 3692 2159 Gratiani
3719 2103 3840 2158 obi-

2230 2204 2342 2252 tum
2389 2195 2644 2252 Treviros
2695 2195 2960 2254 Maxfmus
2996 2197 3171 2251 victor
3219 2197 3496 2267 ingressus
3536 2198 3627 2263 sit,
3674 2207 3840 2268 atque

2230 2306 2354 2348 eum
2392 2288 2627 2345 ltbacius
2669 2290 2955 2361 episcopus
2983 2291 3129 2346 illico
3158 2291 3473 2356 accesserit,
3503 2305 3626 2346 cum
3653 2293 3840 2347 statim

2230 2382 2427 2440 deinde
2468 2382 2720 2453 collapsis
2752 2382 3017 2439 Ecclesia:
3062 2382 3226 2439 rebus
3262 2383 3613 2439 restituendis
3657 2384 3843 2439 consi-

2232 2475 2339 2541 lia,
2373 2488 2698 2544 manumque
2752 2472 3058 2530 admoverit
3109 2474 3511 2544 Burdigalensis
3563 2476 3837 2548 synodus,

2231 2581 2375 2621 anno
2422 2566 2530 2622 583
2578 2567 2863 2621 convocari
2894 2567 3099 2636 ,eique
3145 2582 3337 2623 omnes
3388 2570 3636 2639 sequenti
3692 2584 3842 2623 anno

2232 2662 2423 2716 adesse
2475 2659 2763 2716 commode
2810 2668 3131 2730 potuerunt,
3178 2663 3408 2718 Damaso
3455 2662 3693 2718 nondum
3743 2662 3845 2720 de-

2232 2754 2438 2809 functo.
2478 2754 2617 2809 Hinc
2663 2769 2766 2827 ego
2822 2757 2907 2810 vix
2941 2754 3130 2811 dubito
3176 2756 3307 2826 quin
3356 2758 3535 2812 omnia
3579 2758 3647 2811 ad
3685 2758 3840 2812 illum

2232 2847 2401 2903 relata
2444 2846 2513 2903 de
2560 2863 2711 2903 more
2758 2846 2997 2915 fuerint;
3053 2858 3110 2903 at
3157 2847 3357 2904 fractas
3410 2850 3586 2915 senio,
3617 2848 3842 2906 tristitia

2232 2940 2532 3009 morboque
2554 2940 2700 2994 vires
2735 2940 2788 2994 in
2829 2953 2991 2996 causa
3021 2938 3190 2995 fuisse
3221 2950 3382 3010 puto,
3414 2956 3512 2995 cur
3538 2940 3640 2997 hoc
3674 2956 3845 3013 nego—

2231 3033 2376 3087 cium
2422 3032 2728 3089 successori
2756 3032 3152 3103 expediendum
3184 3034 3493 3104 reliquerit,
3518 3034 3664 3105 quod
3703 3034 3845 3091 Siri-

2237 3128 2355 3182 cins
2388 3128 2569 3182 statim
2601 3141 2664 3182 ac
2708 3126 3079 3196 pontificatum
3110 3127 3267 3192 iniit,
3306 3127 3597 3198 diligenter
3620 3128 3843 3199 aggredi

516 3223 668 3279 rendi
702 3223 1039 3293 publicorum
1078 3232 1522 3277 ornamentorum
1554 3222 1875 3291 spoliatores
1903 3264 1916 3289 ,
1951 3220 2129 3277 Chris-
2157 3187 2205 3253 Ο
2238 3222 2380 3275 visus
2402 3228 2505 3287 est,
2540 3230 2598 3275 ut
2626 3236 2691 3276 ex
2729 3221 3043 3275 memoratis
3082 3220 3148 3275 ad
3185 3236 3306 3275 eum
3337 3220 3555 3276 Maximi
3581 3222 3781 3277 litteris
3810 3237 3842 3277 a

516 3316 685 3371 tianos
712 3332 777 3370 ea:
805 3314 1050 3369 Ecclesia?
1076 3315 1424 3386 penetralibus
1452 3314 1519 3367 ad
1561 3322 1815 3367 tormenta
1838 3315 2127 3383 rapuisset,

515 3427 576 3464 ac
596 3411 660 3464 de
683 3410 973 3480 longinquis
991 3410 1324 3482 ﬁnitimisque
1343 3408 1553 3463 urbibus
1574 3409 1826 3462 antistites
1846 3409 1900 3462 in
1922 3410 2131 3462 vincula

517 3502 764 3566 duxisset,
792 3503 1115 3572 tragicasque
1160 3503 1223 3555 de
1274 3501 1521 3556 ministris
1576 3500 1823 3556 Ecclesia:
1862 3502 2130 3556 catholica:

518 3593 827 3664 quwstiones
858 3594 1120 3665 agitasset,
1144 3594 1324 3664 specie
1346 3593 1565 3665 quidem
1600 3594 1864 3649 mandatis
1896 3594 2129 3665 impera-

519 3699 693 3743 torum
722 3686 1104 3753 obsecuturus,
1162 3696 1216 3740 at
1241 3702 1427 3742 revera
1453 3691 1577 3757 fana
1598 3701 1692 3741 sua
1721 3686 1919 3754 diruta,
1941 3702 2004 3741 ac
2031 3687 2128 3741 de-

515 3790 718 3837 structa
732 3779 1044 3835 Christianae
1063 3780 1191 3853 legis
1216 3781 1425 3854 injuriis
1440 3781 1814 3847 vindicaturus,
1836 3791 1891 3835 ut
1915 3796 1974 3835 se
2001 3795 2129 3849 pur-

517 3885 666 3946 garet
690 3917 705 3943 ,
736 3877 1023 3931 Damasum
1068 3876 1397 3930 innocentia:
1436 3888 1549 3928 sua:
1589 3882 1783 3927 testem
1824 3872 2004 3939 dedit,
2034 3874 2127 3943 qui

516 3967 710 4029 litteris
768 3966 1150 4020 Valentiniano
1208 3966 1350 4019 datis
1400 3964 1725 4035 significavit
1787 3963 2125 4022 Christianos

517 4060 723 4115 nullam
782 4058 1007 4111 omnino
1057 4072 1087 4111 a
1145 4056 1402 4126 praefecto
1448 4057 1831 4112 contumeliam
1894 4072 2122 4126 passos;

518 4150 877 4223 Symmachus
904 4148 1085 4214 addit,
1118 4150 1258 4204 inter
1285 4150 1467 4221 plures
1496 4164 1632 4221 quos
1664 4149 1715 4203 in
1748 4150 1993 4203 custodia
2023 4150 2117 4205 ha-

517 4243 681 4298 bebat
729 4242 1002 4297 variorum
1048 4242 1334 4297 criminum
1378 4258 1541 4308 reos,
1591 4241 1795 4296 nullum
1825 4241 1993 4299 fuisse
2034 4259 2125 4299 re-

517 4344 732 4408 pet-tum
775 4335 1083 4391 christianze
1115 4335 1250 4407 legis
1279 4335 1545 4391 cultorem
1596 4352 1609 4387 :
1652 4335 1793 4406 quod
1825 4336 1922 4390 viri
1964 4336 2031 4391 ab
2060 4350 2120 4391 ea

518 4430 780 4503 religione
805 4430 967 4485 alieni
997 4429 1361 4485 testimonium
1386 4444 1575 4486 eorum
1606 4435 1911 4500 temporum
1943 4446 2125 4486 mores

519 4524 661 4580 haud
691 4540 880 4597 parum
909 4524 1274 4580 commendat.

590 4615 745 4673 Nunc
776 4625 833 4672 ut
859 4617 926 4671 ad
957 4632 1156 4671 annum
1186 4617 1426 4686 elapsum
1456 4623 1822 4681 revertamur,
1854 4615 1982 4685 quin
2004 4630 2127 4685 gra-

518 4708 795 4763 vissimam
828 4709 1061 4764 Damaso
1090 4709 1392 4765 molestiam
1423 4709 1691 4763 attulisset
1720 4706 1962 4763 Gratiani
1991 4710 2128 4764 intc-

519 4801 677 4864 ritns,
702 4803 792 4856 vix
835 4802 1199 4868 dubitaverit,
1231 4802 1323 4872 qui
1365 4816 1548 4857 secum
1601 4812 1812 4873 reputet
1867 4805 2128 4874 optimum

521 4895 670 4951 illum
722 4894 1023 4966 principem
1066 4896 1134 4950 ab
1176 4910 1242 4949 eo
1281 4894 1536 4964 pentifice
1565 4894 1659 4950 filii
1703 4896 1822 4952 loco
1862 4897 2125 4954 habitum.

518 4988 841 5047 Accesserat
869 4995 1130 5058 praeterea
1183 4987 1249 5041 ad
1293 4988 1628 5058 aegritudinis
1667 4991 1940 5046 cumulum
1985 4990 2127 5048 fceda

521 5082 777 5139 Ecclesia:
805 5081 968 5137 facies
992 5083 1061 5138 ob
1098 5081 1258 5151 impia
1291 5082 1820 5141 Priscillianistarum
1859 5085 2120 5145 facinora.

520 5178 585 5233 Hi
614 5178 759 5234 enim
789 5184 1044 5248 corrupto
1066 5175 1379 5231 Macedonio
1404 5177 1703 5232 officiorum
1732 5182 2012 5249 magistro,
2042 5196 2127 5239 se-

517 5270 614 5325 des
658 5287 685 5324 a
728 5271 925 5341 quibus
971 5269 1128 5340 ejecti
1179 5268 1392 5324 fuerant
1446 5269 1639 5323 iterum
1688 5284 2124 5342 occupaverant,

517 5371 798 5436 tractoque
854 5364 922 5420 ad
980 5376 1105 5419 suas
1158 5372 1343 5435 partes
1404 5361 1690 5421 Voiventio
1748 5364 2126 5439 Hispaniarum

616 5522 669 5594 a)
696 5523 872 5595 Epist.
905 5523 997 5579 85.

616 5525 669 5594 a)
696 5525 872 5595 Epist.
905 5525 997 5579 85.

584 5525 661 5738 ἐὺς
689 5595 806 5652 Lib.
837 5614 893 5660 x,
924 5595 1085 5666 epist.
1117 5594 1208 5653 54.

608 5684 634 5722 c
690 5666 768 5738 Ad
807 5682 935 5721 ann.
965 5667 1093 5738 387,
1121 5682 1177 5722 n.
1206 5665 1296 5738 65.

584 5684 657 5738 (ε)
690 5684 768 5749 Λᾳ
807 5684 935 5721 ann.
966 5684 1093 5733 om,
1121 5684 1177 5722 ll.
1206 5684 1296 5723 ω.
1946 5738 1959 5751 υ

581 5740 663 5810 (d)
696 5737 923 5793 Dissert.
970 5736 1037 5791 de
1064 5737 1359 5793 Prasadam.
1410 5736 1556 5808 apud
1581 5736 1809 5796 Lenfant
1835 5777 1849 5806 ,
1898 5738 2101 5797 Histor.

2150 4576 2209 4642 D

2236 3314 2468 3367 Duronio
2510 3312 2582 3385 (c)
2624 3312 2900 3383 productis
2945 3319 3205 3376 constat;
3249 3327 3405 3383 quas,
3431 3323 3488 3368 ut
3537 3313 3713 3370 obiter
3759 3314 3844 3369 di-

2180 3480 2185 3483 Α
2233 3422 2376 3475 cam,
2410 3410 2453 3463 si
2500 3408 2621 3478 quis
2647 3416 2853 3463 attente
2886 3407 3048 3477 legat,
3072 3406 3357 3477 videatque
3401 3406 3841 3463 Prisciflianista-

2234 3519 2352 3557 rum
2390 3504 2583 3557 scelera
2628 3518 2730 3555 non
2765 3500 3115 3571 argumentis,
3139 3515 3298 3569 neque
3336 3500 3711 3570 suspicionibus
3743 3500 3846 3553 du-

2234 3596 2351 3664 biis,
2377 3598 2456 3651 vel
2475 3595 2703 3658 incertis,
2732 3595 2820 3650 sed
2843 3595 3076 3665 ipsorum
3102 3593 3509 3664 confessionibus
3536 3594 3665 3647 inter
3682 3594 3843 3665 judi-

2232 3690 2316 3743 cia
2362 3687 2577 3757 prolatis
2632 3686 2688 3741 in
2740 3694 2931 3754 aperto
2984 3687 3182 3755 posita,
3224 3700 3398 3755 eaque
3449 3685 3502 3740 in
3549 3687 3717 3756 gestis
3773 3684 3841 3739 ad

2232 3780 2481 3838 eumdem
2543 3778 2853 3848 pontificem
2915 3776 3249 3834 transmissis
3292 3778 3571 3847 exposita;
3618 3778 3663 3832 si
3717 3778 3845 3847 quis

2231 3872 2394 3929 etiam
2425 3886 2646 3936 omnes,
2677 3886 2866 3928 eorum
2913 3881 3217 3941 temporum
3263 3870 3521 3927 historias
3549 3872 3798 3927 consulat
3827 3913 3843 3937 ,

2230 3980 2415 4020 secum
2450 3963 2693 4033 profecto
2732 3972 2967 4031 statuet,
3001 3980 3161 4035 quam
3208 3964 3426 4029 leviter,
3461 3979 3531 4020 ne
3555 3964 3729 4019 dicam
3765 3976 3845 4019 te-

2231 4074 2402 4127 mere,
2436 4058 2803 4115 Beausobrius
2819 4074 2940 4114 eam
2973 4057 3251 4114 hominum
3279 4058 3488 4123 faecem,
3518 4067 3845 4129 turpemque

2230 4169 2418 4209 eorum
2476 4167 2693 4209 causam
2761 4150 3157 4209 defendendam
3208 4154 3557 4222 susceperit;
3614 4151 3841 4222 dignum

2231 4262 2455 4318 prorsus
2496 4247 2695 4319 patella
2741 4245 3061 4316 operculum
3092 4245 3214 4317 (d);
3261 4245 3358 4305 sed
3396 4245 3509 4315 jam
3556 4244 3623 4300 ad
3672 4244 3839 4300 ﬁnem

2230 4356 2419 4412 pergo.

2305 4435 2568 4491 Damasus
2598 4436 2777 4505 itaque
2809 4444 2930 4505 post
2957 4435 3023 4491 18
3054 4436 3108 4491 in
3131 4434 3449 4505 pontificatu
3476 4440 3697 4490 exactos
3743 4449 3842 4489 an-

2233 4542 2353 4594 nos,
2388 4544 2601 4585 menses
2632 4529 2790 4593 duos,
2815 4544 2879 4584 ac
2905 4528 3022 4585 dies
3038 4529 3253 4596 decem,
3276 4544 3437 4599 prope
3454 4528 3836 4598 octogmrius,

2236 4634 2291 4680 ut
2322 4623 2683 4695 Hieronymus
2710 4625 2784 4679 ait
2812 4623 2884 4697 (c)
2910 4664 2925 4689 ,
2970 4624 3134 4681 rebus
3178 4623 3430 4679 humanis
3459 4630 3681 4691 ereptus
3711 4632 3838 4688 est,

2234 4717 2325 4772 die
2350 4716 2559 4773 scilicet
2587 4716 2653 4775 10
2676 4716 2990 4775 Decembris
3012 4757 3028 4785 ,
3056 4731 3161 4787 qua
3187 4715 3553 4773 vetustissima
3578 4713 3841 4770 kalenda-

2237 4809 2314 4863 ria
2344 4811 2461 4877 ejus
2489 4808 2884 4879 depositionem
2913 4809 3201 4869 collacant.
3258 4807 3508 4878 Sepultus
3553 4807 3649 4879 fuit
3674 4808 3843 4878 juxta

2237 4910 2452 4958 matrem
2478 4919 2623 4957 suam
2645 4919 2705 4958 ac
2726 4919 3022 4974 germanam
3043 4904 3095 4958 in
3124 4903 3339 4961 basilica
3354 4919 3384 4955 a
3414 4918 3466 4957 se
3486 4901 3729 4964 usitata,
3753 4901 3841 4954 eia

2234 4997 2518 5053 Ardeatino
2545 4995 2599 5050 in
2622 4994 2989 5062 Catacumbis;
3020 5011 3141 5052 cum
3172 5010 3301 5052 vero
3327 4995 3501 5053 locum
3530 4994 3727 5063 ipsum,
3756 4994 3842 5047 vi-

2236 5094 2312 5148 ris
2336 5091 2649 5147 clarissimis
2680 5089 2927 5148 Boldetto
2955 5101 3010 5146 et
3037 5090 3390 5161 Marangonio
3436 5090 3604 5143 facem
3636 5085 3838 5157 prafe-

2235 5190 2503 5253 rentibus,
2536 5187 2689 5256 quasi
2719 5186 2891 5256 digito
2913 5185 3216 5244 ostenderit
3257 5186 3651 5242 illustrissimus
3677 5182 3836 5239 Esi-

2236 5298 2339 5338 nus
2378 5283 2663 5351 episcopus
2687 5320 2703 5346 ,
2735 5294 2909 5351 eoque
2948 5280 3206 5336 lectorem
3238 5294 3346 5334 non
3386 5278 3504 5334 sine
3542 5277 3709 5332 multa
3740 5290 3839 5330 vo-

2236 5377 2440 5447 luptate
2490 5390 2651 5430 manu
2708 5372 2871 5429 ducat
2915 5373 2982 5445 (f)
3020 5414 3037 5443 ,
3087 5387 3187 5444 ego
3238 5371 3393 5451 plura
3452 5385 3559 5429 non
3612 5367 3832 5426 addam.

2226 5530 2297 5587 du
2322 5529 2533 5587 Concil.
2558 5530 2625 5586 de
2652 5528 2816 5585 Basil.

2283 5603 2365 5746 ge)
2395 5602 2473 5659 De
2503 5603 2561 5661 S.
2592 5602 2684 5669 E.,
2713 5617 2833 5672 cap.
2866 5600 2989 5657 108.

2308 5679 2351 5745 f)
2384 5674 2503 5731 Lib.
2526 5690 2567 5740 ι,
2594 5689 2713 5744 cap.
2739 5672 2792 5728 8.

2308 5672 2351 5745 Ῑ)
2384 5674 2503 5731 Lib.
2526 5690 2567 5740 ι,
2594 5689 2713 5744 cap.
2739 5672 2792 5728 8.
