  <div class='ocr_page' id='page_1' title='image "/cluster/home/n/w/nwhite01/storage/ocr_20150623/13/hvd.32044096580428/136.png"; bbox 0 0 4138 6178; ppageno 0'>
   <div class='ocr_carea' id='block_1_1' title="bbox 302 238 410 299">
    <p class='ocr_par' dir='ltr' id='par_1_1' title="bbox 302 238 410 299">
     <span class='ocr_line' id='line_1_1' title="bbox 302 238 410 299; baseline -0.028 0"><span class='ocrx_word' id='word_1_1' title='bbox 302 238 410 299; x_wconf 63' lang='grc' dir='ltr'><strong>εδι</strong></span> 
     </span>
    </p>
   </div>
   <div class='ocr_carea' id='block_1_2' title="bbox 1729 230 2259 299">
    <p class='ocr_par' dir='ltr' id='par_1_2' title="bbox 1729 230 2259 299">
     <span class='ocr_line' id='line_1_2' title="bbox 1729 230 2259 299; baseline -0.002 -9"><span class='ocrx_word' id='word_1_2' title='bbox 1729 230 2259 299; x_wconf 70' lang='lat' dir='ltr'><strong>PROLEGOMENA.</strong></span> 
     </span>
    </p>
   </div>
   <div class='ocr_carea' id='block_1_3' title="bbox 3514 234 3618 293">
    <p class='ocr_par' dir='ltr' id='par_1_3' title="bbox 3514 234 3618 293">
     <span class='ocr_line' id='line_1_3' title="bbox 3514 234 3618 293; baseline 0.01 -1"><span class='ocrx_word' id='word_1_3' title='bbox 3514 234 3618 293; x_wconf 64' lang='lat'><strong>163</strong></span> 
     </span>
    </p>
   </div>
   <div class='ocr_carea' id='block_1_4' title="bbox 301 349 3621 425">
    <p class='ocr_par' dir='ltr' id='par_1_4' title="bbox 301 349 3621 425">
     <span class='ocr_line' id='line_1_4' title="bbox 301 349 3621 425; baseline -0.001 -17"><span class='ocrx_word' id='word_1_4' title='bbox 301 355 640 425; x_wconf 77' lang='lat' dir='ltr'><strong>Quamquam</strong></span> <span class='ocrx_word' id='word_1_5' title='bbox 693 368 814 410; x_wconf 90' lang='lat' dir='ltr'><strong>cum</strong></span> <span class='ocrx_word' id='word_1_6' title='bbox 858 352 999 411; x_wconf 89' lang='lat' dir='ltr'><strong>idem</strong></span> <span class='ocrx_word' id='word_1_7' title='bbox 1049 353 1121 409; x_wconf 90' lang='lat' dir='ltr'><strong>cl.</strong></span> <span class='ocrx_word' id='word_1_8' title='bbox 1163 350 1523 423; x_wconf 72' lang='lat' dir='ltr'><strong>Marangonns</strong></span> <span class='ocrx_word' id='word_1_9' title='bbox 1575 368 1688 409; x_wconf 88' lang='lat' dir='ltr'><strong>rem</strong></span> <span class='ocrx_word' id='word_1_10' title='bbox 1744 362 1907 408; x_wconf 88' lang='lat' dir='ltr'><strong>totam</strong></span> <span class='ocrx_word' id='word_1_11' title='bbox 1940 364 1992 425; x_wconf 69' lang='grc' dir='ltr'><strong>Α</strong></span> <span class='ocrx_word' id='word_1_12' title='bbox 2018 368 2107 408; x_wconf 80' lang='lat' dir='ltr'><strong>res</strong></span> <span class='ocrx_word' id='word_1_13' title='bbox 2136 361 2241 416; x_wconf 90' lang='lat' dir='ltr'><strong>est,</strong></span> <span class='ocrx_word' id='word_1_14' title='bbox 2274 351 2475 408; x_wconf 86' lang='lat' dir='ltr'><strong>amisso</strong></span> <span class='ocrx_word' id='word_1_15' title='bbox 2514 351 2745 419; x_wconf 86' lang='lat' dir='ltr'><strong>scilicet,</strong></span> <span class='ocrx_word' id='word_1_16' title='bbox 2780 350 3116 423; x_wconf 80' lang='lat' dir='ltr'><strong>disjectoque</strong></span> <span class='ocrx_word' id='word_1_17' title='bbox 3148 351 3416 423; x_wconf 77' lang='lat' dir='ltr'><strong>superiori</strong></span> <span class='ocrx_word' id='word_1_18' title='bbox 3445 349 3621 422; x_wconf 76' lang='lat' dir='ltr'><strong>lapide</strong></span> 
     </span>
    </p>
   </div>
   <div class='ocr_carea' id='block_1_5' title="bbox 302 442 1914 515">
    <p class='ocr_par' dir='ltr' id='par_1_5' title="bbox 302 442 1914 515">
     <span class='ocr_line' id='line_1_5' title="bbox 302 442 1914 515; baseline -0.004 -13"><span class='ocrx_word' id='word_1_19' title='bbox 302 447 602 502; x_wconf 78' lang='lat' dir='ltr'><strong>narraverit</strong></span> <span class='ocrx_word' id='word_1_20' title='bbox 654 446 846 500; x_wconf 90' lang='lat' dir='ltr'><strong>iterum</strong></span> <span class='ocrx_word' id='word_1_21' title='bbox 896 444 950 499; x_wconf 91' lang='lat' dir='ltr'><strong>in</strong></span> <span class='ocrx_word' id='word_1_22' title='bbox 982 444 1372 499; x_wconf 73' lang='lat' dir='ltr'><strong>Conmentariis</strong></span> <span class='ocrx_word' id='word_1_23' title='bbox 1418 445 1485 496; x_wconf 91' lang='lat' dir='ltr'><strong>ad</strong></span> <span class='ocrx_word' id='word_1_24' title='bbox 1517 442 1914 515; x_wconf 81' lang='lat' dir='ltr'><strong>Chronologiam</strong></span> 
     </span>
    </p>
   </div>
   <div class='ocr_carea' id='block_1_6' title="bbox 301 536 1916 610">
    <p class='ocr_par' dir='ltr' id='par_1_6' title="bbox 301 536 1916 610">
     <span class='ocr_line' id='line_1_6' title="bbox 301 536 1916 610; baseline -0.001 -16"><span class='ocrx_word' id='word_1_25' title='bbox 301 537 656 594; x_wconf 85' lang='lat' dir='ltr'><strong>Romanorum</strong></span> <span class='ocrx_word' id='word_1_26' title='bbox 706 538 1009 610; x_wconf 81' lang='lat' dir='ltr'><strong>pontificum</strong></span> <span class='ocrx_word' id='word_1_27' title='bbox 1057 538 1111 592; x_wconf 91' lang='lat' dir='ltr'><strong>in</strong></span> <span class='ocrx_word' id='word_1_28' title='bbox 1154 538 1368 607; x_wconf 86' lang='lat' dir='ltr'><strong>picturis</strong></span> <span class='ocrx_word' id='word_1_29' title='bbox 1402 536 1654 593; x_wconf 83' lang='lat' dir='ltr'><strong>Ostiensis</strong></span> <span class='ocrx_word' id='word_1_30' title='bbox 1693 538 1916 593; x_wconf 76' lang='lat' dir='ltr'><strong>basilica:</strong></span> 
     </span>
    </p>
   </div>
   <div class='ocr_carea' id='block_1_7' title="bbox 305 626 1913 702">
    <p class='ocr_par' dir='ltr' id='par_1_7' title="bbox 305 626 1913 702">
     <span class='ocr_line' id='line_1_7' title="bbox 305 626 1913 702; baseline -0.004 -15"><span class='ocrx_word' id='word_1_31' title='bbox 305 631 635 702; x_wconf 72' lang='lat' dir='ltr'><strong>superstitem</strong></span> <span class='ocrx_word' id='word_1_32' title='bbox 661 673 673 695; x_wconf 96' lang='lat'><strong>,</strong></span> <span class='ocrx_word' id='word_1_33' title='bbox 702 646 824 700; x_wconf 59' lang='lat' dir='ltr'><strong>quia</strong></span> <span class='ocrx_word' id='word_1_34' title='bbox 852 626 1025 700; x_wconf 78' lang='lat' dir='ltr'><strong>nuper</strong></span> <span class='ocrx_word' id='word_1_35' title='bbox 1057 629 1370 699; x_wconf 90' lang='lat' dir='ltr'><strong>prodierunt</strong></span> <span class='ocrx_word' id='word_1_36' title='bbox 1401 671 1414 693; x_wconf 90' lang='lat'><strong>,</strong></span> <span class='ocrx_word' id='word_1_37' title='bbox 1449 629 1565 699; x_wconf 87' lang='lat' dir='ltr'><strong>ejus</strong></span> <span class='ocrx_word' id='word_1_38' title='bbox 1597 628 1767 698; x_wconf 87' lang='lat' dir='ltr'><strong>ipsius</strong></span> <span class='ocrx_word' id='word_1_39' title='bbox 1798 645 1913 685; x_wconf 74' lang='lat' dir='ltr'><strong>ver-</strong></span> 
     </span>
    </p>
   </div>
   <div class='ocr_carea' id='block_1_8' title="bbox 303 723 1913 794">
    <p class='ocr_par' dir='ltr' id='par_1_8' title="bbox 303 723 1913 794">
     <span class='ocr_line' id='line_1_8' title="bbox 303 723 1913 794; baseline -0.002 -15"><span class='ocrx_word' id='word_1_40' title='bbox 303 724 393 780; x_wconf 85' lang='lat' dir='ltr'><strong>bis</strong></span> <span class='ocrx_word' id='word_1_41' title='bbox 424 726 569 778; x_wconf 83' lang='lat' dir='ltr'><strong>vclut</strong></span> <span class='ocrx_word' id='word_1_42' title='bbox 606 723 837 778; x_wconf 83' lang='lat' dir='ltr'><strong>futuram</strong></span> <span class='ocrx_word' id='word_1_43' title='bbox 889 724 1076 777; x_wconf 88' lang='lat' dir='ltr'><strong>lectori</strong></span> <span class='ocrx_word' id='word_1_44' title='bbox 1117 723 1532 794; x_wconf 88' lang='lat' dir='ltr'><strong>jucundiorem,</strong></span> <span class='ocrx_word' id='word_1_45' title='bbox 1585 723 1913 793; x_wconf 72' lang='lat' dir='ltr'><strong>descriptam</strong></span> 
     </span>
    </p>
   </div>
   <div class='ocr_carea' id='block_1_9' title="bbox 306 816 1915 887">
    <p class='ocr_par' dir='ltr' id='par_1_9' title="bbox 306 816 1915 887">
     <span class='ocr_line' id='line_1_9' title="bbox 306 816 1915 887; baseline -0.002 -14"><span class='ocrx_word' id='word_1_46' title='bbox 306 818 490 873; x_wconf 82' lang='lat' dir='ltr'>dabo:</span> <span class='ocrx_word' id='word_1_47' title='bbox 524 816 621 882; x_wconf 84' lang='lat' dir='ltr'><strong>Qui</strong></span> <span class='ocrx_word' id='word_1_48' title='bbox 656 818 808 870; x_wconf 89' lang='lat' dir='ltr'><strong>etiam</strong></span> <span class='ocrx_word' id='word_1_49' title='bbox 850 817 1083 887; x_wconf 82' lang='lat' dir='ltr'><strong>sepultus</strong></span> <span class='ocrx_word' id='word_1_50' title='bbox 1111 826 1182 871; x_wconf 87' lang='lat' dir='ltr'><strong>est</strong></span> <span class='ocrx_word' id='word_1_51' title='bbox 1208 817 1288 870; x_wconf 86' lang='lat' dir='ltr'><strong>via</strong></span> <span class='ocrx_word' id='word_1_52' title='bbox 1316 816 1598 870; x_wconf 84' lang='lat' dir='ltr'><strong>Ardeatino</strong></span> <span class='ocrx_word' id='word_1_53' title='bbox 1623 817 1678 870; x_wconf 89' lang='lat' dir='ltr'><strong>in</strong></span> <span class='ocrx_word' id='word_1_54' title='bbox 1702 816 1915 871; x_wconf 87' lang='lat' dir='ltr'><strong>basilica</strong></span> 
     </span>
    </p>
   </div>
   <div class='ocr_carea' id='block_1_10' title="bbox 306 909 1915 983">
    <p class='ocr_par' dir='ltr' id='par_1_10' title="bbox 306 909 1915 983">
     <span class='ocr_line' id='line_1_10' title="bbox 306 909 1915 983; baseline -0.003 -18"><span class='ocrx_word' id='word_1_55' title='bbox 306 927 443 978; x_wconf 85' lang='lat' dir='ltr'><strong>sua,</strong></span> <span class='ocrx_word' id='word_1_56' title='bbox 483 914 635 983; x_wconf 75' lang='lat' dir='ltr'><strong>juxta</strong></span> <span class='ocrx_word' id='word_1_57' title='bbox 686 920 903 961; x_wconf 87' lang='lat' dir='ltr'><strong>matrem</strong></span> <span class='ocrx_word' id='word_1_58' title='bbox 949 925 1097 963; x_wconf 85' lang='lat' dir='ltr'><strong>suum</strong></span> <span class='ocrx_word' id='word_1_59' title='bbox 1141 918 1187 962; x_wconf 89' lang='lat' dir='ltr'><strong>et</strong></span> <span class='ocrx_word' id='word_1_60' title='bbox 1238 925 1539 981; x_wconf 87' lang='lat' dir='ltr'><strong>germanam</strong></span> <span class='ocrx_word' id='word_1_61' title='bbox 1572 948 1583 961; x_wconf 92' lang='lat'><strong>.</strong></span> <span class='ocrx_word' id='word_1_62' title='bbox 1621 949 1633 963; x_wconf 92' lang='lat'><strong>.</strong></span> <span class='ocrx_word' id='word_1_63' title='bbox 1674 949 1686 963; x_wconf 93' lang='lat'><strong>.</strong></span> <span class='ocrx_word' id='word_1_64' title='bbox 1742 909 1915 964; x_wconf 90' lang='lat' dir='ltr'><strong>Situm</strong></span> 
     </span>
    </p>
   </div>
   <div class='ocr_carea' id='block_1_11' title="bbox 308 999 1915 1076">
    <p class='ocr_par' dir='ltr' id='par_1_11' title="bbox 308 999 1915 1076">
     <span class='ocr_line' id='line_1_11' title="bbox 308 999 1915 1076; baseline -0.001 -19"><span class='ocrx_word' id='word_1_65' title='bbox 308 1001 539 1076; x_wconf 88' lang='lat' dir='ltr'><strong>ejusdem</strong></span> <span class='ocrx_word' id='word_1_66' title='bbox 567 1001 795 1055; x_wconf 72' lang='lat' dir='ltr'><strong>basilica:</strong></span> <span class='ocrx_word' id='word_1_67' title='bbox 818 1002 951 1054; x_wconf 87' lang='lat' dir='ltr'><strong>inter</strong></span> <span class='ocrx_word' id='word_1_68' title='bbox 978 1001 1318 1055; x_wconf 78' lang='lat' dir='ltr'><strong>ctetneterium</strong></span> <span class='ocrx_word' id='word_1_69' title='bbox 1348 999 1560 1055; x_wconf 63' lang='lat' dir='ltr'><strong>Callisti</strong></span> <span class='ocrx_word' id='word_1_70' title='bbox 1586 1042 1600 1066; x_wconf 87' lang='lat'><strong>,</strong></span> <span class='ocrx_word' id='word_1_71' title='bbox 1650 1018 1739 1055; x_wconf 86' lang='lat' dir='ltr'><strong>seu</strong></span> <span class='ocrx_word' id='word_1_72' title='bbox 1772 1002 1915 1055; x_wconf 74' lang='lat' dir='ltr'><strong>Prw-</strong></span> 
     </span>
    </p>
   </div>
   <div class='ocr_carea' id='block_1_12' title="bbox 309 1093 1915 1162">
    <p class='ocr_par' dir='ltr' id='par_1_12' title="bbox 309 1093 1915 1162">
     <span class='ocr_line' id='line_1_12' title="bbox 309 1093 1915 1162; baseline 0.001 -13"><span class='ocrx_word' id='word_1_73' title='bbox 309 1096 484 1149; x_wconf 69' lang='lat' dir='ltr'><strong>textati</strong></span> <span class='ocrx_word' id='word_1_74' title='bbox 510 1134 522 1157; x_wconf 95' lang='lat'><strong>,</strong></span> <span class='ocrx_word' id='word_1_75' title='bbox 570 1104 615 1146; x_wconf 88' lang='lat' dir='ltr'><strong>et</strong></span> <span class='ocrx_word' id='word_1_76' title='bbox 662 1095 800 1147; x_wconf 83' lang='lat' dir='ltr'><strong>uiam</strong></span> <span class='ocrx_word' id='word_1_77' title='bbox 829 1093 1163 1148; x_wconf 83' lang='lat' dir='ltr'><strong>Ardeatinam</strong></span> <span class='ocrx_word' id='word_1_78' title='bbox 1188 1133 1202 1157; x_wconf 89' lang='lat'><strong>,</strong></span> <span class='ocrx_word' id='word_1_79' title='bbox 1251 1104 1492 1162; x_wconf 77' lang='lat' dir='ltr'><strong>putamus</strong></span> <span class='ocrx_word' id='word_1_80' title='bbox 1535 1111 1625 1149; x_wconf 91' lang='lat' dir='ltr'><strong>nos</strong></span> <span class='ocrx_word' id='word_1_81' title='bbox 1662 1095 1915 1149; x_wconf 75' lang='lat' dir='ltr'><strong>detexisse</strong></span> 
     </span>
    </p>
   </div>
   <div class='ocr_carea' id='block_1_13' title="bbox 306 1185 1915 1258">
    <p class='ocr_par' dir='ltr' id='par_1_13' title="bbox 306 1185 1915 1258">
     <span class='ocr_line' id='line_1_13' title="bbox 306 1185 1915 1258; baseline 0.002 -20"><span class='ocrx_word' id='word_1_82' title='bbox 306 1202 440 1240; x_wconf 85' lang='lat' dir='ltr'><strong>anno</strong></span> <span class='ocrx_word' id='word_1_83' title='bbox 476 1185 638 1249; x_wconf 76' lang='grc'><strong>1756,</strong></span> <span class='ocrx_word' id='word_1_84' title='bbox 681 1202 785 1238; x_wconf 90' lang='lat' dir='ltr'><strong>una</strong></span> <span class='ocrx_word' id='word_1_85' title='bbox 814 1202 928 1238; x_wconf 89' lang='lat' dir='ltr'><strong>cum</strong></span> <span class='ocrx_word' id='word_1_86' title='bbox 950 1186 1201 1256; x_wconf 86' lang='lat' dir='ltr'><strong>sepulcris</strong></span> <span class='ocrx_word' id='word_1_87' title='bbox 1230 1195 1337 1238; x_wconf 89' lang='lat' dir='ltr'><strong>tum</strong></span> <span class='ocrx_word' id='word_1_88' title='bbox 1366 1187 1524 1239; x_wconf 88' lang='lat' dir='ltr'><strong>etiam</strong></span> <span class='ocrx_word' id='word_1_89' title='bbox 1555 1187 1733 1240; x_wconf 83' lang='lat' dir='ltr'><strong>matris</strong></span> <span class='ocrx_word' id='word_1_90' title='bbox 1761 1197 1915 1258; x_wconf 87' lang='lat' dir='ltr'><strong>atque</strong></span> 
     </span>
    </p>
   </div>
   <div class='ocr_carea' id='block_1_14' title="bbox 304 1276 1915 1348">
    <p class='ocr_par' dir='ltr' id='par_1_14' title="bbox 304 1276 1915 1348">
     <span class='ocr_line' id='line_1_14' title="bbox 304 1276 1915 1348; baseline -0.001 -17"><span class='ocrx_word' id='word_1_91' title='bbox 304 1277 519 1331; x_wconf 81' lang='lat' dir='ltr'><strong>sororis.</strong></span> <span class='ocrx_word' id='word_1_92' title='bbox 580 1276 709 1330; x_wconf 89' lang='lat' dir='ltr'><strong>Cum</strong></span> <span class='ocrx_word' id='word_1_93' title='bbox 752 1278 884 1330; x_wconf 89' lang='lat' dir='ltr'><strong>enim</strong></span> <span class='ocrx_word' id='word_1_94' title='bbox 925 1294 1063 1330; x_wconf 91' lang='lat' dir='ltr'><strong>anno</strong></span> <span class='ocrx_word' id='word_1_95' title='bbox 1116 1278 1230 1348; x_wconf 87' lang='lat' dir='ltr'><strong>ipso</strong></span> <span class='ocrx_word' id='word_1_96' title='bbox 1260 1278 1483 1346; x_wconf 77' lang='lat' dir='ltr'><strong>[asseres</strong></span> <span class='ocrx_word' id='word_1_97' title='bbox 1528 1277 1915 1333; x_wconf 81' lang='lat' dir='ltr'><strong>eminentissimi</strong></span> 
     </span>
    </p>
   </div>
   <div class='ocr_carea' id='block_1_15' title="bbox 307 1367 1914 1424">
    <p class='ocr_par' dir='ltr' id='par_1_15' title="bbox 307 1367 1914 1424">
     <span class='ocr_line' id='line_1_15' title="bbox 307 1367 1914 1424; baseline 0.001 -2"><span class='ocrx_word' id='word_1_98' title='bbox 307 1369 592 1423; x_wconf 86' lang='lat' dir='ltr'><strong>cardinalis</strong></span> <span class='ocrx_word' id='word_1_99' title='bbox 624 1368 795 1422; x_wconf 84' lang='lat' dir='ltr'><strong>vicarii</strong></span> <span class='ocrx_word' id='word_1_100' title='bbox 820 1369 911 1421; x_wconf 85' lang='lat' dir='ltr'><strong>sub</strong></span> <span class='ocrx_word' id='word_1_101' title='bbox 945 1370 1153 1423; x_wconf 85' lang='lat' dir='ltr'><strong>custode</strong></span> <span class='ocrx_word' id='word_1_102' title='bbox 1183 1367 1363 1422; x_wconf 78' lang='lat' dir='ltr'><strong>Marco</strong></span> <span class='ocrx_word' id='word_1_103' title='bbox 1404 1369 1621 1422; x_wconf 79' lang='lat' dir='ltr'><strong>Antonio</strong></span> <span class='ocrx_word' id='word_1_104' title='bbox 1656 1367 1914 1424; x_wconf 82' lang='lat' dir='ltr'><strong>Buldet/to</strong></span> 
     </span>
    </p>
   </div>
   <div class='ocr_carea' id='block_1_16' title="bbox 305 1461 1915 1534">
    <p class='ocr_par' dir='ltr' id='par_1_16' title="bbox 305 1461 1915 1534">
     <span class='ocr_line' id='line_1_16' title="bbox 305 1461 1915 1534; baseline 0.001 -18"><span class='ocrx_word' id='word_1_105' title='bbox 305 1461 364 1516; x_wconf 86' lang='lat' dir='ltr'><strong>in</strong></span> <span class='ocrx_word' id='word_1_106' title='bbox 393 1481 452 1517; x_wconf 89' lang='lat' dir='ltr'><strong>ea</strong></span> <span class='ocrx_word' id='word_1_107' title='bbox 477 1471 618 1534; x_wconf 88' lang='lat' dir='ltr'><strong>parte</strong></span> <span class='ocrx_word' id='word_1_108' title='bbox 646 1463 913 1517; x_wconf 72' lang='lat' dir='ltr'><strong>cwntcterii</strong></span> <span class='ocrx_word' id='word_1_109' title='bbox 940 1463 1082 1531; x_wconf 91' lang='lat' dir='ltr'><strong>operi</strong></span> <span class='ocrx_word' id='word_1_110' title='bbox 1116 1466 1483 1530; x_wconf 84' lang='lat' dir='ltr'><strong>incumberent,</strong></span> <span class='ocrx_word' id='word_1_111' title='bbox 1513 1463 1605 1517; x_wconf 90' lang='lat' dir='ltr'><strong>sub</strong></span> <span class='ocrx_word' id='word_1_112' title='bbox 1634 1464 1915 1517; x_wconf 85' lang='lat' dir='ltr'><strong>viueatunc</strong></span> 
     </span>
    </p>
   </div>
   <div class='ocr_carea' id='block_1_17' title="bbox 306 1552 1916 1626">
    <p class='ocr_par' dir='ltr' id='par_1_17' title="bbox 306 1552 1916 1626">
     <span class='ocr_line' id='line_1_17' title="bbox 306 1552 1916 1626; baseline -0.001 -16"><span class='ocrx_word' id='word_1_113' title='bbox 306 1552 617 1626; x_wconf 75' lang='lat' dir='ltr'><strong>Margarita:</strong></span> <span class='ocrx_word' id='word_1_114' title='bbox 641 1553 845 1608; x_wconf 87' lang='lat' dir='ltr'><strong>Bellotti</strong></span> <span class='ocrx_word' id='word_1_115' title='bbox 872 1556 969 1610; x_wconf 89' lang='lat' dir='ltr'><strong>sita</strong></span> <span class='ocrx_word' id='word_1_116' title='bbox 994 1555 1130 1608; x_wconf 86' lang='lat' dir='ltr'><strong>inter</strong></span> <span class='ocrx_word' id='word_1_117' title='bbox 1156 1555 1288 1609; x_wconf 84' lang='lat' dir='ltr'><strong>viam</strong></span> <span class='ocrx_word' id='word_1_118' title='bbox 1311 1555 1535 1626; x_wconf 83' lang='lat' dir='ltr'><strong>Appiam</strong></span> <span class='ocrx_word' id='word_1_119' title='bbox 1562 1596 1575 1619; x_wconf 92' lang='lat'><strong>,</strong></span> <span class='ocrx_word' id='word_1_120' title='bbox 1604 1563 1650 1609; x_wconf 87' lang='lat' dir='ltr'><strong>et</strong></span> <span class='ocrx_word' id='word_1_121' title='bbox 1677 1554 1916 1608; x_wconf 79' lang='lat' dir='ltr'><strong>Ardeati-</strong></span> 
     </span>
    </p>
   </div>
   <div class='ocr_carea' id='block_1_18' title="bbox 303 1646 1916 1718">
    <p class='ocr_par' dir='ltr' id='par_1_18' title="bbox 303 1646 1916 1718">
     <span class='ocr_line' id='line_1_18' title="bbox 303 1646 1916 1718; baseline -0.001 -18"><span class='ocrx_word' id='word_1_122' title='bbox 303 1662 457 1711; x_wconf 77' lang='lat' dir='ltr'><strong>nam,</strong></span> <span class='ocrx_word' id='word_1_123' title='bbox 492 1648 789 1700; x_wconf 78' lang='lat' dir='ltr'><strong>invenerunt</strong></span> <span class='ocrx_word' id='word_1_124' title='bbox 825 1648 1205 1718; x_wconf 82' lang='lat' dir='ltr'><strong>sarcOphagum</strong></span> <span class='ocrx_word' id='word_1_125' title='bbox 1259 1663 1605 1702; x_wconf 86' lang='lat' dir='ltr'><strong>marmoreum</strong></span> <span class='ocrx_word' id='word_1_126' title='bbox 1646 1663 1708 1700; x_wconf 81' lang='lat' dir='ltr'><strong>ea:</strong></span> <span class='ocrx_word' id='word_1_127' title='bbox 1736 1646 1916 1699; x_wconf 88' lang='lat' dir='ltr'><strong>candi-</strong></span> 
     </span>
    </p>
   </div>
   <div class='ocr_carea' id='block_1_19' title="bbox 2019 444 3617 518">
    <p class='ocr_par' dir='ltr' id='par_1_19' title="bbox 2019 444 3617 518">
     <span class='ocr_line' id='line_1_19' title="bbox 2019 444 3617 518; baseline -0.001 -16"><span class='ocrx_word' id='word_1_128' title='bbox 2019 446 2359 518; x_wconf 82' lang='lat' dir='ltr'><strong>sarc0pliagi,</strong></span> <span class='ocrx_word' id='word_1_129' title='bbox 2392 448 2444 502; x_wconf 93' lang='lat' dir='ltr'><strong>in</strong></span> <span class='ocrx_word' id='word_1_130' title='bbox 2477 462 2582 516; x_wconf 93' lang='lat' dir='ltr'><strong>quo</strong></span> <span class='ocrx_word' id='word_1_131' title='bbox 2608 462 2732 503; x_wconf 92' lang='lat' dir='ltr'><strong>eum</strong></span> <span class='ocrx_word' id='word_1_132' title='bbox 2763 444 3073 516; x_wconf 89' lang='lat' dir='ltr'><strong>pontiﬁcem</strong></span> <span class='ocrx_word' id='word_1_133' title='bbox 3119 445 3422 516; x_wconf 86' lang='lat' dir='ltr'><strong>depositum</strong></span> <span class='ocrx_word' id='word_1_134' title='bbox 3454 444 3617 500; x_wconf 87' lang='lat' dir='ltr'><strong>fuisse</strong></span> 
     </span>
    </p>
   </div>
   <div class='ocr_carea' id='block_1_20' title="bbox 2017 536 3627 607">
    <p class='ocr_par' dir='ltr' id='par_1_20' title="bbox 2017 536 3627 607">
     <span class='ocr_line' id='line_1_20' title="bbox 2017 536 3627 607; baseline -0.001 -14"><span class='ocrx_word' id='word_1_135' title='bbox 2017 540 2314 607; x_wconf 89' lang='lat' dir='ltr'><strong>conjiciunt</strong></span> <span class='ocrx_word' id='word_1_136' title='bbox 2346 539 2447 594; x_wconf 89' lang='lat' dir='ltr'><strong>viri</strong></span> <span class='ocrx_word' id='word_1_137' title='bbox 2489 539 2562 594; x_wconf 90' lang='lat' dir='ltr'><strong>illi</strong></span> <span class='ocrx_word' id='word_1_138' title='bbox 2593 537 2901 594; x_wconf 77' lang='lat' dir='ltr'><strong>clarissimi.</strong></span> <span class='ocrx_word' id='word_1_139' title='bbox 2949 537 3219 592; x_wconf 68' lang='lat' dir='ltr'><strong>Vaticanm</strong></span> <span class='ocrx_word' id='word_1_140' title='bbox 3250 536 3503 593; x_wconf 72' lang='lat' dir='ltr'><strong>Ecclesia:</strong></span> <span class='ocrx_word' id='word_1_141' title='bbox 3530 552 3627 592; x_wconf 84' lang='lat' dir='ltr'><strong>co-</strong></span> 
     </span>
    </p>
   </div>
   <div class='ocr_carea' id='block_1_21' title="bbox 2017 631 3629 703">
    <p class='ocr_par' dir='ltr' id='par_1_21' title="bbox 2017 631 3629 703">
     <span class='ocr_line' id='line_1_21' title="bbox 2017 631 3629 703; baseline -0.001 -16"><span class='ocrx_word' id='word_1_142' title='bbox 2017 631 2162 700; x_wconf 78' lang='lat' dir='ltr'><strong>dex,</strong></span> <span class='ocrx_word' id='word_1_143' title='bbox 2208 632 2515 703; x_wconf 79' lang='lat' dir='ltr'><strong>CUpientem</strong></span> <span class='ocrx_word' id='word_1_144' title='bbox 2562 633 2826 698; x_wconf 89' lang='lat' dir='ltr'><strong>dissolvi,</strong></span> <span class='ocrx_word' id='word_1_145' title='bbox 2878 631 3005 702; x_wconf 81' lang='lat' dir='ltr'><strong>febri</strong></span> <span class='ocrx_word' id='word_1_146' title='bbox 3031 642 3363 702; x_wconf 88' lang='lat' dir='ltr'><strong>correptum,</strong></span> <span class='ocrx_word' id='word_1_147' title='bbox 3415 638 3629 700; x_wconf 87' lang='lat' dir='ltr'><strong>sumpto</strong></span> 
     </span>
    </p>
   </div>
   <div class='ocr_carea' id='block_1_22' title="bbox 2018 724 3628 795">
    <p class='ocr_par' dir='ltr' id='par_1_22' title="bbox 2018 724 3628 795">
     <span class='ocr_line' id='line_1_22' title="bbox 2018 724 3628 795; baseline -0.001 -15"><span class='ocrx_word' id='word_1_148' title='bbox 2018 739 2248 795; x_wconf 89' lang='lat' dir='ltr'><strong>corpore</strong></span> <span class='ocrx_word' id='word_1_149' title='bbox 2274 734 2329 780; x_wconf 91' lang='lat' dir='ltr'><strong>et</strong></span> <span class='ocrx_word' id='word_1_150' title='bbox 2360 726 2621 795; x_wconf 89' lang='lat' dir='ltr'><strong>sanguine</strong></span> <span class='ocrx_word' id='word_1_151' title='bbox 2662 724 2914 791; x_wconf 82' lang='lat' dir='ltr'><strong>Domini,</strong></span> <span class='ocrx_word' id='word_1_152' title='bbox 2955 725 3289 793; x_wconf 87' lang='lat' dir='ltr'><strong>elevatisque</strong></span> <span class='ocrx_word' id='word_1_153' title='bbox 3340 726 3392 780; x_wconf 88' lang='lat' dir='ltr'><strong>in</strong></span> <span class='ocrx_word' id='word_1_154' title='bbox 3430 726 3628 781; x_wconf 64' lang='lat' dir='ltr'><strong>caelum</strong></span> 
     </span>
    </p>
   </div>
   <div class='ocr_carea' id='block_1_23' title="bbox 2018 817 3627 887">
    <p class='ocr_par' dir='ltr' id='par_1_23' title="bbox 2018 817 3627 887">
     <span class='ocr_line' id='line_1_23' title="bbox 2018 817 3627 887; baseline -0.002 -13"><span class='ocrx_word' id='word_1_155' title='bbox 2018 819 2191 874; x_wconf 90' lang='lat' dir='ltr'><strong>oculis</strong></span> <span class='ocrx_word' id='word_1_156' title='bbox 2218 833 2281 873; x_wconf 92' lang='lat' dir='ltr'><strong>ac</strong></span> <span class='ocrx_word' id='word_1_157' title='bbox 2311 819 2561 873; x_wconf 89' lang='lat' dir='ltr'><strong>manibus</strong></span> <span class='ocrx_word' id='word_1_158' title='bbox 2591 828 2836 873; x_wconf 84' lang='lat' dir='ltr'><strong>orantem</strong></span> <span class='ocrx_word' id='word_1_159' title='bbox 2869 817 3070 873; x_wconf 87' lang='lat' dir='ltr'><strong>obiisse</strong></span> <span class='ocrx_word' id='word_1_160' title='bbox 3115 818 3264 872; x_wconf 90' lang='lat' dir='ltr'><strong>illum</strong></span> <span class='ocrx_word' id='word_1_161' title='bbox 3295 818 3478 884; x_wconf 90' lang='lat' dir='ltr'><strong>refert,</strong></span> <span class='ocrx_word' id='word_1_162' title='bbox 3506 832 3627 887; x_wconf 63' lang='lat' dir='ltr'><strong>quas</strong></span> 
     </span>
    </p>
   </div>
   <div class='ocr_carea' id='block_1_24' title="bbox 2019 910 3625 980">
    <p class='ocr_par' dir='ltr' id='par_1_24' title="bbox 2019 910 3625 980">
     <span class='ocr_line' id='line_1_24' title="bbox 2019 910 3625 980; baseline -0.003 -14"><span class='ocrx_word' id='word_1_163' title='bbox 2019 911 2156 966; x_wconf 88' lang='lat' dir='ltr'><strong>forte</strong></span> <span class='ocrx_word' id='word_1_164' title='bbox 2188 922 2269 965; x_wconf 88' lang='lat' dir='ltr'><strong>est</strong></span> <span class='ocrx_word' id='word_1_165' title='bbox 2300 927 2461 965; x_wconf 70' lang='lat' dir='ltr'><strong>causa</strong></span> <span class='ocrx_word' id='word_1_166' title='bbox 2484 954 2497 976; x_wconf 93' lang='lat'><strong>,</strong></span> <span class='ocrx_word' id='word_1_167' title='bbox 2535 928 2631 966; x_wconf 92' lang='lat' dir='ltr'><strong>cur</strong></span> <span class='ocrx_word' id='word_1_168' title='bbox 2661 928 2783 966; x_wconf 86' lang='lat' dir='ltr'><strong>cum</strong></span> <span class='ocrx_word' id='word_1_169' title='bbox 2815 910 3186 966; x_wconf 76' lang='lat' dir='ltr'><strong>febricitantes</strong></span> <span class='ocrx_word' id='word_1_170' title='bbox 3214 920 3499 980; x_wconf 87' lang='lat' dir='ltr'><strong>patronum</strong></span> <span class='ocrx_word' id='word_1_171' title='bbox 3524 911 3625 967; x_wconf 82' lang='lat' dir='ltr'><strong>ali.</strong></span> 
     </span>
    </p>
   </div>
   <div class='ocr_carea' id='block_1_25' title="bbox 2016 1001 3631 1074">
    <p class='ocr_par' dir='ltr' id='par_1_25' title="bbox 2016 1001 3631 1074">
     <span class='ocr_line' id='line_1_25' title="bbox 2016 1001 3631 1074; baseline 0.001 -18"><span class='ocrx_word' id='word_1_172' title='bbox 2016 1002 2236 1074; x_wconf 92' lang='lat' dir='ltr'><strong>quando</strong></span> <span class='ocrx_word' id='word_1_173' title='bbox 2262 1004 2527 1072; x_wconf 79' lang='lat' dir='ltr'><strong>elegerint</strong></span> <span class='ocrx_word' id='word_1_174' title='bbox 2554 1001 2653 1074; x_wconf 91' lang='lat' dir='ltr'><strong>(a).</strong></span> <span class='ocrx_word' id='word_1_175' title='bbox 2710 1002 2879 1071; x_wconf 89' lang='lat' dir='ltr'><strong>llujus</strong></span> <span class='ocrx_word' id='word_1_176' title='bbox 2904 1002 3233 1056; x_wconf 86' lang='lat' dir='ltr'><strong>sanctissimi</strong></span> <span class='ocrx_word' id='word_1_177' title='bbox 3263 1045 3278 1068; x_wconf 89' lang='lat'><strong>,</strong></span> <span class='ocrx_word' id='word_1_178' title='bbox 3328 1018 3391 1057; x_wconf 87' lang='lat' dir='ltr'><strong>ac</strong></span> <span class='ocrx_word' id='word_1_179' title='bbox 3417 1004 3631 1071; x_wconf 84' lang='lat' dir='ltr'><strong>sapien-</strong></span> 
     </span>
    </p>
   </div>
   <div class='ocr_carea' id='block_1_26' title="bbox 2020 1093 3626 1166">
    <p class='ocr_par' dir='ltr' id='par_1_26' title="bbox 2020 1093 3626 1166">
     <span class='ocr_line' id='line_1_26' title="bbox 2020 1093 3626 1166; baseline -0.001 -18"><span class='ocrx_word' id='word_1_180' title='bbox 2020 1093 2215 1149; x_wconf 86' lang='lat' dir='ltr'><strong>tissimi</strong></span> <span class='ocrx_word' id='word_1_181' title='bbox 2243 1096 2513 1166; x_wconf 88' lang='lat' dir='ltr'><strong>pontiticis</strong></span> <span class='ocrx_word' id='word_1_182' title='bbox 2536 1096 2588 1149; x_wconf 91' lang='lat' dir='ltr'><strong>in</strong></span> <span class='ocrx_word' id='word_1_183' title='bbox 2615 1095 2809 1149; x_wconf 88' lang='lat' dir='ltr'><strong>tuenda</strong></span> <span class='ocrx_word' id='word_1_184' title='bbox 2834 1094 3097 1149; x_wconf 88' lang='lat' dir='ltr'><strong>catholica</strong></span> <span class='ocrx_word' id='word_1_185' title='bbox 3122 1094 3227 1149; x_wconf 89' lang='lat' dir='ltr'><strong>ﬁde</strong></span> <span class='ocrx_word' id='word_1_186' title='bbox 3244 1096 3626 1161; x_wconf 83' lang='lat' dir='ltr'><strong>constantiam,</strong></span> 
     </span>
    </p>
   </div>
   <div class='ocr_carea' id='block_1_27' title="bbox 2019 1186 3627 1258">
    <p class='ocr_par' dir='ltr' id='par_1_27' title="bbox 2019 1186 3627 1258">
     <span class='ocr_line' id='line_1_27' title="bbox 2019 1186 3627 1258; baseline 0.003 -19"><span class='ocrx_word' id='word_1_187' title='bbox 2019 1186 2070 1240; x_wconf 91' lang='lat' dir='ltr'><strong>in</strong></span> <span class='ocrx_word' id='word_1_188' title='bbox 2106 1187 2347 1241; x_wconf 81' lang='lat' dir='ltr'><strong>moribus</strong></span> <span class='ocrx_word' id='word_1_189' title='bbox 2378 1188 2739 1257; x_wconf 83' lang='lat' dir='ltr'><strong>integritatem</strong></span> <span class='ocrx_word' id='word_1_190' title='bbox 2771 1202 2899 1258; x_wconf 88' lang='lat' dir='ltr'><strong>erga</strong></span> <span class='ocrx_word' id='word_1_191' title='bbox 2928 1203 3195 1258; x_wconf 75' lang='lat' dir='ltr'><strong>pauperes</strong></span> <span class='ocrx_word' id='word_1_192' title='bbox 3225 1203 3627 1258; x_wconf 81' lang='lat' dir='ltr'><strong>oppressosque</strong></span> 
     </span>
    </p>
   </div>
   <div class='ocr_carea' id='block_1_28' title="bbox 2018 1264 3632 1350">
    <p class='ocr_par' dir='ltr' id='par_1_28' title="bbox 2018 1264 3632 1350">
     <span class='ocr_line' id='line_1_28' title="bbox 2018 1264 3632 1350; baseline 0 -15"><span class='ocrx_word' id='word_1_193' title='bbox 2018 1281 2307 1349; x_wconf 77' lang='lat' dir='ltr'><strong>episcopos</strong></span> <span class='ocrx_word' id='word_1_194' title='bbox 2350 1264 2992 1350; x_wconf 52' lang='lat' dir='ltr'><strong>misericordiam;atque</strong></span> <span class='ocrx_word' id='word_1_195' title='bbox 3024 1281 3410 1335; x_wconf 82' lang='lat' dir='ltr'><strong>humanitatem</strong></span> <span class='ocrx_word' id='word_1_196' title='bbox 3442 1322 3456 1348; x_wconf 94' lang='lat'><strong>,</strong></span> <span class='ocrx_word' id='word_1_197' title='bbox 3487 1281 3632 1336; x_wconf 86' lang='lat' dir='ltr'><strong>cltri-</strong></span> 
     </span>
    </p>
   </div>
   <div class='ocr_carea' id='block_1_29' title="bbox 2018 1370 3632 1439">
    <p class='ocr_par' dir='ltr' id='par_1_29' title="bbox 2018 1370 3632 1439">
     <span class='ocr_line' id='line_1_29' title="bbox 2018 1370 3632 1439; baseline 0.001 -14"><span class='ocrx_word' id='word_1_198' title='bbox 2018 1372 2248 1425; x_wconf 83' lang='lat' dir='ltr'><strong>stianam</strong></span> <span class='ocrx_word' id='word_1_199' title='bbox 2296 1370 2686 1434; x_wconf 87' lang='lat' dir='ltr'><strong>humilitatem,</strong></span> <span class='ocrx_word' id='word_1_200' title='bbox 2726 1370 3071 1439; x_wconf 89' lang='lat' dir='ltr'><strong>doctrinam,</strong></span> <span class='ocrx_word' id='word_1_201' title='bbox 3124 1387 3403 1427; x_wconf 87' lang='lat' dir='ltr'><strong>sacrorqu</strong></span> <span class='ocrx_word' id='word_1_202' title='bbox 3462 1373 3632 1427; x_wconf 68' lang='lat' dir='ltr'><strong>aediﬁ-</strong></span> 
     </span>
    </p>
   </div>
   <div class='ocr_carea' id='block_1_30' title="bbox 2018 1463 3630 1535">
    <p class='ocr_par' dir='ltr' id='par_1_30' title="bbox 2018 1463 3630 1535">
     <span class='ocr_line' id='line_1_30' title="bbox 2018 1463 3630 1535; baseline 0.001 -18"><span class='ocrx_word' id='word_1_203' title='bbox 2018 1463 2225 1517; x_wconf 90' lang='lat' dir='ltr'><strong>ciorum</strong></span> <span class='ocrx_word' id='word_1_204' title='bbox 2256 1478 2459 1523; x_wconf 84' lang='lat' dir='ltr'><strong>curam,</strong></span> <span class='ocrx_word' id='word_1_205' title='bbox 2495 1464 2735 1532; x_wconf 85' lang='lat' dir='ltr'><strong>aliasque</strong></span> <span class='ocrx_word' id='word_1_206' title='bbox 2761 1463 3049 1533; x_wconf 58' lang='lat' dir='ltr'><strong>praeclaras</strong></span> <span class='ocrx_word' id='word_1_207' title='bbox 3071 1464 3315 1532; x_wconf 88' lang='lat' dir='ltr'><strong>virtutes,</strong></span> <span class='ocrx_word' id='word_1_208' title='bbox 3349 1465 3508 1518; x_wconf 89' lang='lat' dir='ltr'><strong>allata</strong></span> <span class='ocrx_word' id='word_1_209' title='bbox 3532 1481 3630 1535; x_wconf 87' lang='lat' dir='ltr'><strong>per</strong></span> 
     </span>
    </p>
   </div>
   <div class='ocr_carea' id='block_1_31' title="bbox 2023 1552 3637 1614">
    <p class='ocr_par' dir='ltr' id='par_1_31' title="bbox 2023 1552 3637 1614">
     <span class='ocr_line' id='line_1_31' title="bbox 2023 1552 3637 1614; baseline 0.001 -4"><span class='ocrx_word' id='word_1_210' title='bbox 2023 1552 2372 1610; x_wconf 86' lang='lat' dir='ltr'><strong>Sarazaninm</strong></span> <span class='ocrx_word' id='word_1_211' title='bbox 2426 1570 2489 1609; x_wconf 86' lang='lat' dir='ltr'><strong>ac</strong></span> <span class='ocrx_word' id='word_1_212' title='bbox 2540 1553 2597 1608; x_wconf 84' lang='lat' dir='ltr'><strong>P.</strong></span> <span class='ocrx_word' id='word_1_213' title='bbox 2629 1552 3005 1609; x_wconf 88' lang='lat' dir='ltr'><strong>Constantium</strong></span> <span class='ocrx_word' id='word_1_214' title='bbox 3057 1554 3368 1611; x_wconf 67' lang='lat' dir='ltr'><strong>Graecorum</strong></span> <span class='ocrx_word' id='word_1_215' title='bbox 3399 1573 3461 1612; x_wconf 90' lang='lat' dir='ltr'><strong>ac</strong></span> <span class='ocrx_word' id='word_1_216' title='bbox 3491 1557 3637 1614; x_wconf 85' lang='lat' dir='ltr'><strong>Lati-</strong></span> 
     </span>
    </p>
   </div>
   <div class='ocr_carea' id='block_1_32' title="bbox 2021 1648 3630 1721">
    <p class='ocr_par' dir='ltr' id='par_1_32' title="bbox 2021 1648 3630 1721">
     <span class='ocr_line' id='line_1_32' title="bbox 2021 1648 3630 1721; baseline 0.002 -20"><span class='ocrx_word' id='word_1_217' title='bbox 2021 1664 2213 1703; x_wconf 90' lang='lat' dir='ltr'><strong>norum</strong></span> <span class='ocrx_word' id='word_1_218' title='bbox 2249 1648 2465 1703; x_wconf 87' lang='lat' dir='ltr'><strong>Patrum</strong></span> <span class='ocrx_word' id='word_1_219' title='bbox 2501 1649 2829 1714; x_wconf 86' lang='lat' dir='ltr'><strong>testimonia,</strong></span> <span class='ocrx_word' id='word_1_220' title='bbox 2866 1664 2927 1702; x_wconf 91' lang='lat' dir='ltr'><strong>ac</strong></span> <span class='ocrx_word' id='word_1_221' title='bbox 2952 1648 3069 1720; x_wconf 89' lang='lat' dir='ltr'><strong>ejus</strong></span> <span class='ocrx_word' id='word_1_222' title='bbox 3099 1663 3364 1719; x_wconf 71' lang='lat' dir='ltr'><strong>praeterea</strong></span> <span class='ocrx_word' id='word_1_223' title='bbox 3392 1665 3513 1721; x_wconf 62' lang='lat' dir='ltr'><strong>quin</strong></span> <span class='ocrx_word' id='word_1_224' title='bbox 3540 1666 3630 1705; x_wconf 86' lang='lat' dir='ltr'><strong>su-</strong></span> 
     </span>
    </p>
   </div>
   <div class='ocr_carea' id='block_1_33' title="bbox 305 1735 3627 1814">
    <p class='ocr_par' dir='ltr' id='par_1_33' title="bbox 305 1735 3627 1814">
     <span class='ocr_line' id='line_1_33' title="bbox 305 1735 3627 1814; baseline 0.003 -25"><span class='ocrx_word' id='word_1_225' title='bbox 305 1736 516 1791; x_wconf 84' lang='lat' dir='ltr'><strong>dissimo</strong></span> <span class='ocrx_word' id='word_1_226' title='bbox 550 1735 710 1790; x_wconf 86' lang='lat' dir='ltr'><strong>Pario</strong></span> <span class='ocrx_word' id='word_1_227' title='bbox 739 1736 912 1807; x_wconf 80' lang='lat' dir='ltr'><strong>lapide</strong></span> <span class='ocrx_word' id='word_1_228' title='bbox 936 1738 1118 1809; x_wconf 82' lang='lat' dir='ltr'><strong>ﬁgura:</strong></span> <span class='ocrx_word' id='word_1_229' title='bbox 1158 1738 1318 1792; x_wconf 84' lang='lat' dir='ltr'><strong>ovalis</strong></span> <span class='ocrx_word' id='word_1_230' title='bbox 1345 1780 1356 1799; x_wconf 86' lang='lat'><strong>.</strong></span> <span class='ocrx_word' id='word_1_231' title='bbox 1392 1740 1681 1808; x_wconf 89' lang='lat' dir='ltr'><strong>palmorum</strong></span> <span class='ocrx_word' id='word_1_232' title='bbox 1709 1740 1817 1808; x_wconf 80' lang='lat' dir='ltr'><strong>fere</strong></span> <span class='ocrx_word' id='word_1_233' title='bbox 1848 1735 1912 1791; x_wconf 77' lang='grc'><strong>14</strong></span> <span class='ocrx_word' id='word_1_234' title='bbox 1946 1753 1992 1814; x_wconf 79' lang='grc' dir='ltr'><strong>Β</strong></span> <span class='ocrx_word' id='word_1_235' title='bbox 2021 1750 2245 1812; x_wconf 88' lang='lat' dir='ltr'><strong>persunt</strong></span> <span class='ocrx_word' id='word_1_236' title='bbox 2272 1743 2491 1812; x_wconf 85' lang='lat' dir='ltr'><strong>scripta,</strong></span> <span class='ocrx_word' id='word_1_237' title='bbox 2522 1743 2596 1796; x_wconf 92' lang='lat' dir='ltr'><strong>ita</strong></span> <span class='ocrx_word' id='word_1_238' title='bbox 2630 1742 3030 1808; x_wconf 89' lang='lat' dir='ltr'><strong>commendant,</strong></span> <span class='ocrx_word' id='word_1_239' title='bbox 3067 1752 3123 1797; x_wconf 92' lang='lat' dir='ltr'><strong>ut</strong></span> <span class='ocrx_word' id='word_1_240' title='bbox 3151 1744 3347 1798; x_wconf 80' lang='lat' dir='ltr'><strong>frustra</strong></span> <span class='ocrx_word' id='word_1_241' title='bbox 3373 1749 3482 1800; x_wconf 92' lang='lat' dir='ltr'><strong>sint</strong></span> <span class='ocrx_word' id='word_1_242' title='bbox 3511 1762 3627 1799; x_wconf 93' lang='lat' dir='ltr'><strong>om-</strong></span> 
     </span>
    </p>
   </div>
   <div class='ocr_carea' id='block_1_34' title="bbox 302 1830 1914 1903">
    <p class='ocr_par' dir='ltr' id='par_1_34' title="bbox 302 1830 1914 1903">
     <span class='ocr_line' id='line_1_34' title="bbox 302 1830 1914 1903; baseline -0.001 -18"><span class='ocrx_word' id='word_1_243' title='bbox 302 1831 664 1903; x_wconf 87' lang='lat' dir='ltr'><strong>longitudiuis,</strong></span> <span class='ocrx_word' id='word_1_244' title='bbox 690 1847 779 1885; x_wconf 72' lang='lat' dir='ltr'><strong>sea:</strong></span> <span class='ocrx_word' id='word_1_245' title='bbox 805 1830 1115 1897; x_wconf 82' lang='lat' dir='ltr'><strong>altitudinis,</strong></span> <span class='ocrx_word' id='word_1_246' title='bbox 1152 1831 1315 1885; x_wconf 91' lang='lat' dir='ltr'><strong>latum</strong></span> <span class='ocrx_word' id='word_1_247' title='bbox 1340 1834 1582 1903; x_wconf 88' lang='lat' dir='ltr'><strong>quinque,</strong></span> <span class='ocrx_word' id='word_1_248' title='bbox 1612 1832 1763 1899; x_wconf 86' lang='lat' dir='ltr'><strong>cujus</strong></span> <span class='ocrx_word' id='word_1_249' title='bbox 1793 1847 1914 1900; x_wconf 86' lang='lat' dir='ltr'><strong>pro—</strong></span> 
     </span>
    </p>
   </div>
   <div class='ocr_carea' id='block_1_35' title="bbox 303 1924 1917 1997">
    <p class='ocr_par' dir='ltr' id='par_1_35' title="bbox 303 1924 1917 1997">
     <span class='ocr_line' id='line_1_35' title="bbox 303 1924 1917 1997; baseline -0.001 -17"><span class='ocrx_word' id='word_1_250' title='bbox 303 1936 507 1995; x_wconf 84' lang='lat' dir='ltr'><strong>spectus</strong></span> <span class='ocrx_word' id='word_1_251' title='bbox 552 1924 829 1997; x_wconf 88' lang='lat' dir='ltr'><strong>spiralibus</strong></span> <span class='ocrx_word' id='word_1_252' title='bbox 871 1925 1025 1979; x_wconf 87' lang='lat' dir='ltr'><strong>undis</strong></span> <span class='ocrx_word' id='word_1_253' title='bbox 1068 1926 1122 1978; x_wconf 89' lang='lat' dir='ltr'><strong>in</strong></span> <span class='ocrx_word' id='word_1_254' title='bbox 1158 1930 1328 1997; x_wconf 78' lang='lat' dir='ltr'><strong>fronte</strong></span> <span class='ocrx_word' id='word_1_255' title='bbox 1359 1935 1632 1979; x_wconf 81' lang='lat' dir='ltr'><strong>exornatus</strong></span> <span class='ocrx_word' id='word_1_256' title='bbox 1670 1934 1820 1992; x_wconf 90' lang='lat' dir='ltr'><strong>erat,</strong></span> <span class='ocrx_word' id='word_1_257' title='bbox 1869 1932 1917 1978; x_wconf 86' lang='lat' dir='ltr'><strong>et</strong></span> 
     </span>
    </p>
   </div>
   <div class='ocr_carea' id='block_1_36' title="bbox 303 2017 1917 2090">
    <p class='ocr_par' dir='ltr' id='par_1_36' title="bbox 303 2017 1917 2090">
     <span class='ocr_line' id='line_1_36' title="bbox 303 2017 1917 2090; baseline 0 -19"><span class='ocrx_word' id='word_1_258' title='bbox 303 2019 549 2087; x_wconf 85' lang='lat' dir='ltr'><strong>utrinque</strong></span> <span class='ocrx_word' id='word_1_259' title='bbox 597 2018 834 2072; x_wconf 80' lang='lat' dir='ltr'><strong>desinens</strong></span> <span class='ocrx_word' id='word_1_260' title='bbox 882 2018 935 2071; x_wconf 90' lang='lat' dir='ltr'><strong>in</strong></span> <span class='ocrx_word' id='word_1_261' title='bbox 988 2018 1309 2090; x_wconf 71' lang='lat' dir='ltr'><strong>praegrandis</strong></span> <span class='ocrx_word' id='word_1_262' title='bbox 1363 2023 1543 2090; x_wconf 75' lang='lat' dir='ltr'><strong>forma:</strong></span> <span class='ocrx_word' id='word_1_263' title='bbox 1582 2019 1710 2071; x_wconf 87' lang='lat' dir='ltr'><strong>duos</strong></span> <span class='ocrx_word' id='word_1_264' title='bbox 1748 2017 1917 2071; x_wconf 88' lang='lat' dir='ltr'><strong>leones</strong></span> 
     </span>
    </p>
   </div>
   <div class='ocr_carea' id='block_1_37' title="bbox 303 2104 1919 2181">
    <p class='ocr_par' dir='ltr' id='par_1_37' title="bbox 303 2104 1919 2181">
     <span class='ocr_line' id='line_1_37' title="bbox 303 2104 1919 2181; baseline -0.001 -16"><span class='ocrx_word' id='word_1_265' title='bbox 303 2110 514 2177; x_wconf 77' lang='lat' dir='ltr'><strong>aﬂ&#39;abre</strong></span> <span class='ocrx_word' id='word_1_266' title='bbox 543 2110 786 2180; x_wconf 79' lang='lat' dir='ltr'><strong>scalptos.</strong></span> <span class='ocrx_word' id='word_1_267' title='bbox 839 2107 923 2163; x_wconf 78' lang='lat' dir='ltr'><strong>Ea:</strong></span> <span class='ocrx_word' id='word_1_268' title='bbox 950 2104 1047 2163; x_wconf 75' lang='lat' dir='ltr'><strong>hoc</strong></span> <span class='ocrx_word' id='word_1_269' title='bbox 1068 2109 1275 2181; x_wconf 83' lang='lat' dir='ltr'><strong>jamdiu</strong></span> <span class='ocrx_word' id='word_1_270' title='bbox 1311 2126 1499 2179; x_wconf 89' lang='lat' dir='ltr'><strong>corpus</strong></span> <span class='ocrx_word' id='word_1_271' title='bbox 1526 2110 1797 2179; x_wconf 77' lang='lat' dir='ltr'><strong>diligenter</strong></span> <span class='ocrx_word' id='word_1_272' title='bbox 1836 2126 1919 2164; x_wconf 77' lang='lat' dir='ltr'><strong>ex-</strong></span> 
     </span>
    </p>
   </div>
   <div class='ocr_carea' id='block_1_38' title="bbox 299 2204 1917 2274">
    <p class='ocr_par' dir='ltr' id='par_1_38' title="bbox 299 2204 1917 2274">
     <span class='ocr_line' id='line_1_38' title="bbox 299 2204 1917 2274; baseline -0.004 -13"><span class='ocrx_word' id='word_1_273' title='bbox 299 2216 540 2261; x_wconf 88' lang='lat' dir='ltr'><strong>tractum</strong></span> <span class='ocrx_word' id='word_1_274' title='bbox 585 2205 744 2274; x_wconf 75' lang='lat' dir='ltr'><strong>fuisse</strong></span> <span class='ocrx_word' id='word_1_275' title='bbox 772 2204 1089 2274; x_wconf 87' lang='lat' dir='ltr'><strong>apparebat,</strong></span> <span class='ocrx_word' id='word_1_276' title='bbox 1142 2204 1231 2257; x_wconf 85' lang='lat' dir='ltr'><strong>sed</strong></span> <span class='ocrx_word' id='word_1_277' title='bbox 1274 2213 1569 2273; x_wconf 80' lang='lat' dir='ltr'><strong>coepertum</strong></span> <span class='ocrx_word' id='word_1_278' title='bbox 1614 2211 1781 2255; x_wconf 82' lang='lat' dir='ltr'><strong>tanien</strong></span> <span class='ocrx_word' id='word_1_279' title='bbox 1811 2212 1917 2265; x_wconf 79' lang='lat' dir='ltr'><strong>erat</strong></span> 
     </span>
    </p>
   </div>
   <div class='ocr_carea' id='block_1_39' title="bbox 297 2293 1919 2369">
    <p class='ocr_par' dir='ltr' id='par_1_39' title="bbox 297 2293 1919 2369">
     <span class='ocr_line' id='line_1_39' title="bbox 297 2293 1919 2369; baseline -0.002 -18"><span class='ocrx_word' id='word_1_280' title='bbox 297 2296 608 2369; x_wconf 69' lang='lat' dir='ltr'><strong>pra’grandi</strong></span> <span class='ocrx_word' id='word_1_281' title='bbox 633 2338 648 2362; x_wconf 94' lang='lat'><strong>,</strong></span> <span class='ocrx_word' id='word_1_282' title='bbox 679 2295 767 2351; x_wconf 89' lang='lat' dir='ltr'><strong>sed</strong></span> <span class='ocrx_word' id='word_1_283' title='bbox 792 2296 975 2351; x_wconf 83' lang='lat' dir='ltr'><strong>diversi</strong></span> <span class='ocrx_word' id='word_1_284' title='bbox 1007 2296 1205 2366; x_wconf 87' lang='lat' dir='ltr'><strong>generis</strong></span> <span class='ocrx_word' id='word_1_285' title='bbox 1235 2312 1489 2348; x_wconf 88' lang='lat' dir='ltr'><strong>marmore</strong></span> <span class='ocrx_word' id='word_1_286' title='bbox 1521 2293 1731 2362; x_wconf 71' lang='lat' dir='ltr'><strong>eﬂracto</strong></span> <span class='ocrx_word' id='word_1_287' title='bbox 1758 2337 1772 2360; x_wconf 88' lang='lat'><strong>,</strong></span> <span class='ocrx_word' id='word_1_288' title='bbox 1820 2311 1919 2364; x_wconf 90' lang='lat' dir='ltr'><strong>quo</strong></span> 
     </span>
    </p>
   </div>
   <div class='ocr_carea' id='block_1_40' title="bbox 298 2389 1920 2463">
    <p class='ocr_par' dir='ltr' id='par_1_40' title="bbox 298 2389 1920 2463">
     <span class='ocr_line' id='line_1_40' title="bbox 298 2389 1920 2463; baseline -0.003 -16"><span class='ocrx_word' id='word_1_289' title='bbox 298 2409 469 2461; x_wconf 83' lang='lat' dir='ltr'><strong>super</strong></span> <span class='ocrx_word' id='word_1_290' title='bbox 524 2402 691 2445; x_wconf 82' lang='lat' dir='ltr'><strong>erecta</strong></span> <span class='ocrx_word' id='word_1_291' title='bbox 722 2392 889 2459; x_wconf 76' lang='lat' dir='ltr'><strong>fuerat</strong></span> <span class='ocrx_word' id='word_1_292' title='bbox 919 2389 1117 2459; x_wconf 73' lang='lat' dir='ltr'><strong>fabrica</strong></span> <span class='ocrx_word' id='word_1_293' title='bbox 1148 2390 1373 2443; x_wconf 85' lang='lat' dir='ltr'><strong>lateritia</strong></span> <span class='ocrx_word' id='word_1_294' title='bbox 1402 2432 1413 2453; x_wconf 90' lang='lat'><strong>,</strong></span> <span class='ocrx_word' id='word_1_295' title='bbox 1454 2406 1569 2460; x_wconf 80' lang='lat' dir='ltr'><strong>qua:</strong></span> <span class='ocrx_word' id='word_1_296' title='bbox 1606 2390 1920 2463; x_wconf 80' lang='lat' dir='ltr'><strong>pertingebat</strong></span> 
     </span>
    </p>
   </div>
   <div class='ocr_carea' id='block_1_41' title="bbox 302 2484 1925 2556">
    <p class='ocr_par' dir='ltr' id='par_1_41' title="bbox 302 2484 1925 2556">
     <span class='ocr_line' id='line_1_41' title="bbox 302 2484 1925 2556; baseline -0.002 -15"><span class='ocrx_word' id='word_1_297' title='bbox 302 2503 473 2556; x_wconf 81' lang='lat' dir='ltr'><strong>usque</strong></span> <span class='ocrx_word' id='word_1_298' title='bbox 503 2485 571 2538; x_wconf 89' lang='lat' dir='ltr'><strong>ad</strong></span> <span class='ocrx_word' id='word_1_299' title='bbox 601 2486 917 2553; x_wconf 84' lang='lat' dir='ltr'><strong>superiorem</strong></span> <span class='ocrx_word' id='word_1_300' title='bbox 948 2495 1144 2556; x_wconf 88' lang='lat' dir='ltr'><strong>partem</strong></span> <span class='ocrx_word' id='word_1_301' title='bbox 1181 2484 1404 2538; x_wconf 87' lang='lat' dir='ltr'><strong>cubiculi</strong></span> <span class='ocrx_word' id='word_1_302' title='bbox 1440 2501 1459 2539; x_wconf 91' lang='lat'><strong><em>:</em></strong></span> <span class='ocrx_word' id='word_1_303' title='bbox 1488 2486 1637 2549; x_wconf 80' lang='lat' dir='ltr'><strong>iuxta</strong></span> <span class='ocrx_word' id='word_1_304' title='bbox 1668 2500 1783 2537; x_wconf 88' lang='lat' dir='ltr'><strong>vero</strong></span> <span class='ocrx_word' id='word_1_305' title='bbox 1819 2500 1925 2537; x_wconf 85' lang='lat' dir='ltr'><strong>sar-</strong></span> 
     </span>
    </p>
   </div>
   <div class='ocr_carea' id='block_1_42' title="bbox 302 2578 1925 2652">
    <p class='ocr_par' dir='ltr' id='par_1_42' title="bbox 302 2578 1925 2652">
     <span class='ocr_line' id='line_1_42' title="bbox 302 2578 1925 2652; baseline -0.003 -17"><span class='ocrx_word' id='word_1_306' title='bbox 302 2581 603 2652; x_wconf 85' lang='lat' dir='ltr'><strong>c0phagum</strong></span> <span class='ocrx_word' id='word_1_307' title='bbox 663 2581 715 2632; x_wconf 88' lang='lat' dir='ltr'><strong>in</strong></span> <span class='ocrx_word' id='word_1_308' title='bbox 742 2579 993 2647; x_wconf 86' lang='lat' dir='ltr'><strong>superiori</strong></span> <span class='ocrx_word' id='word_1_309' title='bbox 1018 2588 1165 2651; x_wconf 88' lang='lat' dir='ltr'><strong>parte</strong></span> <span class='ocrx_word' id='word_1_310' title='bbox 1204 2578 1382 2632; x_wconf 85' lang='lat' dir='ltr'><strong>aderat</strong></span> <span class='ocrx_word' id='word_1_311' title='bbox 1400 2580 1571 2648; x_wconf 89' lang='lat' dir='ltr'><strong>janua</strong></span> <span class='ocrx_word' id='word_1_312' title='bbox 1602 2594 1761 2647; x_wconf 87' lang='lat' dir='ltr'><strong>parva</strong></span> <span class='ocrx_word' id='word_1_313' title='bbox 1784 2619 1800 2643; x_wconf 92' lang='lat'><strong>,</strong></span> <span class='ocrx_word' id='word_1_314' title='bbox 1836 2594 1925 2647; x_wconf 88' lang='lat' dir='ltr'><strong>per</strong></span> 
     </span>
    </p>
   </div>
   <div class='ocr_carea' id='block_1_43' title="bbox 305 2670 1922 2743">
    <p class='ocr_par' dir='ltr' id='par_1_43' title="bbox 305 2670 1922 2743">
     <span class='ocr_line' id='line_1_43' title="bbox 305 2670 1922 2743; baseline -0.001 -18"><span class='ocrx_word' id='word_1_315' title='bbox 305 2690 467 2743; x_wconf 87' lang='lat' dir='ltr'><strong>quam</strong></span> <span class='ocrx_word' id='word_1_316' title='bbox 487 2671 938 2740; x_wconf 85' lang='lat' dir='ltr'><strong>patebataditusin</strong></span> <span class='ocrx_word' id='word_1_317' title='bbox 961 2689 1060 2725; x_wconf 89' lang='lat' dir='ltr'><strong>non</strong></span> <span class='ocrx_word' id='word_1_318' title='bbox 1074 2671 1349 2726; x_wconf 89' lang='lat' dir='ltr'><strong>admodum</strong></span> <span class='ocrx_word' id='word_1_319' title='bbox 1369 2671 1597 2739; x_wconf 88' lang='lat' dir='ltr'><strong>amplum</strong></span> <span class='ocrx_word' id='word_1_320' title='bbox 1611 2670 1922 2737; x_wconf 88' lang='lat' dir='ltr'><strong>cubiculum,</strong></span> 
     </span>
    </p>
   </div>
   <div class='ocr_carea' id='block_1_44' title="bbox 306 2763 1926 2837">
    <p class='ocr_par' dir='ltr' id='par_1_44' title="bbox 306 2763 1926 2837">
     <span class='ocr_line' id='line_1_44' title="bbox 306 2763 1926 2837; baseline -0.001 -19"><span class='ocrx_word' id='word_1_321' title='bbox 306 2780 389 2819; x_wconf 76' lang='lat' dir='ltr'><strong>xv</strong></span> <span class='ocrx_word' id='word_1_322' title='bbox 413 2768 523 2837; x_wconf 79' lang='lat' dir='ltr'><strong>fere</strong></span> <span class='ocrx_word' id='word_1_323' title='bbox 555 2782 805 2837; x_wconf 82' lang='lat' dir='ltr'><strong>passuum</strong></span> <span class='ocrx_word' id='word_1_324' title='bbox 834 2766 1145 2829; x_wconf 86' lang='lat' dir='ltr'><strong>latitudinis,</strong></span> <span class='ocrx_word' id='word_1_325' title='bbox 1172 2764 1485 2835; x_wconf 85' lang='lat' dir='ltr'><strong>totidemque</strong></span> <span class='ocrx_word' id='word_1_326' title='bbox 1514 2763 1853 2833; x_wconf 81' lang='lat' dir='ltr'><strong>longitudinis</strong></span> <span class='ocrx_word' id='word_1_327' title='bbox 1880 2773 1926 2817; x_wconf 90' lang='lat' dir='ltr'><strong>et</strong></span> 
     </span>
    </p>
   </div>
   <div class='ocr_carea' id='block_1_45' title="bbox 310 2858 1931 2927">
    <p class='ocr_par' dir='ltr' id='par_1_45' title="bbox 310 2858 1931 2927">
     <span class='ocr_line' id='line_1_45' title="bbox 310 2858 1931 2927; baseline 0 -15"><span class='ocrx_word' id='word_1_328' title='bbox 310 2860 641 2925; x_wconf 80' lang='lat' dir='ltr'><strong>altitudinis;</strong></span> <span class='ocrx_word' id='word_1_329' title='bbox 667 2861 717 2912; x_wconf 92' lang='lat' dir='ltr'><strong>iu</strong></span> <span class='ocrx_word' id='word_1_330' title='bbox 741 2860 887 2926; x_wconf 81' lang='lat' dir='ltr'><strong>cuius</strong></span> <span class='ocrx_word' id='word_1_331' title='bbox 916 2858 1084 2927; x_wconf 77' lang='lat' dir='ltr'><strong>fronte</strong></span> <span class='ocrx_word' id='word_1_332' title='bbox 1108 2858 1286 2911; x_wconf 88' lang='lat' dir='ltr'><strong>aderat</strong></span> <span class='ocrx_word' id='word_1_333' title='bbox 1309 2860 1438 2912; x_wconf 82' lang='lat' dir='ltr'><strong>alter</strong></span> <span class='ocrx_word' id='word_1_334' title='bbox 1466 2859 1685 2926; x_wconf 78' lang='lat' dir='ltr'><strong>simplex</strong></span> <span class='ocrx_word' id='word_1_335' title='bbox 1707 2875 1931 2912; x_wconf 87' lang='lat' dir='ltr'><strong>marmo-</strong></span> 
     </span>
    </p>
   </div>
   <div class='ocr_carea' id='block_1_46' title="bbox 311 2950 1926 3023">
    <p class='ocr_par' dir='ltr' id='par_1_46' title="bbox 311 2950 1926 3023">
     <span class='ocr_line' id='line_1_46' title="bbox 311 2950 1926 3023; baseline 0 -20"><span class='ocrx_word' id='word_1_336' title='bbox 311 2967 437 3003; x_wconf 83' lang='lat' dir='ltr'><strong>reus</strong></span> <span class='ocrx_word' id='word_1_337' title='bbox 487 2951 875 3022; x_wconf 81' lang='lat' dir='ltr'><strong>sorcOphagus,</strong></span> <span class='ocrx_word' id='word_1_338' title='bbox 904 2952 1054 3004; x_wconf 84' lang='lat' dir='ltr'><strong>sicuti</strong></span> <span class='ocrx_word' id='word_1_339' title='bbox 1084 2952 1135 3004; x_wconf 90' lang='lat' dir='ltr'><strong>iu</strong></span> <span class='ocrx_word' id='word_1_340' title='bbox 1166 2952 1325 3005; x_wconf 87' lang='lat' dir='ltr'><strong>latere</strong></span> <span class='ocrx_word' id='word_1_341' title='bbox 1346 2951 1531 3004; x_wconf 85' lang='lat' dir='ltr'><strong>similis</strong></span> <span class='ocrx_word' id='word_1_342' title='bbox 1560 2954 1743 3023; x_wconf 79' lang='lat' dir='ltr'><strong>formw</strong></span> <span class='ocrx_word' id='word_1_343' title='bbox 1769 2950 1926 3017; x_wconf 89' lang='lat' dir='ltr'><strong>alius,</strong></span> 
     </span>
    </p>
   </div>
   <div class='ocr_carea' id='block_1_47' title="bbox 312 3043 1929 3116">
    <p class='ocr_par' dir='ltr' id='par_1_47' title="bbox 312 3043 1929 3116">
     <span class='ocr_line' id='line_1_47' title="bbox 312 3043 1929 3116; baseline 0.001 -21"><span class='ocrx_word' id='word_1_344' title='bbox 312 3044 406 3111; x_wconf 79' lang='lat' dir='ltr'><strong>qui</strong></span> <span class='ocrx_word' id='word_1_345' title='bbox 421 3044 611 3114; x_wconf 87' lang='lat' dir='ltr'><strong>pariter</strong></span> <span class='ocrx_word' id='word_1_346' title='bbox 628 3045 773 3097; x_wconf 80' lang='lat' dir='ltr'><strong>vacui</strong></span> <span class='ocrx_word' id='word_1_347' title='bbox 798 3045 986 3116; x_wconf 86' lang='lat' dir='ltr'><strong>reperti</strong></span> <span class='ocrx_word' id='word_1_348' title='bbox 1010 3053 1145 3098; x_wconf 88' lang='lat' dir='ltr'><strong>sunt.</strong></span> <span class='ocrx_word' id='word_1_349' title='bbox 1173 3043 1301 3098; x_wconf 86' lang='lat' dir='ltr'><strong>Post</strong></span> <span class='ocrx_word' id='word_1_350' title='bbox 1317 3061 1507 3115; x_wconf 88' lang='lat' dir='ltr'><strong>paucos</strong></span> <span class='ocrx_word' id='word_1_351' title='bbox 1524 3045 1677 3098; x_wconf 89' lang='lat' dir='ltr'><strong>etiam</strong></span> <span class='ocrx_word' id='word_1_352' title='bbox 1697 3044 1805 3097; x_wconf 85' lang='lat' dir='ltr'><strong>dies</strong></span> <span class='ocrx_word' id='word_1_353' title='bbox 1828 3061 1929 3097; x_wconf 89' lang='lat' dir='ltr'><strong>non</strong></span> 
     </span>
    </p>
   </div>
   <div class='ocr_carea' id='block_1_48' title="bbox 2021 1836 3632 1907">
    <p class='ocr_par' dir='ltr' id='par_1_48' title="bbox 2021 1836 3632 1907">
     <span class='ocr_line' id='line_1_48' title="bbox 2021 1836 3632 1907; baseline 0.003 -16"><span class='ocrx_word' id='word_1_354' title='bbox 2021 1852 2121 1891; x_wconf 91' lang='lat' dir='ltr'><strong>nes</strong></span> <span class='ocrx_word' id='word_1_355' title='bbox 2150 1836 2515 1907; x_wconf 87' lang='lat' dir='ltr'><strong>antiquorum,</strong></span> <span class='ocrx_word' id='word_1_356' title='bbox 2542 1853 2605 1891; x_wconf 90' lang='lat' dir='ltr'><strong>ac</strong></span> <span class='ocrx_word' id='word_1_357' title='bbox 2628 1837 2925 1893; x_wconf 91' lang='lat' dir='ltr'><strong>recentium</strong></span> <span class='ocrx_word' id='word_1_358' title='bbox 2958 1836 3338 1894; x_wconf 61' lang='lat' dir='ltr'><strong>hiereticorum</strong></span> <span class='ocrx_word' id='word_1_359' title='bbox 3370 1839 3632 1896; x_wconf 85' lang='lat' dir='ltr'><strong>adversus</strong></span> 
     </span>
    </p>
   </div>
   <div class='ocr_carea' id='block_1_49' title="bbox 2021 1930 2508 1987">
    <p class='ocr_par' dir='ltr' id='par_1_49' title="bbox 2021 1930 2508 1987">
     <span class='ocr_line' id='line_1_49' title="bbox 2021 1930 2508 1987; baseline 0.002 -2"><span class='ocrx_word' id='word_1_360' title='bbox 2021 1930 2172 1985; x_wconf 89' lang='lat' dir='ltr'><strong>illum</strong></span> <span class='ocrx_word' id='word_1_361' title='bbox 2205 1932 2508 1987; x_wconf 62' lang='lat' dir='ltr'><strong>calumnia).</strong></span> 
     </span>
    </p>
   </div>
   <div class='ocr_carea' id='block_1_50' title="bbox 2017 2066 3631 2131">
    <p class='ocr_par' dir='ltr' id='par_1_50' title="bbox 2017 2066 3631 2131">
     <span class='ocr_line' id='line_1_50' title="bbox 2017 2066 3631 2131; baseline 0.001 -13"><span class='ocrx_word' id='word_1_362' title='bbox 2017 2067 2046 2131; x_wconf 69' lang='grc' dir='ltr'><strong>ξ</strong></span> <span class='ocrx_word' id='word_1_363' title='bbox 2079 2068 2119 2119; x_wconf 88' lang='lat' dir='ltr'><strong>l.</strong></span> <span class='ocrx_word' id='word_1_364' title='bbox 2142 2066 2421 2117; x_wconf 82' lang='lat' dir='ltr'><strong>—Damasi</strong></span> <span class='ocrx_word' id='word_1_365' title='bbox 2461 2068 2643 2131; x_wconf 78' lang='lat' dir='ltr'><strong>scripta</strong></span> <span class='ocrx_word' id='word_1_366' title='bbox 2680 2067 2988 2131; x_wconf 75' lang='lat' dir='ltr'><strong>referuntur.</strong></span> <span class='ocrx_word' id='word_1_367' title='bbox 3025 2068 3121 2118; x_wconf 87' lang='lat' dir='ltr'><strong>Cur</strong></span> <span class='ocrx_word' id='word_1_368' title='bbox 3164 2068 3345 2119; x_wconf 71' lang='lat' dir='ltr'><strong>Marius</strong></span> <span class='ocrx_word' id='word_1_369' title='bbox 3384 2068 3631 2119; x_wconf 79' lang='lat' dir='ltr'><strong>Mercator</strong></span> 
     </span>
    </p>
   </div>
   <div class='ocr_carea' id='block_1_51' title="bbox 2086 2128 3632 2194">
    <p class='ocr_par' dir='ltr' id='par_1_51' title="bbox 2086 2128 3632 2194">
     <span class='ocr_line' id='line_1_51' title="bbox 2086 2128 3632 2194; baseline 0.001 -15"><span class='ocrx_word' id='word_1_370' title='bbox 2086 2131 2337 2194; x_wconf 73' lang='lat' dir='ltr'><strong>Bonosum</strong></span> <span class='ocrx_word' id='word_1_371' title='bbox 2356 2132 2415 2178; x_wconf 89' lang='lat' dir='ltr'><strong>ab</strong></span> <span class='ocrx_word' id='word_1_372' title='bbox 2440 2144 2503 2178; x_wconf 91' lang='lat' dir='ltr'><strong>eo</strong></span> <span class='ocrx_word' id='word_1_373' title='bbox 2527 2128 2765 2194; x_wconf 76' lang='lat' dir='ltr'><strong>Pontifice</strong></span> <span class='ocrx_word' id='word_1_374' title='bbox 2786 2131 3172 2194; x_wconf 79' lang='lat' dir='ltr'><strong>prwdnmnatum</strong></span> <span class='ocrx_word' id='word_1_375' title='bbox 3197 2131 3407 2194; x_wconf 83' lang='lat' dir='ltr'><strong>dixerit;</strong></span> <span class='ocrx_word' id='word_1_376' title='bbox 3446 2146 3505 2180; x_wconf 86' lang='lat' dir='ltr'><strong>an</strong></span> <span class='ocrx_word' id='word_1_377' title='bbox 3535 2132 3632 2181; x_wconf 83' lang='lat' dir='ltr'><strong>Bo-</strong></span> 
     </span>
    </p>
   </div>
   <div class='ocr_carea' id='block_1_52' title="bbox 2083 2191 3630 2255">
    <p class='ocr_par' dir='ltr' id='par_1_52' title="bbox 2083 2191 3630 2255">
     <span class='ocr_line' id='line_1_52' title="bbox 2083 2191 3630 2255; baseline 0.003 -15"><span class='ocrx_word' id='word_1_378' title='bbox 2083 2193 2261 2241; x_wconf 84' lang='lat' dir='ltr'><strong>uosiaci</strong></span> <span class='ocrx_word' id='word_1_379' title='bbox 2288 2191 2562 2255; x_wconf 87' lang='lat' dir='ltr'><strong>Photiniani</strong></span> <span class='ocrx_word' id='word_1_380' title='bbox 2586 2191 2793 2255; x_wconf 73' lang='lat' dir='ltr'><strong>fuerint,</strong></span> <span class='ocrx_word' id='word_1_381' title='bbox 2818 2204 2878 2240; x_wconf 89' lang='lat' dir='ltr'><strong>au</strong></span> <span class='ocrx_word' id='word_1_382' title='bbox 2927 2193 3033 2255; x_wconf 83' lang='lat' dir='ltr'><strong>ejus</strong></span> <span class='ocrx_word' id='word_1_383' title='bbox 3072 2201 3259 2243; x_wconf 88' lang='lat' dir='ltr'><strong>tantum</strong></span> <span class='ocrx_word' id='word_1_384' title='bbox 3294 2191 3505 2243; x_wconf 61' lang='lat' dir='ltr'><strong>hier&#39;esis</strong></span> <span class='ocrx_word' id='word_1_385' title='bbox 3542 2208 3630 2244; x_wconf 93' lang='lat' dir='ltr'><strong>su-</strong></span> 
     </span>
    </p>
   </div>
   <div class='ocr_carea' id='block_1_53' title="bbox 2083 2254 2572 2317">
    <p class='ocr_par' dir='ltr' id='par_1_53' title="bbox 2083 2254 2572 2317">
     <span class='ocr_line' id='line_1_53' title="bbox 2083 2254 2572 2317; baseline 0.004 -12"><span class='ocrx_word' id='word_1_386' title='bbox 2083 2257 2237 2317; x_wconf 86' lang='lat' dir='ltr'><strong>specti</strong></span> <span class='ocrx_word' id='word_1_387' title='bbox 2267 2254 2425 2303; x_wconf 78' lang='lat' dir='ltr'><strong>habiti</strong></span> <span class='ocrx_word' id='word_1_388' title='bbox 2438 2254 2572 2307; x_wconf 81' lang='lat' dir='ltr'><strong>sint?</strong></span> 
     </span>
    </p>
   </div>
   <div class='ocr_carea' id='block_1_54' title="bbox 2103 2384 3637 2457">
    <p class='ocr_par' dir='ltr' id='par_1_54' title="bbox 2103 2384 3637 2457">
     <span class='ocr_line' id='line_1_54' title="bbox 2103 2384 3637 2457; baseline 0.001 -18"><span class='ocrx_word' id='word_1_389' title='bbox 2103 2384 2463 2457; x_wconf 80' lang='lat' dir='ltr'><strong>Hieronymus</strong></span> <span class='ocrx_word' id='word_1_390' title='bbox 2529 2384 2671 2441; x_wconf 90' lang='lat' dir='ltr'><strong>inter</strong></span> <span class='ocrx_word' id='word_1_391' title='bbox 2720 2385 3013 2455; x_wconf 86' lang='lat' dir='ltr'><strong>scriptores</strong></span> <span class='ocrx_word' id='word_1_392' title='bbox 3068 2384 3466 2442; x_wconf 89' lang='lat' dir='ltr'><strong>ecclesiasticos</strong></span> <span class='ocrx_word' id='word_1_393' title='bbox 3532 2386 3637 2440; x_wconf 90' lang='lat' dir='ltr'><strong>Da-</strong></span> 
     </span>
    </p>
   </div>
   <div class='ocr_carea' id='block_1_55' title="bbox 2031 2476 3638 2548">
    <p class='ocr_par' dir='ltr' id='par_1_55' title="bbox 2031 2476 3638 2548">
     <span class='ocr_line' id='line_1_55' title="bbox 2031 2476 3638 2548; baseline 0 -15"><span class='ocrx_word' id='word_1_394' title='bbox 2031 2493 2184 2533; x_wconf 88' lang='lat' dir='ltr'><strong>maso</strong></span> <span class='ocrx_word' id='word_1_395' title='bbox 2214 2478 2388 2533; x_wconf 87' lang='lat' dir='ltr'><strong>locum</strong></span> <span class='ocrx_word' id='word_1_396' title='bbox 2426 2476 2597 2545; x_wconf 88' lang='lat' dir='ltr'><strong>dedit,</strong></span> <span class='ocrx_word' id='word_1_397' title='bbox 2624 2476 2848 2548; x_wconf 88' lang='lat' dir='ltr'><strong>ejusque</strong></span> <span class='ocrx_word' id='word_1_398' title='bbox 2870 2478 3088 2548; x_wconf 82' lang='lat' dir='ltr'><strong>elegans</strong></span> <span class='ocrx_word' id='word_1_399' title='bbox 3128 2479 3178 2532; x_wconf 89' lang='lat' dir='ltr'><strong>in</strong></span> <span class='ocrx_word' id='word_1_400' title='bbox 3207 2478 3455 2534; x_wconf 86' lang='lat' dir='ltr'><strong>versibus</strong></span> <span class='ocrx_word' id='word_1_401' title='bbox 3485 2493 3638 2533; x_wconf 91' lang='lat' dir='ltr'><strong>com-</strong></span> 
     </span>
    </p>
   </div>
   <div class='ocr_carea' id='block_1_56' title="bbox 2026 2569 3635 2641">
    <p class='ocr_par' dir='ltr' id='par_1_56' title="bbox 2026 2569 3635 2641">
     <span class='ocr_line' id='line_1_56' title="bbox 2026 2569 3635 2641; baseline 0.001 -17"><span class='ocrx_word' id='word_1_402' title='bbox 2026 2569 2293 2641; x_wconf 83' lang='lat' dir='ltr'><strong>poocndis</strong></span> <span class='ocrx_word' id='word_1_403' title='bbox 2321 2570 2594 2638; x_wconf 83' lang='lat' dir='ltr'><strong>ingenium</strong></span> <span class='ocrx_word' id='word_1_404' title='bbox 2620 2611 2633 2635; x_wconf 87' lang='lat'><strong>,</strong></span> <span class='ocrx_word' id='word_1_405' title='bbox 2680 2569 2954 2640; x_wconf 87' lang='lat' dir='ltr'><strong>multaque</strong></span> <span class='ocrx_word' id='word_1_406' title='bbox 2985 2572 3033 2622; x_wconf 90' lang='lat' dir='ltr'><strong>in</strong></span> <span class='ocrx_word' id='word_1_407' title='bbox 3060 2584 3124 2623; x_wconf 92' lang='lat' dir='ltr'><strong>eo</strong></span> <span class='ocrx_word' id='word_1_408' title='bbox 3146 2585 3344 2640; x_wconf 80' lang='lat' dir='ltr'><strong>genere</strong></span> <span class='ocrx_word' id='word_1_409' title='bbox 3376 2572 3635 2641; x_wconf 90' lang='lat' dir='ltr'><strong>opuscula</strong></span> 
     </span>
    </p>
   </div>
   <div class='ocr_carea' id='block_1_57' title="bbox 2025 2662 3631 2736">
    <p class='ocr_par' dir='ltr' id='par_1_57' title="bbox 2025 2662 3631 2736">
     <span class='ocr_line' id='line_1_57' title="bbox 2025 2662 3631 2736; baseline 0.001 -17"><span class='ocrx_word' id='word_1_410' title='bbox 2025 2663 2207 2719; x_wconf 88' lang='lat' dir='ltr'><strong>laudat</strong></span> <span class='ocrx_word' id='word_1_411' title='bbox 2248 2662 2341 2736; x_wconf 90' lang='lat' dir='ltr'><strong>(b).</strong></span> <span class='ocrx_word' id='word_1_412' title='bbox 2394 2664 2513 2718; x_wconf 84' lang='lat' dir='ltr'><strong>Alio</strong></span> <span class='ocrx_word' id='word_1_413' title='bbox 2562 2664 2680 2719; x_wconf 85' lang='lat' dir='ltr'><strong>loco</strong></span> <span class='ocrx_word' id='word_1_414' title='bbox 2726 2671 2989 2717; x_wconf 91' lang='lat' dir='ltr'><strong>memorat</strong></span> <span class='ocrx_word' id='word_1_415' title='bbox 3036 2678 3157 2734; x_wconf 77' lang='lat' dir='ltr'><strong>qnzc</strong></span> <span class='ocrx_word' id='word_1_416' title='bbox 3188 2664 3251 2718; x_wconf 90' lang='lat' dir='ltr'><strong>de</strong></span> <span class='ocrx_word' id='word_1_417' title='bbox 3284 2662 3631 2735; x_wconf 78' lang='lat' dir='ltr'><strong>Virginitate,</strong></span> 
     </span>
    </p>
   </div>
   <div class='ocr_carea' id='block_1_58' title="bbox 2029 2757 3639 2829">
    <p class='ocr_par' dir='ltr' id='par_1_58' title="bbox 2029 2757 3639 2829">
     <span class='ocr_line' id='line_1_58' title="bbox 2029 2757 3639 2829; baseline 0.001 -17"><span class='ocrx_word' id='word_1_418' title='bbox 2029 2769 2205 2813; x_wconf 89' lang='lat' dir='ltr'><strong>metro</strong></span> <span class='ocrx_word' id='word_1_419' title='bbox 2237 2773 2503 2827; x_wconf 82' lang='lat' dir='ltr'><strong>prosaque</strong></span> <span class='ocrx_word' id='word_1_420' title='bbox 2533 2766 2935 2826; x_wconf 88' lang='lat' dir='ltr'><strong>composuerat,</strong></span> <span class='ocrx_word' id='word_1_421' title='bbox 2966 2757 3423 2829; x_wconf 76' lang='lat' dir='ltr'><strong>Eustochiumque</strong></span> <span class='ocrx_word' id='word_1_422' title='bbox 3452 2767 3639 2815; x_wconf 88' lang='lat' dir='ltr'><strong>monet</strong></span> 
     </span>
    </p>
   </div>
   <div class='ocr_carea' id='block_1_59' title="bbox 2031 2849 3642 2921">
    <p class='ocr_par' dir='ltr' id='par_1_59' title="bbox 2031 2849 3642 2921">
     <span class='ocr_line' id='line_1_59' title="bbox 2031 2849 3642 2921; baseline 0.001 -16"><span class='ocrx_word' id='word_1_423' title='bbox 2031 2862 2169 2905; x_wconf 88' lang='lat' dir='ltr'><strong>utea</strong></span> <span class='ocrx_word' id='word_1_424' title='bbox 2200 2851 2343 2920; x_wconf 89' lang='lat' dir='ltr'><strong>legat</strong></span> <span class='ocrx_word' id='word_1_425' title='bbox 2375 2865 2478 2903; x_wconf 89' lang='lat' dir='ltr'><strong>non</strong></span> <span class='ocrx_word' id='word_1_426' title='bbox 2506 2864 2661 2904; x_wconf 90' lang='lat' dir='ltr'><strong>secus</strong></span> <span class='ocrx_word' id='word_1_427' title='bbox 2687 2866 2749 2905; x_wconf 90' lang='lat' dir='ltr'><strong>ac</strong></span> <span class='ocrx_word' id='word_1_428' title='bbox 2782 2849 3120 2915; x_wconf 89' lang='lat' dir='ltr'><strong>Tertulliani,</strong></span> <span class='ocrx_word' id='word_1_429' title='bbox 3143 2850 3395 2921; x_wconf 83' lang='lat' dir='ltr'><strong>Cypriani</strong></span> <span class='ocrx_word' id='word_1_430' title='bbox 3430 2864 3483 2909; x_wconf 91' lang='lat' dir='ltr'><strong>et</strong></span> <span class='ocrx_word' id='word_1_431' title='bbox 3510 2852 3642 2908; x_wconf 81' lang='lat' dir='ltr'><strong>Am-</strong></span> 
     </span>
    </p>
   </div>
   <div class='ocr_carea' id='block_1_60' title="bbox 2032 2940 3638 3012">
    <p class='ocr_par' dir='ltr' id='par_1_60' title="bbox 2032 2940 3638 3012">
     <span class='ocr_line' id='line_1_60' title="bbox 2032 2940 3638 3012; baseline 0.001 -16"><span class='ocrx_word' id='word_1_432' title='bbox 2032 2942 2195 2997; x_wconf 89' lang='lat' dir='ltr'><strong>brosii</strong></span> <span class='ocrx_word' id='word_1_433' title='bbox 2224 2941 2423 3010; x_wconf 87' lang='lat' dir='ltr'><strong>scripta</strong></span> <span class='ocrx_word' id='word_1_434' title='bbox 2453 2941 2546 3012; x_wconf 90' lang='lat' dir='ltr'><strong>(c).</strong></span> <span class='ocrx_word' id='word_1_435' title='bbox 2574 2941 2697 2995; x_wconf 82' lang='lat' dir='ltr'><strong>Haec</strong></span> <span class='ocrx_word' id='word_1_436' title='bbox 2724 2942 2983 3011; x_wconf 89' lang='lat' dir='ltr'><strong>opuscula</strong></span> <span class='ocrx_word' id='word_1_437' title='bbox 3014 2940 3278 2998; x_wconf 86' lang='lat' dir='ltr'><strong>Baronius</strong></span> <span class='ocrx_word' id='word_1_438' title='bbox 3299 2942 3440 2999; x_wconf 87' lang='lat' dir='ltr'><strong>lreni</strong></span> <span class='ocrx_word' id='word_1_439' title='bbox 3462 2943 3638 2999; x_wconf 87' lang='lat' dir='ltr'><strong>sorori</strong></span> 
     </span>
    </p>
   </div>
   <div class='ocr_carea' id='block_1_61' title="bbox 2032 3033 3640 3106">
    <p class='ocr_par' dir='ltr' id='par_1_61' title="bbox 2032 3033 3640 3106">
     <span class='ocr_line' id='line_1_61' title="bbox 2032 3033 3640 3106; baseline -0.001 -15"><span class='ocrx_word' id='word_1_440' title='bbox 2032 3035 2100 3091; x_wconf 88' lang='lat' dir='ltr'><strong>ab</strong></span> <span class='ocrx_word' id='word_1_441' title='bbox 2129 3035 2317 3090; x_wconf 88' lang='lat' dir='ltr'><strong>eodem</strong></span> <span class='ocrx_word' id='word_1_442' title='bbox 2352 3036 2606 3104; x_wconf 77' lang='lat' dir='ltr'><strong>inscripta</strong></span> <span class='ocrx_word' id='word_1_443' title='bbox 2637 3033 2805 3089; x_wconf 88' lang='lat' dir='ltr'><strong>fuisse</strong></span> <span class='ocrx_word' id='word_1_444' title='bbox 2839 3042 3027 3103; x_wconf 88' lang='lat' dir='ltr'><strong>putat,</strong></span> <span class='ocrx_word' id='word_1_445' title='bbox 3055 3034 3196 3104; x_wconf 89' lang='lat' dir='ltr'><strong>quod</strong></span> <span class='ocrx_word' id='word_1_446' title='bbox 3226 3041 3338 3089; x_wconf 86' lang='lat' dir='ltr'><strong>tum</strong></span> <span class='ocrx_word' id='word_1_447' title='bbox 3378 3045 3640 3106; x_wconf 59' lang='lat' dir='ltr'><strong>praiterea</strong></span> 
     </span>
    </p>
   </div>
   <div class='ocr_carea' id='block_1_62' title="bbox 313 3126 3642 3221">
    <p class='ocr_par' dir='ltr' id='par_1_62' title="bbox 313 3126 3642 3221">
     <span class='ocr_line' id='line_1_62' title="bbox 313 3126 3642 3221; baseline -0.001 -32"><span class='ocrx_word' id='word_1_448' title='bbox 313 3136 471 3206; x_wconf 80' lang='lat' dir='ltr'><strong>longe</strong></span> <span class='ocrx_word' id='word_1_449' title='bbox 498 3135 557 3189; x_wconf 90' lang='lat' dir='ltr'><strong>ab</strong></span> <span class='ocrx_word' id='word_1_450' title='bbox 586 3136 701 3206; x_wconf 89' lang='lat' dir='ltr'><strong>ipso</strong></span> <span class='ocrx_word' id='word_1_451' title='bbox 728 3138 986 3190; x_wconf 88' lang='lat' dir='ltr'><strong>mausoleo</strong></span> <span class='ocrx_word' id='word_1_452' title='bbox 1008 3147 1210 3203; x_wconf 90' lang='lat' dir='ltr'><strong>reperta</strong></span> <span class='ocrx_word' id='word_1_453' title='bbox 1237 3139 1332 3207; x_wconf 70' lang='lat' dir='ltr'><strong>fuit</strong></span> <span class='ocrx_word' id='word_1_454' title='bbox 1362 3136 1595 3204; x_wconf 63' lang='lat' dir='ltr'><strong>qua’dam</strong></span> <span class='ocrx_word' id='word_1_455' title='bbox 1623 3136 1797 3206; x_wconf 87' lang='lat' dir='ltr'><strong>ampla</strong></span> <span class='ocrx_word' id='word_1_456' title='bbox 1812 3152 1927 3190; x_wconf 88' lang='lat' dir='ltr'><strong>sca-</strong></span> <span class='ocrx_word' id='word_1_457' title='bbox 1953 3156 1999 3221; x_wconf 69' lang='grc' dir='ltr'><strong>ρ</strong></span> <span class='ocrx_word' id='word_1_458' title='bbox 2033 3139 2148 3185; x_wconf 84' lang='lat' dir='ltr'><strong>acta</strong></span> <span class='ocrx_word' id='word_1_459' title='bbox 2180 3130 2425 3199; x_wconf 82' lang='lat' dir='ltr'><strong>ejusdem</strong></span> <span class='ocrx_word' id='word_1_460' title='bbox 2461 3129 2681 3199; x_wconf 81' lang='lat' dir='ltr'><strong>virginis</strong></span> <span class='ocrx_word' id='word_1_461' title='bbox 2723 3144 2751 3182; x_wconf 88' lang='lat' dir='ltr'><strong>a</strong></span> <span class='ocrx_word' id='word_1_462' title='bbox 2786 3126 3044 3182; x_wconf 86' lang='lat' dir='ltr'><strong>Bollando</strong></span> <span class='ocrx_word' id='word_1_463' title='bbox 3077 3128 3333 3197; x_wconf 86' lang='lat' dir='ltr'><strong>producta</strong></span> <span class='ocrx_word' id='word_1_464' title='bbox 3363 3170 3376 3193; x_wconf 93' lang='lat'><strong>,</strong></span> <span class='ocrx_word' id='word_1_465' title='bbox 3427 3130 3642 3186; x_wconf 82' lang='lat' dir='ltr'><strong>tametsi</strong></span> 
     </span>
    </p>
   </div>
   <div class='ocr_carea' id='block_1_63' title="bbox 318 3230 1924 3299">
    <p class='ocr_par' dir='ltr' id='par_1_63' title="bbox 318 3230 1924 3299">
     <span class='ocr_line' id='line_1_63' title="bbox 318 3230 1924 3299; baseline -0.001 -18"><span class='ocrx_word' id='word_1_466' title='bbox 318 3231 375 3281; x_wconf 80' lang='lat' dir='ltr'><strong>la</strong></span> <span class='ocrx_word' id='word_1_467' title='bbox 396 3270 409 3292; x_wconf 92' lang='lat'><strong>,</strong></span> <span class='ocrx_word' id='word_1_468' title='bbox 433 3245 522 3282; x_wconf 88' lang='lat' dir='ltr'><strong>seu</strong></span> <span class='ocrx_word' id='word_1_469' title='bbox 547 3231 819 3282; x_wconf 80' lang='lat' dir='ltr'><strong>descensus</strong></span> <span class='ocrx_word' id='word_1_470' title='bbox 840 3272 853 3292; x_wconf 93' lang='lat'><strong>,</strong></span> <span class='ocrx_word' id='word_1_471' title='bbox 885 3246 972 3299; x_wconf 88' lang='lat' dir='ltr'><strong>per</strong></span> <span class='ocrx_word' id='word_1_472' title='bbox 997 3245 1147 3299; x_wconf 87' lang='lat' dir='ltr'><strong>quem</strong></span> <span class='ocrx_word' id='word_1_473' title='bbox 1177 3230 1445 3297; x_wconf 88' lang='lat' dir='ltr'><strong>ipsummet</strong></span> <span class='ocrx_word' id='word_1_474' title='bbox 1469 3246 1557 3282; x_wconf 88' lang='lat' dir='ltr'><strong>vas</strong></span> <span class='ocrx_word' id='word_1_475' title='bbox 1579 3244 1924 3283; x_wconf 85' lang='lat' dir='ltr'><strong>marmoreum</strong></span> 
     </span>
    </p>
   </div>
   <div class='ocr_carea' id='block_1_64' title="bbox 314 3320 1926 3390">
    <p class='ocr_par' dir='ltr' id='par_1_64' title="bbox 314 3320 1926 3390">
     <span class='ocr_line' id='line_1_64' title="bbox 314 3320 1926 3390; baseline 0.001 -16"><span class='ocrx_word' id='word_1_476' title='bbox 314 3321 674 3374; x_wconf 87' lang='lat' dir='ltr'><strong>introductum</strong></span> <span class='ocrx_word' id='word_1_477' title='bbox 720 3320 845 3374; x_wconf 87' lang='lat' dir='ltr'><strong>olim</strong></span> <span class='ocrx_word' id='word_1_478' title='bbox 883 3321 978 3390; x_wconf 77' lang='lat' dir='ltr'><strong>fuit</strong></span> <span class='ocrx_word' id='word_1_479' title='bbox 1009 3323 1061 3373; x_wconf 90' lang='lat' dir='ltr'><strong>in</strong></span> <span class='ocrx_word' id='word_1_480' title='bbox 1113 3324 1478 3375; x_wconf 74' lang='lat' dir='ltr'><strong>caemeterium.</strong></span> <span class='ocrx_word' id='word_1_481' title='bbox 1534 3320 1691 3375; x_wconf 86' lang='lat' dir='ltr'><strong>Hisce</strong></span> <span class='ocrx_word' id='word_1_482' title='bbox 1732 3330 1926 3375; x_wconf 89' lang='lat' dir='ltr'><strong>attente</strong></span> 
     </span>
    </p>
   </div>
   <div class='ocr_carea' id='block_1_65' title="bbox 317 3411 1928 3483">
    <p class='ocr_par' dir='ltr' id='par_1_65' title="bbox 317 3411 1928 3483">
     <span class='ocr_line' id='line_1_65' title="bbox 317 3411 1928 3483; baseline 0 -18"><span class='ocrx_word' id='word_1_483' title='bbox 317 3411 659 3465; x_wconf 85' lang='lat' dir='ltr'><strong>consideratis</strong></span> <span class='ocrx_word' id='word_1_484' title='bbox 690 3412 741 3464; x_wconf 89' lang='lat' dir='ltr'><strong>in</strong></span> <span class='ocrx_word' id='word_1_485' title='bbox 764 3412 937 3465; x_wconf 89' lang='lat' dir='ltr'><strong>animo</strong></span> <span class='ocrx_word' id='word_1_486' title='bbox 966 3413 1061 3483; x_wconf 78' lang='lat' dir='ltr'><strong>fuit</strong></span> <span class='ocrx_word' id='word_1_487' title='bbox 1098 3412 1240 3466; x_wconf 88' lang='lat' dir='ltr'><strong>nobis</strong></span> <span class='ocrx_word' id='word_1_488' title='bbox 1290 3413 1561 3481; x_wconf 79' lang='lat' dir='ltr'><strong>explorare</strong></span> <span class='ocrx_word' id='word_1_489' title='bbox 1586 3413 1844 3480; x_wconf 87' lang='lat' dir='ltr'><strong>quodnam</strong></span> <span class='ocrx_word' id='word_1_490' title='bbox 1873 3412 1928 3465; x_wconf 93' lang='lat' dir='ltr'><strong>in</strong></span> 
     </span>
    </p>
   </div>
   <div class='ocr_carea' id='block_1_66' title="bbox 318 3503 1930 3575">
    <p class='ocr_par' dir='ltr' id='par_1_66' title="bbox 318 3503 1930 3575">
     <span class='ocr_line' id='line_1_66' title="bbox 318 3503 1930 3575; baseline 0.001 -18"><span class='ocrx_word' id='word_1_491' title='bbox 318 3503 579 3570; x_wconf 76' lang='lat' dir='ltr'><strong>superiori</strong></span> <span class='ocrx_word' id='word_1_492' title='bbox 604 3513 745 3569; x_wconf 90' lang='lat' dir='ltr'><strong>parte</strong></span> <span class='ocrx_word' id='word_1_493' title='bbox 775 3504 929 3575; x_wconf 82' lang='lat' dir='ltr'><strong>hujus</strong></span> <span class='ocrx_word' id='word_1_494' title='bbox 960 3504 1059 3557; x_wconf 88' lang='lat' dir='ltr'><strong>loci</strong></span> <span class='ocrx_word' id='word_1_495' title='bbox 1088 3506 1283 3558; x_wconf 90' lang='lat' dir='ltr'><strong>adesset</strong></span> <span class='ocrx_word' id='word_1_496' title='bbox 1310 3505 1587 3569; x_wconf 74' lang='lat' dir='ltr'><strong>cedi/icium</strong></span> <span class='ocrx_word' id='word_1_497' title='bbox 1606 3548 1619 3570; x_wconf 88' lang='lat'><strong>,</strong></span> <span class='ocrx_word' id='word_1_498' title='bbox 1659 3503 1794 3575; x_wconf 90' lang='lat' dir='ltr'><strong>quod</strong></span> <span class='ocrx_word' id='word_1_499' title='bbox 1825 3504 1930 3572; x_wconf 82' lang='lat' dir='ltr'><strong>[ul-</strong></span> 
     </span>
    </p>
   </div>
   <div class='ocr_carea' id='block_1_67' title="bbox 320 3595 1931 3667">
    <p class='ocr_par' dir='ltr' id='par_1_67' title="bbox 320 3595 1931 3667">
     <span class='ocr_line' id='line_1_67' title="bbox 320 3595 1931 3667; baseline 0.001 -21"><span class='ocrx_word' id='word_1_500' title='bbox 320 3595 514 3647; x_wconf 85' lang='lat' dir='ltr'><strong>ciretur</strong></span> <span class='ocrx_word' id='word_1_501' title='bbox 535 3609 595 3648; x_wconf 90' lang='lat' dir='ltr'><strong>eo</strong></span> <span class='ocrx_word' id='word_1_502' title='bbox 616 3611 782 3660; x_wconf 88' lang='lat' dir='ltr'><strong>muro,</strong></span> <span class='ocrx_word' id='word_1_503' title='bbox 810 3612 898 3648; x_wconf 86' lang='lat' dir='ltr'><strong>seu</strong></span> <span class='ocrx_word' id='word_1_504' title='bbox 930 3597 1172 3649; x_wconf 88' lang='lat' dir='ltr'><strong>columna</strong></span> <span class='ocrx_word' id='word_1_505' title='bbox 1201 3595 1425 3650; x_wconf 86' lang='lat' dir='ltr'><strong>structili</strong></span> <span class='ocrx_word' id='word_1_506' title='bbox 1455 3595 1733 3650; x_wconf 85' lang='lat' dir='ltr'><strong>constituta</strong></span> <span class='ocrx_word' id='word_1_507' title='bbox 1773 3612 1931 3667; x_wconf 86' lang='lat' dir='ltr'><strong>supra</strong></span> 
     </span>
    </p>
   </div>
   <div class='ocr_carea' id='block_1_68' title="bbox 322 3686 1931 3759">
    <p class='ocr_par' dir='ltr' id='par_1_68' title="bbox 322 3686 1931 3759">
     <span class='ocr_line' id='line_1_68' title="bbox 322 3686 1931 3759; baseline 0.002 -21"><span class='ocrx_word' id='word_1_508' title='bbox 322 3688 522 3758; x_wconf 83' lang='lat' dir='ltr'><strong>grande</strong></span> <span class='ocrx_word' id='word_1_509' title='bbox 548 3686 682 3739; x_wconf 88' lang='lat' dir='ltr'><strong>illud</strong></span> <span class='ocrx_word' id='word_1_510' title='bbox 707 3703 1043 3743; x_wconf 87' lang='lat' dir='ltr'><strong>marmoreum</strong></span> <span class='ocrx_word' id='word_1_511' title='bbox 1068 3690 1361 3755; x_wconf 85' lang='lat' dir='ltr'><strong>sepulcrum</strong></span> <span class='ocrx_word' id='word_1_512' title='bbox 1402 3706 1420 3753; x_wconf 87' lang='lat'><strong><em>;</em></strong></span> <span class='ocrx_word' id='word_1_513' title='bbox 1472 3688 1611 3742; x_wconf 90' lang='lat' dir='ltr'><strong>unde</strong></span> <span class='ocrx_word' id='word_1_514' title='bbox 1646 3690 1931 3759; x_wconf 88' lang='lat' dir='ltr'><strong>reperimus</strong></span> 
     </span>
    </p>
   </div>
   <div class='ocr_carea' id='block_1_69' title="bbox 321 3781 1932 3853">
    <p class='ocr_par' dir='ltr' id='par_1_69' title="bbox 321 3781 1932 3853">
     <span class='ocr_line' id='line_1_69' title="bbox 321 3781 1932 3853; baseline 0.002 -22"><span class='ocrx_word' id='word_1_515' title='bbox 321 3781 505 3834; x_wconf 82' lang='lat' dir='ltr'><strong>adesse</strong></span> <span class='ocrx_word' id='word_1_516' title='bbox 534 3781 795 3851; x_wconf 89' lang='lat' dir='ltr'><strong>antiquam</strong></span> <span class='ocrx_word' id='word_1_517' title='bbox 840 3785 1059 3852; x_wconf 80' lang='lat' dir='ltr'><strong>formam</strong></span> <span class='ocrx_word' id='word_1_518' title='bbox 1093 3781 1334 3837; x_wconf 66' lang='lat' dir='ltr'><strong>Ecclesia</strong></span> <span class='ocrx_word' id='word_1_519' title='bbox 1362 3782 1701 3853; x_wconf 88' lang='lat' dir='ltr'><strong>longitudinis</strong></span> <span class='ocrx_word' id='word_1_520' title='bbox 1733 3783 1932 3853; x_wconf 81' lang='lat' dir='ltr'><strong>palato-</strong></span> 
     </span>
    </p>
   </div>
   <div class='ocr_carea' id='block_1_70' title="bbox 320 3874 1933 3948">
    <p class='ocr_par' dir='ltr' id='par_1_70' title="bbox 320 3874 1933 3948">
     <span class='ocr_line' id='line_1_70' title="bbox 320 3874 1933 3948; baseline 0.003 -21"><span class='ocrx_word' id='word_1_521' title='bbox 320 3889 442 3927; x_wconf 83' lang='lat' dir='ltr'><strong>rum</strong></span> <span class='ocrx_word' id='word_1_522' title='bbox 476 3876 580 3943; x_wconf 76' lang='lat' dir='ltr'><strong>fere</strong></span> <span class='ocrx_word' id='word_1_523' title='bbox 627 3874 717 3937; x_wconf 85' lang='lat'><strong>60,</strong></span> <span class='ocrx_word' id='word_1_524' title='bbox 746 3876 798 3928; x_wconf 88' lang='lat' dir='ltr'><strong>in</strong></span> <span class='ocrx_word' id='word_1_525' title='bbox 824 3879 973 3948; x_wconf 88' lang='lat' dir='ltr'><strong>cujus</strong></span> <span class='ocrx_word' id='word_1_526' title='bbox 1005 3887 1149 3947; x_wconf 89' lang='lat' dir='ltr'><strong>parte</strong></span> <span class='ocrx_word' id='word_1_527' title='bbox 1177 3877 1581 3948; x_wconf 88' lang='lat' dir='ltr'><strong>septemtrionali</strong></span> <span class='ocrx_word' id='word_1_528' title='bbox 1606 3889 1807 3932; x_wconf 78' lang='lat' dir='ltr'><strong>exstant</strong></span> <span class='ocrx_word' id='word_1_529' title='bbox 1832 3887 1933 3932; x_wconf 90' lang='lat' dir='ltr'><strong>tres</strong></span> 
     </span>
    </p>
   </div>
   <div class='ocr_carea' id='block_1_71' title="bbox 320 3966 1935 4041">
    <p class='ocr_par' dir='ltr' id='par_1_71' title="bbox 320 3966 1935 4041">
     <span class='ocr_line' id='line_1_71' title="bbox 320 3966 1935 4041; baseline 0.004 -22"><span class='ocrx_word' id='word_1_530' title='bbox 320 3966 524 4020; x_wconf 75' lang='lat' dir='ltr'><strong>absida:</strong></span> <span class='ocrx_word' id='word_1_531' title='bbox 542 3967 817 4021; x_wconf 89' lang='lat' dir='ltr'><strong>circulares</strong></span> <span class='ocrx_word' id='word_1_532' title='bbox 841 3985 859 4033; x_wconf 87' lang='lat'><strong><em>;</em></strong></span> <span class='ocrx_word' id='word_1_533' title='bbox 882 3969 1018 4021; x_wconf 89' lang='lat' dir='ltr'><strong>unde</strong></span> <span class='ocrx_word' id='word_1_534' title='bbox 1046 3969 1361 4041; x_wconf 89' lang='lat' dir='ltr'><strong>dignoscitur</strong></span> <span class='ocrx_word' id='word_1_535' title='bbox 1393 3986 1503 4023; x_wconf 85' lang='lat' dir='ltr'><strong>eant</strong></span> <span class='ocrx_word' id='word_1_536' title='bbox 1534 3970 1655 4023; x_wconf 87' lang='lat' dir='ltr'><strong>olim</strong></span> <span class='ocrx_word' id='word_1_537' title='bbox 1681 3970 1935 4024; x_wconf 72' lang='lat' dir='ltr'><strong>exstitisse</strong></span> 
     </span>
    </p>
   </div>
   <div class='ocr_carea' id='block_1_72' title="bbox 325 4054 1935 4134">
    <p class='ocr_par' dir='ltr' id='par_1_72' title="bbox 325 4054 1935 4134">
     <span class='ocr_line' id='line_1_72' title="bbox 325 4054 1935 4134; baseline 0.002 -23"><span class='ocrx_word' id='word_1_538' title='bbox 325 4054 642 4123; x_wconf 83' lang='lat' dir='ltr'><strong>Ecclesium,</strong></span> <span class='ocrx_word' id='word_1_539' title='bbox 672 4075 785 4127; x_wconf 65' lang='lat' dir='ltr'><strong>qua!</strong></span> <span class='ocrx_word' id='word_1_540' title='bbox 812 4060 981 4114; x_wconf 86' lang='lat' dir='ltr'><strong>locum</strong></span> <span class='ocrx_word' id='word_1_541' title='bbox 1007 4062 1323 4129; x_wconf 85' lang='lat' dir='ltr'><strong>superiorem</strong></span> <span class='ocrx_word' id='word_1_542' title='bbox 1353 4072 1459 4115; x_wconf 90' lang='lat' dir='ltr'><strong>tum</strong></span> <span class='ocrx_word' id='word_1_543' title='bbox 1482 4062 1703 4116; x_wconf 90' lang='lat' dir='ltr'><strong>cubiculi</strong></span> <span class='ocrx_word' id='word_1_544' title='bbox 1724 4063 1935 4134; x_wconf 82' lang='lat' dir='ltr'><strong>inferio-</strong></span> 
     </span>
    </p>
   </div>
   <div class='ocr_carea' id='block_1_73' title="bbox 322 4151 1937 4226">
    <p class='ocr_par' dir='ltr' id='par_1_73' title="bbox 322 4151 1937 4226">
     <span class='ocr_line' id='line_1_73' title="bbox 322 4151 1937 4226; baseline 0.002 -23"><span class='ocrx_word' id='word_1_545' title='bbox 322 4152 434 4213; x_wconf 86' lang='lat' dir='ltr'><strong>ris,</strong></span> <span class='ocrx_word' id='word_1_546' title='bbox 478 4159 585 4203; x_wconf 89' lang='lat' dir='ltr'><strong>tum</strong></span> <span class='ocrx_word' id='word_1_547' title='bbox 628 4151 936 4224; x_wconf 81' lang='lat' dir='ltr'><strong>sarcophagi</strong></span> <span class='ocrx_word' id='word_1_548' title='bbox 986 4154 1268 4223; x_wconf 85' lang='lat' dir='ltr'><strong>occupabat</strong></span> <span class='ocrx_word' id='word_1_549' title='bbox 1306 4172 1317 4207; x_wconf 91' lang='lat'><strong>:</strong></span> <span class='ocrx_word' id='word_1_550' title='bbox 1362 4154 1571 4226; x_wconf 87' lang='lat' dir='ltr'><strong>insuper</strong></span> <span class='ocrx_word' id='word_1_551' title='bbox 1610 4155 1937 4223; x_wconf 86' lang='lat' dir='ltr'><strong>cognovimus</strong></span> 
     </span>
    </p>
   </div>
   <div class='ocr_carea' id='block_1_74' title="bbox 324 4244 1938 4317">
    <p class='ocr_par' dir='ltr' id='par_1_74' title="bbox 324 4244 1938 4317">
     <span class='ocr_line' id='line_1_74' title="bbox 324 4244 1938 4317; baseline 0.002 -19"><span class='ocrx_word' id='word_1_552' title='bbox 324 4244 480 4298; x_wconf 82' lang='lat' dir='ltr'><strong>illam</strong></span> <span class='ocrx_word' id='word_1_553' title='bbox 511 4246 674 4311; x_wconf 77' lang='lat' dir='ltr'><strong>fuisse</strong></span> <span class='ocrx_word' id='word_1_554' title='bbox 708 4245 833 4298; x_wconf 88' lang='lat' dir='ltr'><strong>olim</strong></span> <span class='ocrx_word' id='word_1_555' title='bbox 867 4245 1117 4315; x_wconf 88' lang='lat' dir='ltr'><strong>depictam</strong></span> <span class='ocrx_word' id='word_1_556' title='bbox 1160 4262 1223 4301; x_wconf 85' lang='lat' dir='ltr'><strong>ea:</strong></span> <span class='ocrx_word' id='word_1_557' title='bbox 1260 4245 1568 4317; x_wconf 85' lang='lat' dir='ltr'><strong>quibusdam</strong></span> <span class='ocrx_word' id='word_1_558' title='bbox 1601 4247 1822 4301; x_wconf 89' lang='lat' dir='ltr'><strong>residuis</strong></span> <span class='ocrx_word' id='word_1_559' title='bbox 1853 4262 1938 4301; x_wconf 86' lang='lat' dir='ltr'><strong>co-</strong></span> 
     </span>
    </p>
   </div>
   <div class='ocr_carea' id='block_1_75' title="bbox 328 4338 1938 4411">
    <p class='ocr_par' dir='ltr' id='par_1_75' title="bbox 328 4338 1938 4411">
     <span class='ocr_line' id='line_1_75' title="bbox 328 4338 1938 4411; baseline 0.001 -20"><span class='ocrx_word' id='word_1_560' title='bbox 328 4338 555 4401; x_wconf 86' lang='lat' dir='ltr'><strong>loribus,</strong></span> <span class='ocrx_word' id='word_1_561' title='bbox 586 4339 672 4406; x_wconf 83' lang='lat' dir='ltr'><strong>qui</strong></span> <span class='ocrx_word' id='word_1_562' title='bbox 700 4339 869 4391; x_wconf 82' lang='lat' dir='ltr'><strong>adhuc</strong></span> <span class='ocrx_word' id='word_1_563' title='bbox 897 4348 1189 4407; x_wconf 87' lang='lat' dir='ltr'><strong>supersunt.</strong></span> <span class='ocrx_word' id='word_1_564' title='bbox 1244 4338 1327 4393; x_wconf 80' lang='lat' dir='ltr'><strong>Ex</strong></span> <span class='ocrx_word' id='word_1_565' title='bbox 1366 4338 1446 4393; x_wconf 84' lang='lat' dir='ltr'><strong>his</strong></span> <span class='ocrx_word' id='word_1_566' title='bbox 1475 4339 1629 4411; x_wconf 85' lang='lat' dir='ltr'><strong>igitur</strong></span> <span class='ocrx_word' id='word_1_567' title='bbox 1659 4338 1938 4407; x_wconf 87' lang='lat' dir='ltr'><strong>probabili-</strong></span> 
     </span>
    </p>
   </div>
   <div class='ocr_carea' id='block_1_76' title="bbox 333 4432 1938 4507">
    <p class='ocr_par' dir='ltr' id='par_1_76' title="bbox 333 4432 1938 4507">
     <span class='ocr_line' id='line_1_76' title="bbox 333 4432 1938 4507; baseline -0.001 -21"><span class='ocrx_word' id='word_1_568' title='bbox 333 4432 431 4486; x_wconf 83' lang='lat' dir='ltr'><strong>bus</strong></span> <span class='ocrx_word' id='word_1_569' title='bbox 468 4435 773 4503; x_wconf 87' lang='lat' dir='ltr'><strong>conjecturis</strong></span> <span class='ocrx_word' id='word_1_570' title='bbox 802 4434 1155 4507; x_wconf 83' lang='lat' dir='ltr'><strong>judicavimus</strong></span> <span class='ocrx_word' id='word_1_571' title='bbox 1197 4434 1330 4488; x_wconf 77' lang='lat' dir='ltr'><strong>lianc</strong></span> <span class='ocrx_word' id='word_1_572' title='bbox 1379 4451 1486 4488; x_wconf 83' lang='lat' dir='ltr'><strong>esse</strong></span> <span class='ocrx_word' id='word_1_573' title='bbox 1515 4434 1739 4502; x_wconf 87' lang='lat' dir='ltr'><strong>potuisse</strong></span> <span class='ocrx_word' id='word_1_574' title='bbox 1766 4433 1938 4487; x_wconf 81' lang='lat' dir='ltr'><strong>basili-</strong></span> 
     </span>
    </p>
   </div>
   <div class='ocr_carea' id='block_1_77' title="bbox 2032 3214 3635 3295">
    <p class='ocr_par' dir='ltr' id='par_1_77' title="bbox 2032 3214 3635 3295">
     <span class='ocr_line' id='line_1_77' title="bbox 2032 3214 3635 3295; baseline -0.001 -17"><span class='ocrx_word' id='word_1_575' title='bbox 2032 3224 2171 3279; x_wconf 86' lang='lat' dir='ltr'><strong>haud</strong></span> <span class='ocrx_word' id='word_1_576' title='bbox 2193 3214 2369 3295; x_wconf 86' lang='lat' dir='ltr'><strong>magni</strong></span> <span class='ocrx_word' id='word_1_577' title='bbox 2398 3222 2654 3294; x_wconf 84' lang='lat' dir='ltr'><strong>ponderis</strong></span> <span class='ocrx_word' id='word_1_578' title='bbox 2675 3221 2803 3288; x_wconf 90' lang='lat' dir='ltr'><strong>sint,</strong></span> <span class='ocrx_word' id='word_1_579' title='bbox 2820 3221 3259 3291; x_wconf 82' lang='lat' dir='ltr'><strong>conﬁrmant(d).</strong></span> <span class='ocrx_word' id='word_1_580' title='bbox 3290 3220 3635 3290; x_wconf 82' lang='lat' dir='ltr'><strong>Egiuliartns,</strong></span> 
     </span>
    </p>
   </div>
   <div class='ocr_carea' id='block_1_78' title="bbox 2029 3312 3645 3387">
    <p class='ocr_par' dir='ltr' id='par_1_78' title="bbox 2029 3312 3645 3387">
     <span class='ocr_line' id='line_1_78' title="bbox 2029 3312 3645 3387; baseline -0.001 -16"><span class='ocrx_word' id='word_1_581' title='bbox 2029 3317 2182 3387; x_wconf 89' lang='lat' dir='ltr'><strong>cujus</strong></span> <span class='ocrx_word' id='word_1_582' title='bbox 2210 3317 2315 3370; x_wconf 90' lang='lat' dir='ltr'><strong>alio</strong></span> <span class='ocrx_word' id='word_1_583' title='bbox 2349 3317 2465 3369; x_wconf 90' lang='lat' dir='ltr'><strong>loco</strong></span> <span class='ocrx_word' id='word_1_584' title='bbox 2494 3315 2863 3369; x_wconf 87' lang='lat' dir='ltr'><strong>testimonium</strong></span> <span class='ocrx_word' id='word_1_585' title='bbox 2897 3313 3089 3379; x_wconf 88' lang='lat' dir='ltr'><strong>attuli,</strong></span> <span class='ocrx_word' id='word_1_586' title='bbox 3134 3324 3255 3367; x_wconf 90' lang='lat' dir='ltr'><strong>acta</strong></span> <span class='ocrx_word' id='word_1_587' title='bbox 3285 3312 3383 3369; x_wconf 84' lang='lat' dir='ltr'><strong>SS.</strong></span> <span class='ocrx_word' id='word_1_588' title='bbox 3418 3313 3561 3367; x_wconf 85' lang='lat' dir='ltr'><strong>Petri</strong></span> <span class='ocrx_word' id='word_1_589' title='bbox 3588 3322 3645 3370; x_wconf 87' lang='lat' dir='ltr'><strong>et</strong></span> 
     </span>
    </p>
   </div>
   <div class='ocr_carea' id='block_1_79' title="bbox 2032 3404 3641 3475">
    <p class='ocr_par' dir='ltr' id='par_1_79' title="bbox 2032 3404 3641 3475">
     <span class='ocr_line' id='line_1_79' title="bbox 2032 3404 3641 3475; baseline -0.001 -13"><span class='ocrx_word' id='word_1_590' title='bbox 2032 3407 2325 3462; x_wconf 84' lang='lat' dir='ltr'><strong>Marcellini</strong></span> <span class='ocrx_word' id='word_1_591' title='bbox 2367 3406 2434 3458; x_wconf 90' lang='lat' dir='ltr'><strong>ab</strong></span> <span class='ocrx_word' id='word_1_592' title='bbox 2477 3421 2542 3460; x_wconf 93' lang='lat' dir='ltr'><strong>eo</strong></span> <span class='ocrx_word' id='word_1_593' title='bbox 2574 3404 2825 3475; x_wconf 88' lang='lat' dir='ltr'><strong>pontiﬁce</strong></span> <span class='ocrx_word' id='word_1_594' title='bbox 2853 3404 2919 3458; x_wconf 91' lang='lat' dir='ltr'><strong>ad</strong></span> <span class='ocrx_word' id='word_1_595' title='bbox 2949 3418 3045 3457; x_wconf 89' lang='lat' dir='ltr'><strong>nos</strong></span> <span class='ocrx_word' id='word_1_596' title='bbox 3071 3405 3382 3459; x_wconf 84' lang='lat' dir='ltr'><strong>transmissa</strong></span> <span class='ocrx_word' id='word_1_597' title='bbox 3407 3409 3601 3460; x_wconf 86' lang='lat' dir='ltr'><strong>asserit</strong></span> <span class='ocrx_word' id='word_1_598' title='bbox 3626 3422 3641 3471; x_wconf 88' lang='lat'><strong>;</strong></span> 
     </span>
    </p>
   </div>
   <div class='ocr_carea' id='block_1_80' title="bbox 2034 3500 3641 3573">
    <p class='ocr_par' dir='ltr' id='par_1_80' title="bbox 2034 3500 3641 3573">
     <span class='ocr_line' id='line_1_80' title="bbox 2034 3500 3641 3573; baseline -0.003 -14"><span class='ocrx_word' id='word_1_599' title='bbox 2034 3504 2127 3559; x_wconf 88' lang='lat' dir='ltr'><strong>sed</strong></span> <span class='ocrx_word' id='word_1_600' title='bbox 2156 3520 2277 3573; x_wconf 72' lang='lat' dir='ltr'><strong>qua:</strong></span> <span class='ocrx_word' id='word_1_601' title='bbox 2310 3519 2449 3557; x_wconf 86' lang='lat' dir='ltr'><strong>ntmc</strong></span> <span class='ocrx_word' id='word_1_602' title='bbox 2478 3502 2617 3573; x_wconf 90' lang='lat' dir='ltr'><strong>apud</strong></span> <span class='ocrx_word' id='word_1_603' title='bbox 2650 3502 2893 3566; x_wconf 87' lang='lat' dir='ltr'><strong>Surium,</strong></span> <span class='ocrx_word' id='word_1_604' title='bbox 2920 3511 2974 3557; x_wconf 85' lang='lat' dir='ltr'><strong>ct</strong></span> <span class='ocrx_word' id='word_1_605' title='bbox 2992 3500 3375 3557; x_wconf 88' lang='lat' dir='ltr'><strong>Bollandianos</strong></span> <span class='ocrx_word' id='word_1_606' title='bbox 3403 3502 3467 3554; x_wconf 88' lang='lat' dir='ltr'><strong>ad</strong></span> <span class='ocrx_word' id='word_1_607' title='bbox 3497 3500 3641 3554; x_wconf 90' lang='lat' dir='ltr'><strong>diem</strong></span> 
     </span>
    </p>
   </div>
   <div class='ocr_carea' id='block_1_81' title="bbox 2033 3593 3645 3660">
    <p class='ocr_par' dir='ltr' id='par_1_81' title="bbox 2033 3593 3645 3660">
     <span class='ocr_line' id='line_1_81' title="bbox 2033 3593 3645 3660; baseline -0.003 -9"><span class='ocrx_word' id='word_1_608' title='bbox 2033 3596 2070 3650; x_wconf 76' lang='grc'>2</span> <span class='ocrx_word' id='word_1_609' title='bbox 2126 3595 2263 3651; x_wconf 87' lang='lat' dir='ltr'><strong>lttuii</strong></span> <span class='ocrx_word' id='word_1_610' title='bbox 2310 3595 2658 3660; x_wconf 75' lang='lat' dir='ltr'><strong>referuntur,</strong></span> <span class='ocrx_word' id='word_1_611' title='bbox 2710 3596 2870 3648; x_wconf 87' lang='lat' dir='ltr'><strong>alium</strong></span> <span class='ocrx_word' id='word_1_612' title='bbox 2917 3605 3191 3649; x_wconf 89' lang='lat' dir='ltr'><strong>auctorem</strong></span> <span class='ocrx_word' id='word_1_613' title='bbox 3239 3593 3456 3649; x_wconf 86' lang='lat' dir='ltr'><strong>habent.</strong></span> <span class='ocrx_word' id='word_1_614' title='bbox 3510 3594 3645 3659; x_wconf 85' lang='lat' dir='ltr'><strong>Quia</strong></span> 
     </span>
    </p>
   </div>
   <div class='ocr_carea' id='block_1_82' title="bbox 2037 3683 3642 3756">
    <p class='ocr_par' dir='ltr' id='par_1_82' title="bbox 2037 3683 3642 3756">
     <span class='ocr_line' id='line_1_82' title="bbox 2037 3683 3642 3756; baseline -0.005 -13"><span class='ocrx_word' id='word_1_615' title='bbox 2037 3704 2169 3743; x_wconf 91' lang='lat' dir='ltr'><strong>vero</strong></span> <span class='ocrx_word' id='word_1_616' title='bbox 2214 3688 2263 3740; x_wconf 91' lang='lat' dir='ltr'><strong>in</strong></span> <span class='ocrx_word' id='word_1_617' title='bbox 2296 3689 2430 3742; x_wconf 89' lang='lat' dir='ltr'><strong>actis</strong></span> <span class='ocrx_word' id='word_1_618' title='bbox 2461 3687 2590 3755; x_wconf 87' lang='lat' dir='ltr'><strong>ipsis</strong></span> <span class='ocrx_word' id='word_1_619' title='bbox 2620 3684 2849 3756; x_wconf 84' lang='lat' dir='ltr'><strong>legimus</strong></span> <span class='ocrx_word' id='word_1_620' title='bbox 2893 3685 3224 3741; x_wconf 82' lang='lat' dir='ltr'><strong>Dorotlieuin</strong></span> <span class='ocrx_word' id='word_1_621' title='bbox 3250 3726 3265 3752; x_wconf 93' lang='lat'><strong>,</strong></span> <span class='ocrx_word' id='word_1_622' title='bbox 3316 3701 3345 3738; x_wconf 90' lang='lat' dir='ltr'><strong>a</strong></span> <span class='ocrx_word' id='word_1_623' title='bbox 3394 3700 3501 3755; x_wconf 92' lang='lat' dir='ltr'><strong>quo</strong></span> <span class='ocrx_word' id='word_1_624' title='bbox 3544 3683 3642 3740; x_wconf 91' lang='lat' dir='ltr'><strong>SS.</strong></span> 
     </span>
    </p>
   </div>
   <div class='ocr_carea' id='block_1_83' title="bbox 2038 3775 3648 3854">
    <p class='ocr_par' dir='ltr' id='par_1_83' title="bbox 2038 3775 3648 3854">
     <span class='ocr_line' id='line_1_83' title="bbox 2038 3775 3648 3854; baseline -0.004 -16"><span class='ocrx_word' id='word_1_625' title='bbox 2038 3790 2305 3854; x_wconf 87' lang='lat' dir='ltr'><strong>martyres</strong></span> <span class='ocrx_word' id='word_1_626' title='bbox 2349 3781 2595 3851; x_wconf 89' lang='lat' dir='ltr'><strong>percussi</strong></span> <span class='ocrx_word' id='word_1_627' title='bbox 2640 3782 2846 3835; x_wconf 82' lang='lat' dir='ltr'><strong>fuerant</strong></span> <span class='ocrx_word' id='word_1_628' title='bbox 2876 3821 2890 3844; x_wconf 94' lang='lat'><strong>,</strong></span> <span class='ocrx_word' id='word_1_629' title='bbox 2955 3778 3269 3850; x_wconf 74' lang='lat' dir='ltr'><strong>ptenitentia</strong></span> <span class='ocrx_word' id='word_1_630' title='bbox 3322 3786 3539 3848; x_wconf 86' lang='lat' dir='ltr'><strong>peracta</strong></span> <span class='ocrx_word' id='word_1_631' title='bbox 3580 3775 3648 3831; x_wconf 90' lang='lat' dir='ltr'><strong>ad</strong></span> 
     </span>
    </p>
   </div>
   <div class='ocr_carea' id='block_1_84' title="bbox 2036 3870 3647 3947">
    <p class='ocr_par' dir='ltr' id='par_1_84' title="bbox 2036 3870 3647 3947">
     <span class='ocr_line' id='line_1_84' title="bbox 2036 3870 3647 3947; baseline -0.007 -13"><span class='ocrx_word' id='word_1_632' title='bbox 2036 3876 2363 3947; x_wconf 81' lang='lat' dir='ltr'><strong>baptismum</strong></span> <span class='ocrx_word' id='word_1_633' title='bbox 2395 3875 2689 3929; x_wconf 80' lang='lat' dir='ltr'><strong>admissum</strong></span> <span class='ocrx_word' id='word_1_634' title='bbox 2710 3874 2811 3928; x_wconf 86' lang='lat' dir='ltr'><strong>sub</strong></span> <span class='ocrx_word' id='word_1_635' title='bbox 2832 3872 2994 3939; x_wconf 84' lang='lat' dir='ltr'><strong>Julio,</strong></span> <span class='ocrx_word' id='word_1_636' title='bbox 3014 3872 3102 3941; x_wconf 89' lang='lat' dir='ltr'><strong>qui</strong></span> <span class='ocrx_word' id='word_1_637' title='bbox 3124 3871 3497 3927; x_wconf 85' lang='lat' dir='ltr'><strong>Pontiﬁcatum</strong></span> <span class='ocrx_word' id='word_1_638' title='bbox 3523 3870 3647 3924; x_wconf 80' lang='lat' dir='ltr'><strong>iniit</strong></span> 
     </span>
    </p>
   </div>
   <div class='ocr_carea' id='block_1_85' title="bbox 2039 3967 3646 4040">
    <p class='ocr_par' dir='ltr' id='par_1_85' title="bbox 2039 3967 3646 4040">
     <span class='ocr_line' id='line_1_85' title="bbox 2039 3967 3646 4040; baseline -0.003 -15"><span class='ocrx_word' id='word_1_639' title='bbox 2039 3986 2184 4026; x_wconf 91' lang='lat' dir='ltr'><strong>anno</strong></span> <span class='ocrx_word' id='word_1_640' title='bbox 2207 3969 2334 4036; x_wconf 80' lang='lat'><strong>337;</strong></span> <span class='ocrx_word' id='word_1_641' title='bbox 2354 3969 2526 4024; x_wconf 87' lang='lat' dir='ltr'><strong>videri</strong></span> <span class='ocrx_word' id='word_1_642' title='bbox 2558 3979 2765 4040; x_wconf 84' lang='lat' dir='ltr'><strong>posset,</strong></span> <span class='ocrx_word' id='word_1_643' title='bbox 2794 3967 3078 4022; x_wconf 79' lang='lat' dir='ltr'><strong>Damasum</strong></span> <span class='ocrx_word' id='word_1_644' title='bbox 3112 3968 3446 4037; x_wconf 86' lang='lat' dir='ltr'><strong>pubertatem</strong></span> <span class='ocrx_word' id='word_1_645' title='bbox 3461 3980 3646 4037; x_wconf 87' lang='lat' dir='ltr'><strong>egres-</strong></span> 
     </span>
    </p>
   </div>
   <div class='ocr_carea' id='block_1_86' title="bbox 2040 4058 3646 4131">
    <p class='ocr_par' dir='ltr' id='par_1_86' title="bbox 2040 4058 3646 4131">
     <span class='ocr_line' id='line_1_86' title="bbox 2040 4058 3646 4131; baseline -0.004 -13"><span class='ocrx_word' id='word_1_646' title='bbox 2040 4077 2161 4118; x_wconf 91' lang='lat' dir='ltr'><strong>sum</strong></span> <span class='ocrx_word' id='word_1_647' title='bbox 2192 4077 2255 4116; x_wconf 88' lang='lat' dir='ltr'><strong>ac</strong></span> <span class='ocrx_word' id='word_1_648' title='bbox 2285 4059 2406 4131; x_wconf 91' lang='lat' dir='ltr'><strong>plus</strong></span> <span class='ocrx_word' id='word_1_649' title='bbox 2448 4061 2623 4115; x_wconf 90' lang='lat' dir='ltr'><strong>minus</strong></span> <span class='ocrx_word' id='word_1_650' title='bbox 2654 4060 2871 4130; x_wconf 88' lang='lat' dir='ltr'><strong>triginta</strong></span> <span class='ocrx_word' id='word_1_651' title='bbox 2905 4074 3169 4113; x_wconf 89' lang='lat' dir='ltr'><strong>annorum</strong></span> <span class='ocrx_word' id='word_1_652' title='bbox 3204 4058 3370 4113; x_wconf 84' lang='lat' dir='ltr'><strong>fuisse</strong></span> <span class='ocrx_word' id='word_1_653' title='bbox 3392 4100 3405 4125; x_wconf 93' lang='lat'><strong>,</strong></span> <span class='ocrx_word' id='word_1_654' title='bbox 3438 4073 3559 4112; x_wconf 88' lang='lat' dir='ltr'><strong>cum</strong></span> <span class='ocrx_word' id='word_1_655' title='bbox 3584 4072 3646 4112; x_wconf 90' lang='lat' dir='ltr'><strong>ea</strong></span> 
     </span>
    </p>
   </div>
   <div class='ocr_carea' id='block_1_87' title="bbox 2043 4150 3649 4224">
    <p class='ocr_par' dir='ltr' id='par_1_87' title="bbox 2043 4150 3649 4224">
     <span class='ocr_line' id='line_1_87' title="bbox 2043 4150 3649 4224; baseline -0.004 -14"><span class='ocrx_word' id='word_1_656' title='bbox 2043 4153 2280 4224; x_wconf 87' lang='lat' dir='ltr'><strong>scripsit,</strong></span> <span class='ocrx_word' id='word_1_657' title='bbox 2312 4168 2469 4209; x_wconf 87' lang='lat' dir='ltr'><strong>secus</strong></span> <span class='ocrx_word' id='word_1_658' title='bbox 2498 4169 2560 4208; x_wconf 86' lang='lat' dir='ltr'><strong>ac</strong></span> <span class='ocrx_word' id='word_1_659' title='bbox 2592 4152 2708 4223; x_wconf 80' lang='lat' dir='ltr'><strong>ipse</strong></span> <span class='ocrx_word' id='word_1_660' title='bbox 2739 4152 2806 4207; x_wconf 91' lang='lat' dir='ltr'><strong>de</strong></span> <span class='ocrx_word' id='word_1_661' title='bbox 2833 4167 2891 4207; x_wconf 91' lang='lat' dir='ltr'><strong>se</strong></span> <span class='ocrx_word' id='word_1_662' title='bbox 2917 4160 2970 4206; x_wconf 89' lang='lat' dir='ltr'><strong>ct</strong></span> <span class='ocrx_word' id='word_1_663' title='bbox 2995 4151 3324 4223; x_wconf 83' lang='lat' dir='ltr'><strong>Eginliartus</strong></span> <span class='ocrx_word' id='word_1_664' title='bbox 3355 4151 3429 4205; x_wconf 91' lang='lat' dir='ltr'><strong>ait</strong></span> <span class='ocrx_word' id='word_1_665' title='bbox 3451 4150 3521 4222; x_wconf 70' lang='grc' dir='ltr'><strong>(ε)</strong></span> <span class='ocrx_word' id='word_1_666' title='bbox 3549 4168 3562 4213; x_wconf 89' lang='lat'><strong>;</strong></span> <span class='ocrx_word' id='word_1_667' title='bbox 3594 4159 3649 4204; x_wconf 89' lang='lat' dir='ltr'><strong>at</strong></span> 
     </span>
    </p>
   </div>
   <div class='ocr_carea' id='block_1_88' title="bbox 2044 4244 3648 4317">
    <p class='ocr_par' dir='ltr' id='par_1_88' title="bbox 2044 4244 3648 4317">
     <span class='ocr_line' id='line_1_88' title="bbox 2044 4244 3648 4317; baseline -0.002 -14"><span class='ocrx_word' id='word_1_668' title='bbox 2044 4261 2165 4303; x_wconf 91' lang='lat' dir='ltr'><strong>cum</strong></span> <span class='ocrx_word' id='word_1_669' title='bbox 2193 4247 2307 4302; x_wconf 87' lang='lat' dir='ltr'><strong>ﬁeri</strong></span> <span class='ocrx_word' id='word_1_670' title='bbox 2335 4244 2491 4301; x_wconf 87' lang='lat' dir='ltr'><strong>facile</strong></span> <span class='ocrx_word' id='word_1_671' title='bbox 2520 4246 2710 4317; x_wconf 88' lang='lat' dir='ltr'><strong>possit,</strong></span> <span class='ocrx_word' id='word_1_672' title='bbox 2740 4253 2797 4299; x_wconf 90' lang='lat' dir='ltr'><strong>ut</strong></span> <span class='ocrx_word' id='word_1_673' title='bbox 2827 4245 3131 4300; x_wconf 85' lang='lat' dir='ltr'><strong>Dorotlieus</strong></span> <span class='ocrx_word' id='word_1_674' title='bbox 3171 4244 3289 4310; x_wconf 89' lang='lat' dir='ltr'><strong>ille,</strong></span> <span class='ocrx_word' id='word_1_675' title='bbox 3315 4260 3408 4299; x_wconf 92' lang='lat' dir='ltr'><strong>seu</strong></span> <span class='ocrx_word' id='word_1_676' title='bbox 3441 4252 3648 4311; x_wconf 88' lang='lat' dir='ltr'><strong>coacte,</strong></span> 
     </span>
    </p>
   </div>
   <div class='ocr_carea' id='block_1_89' title="bbox 2045 4337 3651 4412">
    <p class='ocr_par' dir='ltr' id='par_1_89' title="bbox 2045 4337 3651 4412">
     <span class='ocr_line' id='line_1_89' title="bbox 2045 4337 3651 4412; baseline -0.004 -15"><span class='ocrx_word' id='word_1_677' title='bbox 2045 4356 2143 4397; x_wconf 88' lang='lat' dir='ltr'><strong>seu</strong></span> <span class='ocrx_word' id='word_1_678' title='bbox 2190 4350 2387 4410; x_wconf 89' lang='lat' dir='ltr'><strong>sponte</strong></span> <span class='ocrx_word' id='word_1_679' title='bbox 2431 4356 2529 4412; x_wconf 90' lang='lat' dir='ltr'><strong>per</strong></span> <span class='ocrx_word' id='word_1_680' title='bbox 2573 4341 2755 4410; x_wconf 92' lang='lat' dir='ltr'><strong>plures</strong></span> <span class='ocrx_word' id='word_1_681' title='bbox 2802 4353 2976 4394; x_wconf 91' lang='lat' dir='ltr'><strong>annos</strong></span> <span class='ocrx_word' id='word_1_682' title='bbox 3027 4339 3173 4393; x_wconf 90' lang='lat' dir='ltr'><strong>inter</strong></span> <span class='ocrx_word' id='word_1_683' title='bbox 3227 4337 3651 4393; x_wconf 81' lang='lat' dir='ltr'><strong>catheCnmenos</strong></span> 
     </span>
    </p>
   </div>
   <div class='ocr_carea' id='block_1_90' title="bbox 2047 4431 3651 4506">
    <p class='ocr_par' dir='ltr' id='par_1_90' title="bbox 2047 4431 3651 4506">
     <span class='ocr_line' id='line_1_90' title="bbox 2047 4431 3651 4506; baseline -0.004 -15"><span class='ocrx_word' id='word_1_684' title='bbox 2047 4437 2347 4501; x_wconf 87' lang='lat' dir='ltr'><strong>manserit,</strong></span> <span class='ocrx_word' id='word_1_685' title='bbox 2381 4452 2474 4492; x_wconf 88' lang='lat' dir='ltr'><strong>sua</strong></span> <span class='ocrx_word' id='word_1_686' title='bbox 2506 4434 2733 4506; x_wconf 91' lang='lat' dir='ltr'><strong>proinde</strong></span> <span class='ocrx_word' id='word_1_687' title='bbox 2775 4444 2884 4489; x_wconf 91' lang='lat' dir='ltr'><strong>tum</strong></span> <span class='ocrx_word' id='word_1_688' title='bbox 2925 4434 3059 4488; x_wconf 89' lang='lat' dir='ltr'><strong>actis</strong></span> <span class='ocrx_word' id='word_1_689' title='bbox 3086 4475 3099 4500; x_wconf 90' lang='lat'><strong>,</strong></span> <span class='ocrx_word' id='word_1_690' title='bbox 3130 4448 3249 4502; x_wconf 71' lang='lat' dir='ltr'><strong>qua:</strong></span> <span class='ocrx_word' id='word_1_691' title='bbox 3275 4431 3651 4486; x_wconf 86' lang='lat' dir='ltr'><strong>Tillctnontitts</strong></span> 
     </span>
    </p>
   </div>
   <div class='ocr_carea' id='block_1_91' title="bbox 330 4523 3652 4613">
    <p class='ocr_par' dir='ltr' id='par_1_91' title="bbox 330 4523 3652 4613">
     <span class='ocr_line' id='line_1_91' title="bbox 330 4523 3652 4613; baseline -0.001 -34"><span class='ocrx_word' id='word_1_692' title='bbox 330 4541 452 4579; x_wconf 81' lang='lat' dir='ltr'><strong>eam</strong></span> <span class='ocrx_word' id='word_1_693' title='bbox 482 4525 541 4581; x_wconf 91' lang='lat' dir='ltr'><strong>S.</strong></span> <span class='ocrx_word' id='word_1_694' title='bbox 576 4526 804 4592; x_wconf 87' lang='lat' dir='ltr'><strong>Damasi,</strong></span> <span class='ocrx_word' id='word_1_695' title='bbox 837 4527 929 4580; x_wconf 86' lang='lat' dir='ltr'><strong>sub</strong></span> <span class='ocrx_word' id='word_1_696' title='bbox 949 4544 1048 4597; x_wconf 91' lang='lat' dir='ltr'><strong>qua</strong></span> <span class='ocrx_word' id='word_1_697' title='bbox 1080 4526 1137 4583; x_wconf 91' lang='lat' dir='ltr'><strong>S.</strong></span> <span class='ocrx_word' id='word_1_698' title='bbox 1160 4528 1393 4599; x_wconf 77' lang='lat' dir='ltr'><strong>pontifex</strong></span> <span class='ocrx_word' id='word_1_699' title='bbox 1418 4538 1653 4593; x_wconf 88' lang='lat' dir='ltr'><strong>matrem,</strong></span> <span class='ocrx_word' id='word_1_700' title='bbox 1684 4542 1938 4579; x_wconf 88' lang='lat' dir='ltr'><strong>sororem-</strong></span> <span class='ocrx_word' id='word_1_701' title='bbox 1974 4550 2021 4613; x_wconf 70' lang='grc' dir='ltr'>ι)</span> <span class='ocrx_word' id='word_1_702' title='bbox 2049 4541 2103 4586; x_wconf 88' lang='lat' dir='ltr'><strong>ct</strong></span> <span class='ocrx_word' id='word_1_703' title='bbox 2126 4532 2380 4586; x_wconf 90' lang='lat' dir='ltr'><strong>Bailietus</strong></span> <span class='ocrx_word' id='word_1_704' title='bbox 2409 4529 2601 4585; x_wconf 87' lang='lat' dir='ltr'><strong>frustra</strong></span> <span class='ocrx_word' id='word_1_705' title='bbox 2632 4527 2948 4591; x_wconf 89' lang='lat' dir='ltr'><strong>sollicitant,</strong></span> <span class='ocrx_word' id='word_1_706' title='bbox 2982 4541 3043 4580; x_wconf 89' lang='lat' dir='ltr'><strong>ac</strong></span> <span class='ocrx_word' id='word_1_707' title='bbox 3068 4525 3137 4580; x_wconf 92' lang='lat' dir='ltr'><strong>cl.</strong></span> <span class='ocrx_word' id='word_1_708' title='bbox 3160 4523 3468 4579; x_wconf 81' lang='lat' dir='ltr'><strong>Mazochius</strong></span> <span class='ocrx_word' id='word_1_709' title='bbox 3492 4538 3652 4592; x_wconf 85' lang='lat' dir='ltr'><strong>egre-</strong></span> 
     </span>
    </p>
   </div>
   <div class='ocr_carea' id='block_1_92' title="bbox 333 4616 1941 4689">
    <p class='ocr_par' dir='ltr' id='par_1_92' title="bbox 333 4616 1941 4689">
     <span class='ocr_line' id='line_1_92' title="bbox 333 4616 1941 4689; baseline 0 -18"><span class='ocrx_word' id='word_1_710' title='bbox 333 4635 435 4689; x_wconf 80' lang='lat' dir='ltr'><strong>que</strong></span> <span class='ocrx_word' id='word_1_711' title='bbox 481 4618 751 4687; x_wconf 76' lang='lat' dir='ltr'><strong>defunctas</strong></span> <span class='ocrx_word' id='word_1_712' title='bbox 799 4620 1026 4689; x_wconf 88' lang='lat' dir='ltr'><strong>sepelivit</strong></span> <span class='ocrx_word' id='word_1_713' title='bbox 1076 4620 1128 4672; x_wconf 91' lang='lat' dir='ltr'><strong>in</strong></span> <span class='ocrx_word' id='word_1_714' title='bbox 1175 4636 1335 4689; x_wconf 88' lang='lat' dir='ltr'><strong>supra</strong></span> <span class='ocrx_word' id='word_1_715' title='bbox 1376 4628 1652 4672; x_wconf 83' lang='lat' dir='ltr'><strong>memorato</strong></span> <span class='ocrx_word' id='word_1_716' title='bbox 1704 4616 1941 4671; x_wconf 90' lang='lat' dir='ltr'><strong>cubiculo</strong></span> 
     </span>
    </p>
   </div>
   <div class='ocr_carea' id='block_1_93' title="bbox 337 4709 1945 4783">
    <p class='ocr_par' dir='ltr' id='par_1_93' title="bbox 337 4709 1945 4783">
     <span class='ocr_line' id='line_1_93' title="bbox 337 4709 1945 4783; baseline -0.001 -19"><span class='ocrx_word' id='word_1_717' title='bbox 337 4712 633 4775; x_wconf 67' lang='lat' dir='ltr'><strong>eameterii,</strong></span> <span class='ocrx_word' id='word_1_718' title='bbox 656 4710 812 4780; x_wconf 70' lang='lat' dir='ltr'><strong>juxta</strong></span> <span class='ocrx_word' id='word_1_719' title='bbox 835 4728 961 4781; x_wconf 91' lang='lat' dir='ltr'><strong>quas</strong></span> <span class='ocrx_word' id='word_1_720' title='bbox 989 4719 1037 4765; x_wconf 89' lang='lat' dir='ltr'><strong>et</strong></span> <span class='ocrx_word' id='word_1_721' title='bbox 1061 4711 1168 4783; x_wconf 90' lang='lat' dir='ltr'><strong>ipse</strong></span> <span class='ocrx_word' id='word_1_722' title='bbox 1193 4709 1401 4781; x_wconf 88' lang='lat' dir='ltr'><strong>sepeliri</strong></span> <span class='ocrx_word' id='word_1_723' title='bbox 1439 4711 1598 4766; x_wconf 79' lang='lat' dir='ltr'><strong>voluit</strong></span> <span class='ocrx_word' id='word_1_724' title='bbox 1622 4711 1675 4764; x_wconf 87' lang='lat' dir='ltr'><strong>in</strong></span> <span class='ocrx_word' id='word_1_725' title='bbox 1702 4727 1760 4765; x_wconf 90' lang='lat' dir='ltr'><strong>ea</strong></span> <span class='ocrx_word' id='word_1_726' title='bbox 1803 4720 1945 4779; x_wconf 90' lang='lat' dir='ltr'><strong>parte</strong></span> 
     </span>
    </p>
   </div>
   <div class='ocr_carea' id='block_1_94' title="bbox 341 4804 1947 4877">
    <p class='ocr_par' dir='ltr' id='par_1_94' title="bbox 341 4804 1947 4877">
     <span class='ocr_line' id='line_1_94' title="bbox 341 4804 1947 4877; baseline -0.001 -18"><span class='ocrx_word' id='word_1_727' title='bbox 341 4806 651 4873; x_wconf 72' lang='lat' dir='ltr'><strong>muterii,</strong></span> <span class='ocrx_word' id='word_1_728' title='bbox 697 4822 813 4877; x_wconf 68' lang='lat' dir='ltr'><strong>qua:</strong></span> <span class='ocrx_word' id='word_1_729' title='bbox 859 4816 1033 4877; x_wconf 89' lang='lat' dir='ltr'><strong>postea</strong></span> <span class='ocrx_word' id='word_1_730' title='bbox 1063 4804 1277 4858; x_wconf 86' lang='lat' dir='ltr'><strong>Damasi</strong></span> <span class='ocrx_word' id='word_1_731' title='bbox 1307 4805 1567 4874; x_wconf 87' lang='lat' dir='ltr'><strong>appellata</strong></span> <span class='ocrx_word' id='word_1_732' title='bbox 1596 4805 1694 4875; x_wconf 76' lang='lat' dir='ltr'><strong>fuit</strong></span> <span class='ocrx_word' id='word_1_733' title='bbox 1718 4847 1732 4871; x_wconf 90' lang='lat'><strong>,</strong></span> <span class='ocrx_word' id='word_1_734' title='bbox 1787 4820 1947 4875; x_wconf 88' lang='lat' dir='ltr'><strong>prope</strong></span> 
     </span>
    </p>
   </div>
   <div class='ocr_carea' id='block_1_95' title="bbox 338 4896 1946 4969">
    <p class='ocr_par' dir='ltr' id='par_1_95' title="bbox 338 4896 1946 4969">
     <span class='ocr_line' id='line_1_95' title="bbox 338 4896 1946 4969; baseline 0 -18"><span class='ocrx_word' id='word_1_735' title='bbox 338 4899 481 4952; x_wconf 69' lang='lat' dir='ltr'><strong>viam</strong></span> <span class='ocrx_word' id='word_1_736' title='bbox 529 4897 882 4953; x_wconf 77' lang='lat' dir='ltr'><strong>Ardeatinam.</strong></span> <span class='ocrx_word' id='word_1_737' title='bbox 934 4899 1197 4953; x_wconf 81' lang='lat' dir='ltr'><strong>Baronius</strong></span> <span class='ocrx_word' id='word_1_738' title='bbox 1244 4897 1577 4969; x_wconf 87' lang='lat' dir='ltr'><strong>epitaphium</strong></span> <span class='ocrx_word' id='word_1_739' title='bbox 1629 4896 1835 4967; x_wconf 86' lang='lat' dir='ltr'><strong>profert</strong></span> <span class='ocrx_word' id='word_1_740' title='bbox 1881 4912 1946 4952; x_wconf 80' lang='lat' dir='ltr'><strong>ex</strong></span> 
     </span>
    </p>
   </div>
   <div class='ocr_carea' id='block_1_96' title="bbox 344 4991 1949 5061">
    <p class='ocr_par' dir='ltr' id='par_1_96' title="bbox 344 4991 1949 5061">
     <span class='ocr_line' id='line_1_96' title="bbox 344 4991 1949 5061; baseline 0.001 -17"><span class='ocrx_word' id='word_1_741' title='bbox 344 5002 663 5061; x_wconf 82' lang='lat' dir='ltr'><strong>pervetule</strong></span> <span class='ocrx_word' id='word_1_742' title='bbox 688 4992 876 5048; x_wconf 87' lang='lat' dir='ltr'><strong>codice</strong></span> <span class='ocrx_word' id='word_1_743' title='bbox 903 4992 1238 5048; x_wconf 87' lang='lat' dir='ltr'><strong>Trevirensis</strong></span> <span class='ocrx_word' id='word_1_744' title='bbox 1271 4991 1613 5047; x_wconf 66' lang='lat' dir='ltr'><strong>bibliotheca:</strong></span> <span class='ocrx_word' id='word_1_745' title='bbox 1639 5006 1668 5045; x_wconf 90' lang='lat' dir='ltr'><strong>a</strong></span> <span class='ocrx_word' id='word_1_746' title='bbox 1694 4991 1949 5046; x_wconf 84' lang='lat' dir='ltr'><strong>Browero</strong></span> 
     </span>
    </p>
   </div>
   <div class='ocr_carea' id='block_1_97' title="bbox 345 5084 1950 5156">
    <p class='ocr_par' dir='ltr' id='par_1_97' title="bbox 345 5084 1950 5156">
     <span class='ocr_line' id='line_1_97' title="bbox 345 5084 1950 5156; baseline 0.001 -18"><span class='ocrx_word' id='word_1_747' title='bbox 345 5086 700 5153; x_wconf 77' lang='lat' dir='ltr'><strong>exscriptom.</strong></span> <span class='ocrx_word' id='word_1_748' title='bbox 736 5085 1007 5155; x_wconf 59' lang='lat' dir='ltr'><strong>quod‘sibi</strong></span> <span class='ocrx_word' id='word_1_749' title='bbox 1041 5087 1173 5156; x_wconf 88' lang='lat' dir='ltr'><strong>ipsi,</strong></span> <span class='ocrx_word' id='word_1_750' title='bbox 1203 5086 1247 5140; x_wconf 92' lang='lat' dir='ltr'><strong>si</strong></span> <span class='ocrx_word' id='word_1_751' title='bbox 1275 5085 1446 5141; x_wconf 89' lang='lat' dir='ltr'><strong>codici</strong></span> <span class='ocrx_word' id='word_1_752' title='bbox 1479 5084 1612 5140; x_wconf 85' lang='lat' dir='ltr'><strong>ﬁdes</strong></span> <span class='ocrx_word' id='word_1_753' title='bbox 1641 5127 1655 5149; x_wconf 94' lang='lat'><strong>,</strong></span> <span class='ocrx_word' id='word_1_754' title='bbox 1684 5084 1950 5139; x_wconf 89' lang='lat' dir='ltr'><strong>Damasus</strong></span> 
     </span>
    </p>
   </div>
   <div class='ocr_carea' id='block_1_98' title="bbox 344 5175 1952 5247">
    <p class='ocr_par' dir='ltr' id='par_1_98' title="bbox 344 5175 1952 5247">
     <span class='ocr_line' id='line_1_98' title="bbox 344 5175 1952 5247; baseline 0.001 -16"><span class='ocrx_word' id='word_1_755' title='bbox 344 5175 572 5232; x_wconf 85' lang='lat' dir='ltr'><strong>fecerat.</strong></span> <span class='ocrx_word' id='word_1_756' title='bbox 625 5177 761 5231; x_wconf 81' lang='lat' dir='ltr'><strong>[llud</strong></span> <span class='ocrx_word' id='word_1_757' title='bbox 814 5180 1007 5234; x_wconf 90' lang='lat' dir='ltr'><strong>iterum</strong></span> <span class='ocrx_word' id='word_1_758' title='bbox 1039 5179 1357 5235; x_wconf 86' lang='lat' dir='ltr'><strong>Sirmondus</strong></span> <span class='ocrx_word' id='word_1_759' title='bbox 1406 5178 1548 5234; x_wconf 91' lang='lat' dir='ltr'><strong>inter</strong></span> <span class='ocrx_word' id='word_1_760' title='bbox 1579 5193 1746 5247; x_wconf 87' lang='lat' dir='ltr'><strong>opera</strong></span> <span class='ocrx_word' id='word_1_761' title='bbox 1775 5177 1952 5233; x_wconf 86' lang='lat' dir='ltr'><strong>Theo-</strong></span> 
     </span>
    </p>
   </div>
   <div class='ocr_carea' id='block_1_99' title="bbox 346 5269 1954 5339">
    <p class='ocr_par' dir='ltr' id='par_1_99' title="bbox 346 5269 1954 5339">
     <span class='ocr_line' id='line_1_99' title="bbox 346 5269 1954 5339; baseline 0.001 -16"><span class='ocrx_word' id='word_1_762' title='bbox 346 5269 536 5339; x_wconf 78' lang='lat' dir='ltr'><strong>dulplii</strong></span> <span class='ocrx_word' id='word_1_763' title='bbox 562 5271 967 5327; x_wconf 80' lang='lat' dir='ltr'><strong>Aurelianensis</strong></span> <span class='ocrx_word' id='word_1_764' title='bbox 994 5272 1087 5327; x_wconf 90' lang='lat' dir='ltr'><strong>lib.</strong></span> <span class='ocrx_word' id='word_1_765' title='bbox 1109 5286 1170 5337; x_wconf 83' lang='lat' dir='ltr'><strong>ll,</strong></span> <span class='ocrx_word' id='word_1_766' title='bbox 1194 5286 1363 5326; x_wconf 85' lang='lat' dir='ltr'><strong>carm.</strong></span> <span class='ocrx_word' id='word_1_767' title='bbox 1389 5271 1478 5338; x_wconf 80' lang='grc' dir='ltr'>ιι,</span> <span class='ocrx_word' id='word_1_768' title='bbox 1507 5271 1561 5325; x_wconf 88' lang='lat' dir='ltr'><strong>in</strong></span> <span class='ocrx_word' id='word_1_769' title='bbox 1582 5272 1721 5325; x_wconf 87' lang='lat' dir='ltr'><strong>obitu</strong></span> <span class='ocrx_word' id='word_1_770' title='bbox 1741 5270 1954 5324; x_wconf 87' lang='lat' dir='ltr'><strong>Damasi</strong></span> 
     </span>
    </p>
   </div>
   <div class='ocr_carea' id='block_1_100' title="bbox 346 5360 1953 5434">
    <p class='ocr_par' dir='ltr' id='par_1_100' title="bbox 346 5360 1953 5434">
     <span class='ocr_line' id='line_1_100' title="bbox 346 5360 1953 5434; baseline 0.001 -19"><span class='ocrx_word' id='word_1_771' title='bbox 346 5360 693 5431; x_wconf 86' lang='lat' dir='ltr'><strong>inscriptum,</strong></span> <span class='ocrx_word' id='word_1_772' title='bbox 724 5377 788 5418; x_wconf 90' lang='lat' dir='ltr'><strong>ac</strong></span> <span class='ocrx_word' id='word_1_773' title='bbox 811 5373 1085 5433; x_wconf 87' lang='lat' dir='ltr'><strong>postremo</strong></span> <span class='ocrx_word' id='word_1_774' title='bbox 1104 5362 1426 5418; x_wconf 81' lang='lat' dir='ltr'><strong>Sarazanius</strong></span> <span class='ocrx_word' id='word_1_775' title='bbox 1455 5362 1661 5419; x_wconf 85' lang='lat' dir='ltr'><strong>edidit:</strong></span> <span class='ocrx_word' id='word_1_776' title='bbox 1695 5361 1838 5434; x_wconf 85' lang='lat' dir='ltr'><strong>quod</strong></span> <span class='ocrx_word' id='word_1_777' title='bbox 1872 5373 1953 5417; x_wconf 92' lang='lat' dir='ltr'><strong>ta-</strong></span> 
     </span>
    </p>
   </div>
   <div class='ocr_carea' id='block_1_101' title="bbox 345 5455 1954 5523">
    <p class='ocr_par' dir='ltr' id='par_1_101' title="bbox 345 5455 1954 5523">
     <span class='ocr_line' id='line_1_101' title="bbox 345 5455 1954 5523; baseline 0 -14"><span class='ocrx_word' id='word_1_778' title='bbox 345 5468 480 5509; x_wconf 88' lang='lat' dir='ltr'><strong>men</strong></span> <span class='ocrx_word' id='word_1_779' title='bbox 506 5471 573 5509; x_wconf 87' lang='lat' dir='ltr'><strong>an</strong></span> <span class='ocrx_word' id='word_1_780' title='bbox 601 5469 791 5513; x_wconf 86' lang='lat' dir='ltr'><strong>revera</strong></span> <span class='ocrx_word' id='word_1_781' title='bbox 817 5458 1028 5513; x_wconf 87' lang='lat' dir='ltr'><strong>tumqu</strong></span> <span class='ocrx_word' id='word_1_782' title='bbox 1055 5456 1283 5513; x_wconf 84' lang='lat' dir='ltr'><strong>incisum</strong></span> <span class='ocrx_word' id='word_1_783' title='bbox 1315 5455 1477 5512; x_wconf 88' lang='lat' dir='ltr'><strong>fuerit</strong></span> <span class='ocrx_word' id='word_1_784' title='bbox 1506 5498 1521 5523; x_wconf 86' lang='lat'><strong>,</strong></span> <span class='ocrx_word' id='word_1_785' title='bbox 1568 5470 1711 5512; x_wconf 89' lang='lat' dir='ltr'><strong>nunc</strong></span> <span class='ocrx_word' id='word_1_786' title='bbox 1753 5455 1954 5511; x_wconf 89' lang='lat' dir='ltr'><strong>incerta</strong></span> 
     </span>
    </p>
   </div>
   <div class='ocr_carea' id='block_1_102' title="bbox 429 5592 1235 5666">
    <p class='ocr_par' dir='ltr' id='par_1_102' title="bbox 429 5592 1235 5666">
     <span class='ocr_line' id='line_1_102' title="bbox 429 5592 1235 5666; baseline -0.002 -17"><span class='ocrx_word' id='word_1_787' title='bbox 429 5594 505 5666; x_wconf 82' lang='grc' dir='ltr'><strong>(α)</strong></span> <span class='ocrx_word' id='word_1_788' title='bbox 537 5593 765 5652; x_wconf 89' lang='lat' dir='ltr'><strong>Fousec.</strong></span> <span class='ocrx_word' id='word_1_789' title='bbox 799 5594 895 5651; x_wconf 91' lang='lat' dir='ltr'><strong>lib.</strong></span> <span class='ocrx_word' id='word_1_790' title='bbox 927 5611 967 5663; x_wconf 89' lang='grc' dir='ltr'>ι,</span> <span class='ocrx_word' id='word_1_791' title='bbox 994 5608 1115 5666; x_wconf 88' lang='lat' dir='ltr'><strong>cap.</strong></span> <span class='ocrx_word' id='word_1_792' title='bbox 1146 5592 1235 5650; x_wconf 78' lang='grc'><strong>16.</strong></span> 
     </span>
    </p>
   </div>
   <div class='ocr_carea' id='block_1_103' title="bbox 432 5666 1305 5808">
    <p class='ocr_par' dir='ltr' id='par_1_103' title="bbox 432 5666 1305 5808">
     <span class='ocr_line' id='line_1_103' title="bbox 432 5666 1305 5808; baseline 0.001 -89"><span class='ocrx_word' id='word_1_793' title='bbox 432 5666 510 5808; x_wconf 62' lang='lat' dir='ltr'><strong>(bj</strong></span> <span class='ocrx_word' id='word_1_794' title='bbox 540 5666 625 5749; x_wconf 88' lang='lat' dir='ltr'><strong>De_</strong></span> <span class='ocrx_word' id='word_1_795' title='bbox 646 5667 703 5723; x_wconf 92' lang='lat' dir='ltr'><strong>S.</strong></span> <span class='ocrx_word' id='word_1_796' title='bbox 732 5666 796 5722; x_wconf 86' lang='lat' dir='ltr'><strong>E.</strong></span> <span class='ocrx_word' id='word_1_797' title='bbox 830 5681 951 5737; x_wconf 76' lang='lat' dir='ltr'><strong>cap.</strong></span> <span class='ocrx_word' id='word_1_798' title='bbox 981 5666 1108 5725; x_wconf 66' lang='lat'><strong>{05.</strong></span> <span class='ocrx_word' id='word_1_799' title='bbox 1294 5734 1305 5747; x_wconf 43' lang='lat'><strong>.</strong></span> 
     </span>
     <span class='ocr_line' id='line_1_104' title="bbox 433 5733 1305 5808; baseline -0.001 -17"><span class='ocrx_word' id='word_1_800' title='bbox 433 5736 483 5808; x_wconf 89' lang='lat' dir='ltr'><strong>(c</strong></span> <span class='ocrx_word' id='word_1_801' title='bbox 534 5736 702 5808; x_wconf 81' lang='lat' dir='ltr'><strong>Epist.</strong></span> <span class='ocrx_word' id='word_1_802' title='bbox 736 5736 827 5793; x_wconf 70' lang='grc'><strong>22.</strong></span> <span class='ocrx_word' id='word_1_803' title='bbox 860 5754 915 5793; x_wconf 86' lang='grc' dir='ltr'>ιι.</span> <span class='ocrx_word' id='word_1_804' title='bbox 951 5736 1038 5804; x_wconf 73' lang='grc'><strong>12,</strong></span> <span class='ocrx_word' id='word_1_805' title='bbox 1066 5733 1195 5795; x_wconf 76' lang='lat' dir='ltr'><strong>Ver.</strong></span> <span class='ocrx_word' id='word_1_806' title='bbox 1221 5737 1305 5793; x_wconf 82' lang='lat' dir='ltr'><strong>edi</strong></span> 
     </span>
    </p>
   </div>
   <div class='ocr_carea' id='block_1_104' title="bbox 433 5733 1356 5809">
    <p class='ocr_par' dir='ltr' id='par_1_104' title="bbox 433 5733 1356 5809">
     <span class='ocr_line' id='line_1_105' title="bbox 433 5733 1356 5809; baseline -0.001 -18"><span class='ocrx_word' id='word_1_807' title='bbox 433 5733 507 5809; x_wconf 87' lang='lat' dir='ltr'><strong>(c)</strong></span> <span class='ocrx_word' id='word_1_808' title='bbox 534 5736 702 5808; x_wconf 84' lang='lat' dir='ltr'><strong>Epist.</strong></span> <span class='ocrx_word' id='word_1_809' title='bbox 736 5736 827 5793; x_wconf 70' lang='grc'><strong>22.</strong></span> <span class='ocrx_word' id='word_1_810' title='bbox 860 5733 915 5793; x_wconf 68' lang='grc' dir='ltr'>ιι.</span> <span class='ocrx_word' id='word_1_811' title='bbox 951 5736 1038 5804; x_wconf 73' lang='grc'><strong>12,</strong></span> <span class='ocrx_word' id='word_1_812' title='bbox 1066 5733 1195 5795; x_wconf 75' lang='lat' dir='ltr'><strong>Ver.</strong></span> <span class='ocrx_word' id='word_1_813' title='bbox 1221 5734 1356 5793; x_wconf 81' lang='lat' dir='ltr'><strong>edit.</strong></span> 
     </span>
    </p>
   </div>
   <div class='ocr_carea' id='block_1_105' title="bbox 2048 4614 3653 4695">
    <p class='ocr_par' dir='ltr' id='par_1_105' title="bbox 2048 4614 3653 4695">
     <span class='ocr_line' id='line_1_106' title="bbox 2048 4614 3653 4695; baseline -0.006 -17"><span class='ocrx_word' id='word_1_814' title='bbox 2048 4625 2149 4695; x_wconf 88' lang='lat' dir='ltr'><strong>giis</strong></span> <span class='ocrx_word' id='word_1_815' title='bbox 2180 4623 2319 4677; x_wconf 91' lang='lat' dir='ltr'><strong>notis</strong></span> <span class='ocrx_word' id='word_1_816' title='bbox 2350 4621 2583 4677; x_wconf 77' lang='lat' dir='ltr'><strong>illustrat</strong></span> <span class='ocrx_word' id='word_1_817' title='bbox 2622 4618 2689 4692; x_wconf 69' lang='grc' dir='ltr'><strong>(Γ)</strong></span> <span class='ocrx_word' id='word_1_818' title='bbox 2721 4660 2737 4685; x_wconf 89' lang='grc'><em>,</em></span> <span class='ocrx_word' id='word_1_819' title='bbox 2780 4627 2892 4672; x_wconf 90' lang='lat' dir='ltr'><strong>tum</strong></span> <span class='ocrx_word' id='word_1_820' title='bbox 2927 4617 3142 4673; x_wconf 88' lang='lat' dir='ltr'><strong>Damasi</strong></span> <span class='ocrx_word' id='word_1_821' title='bbox 3172 4615 3329 4671; x_wconf 85' lang='lat' dir='ltr'><strong>dictis</strong></span> <span class='ocrx_word' id='word_1_822' title='bbox 3363 4614 3493 4670; x_wconf 83' lang='lat' dir='ltr'><strong>fides</strong></span> <span class='ocrx_word' id='word_1_823' title='bbox 3520 4630 3653 4669; x_wconf 85' lang='lat' dir='ltr'><strong>con-</strong></span> 
     </span>
    </p>
   </div>
   <div class='ocr_carea' id='block_1_106' title="bbox 2050 4704 3658 4782">
    <p class='ocr_par' dir='ltr' id='par_1_106' title="bbox 2050 4704 3658 4782">
     <span class='ocr_line' id='line_1_107' title="bbox 2050 4704 3658 4782; baseline -0.007 -10"><span class='ocrx_word' id='word_1_824' title='bbox 2050 4713 2589 4772; x_wconf 87' lang='lat' dir='ltr'><strong>stat.0ldoinushuic</strong></span> <span class='ocrx_word' id='word_1_825' title='bbox 2612 4722 2871 4782; x_wconf 63' lang='lat' dir='ltr'><strong>praeterea</strong></span> <span class='ocrx_word' id='word_1_826' title='bbox 2901 4707 3137 4779; x_wconf 84' lang='lat' dir='ltr'><strong>pontifici</strong></span> <span class='ocrx_word' id='word_1_827' title='bbox 3162 4706 3419 4761; x_wconf 90' lang='lat' dir='ltr'><strong>adscribit</strong></span> <span class='ocrx_word' id='word_1_828' title='bbox 3440 4709 3501 4760; x_wconf 88' lang='lat' dir='ltr'><strong>de</strong></span> <span class='ocrx_word' id='word_1_829' title='bbox 3525 4704 3658 4761; x_wconf 87' lang='lat' dir='ltr'><strong>Fide</strong></span> 
     </span>
    </p>
   </div>
   <div class='ocr_carea' id='block_1_107' title="bbox 2052 4797 3657 4867">
    <p class='ocr_par' dir='ltr' id='par_1_107' title="bbox 2052 4797 3657 4867">
     <span class='ocr_line' id='line_1_108' title="bbox 2052 4797 3657 4867; baseline -0.005 -6"><span class='ocrx_word' id='word_1_830' title='bbox 2052 4818 2233 4861; x_wconf 89' lang='lat' dir='ltr'><strong>contra</strong></span> <span class='ocrx_word' id='word_1_831' title='bbox 2262 4807 2530 4860; x_wconf 81' lang='lat' dir='ltr'><strong>luereticos</strong></span> <span class='ocrx_word' id='word_1_832' title='bbox 2561 4804 2745 4858; x_wconf 89' lang='lat' dir='ltr'><strong>librum</strong></span> <span class='ocrx_word' id='word_1_833' title='bbox 2775 4817 2958 4867; x_wconf 87' lang='lat' dir='ltr'><strong>unum,</strong></span> <span class='ocrx_word' id='word_1_834' title='bbox 2990 4816 3050 4854; x_wconf 88' lang='lat' dir='ltr'><strong>ac</strong></span> <span class='ocrx_word' id='word_1_835' title='bbox 3068 4799 3130 4853; x_wconf 90' lang='lat' dir='ltr'><strong>de</strong></span> <span class='ocrx_word' id='word_1_836' title='bbox 3150 4797 3404 4853; x_wconf 85' lang='lat' dir='ltr'><strong>Trinitate</strong></span> <span class='ocrx_word' id='word_1_837' title='bbox 3427 4800 3657 4854; x_wconf 88' lang='lat' dir='ltr'><strong>libellum</strong></span> 
     </span>
    </p>
   </div>
   <div class='ocr_carea' id='block_1_108' title="bbox 2056 4889 3659 4967">
    <p class='ocr_par' dir='ltr' id='par_1_108' title="bbox 2056 4889 3659 4967">
     <span class='ocr_line' id='line_1_109' title="bbox 2056 4889 3659 4967; baseline -0.004 -16"><span class='ocrx_word' id='word_1_838' title='bbox 2056 4913 2236 4960; x_wconf 81' lang='lat' dir='ltr'><strong>unum,</strong></span> <span class='ocrx_word' id='word_1_839' title='bbox 2263 4912 2423 4967; x_wconf 87' lang='lat' dir='ltr'><strong>quem</strong></span> <span class='ocrx_word' id='word_1_840' title='bbox 2452 4911 2553 4950; x_wconf 90' lang='lat' dir='ltr'><strong>ms.</strong></span> <span class='ocrx_word' id='word_1_841' title='bbox 2576 4893 2888 4959; x_wconf 83' lang='lat' dir='ltr'><strong>Verdcrius,</strong></span> <span class='ocrx_word' id='word_1_842' title='bbox 2914 4902 2968 4948; x_wconf 91' lang='lat' dir='ltr'><strong>et</strong></span> <span class='ocrx_word' id='word_1_843' title='bbox 2995 4890 3322 4946; x_wconf 91' lang='lat' dir='ltr'><strong>Possevinus</strong></span> <span class='ocrx_word' id='word_1_844' title='bbox 3347 4889 3659 4947; x_wconf 88' lang='lat' dir='ltr'><strong>Constanti-</strong></span> 
     </span>
    </p>
   </div>
   <div class='ocr_carea' id='block_1_109' title="bbox 2056 4982 3662 5059">
    <p class='ocr_par' dir='ltr' id='par_1_109' title="bbox 2056 4982 3662 5059">
     <span class='ocr_line' id='line_1_110' title="bbox 2056 4982 3662 5059; baseline -0.004 -15"><span class='ocrx_word' id='word_1_845' title='bbox 2056 4988 2239 5059; x_wconf 90' lang='lat' dir='ltr'><strong>nopoli</strong></span> <span class='ocrx_word' id='word_1_846' title='bbox 2274 4987 2471 5042; x_wconf 91' lang='lat' dir='ltr'><strong>vidisse</strong></span> <span class='ocrx_word' id='word_1_847' title='bbox 2498 4989 2667 5040; x_wconf 90' lang='lat' dir='ltr'><strong>aiunt.</strong></span> <span class='ocrx_word' id='word_1_848' title='bbox 2694 4984 2762 5040; x_wconf 89' lang='lat' dir='ltr'><strong>At</strong></span> <span class='ocrx_word' id='word_1_849' title='bbox 2792 5001 2916 5040; x_wconf 90' lang='lat' dir='ltr'><strong>eum</strong></span> <span class='ocrx_word' id='word_1_850' title='bbox 2945 4983 3007 5037; x_wconf 89' lang='lat' dir='ltr'><strong>de</strong></span> <span class='ocrx_word' id='word_1_851' title='bbox 3034 4982 3167 5038; x_wconf 84' lang='lat' dir='ltr'><strong>Fide</strong></span> <span class='ocrx_word' id='word_1_852' title='bbox 3191 4993 3369 5038; x_wconf 89' lang='lat' dir='ltr'><strong>contra</strong></span> <span class='ocrx_word' id='word_1_853' title='bbox 3398 4984 3662 5038; x_wconf 82' lang='lat' dir='ltr'><strong>Iuereticos</strong></span> 
     </span>
    </p>
   </div>
   <div class='ocr_carea' id='block_1_110' title="bbox 2057 5076 3663 5150">
    <p class='ocr_par' dir='ltr' id='par_1_110' title="bbox 2057 5076 3663 5150">
     <span class='ocr_line' id='line_1_111' title="bbox 2057 5076 3663 5150; baseline -0.005 -13"><span class='ocrx_word' id='word_1_854' title='bbox 2057 5082 2255 5137; x_wconf 89' lang='lat' dir='ltr'><strong>librum</strong></span> <span class='ocrx_word' id='word_1_855' title='bbox 2282 5124 2297 5147; x_wconf 89' lang='lat'><strong>,</strong></span> <span class='ocrx_word' id='word_1_856' title='bbox 2346 5080 2494 5135; x_wconf 89' lang='lat' dir='ltr'><strong>illum</strong></span> <span class='ocrx_word' id='word_1_857' title='bbox 2521 5081 2698 5150; x_wconf 89' lang='lat' dir='ltr'><strong>ipsum</strong></span> <span class='ocrx_word' id='word_1_858' title='bbox 2751 5076 2918 5134; x_wconf 84' lang='lat' dir='ltr'><strong>fuisse</strong></span> <span class='ocrx_word' id='word_1_859' title='bbox 2956 5088 3083 5149; x_wconf 93' lang='lat' dir='ltr'><strong>puto</strong></span> <span class='ocrx_word' id='word_1_860' title='bbox 3127 5094 3284 5148; x_wconf 91' lang='lat' dir='ltr'><strong>quem</strong></span> <span class='ocrx_word' id='word_1_861' title='bbox 3329 5076 3663 5133; x_wconf 80' lang='lat' dir='ltr'><strong>Tritliemius</strong></span> 
     </span>
    </p>
   </div>
   <div class='ocr_carea' id='block_1_111' title="bbox 2059 5171 3665 5243">
    <p class='ocr_par' dir='ltr' id='par_1_111' title="bbox 2059 5171 3665 5243">
     <span class='ocr_line' id='line_1_112' title="bbox 2059 5171 3665 5243; baseline -0.004 -12"><span class='ocrx_word' id='word_1_862' title='bbox 2059 5177 2223 5232; x_wconf 86' lang='lat' dir='ltr'><strong>etiam</strong></span> <span class='ocrx_word' id='word_1_863' title='bbox 2252 5176 2454 5231; x_wconf 90' lang='lat' dir='ltr'><strong>indicat</strong></span> <span class='ocrx_word' id='word_1_864' title='bbox 2484 5218 2497 5243; x_wconf 92' lang='lat'><strong>,</strong></span> <span class='ocrx_word' id='word_1_865' title='bbox 2544 5174 2769 5229; x_wconf 89' lang='lat' dir='ltr'><strong>alteram</strong></span> <span class='ocrx_word' id='word_1_866' title='bbox 2801 5174 3007 5229; x_wconf 90' lang='lat' dir='ltr'><strong>scilicet</strong></span> <span class='ocrx_word' id='word_1_867' title='bbox 3046 5172 3111 5227; x_wconf 89' lang='lat' dir='ltr'><strong>ad</strong></span> <span class='ocrx_word' id='word_1_868' title='bbox 3155 5171 3435 5227; x_wconf 87' lang='lat' dir='ltr'><strong>Paulinum</strong></span> <span class='ocrx_word' id='word_1_869' title='bbox 3463 5172 3665 5241; x_wconf 88' lang='lat' dir='ltr'><strong>episto-</strong></span> 
     </span>
    </p>
   </div>
   <div class='ocr_carea' id='block_1_112' title="bbox 2061 5264 3665 5339">
    <p class='ocr_par' dir='ltr' id='par_1_112' title="bbox 2061 5264 3665 5339">
     <span class='ocr_line' id='line_1_113' title="bbox 2061 5264 3665 5339; baseline -0.004 -15"><span class='ocrx_word' id='word_1_870' title='bbox 2061 5269 2166 5324; x_wconf 89' lang='lat' dir='ltr'><strong>lam</strong></span> <span class='ocrx_word' id='word_1_871' title='bbox 2194 5310 2207 5331; x_wconf 90' lang='lat'><strong>,</strong></span> <span class='ocrx_word' id='word_1_872' title='bbox 2241 5268 2309 5324; x_wconf 91' lang='lat' dir='ltr'><strong>de</strong></span> <span class='ocrx_word' id='word_1_873' title='bbox 2349 5284 2451 5339; x_wconf 87' lang='lat' dir='ltr'><strong>qua</strong></span> <span class='ocrx_word' id='word_1_874' title='bbox 2481 5283 2508 5322; x_wconf 89' lang='lat' dir='ltr'><strong>a</strong></span> <span class='ocrx_word' id='word_1_875' title='bbox 2541 5283 2627 5324; x_wconf 91' lang='lat' dir='ltr'><strong>me</strong></span> <span class='ocrx_word' id='word_1_876' title='bbox 2655 5277 2834 5324; x_wconf 90' lang='lat' dir='ltr'><strong>actum</strong></span> <span class='ocrx_word' id='word_1_877' title='bbox 2862 5276 2945 5322; x_wconf 92' lang='lat' dir='ltr'><strong>est</strong></span> <span class='ocrx_word' id='word_1_878' title='bbox 2975 5281 3096 5335; x_wconf 88' lang='lat' dir='ltr'><strong>cap.</strong></span> <span class='ocrx_word' id='word_1_879' title='bbox 3129 5266 3217 5321; x_wconf 75' lang='lat' dir='ltr'><strong>l5.</strong></span> <span class='ocrx_word' id='word_1_880' title='bbox 3269 5264 3502 5318; x_wconf 86' lang='lat' dir='ltr'><strong>Libellus</strong></span> <span class='ocrx_word' id='word_1_881' title='bbox 3534 5276 3665 5318; x_wconf 81' lang='lat' dir='ltr'><strong>vero</strong></span> 
     </span>
    </p>
   </div>
   <div class='ocr_carea' id='block_1_113' title="bbox 2063 5353 3664 5426">
    <p class='ocr_par' dir='ltr' id='par_1_113' title="bbox 2063 5353 3664 5426">
     <span class='ocr_line' id='line_1_114' title="bbox 2063 5353 3664 5426; baseline -0.006 -8"><span class='ocrx_word' id='word_1_882' title='bbox 2063 5361 2133 5418; x_wconf 87' lang='lat' dir='ltr'><strong>de</strong></span> <span class='ocrx_word' id='word_1_883' title='bbox 2162 5359 2413 5416; x_wconf 84' lang='lat' dir='ltr'><strong>Trinitate</strong></span> <span class='ocrx_word' id='word_1_884' title='bbox 2440 5402 2455 5425; x_wconf 89' lang='lat'><strong>,</strong></span> <span class='ocrx_word' id='word_1_885' title='bbox 2486 5360 2627 5416; x_wconf 90' lang='lat' dir='ltr'><strong>aliud</strong></span> <span class='ocrx_word' id='word_1_886' title='bbox 2652 5360 2900 5418; x_wconf 86' lang='lat' dir='ltr'><strong>fortassis</strong></span> <span class='ocrx_word' id='word_1_887' title='bbox 2930 5374 3035 5413; x_wconf 90' lang='lat' dir='ltr'><strong>non</strong></span> <span class='ocrx_word' id='word_1_888' title='bbox 3062 5365 3146 5412; x_wconf 90' lang='lat' dir='ltr'><strong>est</strong></span> <span class='ocrx_word' id='word_1_889' title='bbox 3173 5370 3331 5426; x_wconf 88' lang='lat' dir='ltr'><strong>quam</strong></span> <span class='ocrx_word' id='word_1_890' title='bbox 3361 5353 3664 5426; x_wconf 83' lang='lat' dir='ltr'><strong>symbolum</strong></span> 
     </span>
    </p>
   </div>
   <div class='ocr_carea' id='block_1_114' title="bbox 2067 5447 3665 5524">
    <p class='ocr_par' dir='ltr' id='par_1_114' title="bbox 2067 5447 3665 5524">
     <span class='ocr_line' id='line_1_115' title="bbox 2067 5447 3665 5524; baseline -0.006 -13"><span class='ocrx_word' id='word_1_891' title='bbox 2067 5456 2283 5511; x_wconf 84' lang='lat' dir='ltr'><strong>Damasi</strong></span> <span class='ocrx_word' id='word_1_892' title='bbox 2311 5459 2528 5511; x_wconf 88' lang='lat' dir='ltr'><strong>nomine</strong></span> <span class='ocrx_word' id='word_1_893' title='bbox 2549 5468 2694 5524; x_wconf 65' lang='lat' dir='ltr'><strong>saepe</strong></span> <span class='ocrx_word' id='word_1_894' title='bbox 2720 5451 3062 5522; x_wconf 89' lang='lat' dir='ltr'><strong>inscriptum,</strong></span> <span class='ocrx_word' id='word_1_895' title='bbox 3085 5449 3153 5505; x_wconf 92' lang='lat' dir='ltr'><strong>de</strong></span> <span class='ocrx_word' id='word_1_896' title='bbox 3174 5462 3279 5521; x_wconf 89' lang='lat' dir='ltr'><strong>quo</strong></span> <span class='ocrx_word' id='word_1_897' title='bbox 3310 5463 3435 5504; x_wconf 79' lang='lat' dir='ltr'><strong>mox</strong></span> <span class='ocrx_word' id='word_1_898' title='bbox 3468 5447 3665 5505; x_wconf 78' lang='lat' dir='ltr'><strong>dicam.</strong></span> 
     </span>
    </p>
   </div>
   <div class='ocr_carea' id='block_1_115' title="bbox 2160 5583 3090 5674">
    <p class='ocr_par' dir='ltr' id='par_1_115' title="bbox 2160 5583 3090 5674">
     <span class='ocr_line' id='line_1_116' title="bbox 2160 5583 3090 5674; baseline -0.008 -29"><span class='ocrx_word' id='word_1_899' title='bbox 2160 5591 2215 5674; x_wconf 63' lang='lat' dir='ltr'><strong>it)</strong></span> <span class='ocrx_word' id='word_1_900' title='bbox 2244 5590 2340 5674; x_wconf 48' lang='lat' dir='ltr'><strong>an</strong></span> <span class='ocrx_word' id='word_1_901' title='bbox 2361 5590 2501 5646; x_wconf 91' lang='lat' dir='ltr'><strong>diem</strong></span> <span class='ocrx_word' id='word_1_902' title='bbox 2529 5588 2602 5645; x_wconf 75' lang='lat' dir='ltr'><strong>es</strong></span> <span class='ocrx_word' id='word_1_903' title='bbox 2630 5587 2819 5653; x_wconf 83' lang='lat' dir='ltr'><strong>Febr.,</strong></span> <span class='ocrx_word' id='word_1_904' title='bbox 2846 5583 3090 5642; x_wconf 89' lang='lat' dir='ltr'><strong>tom.lll.</strong></span> 
     </span>
    </p>
   </div>
   <div class='ocr_carea' id='block_1_116' title="bbox 2135 5594 3134 5804">
    <p class='ocr_par' dir='ltr' id='par_1_116' title="bbox 2135 5594 3134 5804">
     <span class='ocr_line' id='line_1_117' title="bbox 2160 5594 3090 5674; baseline -0.009 -28"><span class='ocrx_word' id='word_1_905' title='bbox 2160 5594 2215 5662; x_wconf 79' lang='grc' dir='ltr'><strong>ά)</strong></span> <span class='ocrx_word' id='word_1_906' title='bbox 2250 5594 2330 5674; x_wconf 72' lang='lat' dir='ltr'><strong>Ad</strong></span> <span class='ocrx_word' id='word_1_907' title='bbox 2361 5594 2501 5646; x_wconf 91' lang='lat' dir='ltr'><strong>diem</strong></span> <span class='ocrx_word' id='word_1_908' title='bbox 2529 5594 2602 5645; x_wconf 77' lang='lat'><strong>‘28</strong></span> <span class='ocrx_word' id='word_1_909' title='bbox 2630 5594 2819 5653; x_wconf 79' lang='lat' dir='ltr'><strong>Febr.,</strong></span> <span class='ocrx_word' id='word_1_910' title='bbox 2846 5594 3090 5642; x_wconf 76' lang='lat' dir='ltr'><strong>tomJII.</strong></span> 
     </span>
     <span class='ocr_line' id='line_1_118' title="bbox 2135 5594 3134 5804; baseline -0.008 -12"><span class='ocrx_word' id='word_1_911' title='bbox 2135 5594 2211 5804; x_wconf 57' lang='lat' dir='ltr'><strong>lii</strong></span> <span class='ocrx_word' id='word_1_912' title='bbox 2242 5661 2585 5789; x_wconf 55' lang='lat' dir='ltr'><strong>filiiﬁlii:</strong></span> <span class='ocrx_word' id='word_1_913' title='bbox 2613 5728 2838 5801; x_wconf 77' lang='lat' dir='ltr'><strong>Neapol.</strong></span> <span class='ocrx_word' id='word_1_914' title='bbox 2864 5730 2924 5786; x_wconf 89' lang='grc' dir='ltr'><strong>ιι</strong></span> <span class='ocrx_word' id='word_1_915' title='bbox 2960 5727 3134 5785; x_wconf 82' lang='lat' dir='ltr'><strong>Junii.</strong></span> 
     </span>
    </p>
   </div>
  </div>
