4138 6178
532 253 641 311 9.63

1782 245 2098 307 SANCTUS
2138 242 2458 303 DAMASUS
2486 244 2690 301 PAPA.

3740 247 3845 304 264

531 369 609 425 Ex
663 371 726 426 iis
755 378 933 427 tamen
961 409 976 436 ,
1027 383 1144 440 qua:
1189 373 1481 437 supersunt
1521 365 1832 437 fragmentis
1857 407 1872 432 ,
1925 364 2126 435 liquido
2155 367 2208 426 Α
2232 362 2454 416 dividit?
2481 361 2583 426 Qui
2611 361 2715 414 duo
2743 358 2845 414 sint
2873 359 3102 430 ﬁlii,qui
3120 359 3308 431 major,
3338 362 3444 416 sive
3466 361 3671 417 minor?
3701 364 3846 432 Quo-

531 474 762 527 constat,
793 464 918 518 huic
946 463 1164 533 egregio
1198 461 1457 531 pontifici,
1488 476 1588 515 nec
1612 459 1810 531 ingenii
1837 501 1851 525 ,
1880 457 2135 527 nccjudi-

530 556 620 621 cii,
657 571 755 611 nec
783 555 1044 610 doctrinae
1083 553 1393 624 prasidium
1422 552 1659 608 defuisse
1681 592 1693 615 .
1731 566 1905 622 neque
1940 552 2133 606 imme—

527 645 634 701 rito
661 662 780 702 cum
808 645 1096 704 Ambrosio
1121 657 1175 703 et
1205 646 1477 719 Cypriano
1503 691 1517 715 ,
1564 662 1593 701 a
1617 645 1962 701 Ttieodoreto
1992 645 2135 727 ejus-

532 741 655 798 dem
669 741 920 798 doctrina:
941 746 1110 816 gratia
1135 743 1440 813 comparari
1460 742 1555 816 (a).

602 833 912 902 Caeterum,
967 850 1293 906 quamquam
1355 834 1444 889 ille
1499 833 1832 904 gravissimis
1878 830 2136 887 Ecclesia:

528 926 797 982 universae
840 927 1194 996 expediendis
1226 926 1458 998 negotiis
1489 937 1784 997 occupatus
1822 924 1963 979 haud
1994 924 2135 978 mul-

533 1030 608 1089 ta,
650 1032 704 1078 et
729 1032 925 1094 praeter
946 1023 1326 1078 necessitatem
1358 1021 1655 1092 scripserit,
1687 1021 1738 1075 in
1771 1035 1937 1075 causa
1960 1030 2134 1074 tamen

531 1115 672 1182 fuit,
703 1126 757 1170 et
783 1116 935 1186 plura
971 1115 1284 1187 Hieronymi
1319 1115 1574 1186 opuscula
1605 1156 1618 1180 ,
1647 1114 1841 1185 quibus
1874 1112 2012 1167 forte
2048 1126 2139 1165 ca-

534 1213 834 1268 ruissemus
859 1253 875 1280 ,
923 1228 954 1267 a
999 1213 1155 1269 nobis
1185 1213 1564 1283 possideantur
1587 1253 1602 1278 ,
1645 1221 1704 1266 ut
1735 1221 1861 1266 sunt
1890 1220 2138 1264 tractatus

535 1306 598 1359 de
632 1306 928 1378 Seraphim,
957 1308 1088 1361 bime
1120 1306 1356 1377 Origenis
1393 1307 1621 1360 homilia:
1650 1305 1703 1359 in
1727 1304 1941 1360 Cantica
1963 1302 2140 1359 Canti-

533 1415 731 1464 corum,
765 1401 892 1454 liber
927 1400 1138 1470 Didymi
1165 1399 1228 1453 de
1255 1399 1459 1469 Spiritu
1491 1407 1689 1462 sancto,
1718 1414 1778 1450 ac
1806 1396 1868 1450 de
1896 1405 2139 1465 perpetua

537 1491 601 1545 Β.
635 1490 711 1545 Μ.
741 1492 1032 1565 virginitate
1057 1503 1245 1546 contra
1271 1490 1600 1556 Helvidium,
1636 1505 1794 1559 quem
1822 1490 1889 1544 ab
1919 1503 1986 1543 eo
2010 1503 2141 1558 pon~

537 1584 682 1640 tilice
728 1586 925 1640 lectum
973 1593 1129 1640 antea
1174 1589 1566 1654 probatumque
1614 1584 1976 1654 Hieronymus
2023 1582 2141 1653 ipse

538 1679 712 1735 innuit
737 1681 792 1736 in
823 1681 1017 1736 litteris
1044 1679 1110 1735 ad
1139 1680 1544 1735 Pammacliiuin
1577 1678 1672 1751 (ὁ).
1723 1678 1997 1733 Helvidius
2026 1679 2141 1747 ipse

2238 457 2389 510 modo
2434 457 2600 509 minor
2640 464 2905 525 acceptam
2949 455 3292 510 substantiam
3338 473 3456 510 cum
3499 459 3843 514 meretricibus

2238 549 2454 619 dissipat
2486 549 2511 602 Σ)
2558 547 2721 602 Fame
2769 549 2905 619 facta
2932 566 2963 603 a
2989 550 3225 620 principe
3259 551 3483 621 regionis
3529 554 3843 623 prteponitur

2238 644 2408 712 porcis
2427 683 2441 707 ,
2475 642 2690 712 siliquas
2715 642 2929 696 comedit
2951 684 2964 706 ,
2999 642 3068 695 ad
3088 653 3281 713 patrem
3310 643 3474 710 redit,
3506 647 3691 715 accipit
3716 663 3843 700 anu-

2239 736 2347 788 lum
2379 744 2424 789 et
2449 736 2656 802 stolam,
2690 744 2737 789 et
2769 735 3064 789 immolatur
3093 737 3136 790 ei
3169 737 3360 790 vitulus
3387 738 3693 808 saginatus?
3721 738 3845 804 Quis

2240 827 2306 881 sit
2329 829 2496 899 major
2523 832 2701 898 frater.
2732 838 2777 880 et
2808 828 3063 897 quomodo
3082 828 3144 881 de
3159 845 3285 899 agro
3311 831 3512 884 veniens
3532 830 3845 900 susceptioni

2241 922 2416 992 fratris
2451 922 2711 976 invideat?
2756 920 2820 974 Et
2868 931 3050 975 cratera
3089 938 3205 992 qua:
3231 923 3283 976 in
3317 922 3599 996 Evangelia
3636 925 3845 995 planius

2241 1020 2583 1088 explicantur.
2621 1018 2782 1071 Addis
2803 1019 3030 1089 insuper,
3067 1017 3190 1072 Scio
3215 1019 3396 1073 multos
3423 1020 3477 1072 in
3503 1020 3599 1073 hac
3627 1019 3850 1074 lectione

2241 1111 2440 1166 diversa
2467 1111 2677 1178 dixisse,
2710 1121 2754 1165 et
2786 1113 2998 1183 fratrem
3028 1114 3272 1183 majorem
3297 1112 3558 1179 Judaeum,
3591 1114 3844 1167 minorem

2241 1184 2560 1260 egistimasse
2586 1204 2867 1259 Gentilium
2902 1208 3184 1274 populum;
3227 1207 3316 1262 sed
3342 1224 3542 1276 qurero,
3583 1207 3843 1278 quomodo

2240 1300 2463 1355 Iudaico
2497 1301 2689 1372 papula
2720 1302 2880 1371 possit
2911 1302 3080 1373 aptari
3113 1317 3131 1355 :
3177 1301 3318 1357 Ecce
3351 1313 3426 1358 tot
3452 1304 3606 1358 annis
3646 1302 3844 1358 servivi

2243 1394 2360 1460 tibi,
2389 1405 2444 1449 et
2475 1409 2766 1463 numquam
2800 1393 3109 1448 mandatum
3144 1403 3290 1449 tuum
3319 1397 3582 1465 prmterii,
3610 1407 3662 1452 et
3691 1413 3847 1451 num-

2243 1502 2402 1557 quam
2431 1487 2626 1542 dedisti
2658 1486 2790 1541 milii
2823 1487 3056 1554 haedum,
3087 1497 3143 1541 ut
3181 1504 3304 1543 cum
3328 1490 3516 1544 amicis
3543 1491 3676 1545 meis
3716 1507 3847 1560 epu-

2244 1577 2424 1643 larer;
2457 1588 2504 1632 et
2530 1578 2663 1632 illud
2689 1621 2701 1644 ,
2733 1578 2856 1644 Fili,
2894 1589 2948 1634 tu
2981 1595 3191 1636 mecum
3219 1597 3438 1652 semper
3465 1598 3547 1646 es,
3589 1595 3642 1637 et
3667 1585 3846 1638 omnia

2245 1688 2362 1727 mea
2394 1682 2481 1727 tua
2508 1682 2671 1727 sunt:
2714 1674 2758 1727 si
2782 1684 2978 1740 autem,
3009 1685 3062 1729 ut
3088 1676 3164 1729 ais
3186 1716 3200 1740 ,
3243 1677 3305 1729 de
3322 1679 3468 1747 justo
3497 1687 3545 1731 et
3587 1688 3850 1746 peccatore

538 1783 667 1850 tunc
698 1786 957 1843 praeterea
990 1774 1057 1829 ab
1079 1789 1144 1829 eo
1172 1772 1424 1843 pontifice
1450 1772 1661 1828 videtur
1689 1772 1894 1843 ejectus
1940 1771 2008 1825 ab
2038 1770 2138 1825 Ec-
2171 1780 2218 1839 B
2243 1767 2553 1820 voluerimus
2576 1783 2682 1820 esse
2709 1766 3027 1838 parabolam,
3050 1769 3195 1834 justo
3224 1784 3324 1822 non
3353 1771 3534 1837 poterit
3560 1773 3848 1838 convenire,

535 1867 701 1921 clesia
732 1866 894 1921 fuisse
923 1910 938 1934 ,
990 1866 1256 1936 siquidem
1301 1865 1502 1920 Marius
1532 1864 1794 1920 Mercator
1819 1864 2083 1919 Bonosum
2112 1882 2144 1918 a

537 1955 765 2014 Damaso
796 1959 1205 2030 praedamnatum
1236 1960 1485 2031 scripsit,
1540 1960 1591 2014 in
1623 1958 1868 2014 Helvidio
1897 1959 2100 2015 scilicet
2126 1999 2141 2026 ,

539 2062 598 2108 ut
638 2069 739 2124 ego
780 2053 1050 2123 conjicio:
1100 2054 1242 2110 enim
1267 2070 1394 2110 vero
1425 2055 1694 2109 Bonosum
1739 2054 1809 2108 ob
1836 2070 1955 2109 eam
1983 2069 2141 2123 quam

536 2145 817 2202 Helvidius
853 2147 1127 2217 professus
1160 2148 1358 2214 fuerat,
1394 2149 1643 2204 haeresim
1676 2163 1703 2201 a
1737 2149 1932 2205 Siricio
1961 2164 2146 2218 repre-

537 2237 768 2294 liensum
800 2249 1012 2294 constat
1053 2240 1279 2309 epistola
1315 2240 1380 2294 ad
1423 2240 1665 2295 Anisium
1693 2240 2143 2295 Thessalonicen-

537 2346 676 2399 sem,
709 2346 870 2401 quam
898 2332 1183 2388 Ambrosio
1218 2332 1424 2402 pridem
1453 2333 1792 2403 inscriptam,
1830 2333 2146 2389 llolstenius

538 2420 664 2477 lmic
694 2423 934 2492 pontifici
963 2425 1200 2479 restituit
1233 2425 1326 2497 (c).
1353 2425 1437 2480 Me
1467 2443 1572 2481 non
1601 2427 1754 2494 latet,
1791 2427 2143 2483 Mercatorem

538 2515 714 2586 ipsum
740 2515 999 2584 scribere,
1018 2515 1303 2584 Bonosum,
1332 2518 1578 2584 Ebionis,
1602 2519 1754 2574 Pauli
1783 2519 2144 2586 Samosateni,

537 2622 602 2663 ac
651 2607 867 2663 Pliotini
900 2621 1244 2665 exsecratum
1278 2610 1472 2680 dogma
1501 2619 1748 2666 secutum
1780 2627 1941 2676 esse;
1984 2611 2147 2667 Gela-

540 2699 681 2755 sium
712 2707 1006 2769 pra-terea,
1040 2715 1103 2754 ac
1135 2701 1468 2758 Arelatensis
1491 2718 1528 2758 ιι
1554 2703 1771 2759 concilii
1798 2702 2009 2768 Patres,
2036 2701 2146 2756 Bo-

538 2795 774 2850 nosiacos
800 2795 994 2851 eodem
1040 2811 1164 2852 cum
1190 2797 1526 2852 Pliotinianis
1553 2813 1615 2853 ac
1643 2797 2020 2853 Paulinavistis
2062 2814 2147 2852 er-

538 2901 664 2942 rore
691 2886 945 2958 abreptos
973 2902 1239 2944 asserere.
1285 2890 1354 2943 At
1385 2889 1487 2944 hoc
1516 2889 1712 2944 laetum
1733 2931 1747 2956 ,
1803 2890 1926 2961 quia
1955 2905 2076 2944 cum
2110 2888 2144 2943 ii

540 2989 853 3052 perpetuam
879 2981 938 3035 Β.
965 2980 1033 3036 Μ.
1061 2982 1427 3052 virginitatem
1451 2999 1574 3039 cum
1600 2983 1844 3039 Helvidio
1863 2991 2144 3055 negarent,

539 3076 736 3129 merito
763 3073 817 3128 in
846 3075 1211 3144 suspicionem
1239 3086 1538 3142 venerant,
1580 3077 1649 3132 de
1694 3092 1798 3132 non
1847 3087 2060 3132 servata
2094 3078 2143 3130 in

2249 1869 2303 1911 ut
2331 1860 2393 1912 de
2417 1861 2580 1913 salute
2635 1860 2844 1913 alterius
2909 1869 2957 1914 et
3000 1861 3222 1916 maxime
3269 1863 3448 1932 fratris
3494 1864 3848 1924 contristetur.

2247 1950 2388 2017 Quid
2418 1967 2547 2005 vero
2594 1951 2659 2006 ad
2694 1951 2808 2006 limc
2855 1954 3130 2022 proposita
3171 1953 3326 2008 dubia
3361 1955 3716 2026 Hieronymus
3764 1971 3854 2011 re-

2248 2043 2547 2111 sponderit,
2590 2060 2657 2098 ex
2681 2043 2868 2098 eadem
2898 2046 3124 2113 epistola
3153 2045 3345 2115 cupido
3375 2045 3568 2100 lectori
3599 2055 3854 2102 constare

2249 2135 2467 2204 poterit.
2529 2135 2666 2190 Alia:
2725 2136 3178 2192 circumferuntur
3226 2139 3440 2193 Damasi
3488 2139 3729 2209 ejusdem
3784 2138 3852 2192 ad

2248 2226 2633 2298 Hieronymum
2663 2270 2677 2294 ,
2714 2240 2766 2282 ct
2800 2229 3109 2301 Hieronymi
3154 2231 3219 2285 ad
3253 2232 3537 2286 Damasum
3568 2231 3849 2302 epistolae;

2247 2322 2343 2377 sed
2371 2324 2499 2393 quin
2540 2324 2752 2393 utrique
2779 2323 2914 2378 falso
2943 2326 3229 2395 adscripta:
3272 2327 3382 2380 sint
3409 2326 3498 2381 vix
3523 2335 3605 2381 est
3633 2326 3719 2394 qui
3753 2325 3855 2379 du-

2247 2414 2400 2470 bitet.
2429 2415 2685 2484 Ejusdem
2716 2417 2878 2470 etiam
2910 2417 3121 2485 generis
3145 2425 3299 2482 sunt,
3331 2431 3464 2486 quas
3497 2416 3652 2486 hujus
3676 2417 3855 2485 ponti-

2250 2510 2367 2567 ﬁcis
2394 2513 2612 2568 nomine
2640 2513 2707 2568 ad
2749 2514 3069 2586 Stephanum
3095 2515 3537 2585 archiepiscOpum
3559 2524 3604 2568 et
3635 2515 3855 2568 concilia

2249 2605 2509 2677 Aphricw,
2543 2607 2608 2661 ad
2632 2605 2953 2677 Prosperum
2982 2606 3248 2661 Numidia:
3279 2608 3457 2676 prima:
3493 2609 3627 2662 sedis
3657 2609 3856 2677 episco-

2248 2717 2367 2768 pum
2395 2740 2409 2763 ,
2439 2699 2506 2752 ad
2529 2699 2794 2770 episcopos
2822 2698 2852 2752 Ι
2860 2701 2999 2754 talia:
3022 2741 3038 2766 ,
3067 2710 3113 2754 et
3142 2700 3352 2754 Aurelio
3383 2701 3621 2771 episcOpo
3645 2741 3660 2767 ,
3690 2701 3856 2754 Sara-

2249 2793 2434 2846 zanius
2461 2793 2627 2848 edidit
2655 2812 2879 2851 numero
2901 2797 2955 2864 8,
2981 2796 3033 2859 9,
3061 2797 3120 2851 il
3144 2804 3198 2850 et
3228 2796 3482 2866 i2.[llinc
3505 2797 3693 2851 Petrus
3710 2795 3856 2851 Cou-

2249 2887 2478 2941 stantius
2524 2889 2720 2944 merito
2747 2906 2839 2945 eas
2867 2905 3058 2945 oumes
3083 2889 3258 2958 rejicit
3285 2907 3313 2944 a
3343 2907 3568 2945 numero
3598 2890 3854 2959 epistola-

2248 2995 2367 3034 rum
2421 2981 2630 3037 Damasi
2678 2998 2707 3037 a
2741 2999 2800 3038 se
2844 2984 3149 3051 editarum,
3192 2983 3346 3053 cujus
3384 2999 3484 3054 ego
3515 2983 3854 3053 aliorumque

2243 3075 2502 3145 judicium
2527 3079 2901 3143 sccutus,il|as
2928 3079 3224 3145 dumtaxzit,
3254 3095 3376 3148 qua:
3406 3087 3572 3136 certa:
3603 3093 3850 3150 prorsus,

537 3165 658 3236 ipso
695 3168 859 3222 etiam
912 3177 1067 3238 partu
1103 3169 1412 3240 integritate
1443 3171 1612 3238 ipsius
1642 3171 1885 3241 Deiparze
1909 3210 1926 3236 ,
1974 3185 2145 3239 eoque
2171 3165 2216 3228 C
2250 3179 2303 3224 et
2329 3169 2549 3224 minime
2577 3170 2755 3226 dubiae
2789 3171 2909 3227 ﬁdei
2940 3183 3086 3236 sunt,
3111 3173 3328 3228 retinui.

541 3275 610 3317 ex
638 3262 816 3332 capite
836 3278 959 3317 cum
987 3263 1220 3319 Pliotino
1250 3274 1304 3318 et
1335 3264 1467 3319 Ario
1494 3263 1671 3319 facere
1703 3263 2054 3329 videbantur,
2085 3279 2148 3318 ac

542 3353 714 3409 Deum
739 3355 859 3425 puri
894 3353 1130 3410 hominis
1154 3355 1273 3410 loco
1303 3354 1507 3411 habere
1527 3397 1542 3422 ,
1582 3371 1646 3412 ex
1673 3355 1904 3426 quadam
1936 3355 2150 3410 dumta-

542 3453 633 3498 xat
664 3444 857 3498 nefarii
887 3444 1154 3517 dogmatis
1196 3449 1603 3503 consecutione.
1655 3448 1768 3503 Hoc
1799 3449 1973 3502 innuit
2013 3448 2147 3504 Siri-

539 3536 657 3593 cius
683 3538 796 3608 ipse
825 3553 947 3594 cum
976 3555 1094 3606 eos,
1129 3540 1224 3606 ait,
1255 3541 1344 3612 qui
1379 3541 1479 3596 hoc
1510 3541 1816 3608 adstruunt,
1839 3543 1983 3596 aliud
2015 3542 2148 3596 nihil

543 3628 852 3697 adstruere,
877 3648 1035 3702 quam
1048 3630 1353 3688 Iudaeorum
1377 3634 1650 3706 perﬁdiam
1670 3652 1687 3702 ;
1711 3646 1869 3706 atque
1883 3635 1997 3690 haec
2012 3651 2148 3705 pra:-

543 3732 692 3780 terea
719 3734 802 3780 est
827 3724 998 3793 ratio,
1031 3741 1129 3781 cur
1155 3724 1476 3782 Ambrosius
1499 3771 1513 3795 ,
1546 3743 1666 3782 cum
1701 3737 1957 3797 perpetua
1989 3726 2048 3781 B.
2075 3726 2144 3780 Μ.

538 3816 849 3890 integritate
885 3819 1146 3876 adversus
1188 3820 1460 3876 Bonosum
1493 3821 1668 3889 ipsum
1696 3861 1710 3884 ,
1760 3819 1883 3874 Filii
1933 3835 2148 3890 quoque

538 3911 874 3968 divinitatem
905 3912 1298 3968 defendendam
1327 3913 1568 3981 suscepit
1595 3912 1708 3982 (ιι),
1757 3912 1962 3981 optimo
2004 3911 2149 3966 scili-

542 4012 632 4059 cet
654 4043 670 4070 ,
703 4005 1041 4076 sapientique
1071 4005 1299 4060 consilio
1338 4007 1625 4061 advertens
1653 4047 1666 4072 ,
1707 4022 1866 4075 quam
1899 4006 2015 4062 lucc
2041 4008 2147 4062 duo

542 4094 687 4150 inter
716 4111 777 4152 se
805 4106 955 4153 arcte
980 4097 1287 4168 conjuncta,
1317 4113 1381 4153 ac
1402 4098 1652 4170 colligata
1678 4099 1817 4165 sint;
1842 4109 2000 4170 atque
2023 4101 2148 4157 hinc

540 4195 808 4258 praeterea
835 4187 1055 4255 factum,
1088 4199 1146 4243 ut
1168 4187 1503 4246 Arelatensis
1525 4206 1562 4245 ιι
1595 4189 1851 4261 synodus,
1873 4192 2148 4260 qumPho-

540 4278 780 4337 tinianos
810 4290 865 4336 et
895 4281 1223 4339 Bonosiacos
1266 4300 1328 4338 ea:
1373 4285 1550 4340 eodem
1585 4301 1754 4340 errore
1788 4287 2043 4343 venientes
2067 4287 2149 4342 di-

543 4383 736 4441 xerat,
770 4374 892 4430 illos
940 4373 1008 4429 ad
1056 4374 1353 4432 Ecclesiam
1392 4376 1684 4433 redeuntes
1714 4377 2001 4452 baptizari,
2050 4380 2148 4434 hos

539 4480 672 4522 vero
693 4467 854 4523 veluti
875 4467 1001 4537 jure
1029 4478 1332 4538 suspectos,
1357 4471 1400 4524 si
1422 4471 1718 4541 interrogati
1739 4472 1895 4540 ﬁdem
1916 4483 2146 4528 nostram

2323 3265 2391 3318 At
2417 3263 2646 3320 fructum
2678 3265 3031 3336 prmcipuuin,
3072 3282 3233 3336 quem
3282 3266 3440 3336 liujus
3471 3267 3744 3337 pontificis
3791 3267 3850 3322 in

2251 3373 2439 3414 sacras
2479 3359 2685 3414 litteras
2714 3359 2951 3414 studium
3001 3359 3068 3414 ab
3101 3360 3428 3431 Hieronymo
3466 3360 3716 3425 obtinuit,
3749 3375 3855 3430 ego

2252 3451 2410 3508 facile
2447 3453 2834 3508 Collocaverim
2885 3455 2936 3508 in
2982 3454 3106 3509 novi
3149 3454 3476 3510 Testamenti
3521 3455 3586 3508 ad
3627 3455 3856 3510 Graecos

2251 3547 2492 3615 codices,
2523 3559 2577 3602 et
2606 3549 2857 3604 Psalterii
2880 3549 3030 3620 juxta
3052 3549 3196 3604 LXX
3225 3550 3601 3621 castigatione.
3632 3549 3772 3616 Quid
3795 3549 3854 3604 in

2252 3640 2376 3694 novi
2419 3639 2753 3696 Testamenti
2798 3643 3180 3698 emendatione
3221 3644 3534 3712 prmstiterit
3584 3642 3856 3714 Hierony-

2251 3748 2393 3798 mus,
2428 3733 2662 3803 cxplicat
2707 3736 2820 3805 ipse
2849 3736 2904 3789 in
2933 3736 3249 3806 praefatione
3275 3735 3341 3790 ad
3378 3736 3627 3791 eumdem
3658 3737 3855 3791 Dama-

2252 3844 2395 3893 sum,
2447 3844 2514 3882 ex
2549 3845 2655 3899 qua
2705 3839 2964 3898 prieterea
3014 3831 3343 3900 colligimus,
3395 3846 3516 3900 qua:
3557 3830 3739 3895 fuerit,
3796 3839 3855 3886 et

2251 3929 2449 3989 quanta
2473 3923 2683 3976 consilii
2711 3923 2779 3977 ab
2814 3923 3002 3978 eodem
3033 3927 3174 3994 capti
3203 3925 3502 3980 necessitas
3539 3934 3593 3980 et
3621 3925 3849 3979 utilitas.

2251 4010 2576 4067 Psalterium
2634 4029 2786 4081 vero,
2835 4015 2990 4085 cujus
3036 4016 3151 4086 ipse
3199 4016 3257 4072 S.
3301 4016 3460 4071 Pater
3509 4017 3753 4071 meminit
3793 4016 3849 4071 in

2251 4103 2487 4173 epistola
2515 4105 2582 4159 ad
2609 4105 2858 4174 Paulam,
2886 4118 2939 4162 et
2963 4108 3336 4174 Eustochium,
3368 4107 3502 4163 illud
3531 4109 3704 4178 ipsum
3727 4123 3851 4163 esse

2250 4197 2514 4265 creditur,
2547 4214 2655 4268 quo
2685 4215 2787 4254 una
2817 4199 3100 4255 dumtaxat
3129 4200 3388 4255 Vaticana
3435 4201 3656 4257 basilica
3707 4216 3851 4256 nunc

2253 4289 2442 4358 utitur,
2484 4291 2788 4347 ltomanum
2818 4292 3012 4347 deinde
3049 4293 3403 4364 appellatum,
3435 4295 3577 4364 quod
3604 4296 3672 4348 ab
3699 4295 3850 4351 initio

2251 4393 2397 4438 esset
2423 4383 2650 4440 Romani
2686 4385 2818 4440 Cleri
2848 4387 3146 4456 proprium,
3177 4387 3338 4458 eique
3363 4403 3392 4441 a
3425 4389 3653 4443 Damaso
3683 4387 3852 4443 tradi-

2256 4488 2366 4532 tum
2401 4478 2566 4534 :Iiinc
2593 4479 2734 4533 idem
2783 4480 3144 4553 Hieronymus
3173 4482 3437 4537 adversus
3465 4482 3716 4538 Ruﬁnum
3750 4483 3847 4550 ait,

541 4577 606 4616 ex
627 4570 729 4616 toto
752 4561 907 4617 corde
929 4563 1150 4634 confessi
1186 4564 1374 4634 fuerint
1401 4606 1414 4631 ,
1447 4582 1562 4619 cum
1594 4567 1867 4620 chrismate
1890 4608 1906 4632 ,
1949 4578 1997 4620 et
2034 4583 2144 4621 ma—
2170 4539 2225 4600 Ι)
2249 4571 2561 4627 Psalterium
2589 4591 2789 4645 quoque
2823 4585 2956 4629 certe
3001 4575 3471 4630 emendatissimum
3506 4580 3664 4648 jus-ta
3703 4575 3851 4630 LXX

543 4670 700 4709 unum
725 4656 1075 4726 impositione,
1106 4655 1242 4712 Can.
1279 4658 1342 4712 17
1375 4667 1431 4713 et
1464 4660 1529 4714 ’18
1555 4701 1570 4726 ,
1603 4659 1919 4731 recipiendos
1943 4671 2147 4717 statue-

542 4745 615 4802 rit
639 4764 654 4814 ;
686 4747 782 4803 sed
812 4748 1005 4804 iterum
1031 4748 1101 4803 ad
1130 4765 1266 4805 rem.

616 4838 688 4896 Ut
718 4840 950 4897 Damaso
975 4841 1074 4896 bos
1102 4841 1414 4914 Hieronymi
1439 4851 1699 4899 tractatus
1729 4886 1742 4911 ,
1782 4844 1855 4901 ita
1885 4846 2148 4919 Hierony—

544 4949 634 4991 mo
657 4933 916 4990 debemus
943 4934 1098 4990 binas
1139 4936 1350 4991 Damasi
1378 4938 1634 5008 epistolas
1662 4981 1676 5004 ,
1720 4955 1853 5010 quas
1888 4941 1980 4997 ille
2009 4943 2148 4996 inter

544 5042 672 5084 suas
699 5028 934 5083 servavit
962 5028 1221 5099 integras,
1252 5037 1415 5100 atque
1434 5031 1550 5100 ejus
1576 5043 1839 5102 przeterea
1873 5076 1887 5102 ,
1917 5050 2036 5104 quae
2062 5043 2146 5089 est

545 5121 614 5178 de
642 5119 783 5176 Filio
813 5120 1079 5176 luxurioso
1103 5132 1150 5177 et
1180 5123 1342 5195 frugi,
1369 5134 1596 5194 partem.
1630 5125 1762 5193 Qum
1797 5126 2020 5197 integra:
2055 5143 2145 5183 su-

545 5223 770 5286 persunt
796 5229 895 5270 suo
932 5214 1054 5270 loco
1077 5216 1345 5271 recensui.
1374 5216 1671 5271 Pestrema:
1695 5233 1844 5285 vero,
1875 5235 1993 5288 qua:
2021 5236 2144 5290 per-

545 5307 650 5378 iit,
709 5324 828 5365 eam
897 5323 1058 5379 quam
1115 5307 1478 5380 Hieronymus
1526 5309 1790 5376 retinuit,
1831 5321 1891 5365 ut
1930 5311 2144 5368 Damasi

545 5399 851 5468 propriam,
882 5399 987 5455 hoc
1025 5400 1144 5456 loco
1175 5408 1382 5471 partem
1430 5399 1598 5456 aﬂ‘ero
1629 5400 1721 5472 te).
1786 5401 1878 5455 Ais
1916 5405 2029 5474 quis
2073 5417 2145 5460 est

543 5489 639 5544 iste
663 5491 718 5546 in
755 5491 1034 5565 Evangelia
1061 5504 1239 5566 pater,
1288 5493 1377 5564 qui
1411 5495 1610 5551 duobus
1650 5495 1776 5565 ﬁliis
1811 5496 2145 5555 substantiam

622 5623 700 5702 (ᾳ)
730 5626 902 5702 Epist.
936 5627 1257 5702 i§6,_0per.
1291 5640 1422 5686 tom.
1456 5629 1542 5687 Ill.

618 5695 698 5764 (ιι)
730 5696 899 5762 Epist.
929 5699 1021 5763 A8,
1063 5695 1187 5756 ve'r.
1217 5703 1350 5758 edit.

621 5765 695 5840 (ο)
717 5765 858 5824 Coll.
880 5767 1039 5824 Hom.
1068 5785 1121 5840 p.
1150 5789 1188 5840 ι,
1213 5788 1267 5842 p.
1299 5773 1424 5830 189.

2250 4668 2551 4738 interpretes
2605 4680 2781 4724 nostro
2835 4671 3051 4738 labore,
3106 4669 3276 4724 Roma
3327 4672 3578 4741 suscepit,
3635 4670 3852 4725 Damasi

2253 4775 2449 4830 nempe
2472 4760 2651 4831 jussu,
2683 4778 2842 4832 quem
2875 4775 3137 4833 prseterea
3163 4763 3264 4817 hac
3301 4771 3519 4834 accepta
3563 4763 3854 4819 occasione

2253 4853 2502 4920 divinam,
2537 4864 2596 4908 ut
2621 4855 2943 4910 Anastasius
2971 4857 3065 4924 ait,
3096 4856 3359 4911 ordinasse
3372 4856 3735 4926 psalmodiam,
3756 4871 3857 4925 pu-

2255 4955 2369 5002 tant
2399 4948 2497 5003 viri
2529 4947 2696 5017 docti,
2726 4959 2874 5004 recto
2915 4950 3123 5005 scilicet
3155 4950 3417 5019 psallendi
3451 4965 3546 5019 per
3578 4947 3737 5004 Urbis
3763 4965 3854 5004 ec-

2253 5042 2450 5096 clesias
2479 5042 2672 5098 ordine
2709 5046 3028 5097 constituto.
3069 5043 3205 5097 Huic
3232 5042 3430 5098 deinde
3470 5042 3604 5096 illud
3633 5057 3858 5098 succes-

2250 5137 2341 5200 sit,
2388 5135 2532 5205 quod
2575 5133 2633 5190 S.
2679 5136 2841 5189 Pater
2892 5135 3194 5192 Betlilliemi
3246 5137 3454 5206 positus
3493 5151 3559 5191 ex
3608 5135 3856 5191 Hebraris

2249 5228 2489 5284 fontibus
2530 5231 2711 5294 vertit,
2760 5246 2822 5284 ac
2871 5232 3070 5301 ubique
3117 5245 3477 5304 praiterquam
3509 5234 3562 5288 in
3594 5233 3855 5288 Vaticana

2250 5320 2441 5376 eadem
2476 5321 2698 5378 basilica
2725 5333 3002 5395 postremo
3029 5325 3296 5392 obtinuit;
3332 5344 3433 5398 qua
3467 5335 3645 5382 tamen
3677 5327 3746 5382 de
3770 5343 3850 5394 rc,

2253 5428 2321 5468 ne
2347 5413 2477 5484 quid
2515 5431 2616 5486 ego
2644 5417 2876 5487 amplius
2906 5418 3123 5485 addam,
3157 5420 3287 5477 fecit
3316 5420 3501 5476 labore
3539 5434 3637 5474 suo
3663 5421 3747 5474 vir
3776 5420 3850 5474 cl.

2252 5508 2419 5566 abbas
2439 5512 2706 5568 Antonius
2727 5512 3066 5570 Martinettus
3095 5515 3341 5584 ejusdem
3355 5514 3594 5572 basilica
3619 5513 3853 5585 presby-

2348 5646 2406 5720 d)
2430 5647 2512 5720 De
2537 5647 2717 5720 Justit.
2748 5647 2898 5720 Virg.
2929 5664 3050 5720 cap.
3075 5649 3109 5705 5
3137 5650 3204 5706 ad
3237 5650 3325 5708 12.

2348 5719 2395 5788 e)
2430 5717 2552 5774 Vid.
2586 5719 2741 5793 epist.
2767 5717 2870 5790 εκ
2895 5717 3019 5778 νεῖ.
3054 5721 3184 5778 edit.
