4138 6178
329 264 436 322 265

1708 280 2236 342 PROLEGOMENA.

3527 319 3634 377 266

323 392 408 438 ter
446 383 821 449 beneﬁciatns,
874 384 1133 456 singulari
1181 389 1496 463 eruditaquc
1543 395 1924 456 dissertatione
1953 407 2001 466 Α
2030 404 2388 475 exscriptum,
2424 406 2474 462 in
2501 408 2847 469 Barberinam
2898 417 3001 472 BB.
3038 420 3387 491 illatum,tibi
3435 429 3631 488 sisten-

319 476 390 533 tle
426 476 662 532 Romano
706 478 972 533 Psalterio
1021 481 1301 553 inscripta,
1335 501 1494 555 quam
1529 496 1602 556 te,
1632 491 1676 544 si
1721 493 1920 559 lubeat,

318 572 659 627 consuluisse
687 588 793 628 non
823 573 1050 644 pigebit.

393 663 501 719 Sed
526 664 662 730 haec,
690 681 814 735 quae
834 681 937 737 ego
959 668 1133 740 attigi,
1155 669 1310 740 juvat
1340 689 1480 729 nunc
1506 675 1558 731 in
1587 679 1742 748 gestis
1773 679 1921 749 ejus—

314 755 441 813 dem
484 757 697 814 Damasi
743 775 811 815 ex
857 762 1101 817 arcltivio
1155 764 1424 822 Vaticana
1455 769 1623 840 ipsius
1676 775 1922 833 ecclesias

315 848 542 904 uberius
591 865 852 920 expressa
905 851 1160 910 referre:
1194 856 1376 913 Sciens
1423 861 1586 916 virum
1632 864 1918 933 (sanctum

317 941 743 1015 Hieronymum)
775 946 827 999 in
852 949 1082 1002 omnium
1112 949 1405 1008 diversitate
1433 955 1729 1027 linguarum
1773 963 1917 1032 su/ﬁ-

318 1035 507 1089 cieuter
532 1037 857 1104 instructum,
889 1043 1040 1111 erepit
1084 1059 1198 1098 eum
1235 1046 1305 1099 ad
1343 1049 1760 1118 explanationem
1787 1056 1919 1110 divi-

315 1144 500 1181 narum
531 1129 927 1200 Scripturarum
951 1135 1234 1204 impellere,
1265 1149 1311 1193 et
1336 1144 1700 1207 questionibus
1723 1148 1917 1220 diﬂicil-

309 1219 450 1276 limis
480 1224 710 1294 pulsare.
747 1227 806 1279 At
832 1227 922 1282 ille
961 1229 1169 1311 libenter
1199 1233 1465 1301 obedienc,
1510 1241 1673 1294 multa
1699 1246 1914 1311 posteris

305 1319 591 1386 profutura
617 1321 725 1388 ejus
743 1322 937 1375 nomini
965 1310 1242 1390 dedicavit,
1273 1344 1488 1396 quorum
1517 1310 1754 1401 qua'dam
1784 1336 1914 1391 inter

302 1412 428 1481 ejus
455 1410 698 1480 epistolas
722 1414 1066 1482 continentur,
1097 1427 1151 1471 ut
1195 1429 1317 1474 sunt
1350 1421 1632 1478 solutiones
1669 1443 1911 1496 quarum-

304 1502 440 1556 dam
465 1509 802 1575 qutestionum
843 1508 961 1564 libri
1004 1509 1234 1578 Genesis,
1283 1515 1512 1571 bomiliw
1551 1521 1604 1572 in
1642 1518 1910 1576 Canticum

297 1595 648 1664 canticorum,
679 1599 742 1653 de
772 1597 1023 1656 Ilosanna
1052 1602 1177 1658 liber
1202 1621 1355 1670 unus,
1383 1608 1446 1662 de
1465 1622 1631 1665 morte
1660 1611 1819 1679 Oziw,
1847 1615 1910 1669 de

300 1686 586 1759 Serapltim
612 1701 659 1744 et
689 1690 904 1748 Calculo
931 1694 1058 1749 liber
1091 1713 1245 1764 unus,
1273 1709 1321 1752 et
1352 1700 1416 1753 de
1445 1700 1678 1774 Prodqu
1707 1705 1818 1774 ﬁlio
1845 1706 1909 1759 li-

298 1783 393 1838 ber
418 1801 568 1838 unus.
603 1784 802 1840 Seriem
819 1804 1020 1860 quoque
1040 1800 1260 1859 quatuor
1283 1791 1706 1865 Evangeliorum,
1740 1800 1907 1854 divero

2033 499 2158 554 dum
2219 501 2321 556 hoc
2370 504 2489 560 loco
2539 511 2769 578 censui,
2827 522 2886 567 ut
2943 515 3208 584 dijutlices
3249 533 3447 592 quanta
3511 529 3628 598 ejus

2027 591 2193 649 etiam
2242 600 2537 655 auctoritas
2563 616 2684 658 esse
2716 619 2874 674 posse
2898 607 3162 666 rideatur.

2311 735 2450 793 Vin
2502 755 2568 794 ετ
2608 757 2775 800 ACTUS
2814 744 2878 800 Β.
2924 747 3126 806 ΒΑκΑει
3163 768 3334 811 para.

2071 855 2392 940 \lmperante
2421 872 2722 932 Constantio
2750 881 2860 946 filio
2884 881 3065 956 Magni
3093 885 3438 959 Constantini,
3467 893 3621 952 Libe-

2022 961 2129 1016 rius
2170 964 2311 1019 urbis
2339 964 2518 1022 Roma:
2545 971 2850 1038 prazsidebat
2886 977 3176 1046 episcopus,
3208 983 3297 1050 qui
3341 987 3473 1039 mira
3511 991 3624 1051 qui-

2022 1052 2140 1108 dem
2162 1057 2416 1127 sapientia
2445 1071 2493 1112 et
2515 1061 2784 1118 virtutibus
2815 1076 3041 1138 tempore
3064 1075 3286 1141 quodam
3317 1080 3520 1146 enituit,
3549 1083 3620 1136 ita

2019 1150 2226 1218 quidem
2266 1162 2321 1206 ut
2351 1153 2740 1212 Constantinum
2779 1159 3061 1218 Christiani
3095 1170 3316 1223 nominis
3355 1173 3621 1230 inimicum

2017 1243 2218 1311 publice
2247 1245 2598 1319 redargueret,
2628 1267 2862 1307 asserens
2884 1271 2997 1308 eum
3029 1269 3142 1326 post
3167 1259 3477 1320 Christianae
3495 1283 3620 1336 pro-

2015 1337 2253 1405 fessionis
2290 1342 2682 1411 susceptionem,
2714 1347 2924 1414 famulis
2956 1352 3316 1421 omnipotentis
3345 1355 3446 1412 Dei
3475 1377 3618 1415 emo-

2012 1427 2243 1484 lumenta
2275 1448 2378 1486 non
2416 1434 2739 1491 incommoda
2765 1443 3004 1511 conferre
3035 1445 3216 1500 debere
3244 1439 3269 1502 ;’
3292 1434 3430 1505 unde
3455 1453 3620 1509 iratus

2013 1520 2380 1578 Constantinus
2408 1543 2522 1580 eum
2553 1530 2703 1596 quasi
2724 1530 2776 1583 in
2810 1532 3054 1587 exsilium
3084 1536 3352 1607 deportari
3372 1546 3618 1614 prwcepit

2012 1624 2156 1668 extra
2192 1616 2468 1683 civitatem,
2515 1629 2563 1673 et
2602 1620 2847 1675 habitavit
2893 1636 3038 1679 extra
3087 1629 3331 1685 milliaria
3375 1637 3523 1690 tertio
3562 1637 3616 1691 in

2013 1711 2313 1774 clemeterio,
2348 1713 2485 1782 quod
2525 1713 2712 1768 dicitur
2753 1715 2959 1772 Noella:
3002 1720 3084 1774 via
3117 1722 3349 1779 Salaria.
3384 1727 3492 1783 Sed
3518 1728 3618 1785 Itu-

2009 1801 2151 1853 maui
2176 1804 2376 1871 generis
2397 1805 2636 1859 inimicus
2663 1823 2869 1861 sensum
2894 1808 3087 1884 Liberii
3110 1820 3460 1881 commutavit,
3485 1821 3614 1876 adeo

295 1893 477 1932 sarum
520 1879 738 1933 arbitrio
787 1883 1054 1951 confusam
1098 1884 1167 1936 ad
1209 1895 1399 1939 rectam
1437 1887 1625 1942 lineam
1655 1893 1767 1962 ejus
1788 1892 1907 1960 jus-
1937 1879 1986 1939 Β
2011 1903 2065 1946 ut
2095 1891 2281 1949 Itteresi
2307 1893 2595 1952 Constantii
2624 1902 2974 1956 consentiret:
3002 1905 3176 1971 fuerat
3225 1924 3445 1978 namque
3479 1911 3616 1968 Con-

295 1972 446 2024 sione
470 1972 697 2034 reduxit,
727 1974 818 2027 sed
845 1985 889 2026 et
919 1975 1222 2044 psalterium
1243 1981 1399 2050 juxta
1440 1979 1586 2034 LXX
1607 1981 1906 2054 interpretes

299 2063 376 2116 de
406 2063 582 2118 Greco
611 2065 871 2119 transtulit
911 2068 962 2120 in
991 2066 1256 2134 Latinum,
1309 2071 1455 2137 cuius
1495 2083 1673 2142 postea
1715 2091 1907 2129 meram

296 2155 570 2209 veritatem
601 2173 702 2210 non
731 2172 797 2212 ex
816 2159 1037 2212 aliarum
1067 2160 1362 2231 linguarum
1389 2163 1516 2217 rivis
1544 2164 1782 2232 turbidis,
1815 2169 1906 2222 sed

294 2264 371 2304 επ
397 2250 508 2320 ipsa
550 2249 708 2319 fontis
743 2249 985 2305 Hebraici
1027 2255 1254 2322 puritate
1290 2257 1589 2326 transfudit.
1622 2258 1751 2323 Qua:
1790 2262 1903 2328 qui-

294 2342 418 2395 dem
439 2344 738 2410 translatio,
770 2345 888 2400 licet
909 2347 962 2399 in
992 2347 1217 2401 ecclesiis
1244 2365 1346 2402 non
1371 2360 1618 2418 cantetur,
1652 2369 1749 2407 usu
1771 2356 1906 2424 pris-

293 2435 410 2487 tino
439 2436 777 2505 prtrvalente,
803 2438 872 2490 ad
897 2438 1186 2493 evitandum
1209 2451 1378 2496 tamen
1410 2441 1753 2498 Hebrteorum
1782 2447 1903 2501 illu-

294 2529 499 2584 sionem
545 2533 766 2608 mullum
794 2533 1020 2603 prodest.
1063 2533 1421 2604 Epistolarum
1466 2547 1636 2592 autem
1677 2540 1790 2610 ejus
1835 2541 1904 2594 ad

293 2623 542 2677 eumdem
563 2625 788 2678 incertus
813 2635 888 2678 est
916 2642 1181 2690 numerus,
1216 2645 1308 2681 nec
1329 2629 1556 2684 scientia:
1584 2641 1774 2685 nostrae
1795 2647 1903 2702 pra:

294 2717 634 2772 multitudine
672 2719 899 2790 subjacet
929 2735 948 2774 :
976 2723 1114 2791 quod
1156 2723 1329 2792 utique
1374 2723 1547 2777 volens
1588 2724 1802 2780 innuere
1827 2727 1904 2779 vir

295 2808 390 2862 ille
417 2808 771 2876 doctissimus,
797 2813 851 2865 in
877 2811 1101 2877 quodam
1117 2813 1230 2867 loco
1252 2815 1327 2868 sic
1350 2815 1424 2868 ait
1453 2832 1473 2869 :
1497 2815 1562 2870 Β.
1593 2815 1672 2870 Μ.
1710 2816 1904 2872 Dama-

294 2916 389 2954 sus
420 2919 565 2955 meus
613 2919 778 2958 sermo
808 2913 936 2970 erat,
989 2915 1036 2958 et
1084 2906 1138 2959 in
1168 2906 1502 2977 Apologetico
1541 2909 1610 2961 ad
1659 2907 1903 2964 Pamma-

294 2992 495 3055 chium,
515 3013 666 3065 quant
691 2997 893 3067 sapiens
919 2989 1076 3065 fuerit
1103 3000 1280 3053 beatus
1309 2999 1592 3067 Damasus,
1619 3020 1774 3075 quam
1798 3020 1898 3074 pu-

296 3085 449 3140 dicus
489 3088 561 3141 sic
588 3102 949 3146 commemorat
975 3109 994 3145 :
1016 3093 1138 3146 dum
1167 3093 1427 3149 adviveret
1455 3095 1537 3160 _S.
1583 3096 1660 3151 Μ.
1703 3096 1903 3153 Dama-

296 3195 412 3241 sus,
445 3179 631 3234 librum
661 3193 843 3236 contra
871 3183 1168 3239 Helvidium
1196 3186 1260 3240 de
1285 3186 1348 3240 Β.
1398 3187 1585 3244 Maria:
1608 3190 1902 3262 virginitate

2009 1987 2228 2040 stantius
2248 1989 2593 2057 rebaptizatus
2621 1993 2684 2046 ab
2709 1992 2928 2049 Eusebio
2952 1994 3337 2054 Nieomediensi
3366 2004 3416 2057 in
3450 2003 3612 2073 Aqui-

2009 2077 2146 2140 lone,
2180 2079 2305 2134 villa
2334 2083 2385 2135 in
2408 2082 2719 2138 Arianorum
2750 2087 3010 2157 dogmate,
3034 2091 3144 2157 sed,
3179 2093 3400 2149 Domino
3430 2095 3613 2153 Eccle-

2007 2171 2100 2223 sia:
2121 2172 2418 2239 providente
2459 2191 2658 2246 pacem,
2690 2177 2742 2230 in
2791 2176 3100 2233 Nicomedia
3148 2194 3378 2241 mortuus
3419 2197 3514 2254 est,
3560 2200 3610 2244 et

2008 2264 2218 2316 cessavit
2248 2267 2556 2334 persecutio.
2588 2266 2855 2338 Regnante
2885 2282 3056 2326 autem
3086 2273 3469 2345 Valentiniano,
3500 2294 3608 2338 etc.

2080 2355 2284 2412 Praeter
2312 2361 2428 2413 lucc
2467 2360 2665 2429 duplex
2707 2363 3092 2419 circumfertur
3141 2368 3355 2424 Damasi
3393 2375 3611 2430 nomine

2007 2445 2328 2516 inscriptum
2381 2450 2720 2521 Symbolum,
2771 2456 3091 2523 particulam
3140 2456 3382 2529 Filioque
3430 2465 3614 2533 expri-

2006 2553 2180 2593 mens.
2207 2540 2453 2595 Alterum
2485 2543 2616 2597 illud
2639 2553 2744 2609 est,
2777 2545 2920 2614 quod
2961 2547 3293 2620 Hieronymo
3336 2555 3499 2610 etiam
3529 2565 3609 2610 at.

2009 2630 2252 2686 tribuunt
2278 2648 2411 2689 mss.
2457 2635 2662 2705 aliquot
2701 2638 2940 2693 codices.
2968 2640 3215 2696 Alterum
3247 2660 3376 2700 vero
3401 2646 3453 2700 in
3482 2648 3609 2702 Flo-

2006 2726 2204 2779 rentini
2232 2727 2446 2781 concilii
2476 2727 2933 2797 dISjllIIaIIOIJIbUS
2973 2735 3102 2788 coll.
3132 2736 3205 2789 25
3229 2746 3286 2791 et
3328 2753 3357 2791 a
3387 2738 3610 2796 Genna-

2005 2814 2097 2869 dio
2127 2817 2394 2885 prolatum
2439 2833 2518 2872 εει
2549 2819 2648 2890 (σα).
2683 2821 2919 2876 Primum
2955 2832 3068 2878 tum
3111 2826 3464 2901 Hieronymo,
3496 2843 3604 2887 tum

2008 2906 2238 2964 Damaso
2267 2909 2575 2979 alijudteant
2604 2912 2778 2968 critici
2808 2914 2878 2969 oh
2907 2931 3024 2970 eam
3072 2919 3413 2987 potissimum
3441 2925 3608 2980 ratio-

2005 3017 2152 3066 nem,
2183 3007 2326 3074 quod
2355 3004 2559 3060 additio
2587 3007 2706 3077 ejus
2738 3010 3017 3078 particulae
3057 3016 3379 3071 recentioris
3427 3022 3605 3076 artatis

2005 3104 2119 3161 est;
2148 3112 2270 3167 quae
2303 3109 2480 3154 tamen
2525 3102 2664 3154 ratio
2692 3103 2832 3157 haud
2873 3104 3178 3161 decretoria
3211 3110 3458 3179 profecto
3497 3125 3601 3182 est,

2004 3189 2128 3257 quia
2160 3205 2282 3244 cum
2309 3206 2373 3246 ea
2410 3191 2572 3247 fuerit
2599 3208 2788 3249 eorum
2816 3198 2979 3252 etiam
3021 3205 3324 3269 temporum
3358 3204 3516 3271 ﬁdes,
3548 3216 3605 3262 ut

293 3283 546 3343 perpetua
565 3277 886 3348 scripsimus,
916 3279 968 3332 in
994 3297 1095 3350 quo
1125 3297 1326 3336 necesse
1351 3281 1499 3336 nobis
1522 3284 1619 3352 fuit
1642 3283 1710 3336 ad
1740 3284 1897 3354 virgi—
1923 3266 1969 3329 C
1999 3296 2068 3336 ex
2101 3282 2414 3355 Hieronymi
2444 3285 2634 3355 ipsius,
2664 3285 2956 3354 Ambrosii,
2994 3266 3206 3358 Hilarii,
3259 3266 3600 3365 aliorumque

295 3368 481 3422 uitatis
509 3371 872 3426 beatitudinem
917 3375 1314 3444 praeferendum,
1350 3375 1510 3429 multa
1555 3375 1618 3439 de
1648 3377 1896 3431 molestiis

293 3459 473 3515 dicere
515 3464 808 3532 nuptiarum
834 3482 998 3520 :num
1045 3469 1122 3521 vir
1168 3469 1427 3540 egregius,
1472 3479 1521 3523 et
1566 3470 1796 3522 erunitus
1840 3471 1895 3523 in

295 3552 604 3626 Scripturis,
637 3559 778 3629 virgo
813 3560 1026 3631 virginis
1074 3560 1320 3615 Ecclesia:
1377 3561 1559 3615 doctor
1603 3562 1800 3631 aliquid
1840 3563 1892 3615 in

290 3647 386 3703 illo
413 3666 650 3705 sermone
672 3653 1043 3723 reprehendit?
1071 3655 1176 3708 Sed
1205 3663 1252 3708 et
1285 3654 1458 3708 beatus
1483 3651 1747 3708 Damasus
1773 3653 1893 3724 plu-

289 3758 374 3795 res
401 3743 665 3798 luculento
691 3746 827 3816 style
855 3746 1063 3818 scripsit
1103 3747 1367 3816 epistolas,
1398 3763 1615 3816 quarum
1653 3745 1892 3814 qua'dam

289 3835 426 3890 inter
453 3838 698 3908 epistolas
733 3838 1040 3911 Hieronymi
1067 3842 1410 3895 continentur.
1442 3841 1667 3908 Scripsit
1698 3850 1744 3896 et
1769 3858 1893 3912 pas-

290 3928 488 3983 sionem
518 3929 626 3986 SS.
658 3930 976 3999 Marcellini,
1009 3942 1056 3987 et
1091 3931 1257 4001 Petri,
1301 3949 1454 4002 quam
1479 3933 1573 3987 sibi
1596 3933 1889 3987 eorumdem

289 4023 662 4092 spiculatarem
689 4026 742 4078 in
771 4041 866 4079 sua
891 4025 1235 4080 adolescentia
1261 4026 1441 4080 asserit
1471 4025 1768 4080 tradidisse.
1799 4024 1890 4078 Li—

291 4115 444 4170 brum
460 4133 658 4189 quoque
681 4119 743 4174 de
772 4119 924 4172 laude
954 4119 1277 4191 Virginitatis
1298 4135 1446 4174 versu
1472 4136 1724 4191 prosaque
1749 4135 1889 4173 com-

289 4209 490 4278 posuit,
521 4210 611 4263 sed
638 4220 684 4264 et
726 4227 978 4266 summam
1020 4213 1363 4283 quorumdam
1407 4213 1746 4278 voluminum,
1783 4221 1888 4266 tam

289 4300 436 4355 Novi
477 4301 805 4370 Testamenti,
862 4322 1016 4377 quam
1050 4305 1262 4374 Veteris,
1296 4306 1604 4362 hexametris
1658 4307 1888 4362 versibus

283 4396 597 4463 composuit.
1348 4391 1354 4396 “

357 4486 682 4543 Sarazanius
725 4490 982 4560 operibus
1023 4506 1053 4545 a
1099 4505 1157 4546 se
1191 4490 1354 4547 editis
1389 4491 1596 4548 addidit
1624 4501 1742 4548 aeta
1786 4493 1884 4547 Da-

283 4578 448 4643 masi,
500 4594 596 4634 seu
637 4581 816 4649 potius
865 4582 1201 4650 lertionaria,
1229 4599 1352 4655 quae
1394 4601 1458 4640 ex
1496 4583 1881 4641 Vallicellianm

1998 3375 2218 3430 Patrum
2268 3379 2482 3448 scriptis
2515 3379 2703 3448 liquet,
2751 3382 2882 3435 nihil
2926 3383 3198 3451 prohibet,
3226 3386 3408 3454 judice
3449 3388 3603 3444 Alla-

1999 3467 2197 3540 Iio‘(b),
2229 3469 2356 3539 quin
2385 3470 2649 3526 Damasus
2683 3474 2735 3526 in
2765 3474 2969 3542 privata
3002 3491 3114 3529 sua:
3145 3477 3268 3532 ﬁdei
3299 3481 3502 3536 eetltesi
3535 3499 3598 3539 ea

1997 3561 2222 3617 formula
2255 3564 2328 3616 uti
2362 3566 2616 3632 potuerit,
2647 3579 2770 3635 quas
2802 3579 3066 3636 praeterea
3095 3569 3213 3639 ejus
3248 3580 3466 3628 aetatem
3508 3590 3597 3628 sa-

1996 3657 2095 3725 pit,
2133 3664 2189 3710 et
2216 3671 2246 3710 a
2278 3657 2635 3726 scriptoribus
2674 3660 2854 3712 octavi
2895 3661 3078 3716 saeculi
3110 3663 3321 3718 laudata
3361 3675 3467 3720 est.
3500 3667 3595 3722 Al-

1996 3757 2168 3804 terum
2218 3750 2360 3820 quod
2407 3748 2460 3804 in
2513 3751 2728 3806 concilii
2782 3753 3082 3810 Florentini
3135 3758 3592 3826 diSpntationibns

1994 3839 2268 3896 laudatum
2298 3842 2432 3906 dixi,
2457 3841 2759 3913 majorique
2805 3843 2856 3898 in
2891 3845 3065 3913 pretio
3096 3847 3308 3902 videtur
3336 3849 3519 3906 haberi
3551 3869 3582 3906 ει

1993 3931 2306 4002 Lequienio,
2337 3933 2503 3989 veluti
2541 3950 2604 3989 ex
2630 3933 3010 4005 antiquissimo
3032 3940 3330 4009 exemplari
3359 3945 3595 4010 produc-

1993 4035 2103 4080 tum
2122 4024 2215 4098 (c),
2251 4026 2397 4081 aliud
2443 4026 2576 4081 nihil
2609 4011 2714 4091 est,
2744 4043 2904 4098 quam
2938 4044 3063 4098 pars
3104 4030 3292 4098 libelli,
3325 4034 3418 4104 qui
3449 4036 3592 4092 inter

1991 4117 2278 4189 Augustini
2323 4134 2487 4190 Opera
2530 4119 2746 4190 legitur,
2791 4121 2844 4175 in
2885 4120 3134 4178 Toletani
3174 4127 3391 4181 concilii
3439 4132 3590 4185 calce

1990 4225 2111 4279 Cap.
2137 4213 2226 4274 40,
2255 4228 2576 4284 quamquam
2601 4213 2769 4268 codex
2793 4211 2879 4268 hic
2902 4215 3162 4282 particula
3187 4218 3298 4285 illa,
3325 4218 3585 4292 Filioque,

1989 4315 2194 4360 careat.
2226 4305 2355 4360 Mitti
2383 4321 2512 4361 vero
2555 4305 2609 4360 in
2659 4316 2804 4361 tanta
2856 4308 3101 4364 codicum
3145 4320 3307 4382 atque
3375 4317 3589 4384 Opinio~

1990 4413 2117 4453 num
2149 4398 2431 4464 varietate,
2476 4414 2598 4452 cum
2639 4398 2804 4453 etiam
2837 4401 2965 4454 illttd
3012 4418 3223 4458 mecum
3274 4419 3582 4474 reputarem

1988 4508 2176 4563 parum
2206 4491 2331 4546 inde
2364 4491 2541 4546 laudis
2575 4499 2667 4547 aut
2695 4507 3060 4562 accessurum,
3091 4507 3186 4550 aut
3223 4497 3453 4556 Damaso
3480 4502 3584 4558 dea
3635 4535 3642 4542 α

1986 4601 2290 4651 cessurum,
2321 4594 2679 4656 praeterquam
2711 4587 2853 4656 quod
2878 4588 3037 4642 nullae
3067 4589 3120 4644 itt
3151 4601 3434 4663 utramque
3462 4613 3584 4663 par-

281 4679 340 4724 et
373 4647 650 4726 Vaticanai
674 4674 932 4729 Ecclesia:
956 4676 1197 4731 archivio
1218 4675 1483 4731 Baronius
1501 4692 1645 4746 saepe
1670 4692 1878 4732 memo-
1907 4647 1961 4708 D
1988 4691 2094 4736 tem
2126 4681 2259 4735 satis
2286 4679 2476 4735 valida:
2509 4679 2768 4747 rationes,
2799 4681 2894 4735 sed
2927 4681 3077 4736 leves
3118 4693 3324 4740 tantum
3366 4689 3585 4761 conjec-

282 4774 401 4830 rat;
442 4776 499 4819 at
536 4765 716 4834 exiis,
765 4767 808 4821 si
839 4783 1005 4838 pauca
1047 4769 1308 4838 excipias,
1340 4784 1460 4839 qua:
1498 4784 1598 4824 suo
1628 4769 1749 4824 loco
1778 4785 1880 4840 ego

282 4857 513 4912 minime
565 4859 800 4929 neglexi,
844 4861 930 4914 vix
976 4862 1196 4930 colligas
1257 4861 1398 4915 unde
1441 4861 1682 4916 diuturni
1720 4861 1880 4930 hujus

284 4948 632 5017 pontiﬁcatus
672 4961 836 5020 atque
864 4966 1053 5006 eorum
1084 4962 1386 5021 temporum
1421 4953 1700 5008 historiam
1733 4954 1880 5007 illus-

287 5047 431 5094 trare
470 5041 685 5109 possis;
738 5052 899 5114 atque
947 5043 1069 5099 hinc
1110 5044 1342 5114 conjicio
1399 5055 1517 5099 acta
1563 5046 1663 5099 ista
1703 5047 1878 5101 aetatis

281 5146 408 5187 esse
437 5147 467 5188 a
518 5134 751 5188 Damaso
798 5136 1112 5206 longissime
1141 5147 1400 5200 remotae,
1434 5149 1597 5208 atque
1641 5139 1711 5194 ob
1755 5154 1875 5193 eam

281 5241 504 5281 causam
531 5230 718 5284 censui
751 5230 840 5284 illa
880 5231 1057 5285 omitti
1085 5233 1206 5286 sine
1232 5232 1518 5300 dispendio
1551 5246 1730 5302 p0sse.
1765 5231 1879 5288 Hoc

280 5329 463 5374 tamen
509 5321 790 5377 dumtaxat
834 5329 887 5378 te
937 5326 1196 5377 monitmn
1247 5325 1411 5392 volui,
1469 5324 1601 5379 Vitae
1640 5324 1876 5391 Damasi,

247 5437 250 5442 -
278 5428 444 5484 quam
489 5413 818 5469 Sarazanius
841 5416 1017 5485 primo
1046 5417 1169 5472 loco
1217 5416 1536 5485 impressam
1577 5417 1745 5484 dedit,
1779 5417 1880 5472 ini-

279 5504 416 5560 tium
454 5505 668 5571 deesse,
719 5507 861 5577 quod
911 5523 1012 5578 ego
1055 5525 1122 5564 ex
1169 5510 1392 5579 antiquo
1443 5509 1704 5565 Vaticano
1751 5509 1872 5565 cod.

277 5599 409 5654 olim
458 5599 519 5656 S.
567 5599 747 5656 Maria:
807 5600 1088 5668 Rotundae,
1143 5615 1202 5656 ut
1257 5602 1568 5658 llolstenius
1607 5610 1872 5671 annotat,

349 5690 433 5762 (η)
465 5692 544 5763 De
574 5691 730 5747 Proc.
756 5693 849 5762 Sp.
881 5694 964 5763 S.,
991 5703 1124 5749 Sect.
1162 5709 1251 5750 vlt.

349 5766 430 5830 (bl
457 5762 647 5819 Contr.
683 5762 958 5837 IIotting.,
991 5782 1110 5834 cap.
1142 5765 1235 5822 20.

724 5859 1003 5923 PunOL.
1050 5860 1224 5923 XIII.

1985 4782 2118 4828 turtc
2149 4771 2331 4828 aﬁ‘erri
2361 4772 2592 4842 possint,
2630 4772 2760 4827 nihil
2808 4781 3047 4830 statuere
3083 4777 3255 4832 visum
3285 4789 3388 4836 est.
3434 4783 3581 4842 Nihil

1983 4865 2146 4920 etiam
2176 4867 2371 4918 attinet
2411 4865 2480 4919 de
2511 4863 2817 4934 Ponti/ictui
2846 4866 3008 4922 verba
3043 4867 3244 4938 facere,
3274 4889 3433 4944 quem
3477 4878 3582 4933 Da-

1983 4972 2153 5023 maso,
2183 4958 2339 5026 cujus
2371 4956 2507 5010 falso
2535 4957 2637 5012 fert
2663 4974 2886 5023 nomen,
2911 4962 3110 5017 eruditi
3140 4979 3331 5022 omnes
3368 4970 3580 5039 abjutli-

1983 5063 2105 5107 cant
2141 5071 2153 5103 :
2183 5051 2326 5120 quod
2359 5067 2489 5104 vero
2520 5051 2586 5106 ad
2625 5051 3018 5110 Bnclterianum
3073 5059 3378 5132 cataIOgnm
3423 5080 3579 5132 spec-

1988 5152 2088 5210 tat,
2113 5143 2205 5213 qui
2237 5143 2292 5198 in
2321 5141 2538 5198 Liberio
2567 5145 2805 5198 nondum
2843 5163 2874 5202 e
2917 5149 3056 5204 vivis
3090 5153 3303 5206 sublato
3327 5153 3580 5214 desinere

1987 5236 2221 5304 videtur,
2249 5251 2576 5307 quamquam
2618 5237 2762 5292 nulla
2791 5246 2876 5293 est
2917 5254 3080 5295 causa
3124 5258 3222 5297 cur
3263 5246 3330 5298 ab
3383 5245 3578 5305 eodem

1987 5327 2218 5383 Damaso
2267 5339 2394 5382 tunc
2433 5327 2664 5384 diacono
2711 5330 2946 5399 scriptus
2982 5347 3104 5386 esse
3157 5348 3262 5386 non
3295 5337 3488 5404 possit,
3522 5352 3580 5397 ut

1986 5419 2230 5474 nonnulli
2261 5429 2504 5481 censent,
2541 5421 2612 5473 ita
2646 5421 2808 5474 etiam
2843 5421 2985 5473 nulla
3009 5431 3092 5474 est
3121 5433 3267 5475 certa
3301 5427 3438 5481 ratio
3482 5445 3580 5488 cur

1986 5512 2091 5568 hoc
2133 5514 2203 5567 al)
2252 5529 2318 5567 eo
2371 5513 2566 5565 factum
2614 5511 2856 5565 dicamus
2902 5515 3302 5582 :qnamobrem
3349 5521 3418 5577 ad
3471 5527 3578 5584 alia

1986 5605 2229 5674 ejusdem
2264 5604 2464 5672 scripta
2494 5602 2828 5672 progredior.

2061 5695 2134 5769 (c)
2172 5697 2393 5751 Dissert.
2428 5695 2479 5760 1,
2510 5693 2723 5748 Damas.
2754 5709 2876 5766 cap.

2911 5850 2952 5916 9
