4138 6178
514 323 618 379 ’ξ’-(Π

1700 296 2012 358 SANCTUS
2055 292 2377 351 DAMASUS
2420 293 2619 349 PAPA.

3718 284 3825 342 268

508 439 535 502 §
570 437 633 486 ll.
660 460 721 471 ——
744 430 893 483 Multa
915 428 1155 502 Damasus
1175 422 1521 502 scripslgiipae
1549 414 2111 502 pleriissenpogs'tﬂfnex.
2139 425 2195 487 Α
2221 409 2597 465 Testamentum
2620 402 2925 476 composuit
2957 421 2969 456 :
3015 412 3126 456 tum
3157 415 3221 457 ea
3254 397 3425 456 locavi
3456 413 3576 470 quae
3616 398 3684 456 de
3712 400 3824 457 Deo

684 475 1110 559 quaavst—tp—ersunt
1129 521 1143 545 ,
1169 475 1521 559 epigrammata
1548 475 2112 559 aliquot‘illustranltur;

574 535 666 610 alia
685 535 1097 619 iit-tueawﬁamaso
1131 535 1302 598 'eideivn
1338 535 1666 603 vindicantur,
1703 539 1797 588 alia
1833 535 2116 601 appendicis

578 622 683 672 loco
702 621 1004 668 referuntur.

579 726 893 781 Carminum
944 732 1067 791 quae
1124 717 1385 773 Damasus
1444 709 1788 780 composuit,
1854 717 1911 760 ιιι
1946 704 2015 759 de
2049 702 2117 758 iis

511 820 675 879 etiam
732 830 896 888 pauca
942 813 1138 875 dicam,
1175 807 1346 877 major
1397 818 1522 874 pars
1567 803 1765 856 amissa
1814 797 2013 869 periit,
2045 796 2117 849 si-

512 912 733 986 quidem
804 923 869 963 ea
919 904 1117 959 desunt
1181 914 1301 969 quae
1356 896 1425 952 de
1482 894 1801 965 Virginitate
1856 887 2111 958 scripsit,

512 985 566 1062 et
608 1006 662 1060 in
696 1003 862 1058 Vetus
899 1007 955 1053 et
983 995 1192 1050 Novum
1244 991 1675 1046 Testamentum.
1705 985 1981 1040 Praeterea
2025 994 2119 1036 ne-

511 1116 618 1170 que
661 1094 839 1152 omnia
867 1092 1153 1154 habemus,
1192 1085 1385 1156 quibus
1408 1082 1619 1137 ornavit
1644 1076 1935 1134 memorias
1974 1090 2119 1130 mar-

512 1205 713 1268 tyrum,
743 1200 887 1247 utex
936 1187 1040 1242 hoc
1088 1181 1455 1253 Vigiliipapae
1512 1174 1823 1232 testimonio
1883 1177 2115 1228 constat.

879 1324 957 1379 DE
1000 1320 1098 1378 SS.
1149 1328 1487 1373 narramus
1527 1312 1717 1368 VITALI
1744 1351 1759 1375 ,

859 1423 861 1426 ‘
943 1415 1211 1471 Maurum
1260 1423 1327 1463 ετ
1374 1406 1720 1461 Αιεκλκυηο.

604 1534 733 1586 Dum
759 1529 973 1594 peritura
994 1524 1171 1594 Gethae
1194 1520 1650 1594 ppsnissentcastra
1673 1514 1767 1562 sub
1786 1511 1992 1575 Urbem,

674 1578 933 1646 Moverunt
956 1588 1137 1637 sanctis
1163 1578 1294 1633 bella
1318 1580 1525 1646 nefanda
1552 1578 1702 1646 prius:

602 1638 1090 1718 Tolitquesaerilego
1110 1652 1367 1718 verterunt
1390 1638 1809 1712 corde’sepnlcra,

668 1703 958 1779 martyribus
978 1703 1335 1779 quvorrdam'rite
1361 1711 1549 1779 sacrata
1566 1703 1679 1776 piis.

606 1761 1065 1845 Qti'osjnonstrarite
1090 1770 1459 1840 Deo_Dautasus
1483 1761 1581 1845 sibi
1606 1777 1727 1827 papa
1753 1761 2003 1826 probatos,

671 1842 828 1890 Allixo
850 1836 1038 1887 monuit.
1061 1833 1275 1882 carmine
1292 1830 1405 1891 jure
1431 1830 1543 1876 coli.

606 1905 706 1957 Sed
731 1904 877 1965 periit
897 1898 1095 1965 tztnlus,
1119 1892 1365 1943 contracto
1389 1901 1664 1965 marmore,
1692 1892 1908 1959 sanctus,

667 1952 773 2015 Nec
796 1973 959 2014 tamen
984 1960 1061 2009 bis
1081 1952 1267 2007 iterum
1293 1967 1436 2016 posse
1456 1952 1612 2001 latere
1639 1952 1747 2016 fuit.
1804 2002 1807 2005 ἰ

606 2030 779 2080 Diruta
804 2024 1012 2087 Vigilius
1034 2034 1140 2087 nam
1166 2019 1380 2080 posthaec
1404 2015 1848 2085 papa'gemiscens,

668 2080 903 2139 Hostibus
927 2083 1147 2145 eitpulsis
1162 2117 1175 2141 ,
1201 2092 1349 2129 omne
1373 2080 1570 2127 novavit
1593 2088 1733 2139 opus.

585 2193 725 2262 Quin
749 2191 911 2262 igitur
940 2191 1009 2242 ob
1031 2185 1277 2240 eamdem
1315 2196 1533 2237 causam
1574 2190 1733 2249 atque
1759 2175 1950 2233 eodem
1980 2188 2116 2228 nau-

512 2286 683 2354 fragio
704 2283 807 2355 alia
830 2281 996 2334 multa
1050 2274 1315 2346 lapidibus
1344 2273 1509 2327 incisa
1542 2269 1838 2341 perierint,
1868 2281 1971 2337 ego
2017 2264 2118 2318 mi-

516 2380 664 2436 nime
714 2376 921 2439 dubito,
976 2383 1137 2440 atque
1189 2368 1319 2423 illud
1379 2382 1491 2437 prae
1544 2362 1790 2430 caeteris,
1850 2358 1992 2430 quod
2036 2358 2118 2411 in-

514 2469 801 2540 scripsisse
843 2465 1030 2520 debuit
1071 2460 1366 2518 Alexandri
1424 2456 1666 2526 episcopi
1704 2462 1762 2508 et
1833 2448 2115 2507 fortissimi

512 2564 769 2635 martyris
794 2559 1067 2630 sepulcro,
1091 2553 1359 2623 siquidem
1388 2552 1539 2606 illum
1570 2548 1831 2618 vigesimo
1860 2543 2117 2599 milliario

513 2674 544 2714 a
584 2657 670 2711 via
700 2653 921 2711 Claudia
967 2651 1033 2705 ad
1060 2648 1259 2705 Urbem
1288 2647 1356 2701 ab
1406 2644 1597 2699 eodem
1644 2638 1899 2712 pontiﬁce
1941 2646 2118 2692 trans-

516 2754 683 2808 latum
734 2767 749 2806 ς
805 2763 868 2803 ac
916 2746 970 2800 in
1023 2759 1156 2799 nova
1206 2740 1407 2811 Crypta
1460 2735 1798 2792 reconditum
1849 2737 2118 2786 memorat

515 2845 720 2903 Adonis
752 2838 1191 2911 Martyrologium
1220 2834 1289 2889 ad
1340 2833 1481 2887 diem
1523 2830 1593 2884 26
1625 2826 1981 2883 novembris:
2018 2824 2118 2876 im-

517 2954 606 2995 mo
661 2951 789 2991 vero
820 2950 881 2989 ea
937 2932 1219 3001 ipsa,quae
1242 2926 1657 2997 superfuerunt,
1711 2936 1775 2976 ac
1818 2933 1963 2973 nunc
1994 2929 2120 2987 pos-

517 3035 756 3090 sidemus
784 3028 947 3083 variis
977 3023 1310 3095 temporibus
1338 3063 1352 3089 ,
1386 3035 1448 3074 ac
1500 3018 1632 3072 locis
1685 3015 1920 3079 detecta,
1953 3021 2118 3081 atque

518 3128 645 3182 hinc
674 3125 801 3180 inde
835 3120 1087 3191 paulatim
1116 3117 1343 3171 collecta
1374 3113 1543 3167 fuisse
1568 3118 1799 3166 constat.
1826 3106 1959 3161 Nam
1992 3119 2115 3175 qua:

522 3222 703 3294 priora
744 3218 917 3272 lucem
949 3212 1234 3274 viderunt,
1268 3208 1407 3261 inter
1450 3202 1775 3262 christianos
1819 3209 2006 3270 poetas
2049 3196 2119 3251 ab
2147 3210 2195 3275 ρ

520 3284 661 3369 nido
689 3310 865 3366 editos
895 3304 1134 3362 Venetiis
1158 3298 1505 3366 1502,in—4°,
1530 3314 1589 3351 ac
1616 3284 1805 3351 rursus
1832 3309 1924 3363 per
1950 3292 2123 3348 Geor-

518 3408 663 3478 gium
692 3404 995 3459 Fabricium
1022 3398 1245 3453 Basilea:
1272 3395 1439 3460 l562,
1474 3391 1793 3461 paucissima
1817 3396 1959 3443 sunt.
1984 3387 2122 3441 Tum

520 3497 717 3557 deinde
748 3496 906 3566 paulo
932 3494 1170 3547 auctiora
1217 3488 1536 3559 prodierunt
1568 3483 1621 3538 in
1654 3494 1898 3537 veterum
1931 3490 2121 3550 poeta-

523 3607 642 3647 rum
680 3601 910 3656 corpore
933 3584 1167 3640 Genevae
1196 3580 1357 3643 1611,
1389 3580 1424 3632 ‘2
1452 3577 1563 3633 vol.
1595 3576 1741 3630 in-.i°
1771 3590 1785 3639 ;
1814 3580 1869 3628 et
1898 3569 2124 3627 Loudini

525 3685 689 3747 1715,
719 3679 897 3735 in-fol.
929 3678 999 3732 At
1027 3675 1269 3731 omnium
1298 3670 1632 3741 diligentiam
1672 3663 1951 3736 superavit
1981 3663 2124 3717 Mar-

524 3780 629 3833 tius
652 3774 893 3830 Milesius
921 3769 1248 3824 Sarazanius
1274 3765 1461 3820 Romae
1493 3761 1632 3816 1658
1662 3801 1675 3822 ,
1726 3772 1830 3828 qua
1881 3770 1982 3826 ego
2011 3754 2126 3809 edi-

523 3873 668 3927 tione
722 3877 867 3923 utor.
921 3865 1019 3919 llic
1072 3863 1214 3917 enim
1269 3870 1377 3913 tum
1455 3872 1520 3911 ea
1576 3854 1799 3909 retinuit
1844 3852 1981 3921 quae
2030 3865 2126 3915 pu-

504 3961 722 4018 blicam
745 3958 1042 4023 lucemjam
1066 3958 1490 4018 conspexerant,
1522 3957 1633 4001 tum
1664 3947 1815 4015 plura
1843 3943 1946 3996 alia
1975 3941 2127 3997 addi-

525 4052 604 4107 dit
644 4062 765 4118 quze.
812 4059 1093 4100 numerum
1125 4039 1612 4110 quadragenarium
1647 4036 1952 4105 complent;
2001 4051 2123 4089 nam

524 4156 645 4211 quae
685 4141 736 4194 in
770 4135 1029 4192 anteactis
1072 4131 1398 4188 editionibus
1450 4130 1803 4199 legebantur,
1838 4129 1953 4183 haec
2001 4134 2128 4181 sunt

526 4236 849 4292 dumtaxat:
893 4233 946 4285 1υ
995 4228 1062 4283 de
1111 4226 1279 4281 Paulo
1334 4223 1617 4293 apostolo,
1649 4223 1713 4276 2°
1760 4223 1829 4277 de
1880 4224 2120 4291 Agnete,

526 4330 590 4386 5°
639 4327 707 4383 de
754 4324 963 4388 eadem,
1012 4321 1165 4376 4°dc
1189 4321 1400 4380 Andrea
1434 4319 1714 4387 apostolo,
1774 4318 1835 4373 5°
1884 4316 1952 4371 de
1981 4315 2126 4386 Aga-

524 4422 640 4487 tha,
694 4420 756 4475 6°
795 4417 863 4473 de
918 4414 1135 4477 Felice,
1188 4412 1249 4466 7°
1302 4412 1371 4467 de
1418 4410 1645 4465 Nomine
1710 4410 1873 4476 Jesu,
1940 4410 2002 4464 8°
2058 4408 2127 4464 de

528 4514 745 4579 eodem,
789 4512 852 4568 9°
880 4510 951 4573 de
981 4508 1195 4561 Christo
1216 4549 1229 4571 ,
1273 4507 1366 4560 10Ο
1394 4506 1461 4559 de
1506 4504 1842 4560 Ascensione
1881 4503 2080 4559 Christi
2108 4545 2123 4569 ,

2219 512 2345 557 sunt
2382 544 2395 568 ,
2443 502 2510 557 de
2542 499 2640 557 SS.
2685 496 2962 568 Apostolis
2992 494 3209 561 deinde,
3267 507 3332 548 ac
3382 492 3643 547 Romanis
3690 508 3825 562 pou-

2222 594 2473 650 tilicihns.
2530 592 2771 647 Transeo
2817 588 3017 645 deinde
3057 587 3122 642 ad
3180 596 3485 658 martyres,
3539 599 3603 641 ac
3654 585 3825 655 primo

2220 689 2340 742 loco
2396 684 2744 741 Laurentium
2796 695 3059 737 recenseo
3088 722 3104 749 ,
3163 679 3314 736 velut
3340 679 3492 735 illum
3537 694 3697 749 quem
3730 680 3827 733 Da-

2222 794 2405 835 masus
2449 780 2721 849 praecipue
2765 776 2963 841 coluit,
3011 788 3075 829 ac
3117 783 3351 830 casteros
3391 771 3641 837 deinde;
3702 786 3827 842 pos-

2222 881 2399 929 tremo
2447 887 2577 927 vero
2638 870 2793 937 illas,
2873 883 2993 939 qua!
3059 874 3387 939 supersunt,
3447 864 3841 935 inscriptiones

2221 968 2429 1023 colloco
2461 985 2473 1019 :
2505 964 2602 1022 sed
2640 964 2789 1035 prius
2828 960 2897 1018 de
2943 961 3011 1016 iis
3052 960 3310 1015 lectorem
3353 958 3615 1014 nonnulla
3657 957 3837 1013 moni-

2223 1071 2335 1117 tum
2368 1062 2511 1129 volo,
2546 1075 2669 1131 quae
2691 1068 2803 1113 tum
2834 1055 3167 1112 carminibus
3214 1054 3379 1123 ipsis,
3414 1061 3523 1107 tum
3566 1050 3837 1107 ecclesia-

2222 1156 2373 1212 sticae
2402 1152 2641 1207 historiae
2684 1150 2859 1206 lucem
2900 1148 3134 1218 aliquam
3190 1144 3474 1200 affundere
3528 1158 3687 1213 posse
3710 1141 3832 1197 exi-

2221 1247 2434 1303 stimavi
2484 1260 2552 1299 ne
2595 1242 2854 1314 prolixior
2899 1242 2952 1295 in
2993 1240 3135 1293 notis
3179 1237 3438 1306 deinceps
3485 1235 3609 1291 sim.

2294 1339 2335 1393 1.
2369 1337 2602 1394 Carmen
2644 1336 2825 1405 itaque
2863 1332 2931 1388 de
2960 1331 3163 1387 Christo
3190 1330 3488 1393 Servatore,
3522 1327 3667 1383 inter
3695 1341 3831 1395 ope-

2222 1449 2279 1488 ra
2332 1432 2404 1486 cl.
2449 1429 2729 1487 Claudiani
2777 1428 2939 1484 etiam
2990 1426 3316 1495 impressum
3373 1422 3611 1494 legitur,
3668 1435 3829 1489 quem

2226 1535 2508 1597 propterea
2540 1523 2909 1579 Christianum
2959 1519 3123 1575 fuisse
3154 1516 3408 1573 Barthius
3436 1515 3686 1585 Opinatus
3708 1523 3825 1569 est:

2224 1630 2281 1676 at
2329 1619 2582 1688 quoniam
2631 1617 2858 1673 Vossius
2903 1624 2959 1671 et
3005 1612 3345 1668 Coloniesius
3394 1610 3462 1665 ad
3503 1608 3821 1675 Giraldum,

2226 1716 2442 1770 Damasi
2487 1728 2683 1769 nomen
2738 1713 2790 1767 in
2848 1709 3171 1783 quibusdam
3239 1721 3371 1761 mss.
3433 1705 3697 1776 praeferre
3734 1719 3828 1758 as-

2146 1809 2384 1883 Bserit,
2440 1822 2503 1863 ac
2557 1808 2784 1860 Damaso
2844 1810 3106 1873 praeterea
3157 1799 3403 1855 attribuit
3473 1798 3561 1854 del
3619 1798 3719 1853 Rio
3775 1797 3831 1850 in

2222 1900 2373 1955 calce
2408 1898 2842 1969 conjecturarum
2884 1894 2953 1950 ad
2992 1892 3350 1949 Claudianttm
3392 1888 3505 1964 (a),
3532 1905 3633 1961 ego
3660 1890 3830 1946 etiam

2222 1992 2477 2062 quidquid
2509 1991 2833 2047 Sarazanius
2857 1986 3097 2055 dubitet,
3135 1987 3362 2040 Damaso
3389 1983 3600 2039 asserui
3632 2000 3646 2038 :
3698 1997 3828 2037 nam

2222 2085 2350 2153 quin
2406 2082 2736 2139 Claudianus
2778 2082 2939 2149 alter,
2970 2080 3272 2135 Mamercus
3310 2077 3537 2144 scilicet,
3584 2076 3827 2146 ejusdem

2221 2188 2409 2232 auctor
2438 2177 2613 2232 videri
2657 2176 2859 2247 possit,
2904 2174 3107 2228 faciunt
3148 2171 3404 2242 posnemi
3451 2170 3506 2226 hi
3536 2170 3826 2226 versiculi:

2447 2271 2559 2321 Mox
2586 2271 2831 2320 atthereas
2854 2274 3059 2318 evectus
3083 2268 3133 2314 in
3156 2278 3319 2322 auras,

2315 2335 2527 2397 Purgata
2552 2346 2788 2397 reparans
2810 2331 2974 2397 latum
2994 2335 3047 2379 te
3068 2327 3198 2387 luce,
3215 2328 3499 2397 fatentem

2315 2390 2591 2459 Augustum
2614 2390 2782 2459 foveas
2805 2394 2947 2459 festis
2962 2401 3023 2459 Aut
3042 2405 3177 2459 saepe
3199 2390 3377 2459 diebus

2317 2453 2491 2508 Annua
2507 2458 2689 2508 sinceri
2710 2456 2936 2507 celebret
2954 2454 3141 2518 jejunia
3164 2453 3310 2502 sacri.

2225 2552 2281 2607 Si
2303 2553 2447 2607 enim
2468 2549 2731 2605 rationem
2762 2557 3069 2618 temporum
3100 2555 3278 2600 tecum
3302 2545 3472 2611 ineas,
3495 2543 3583 2597 vix
3606 2551 3829 2612 statuas,

2220 2645 2432 2700 cuinam
2462 2658 2527 2698 ex
2558 2640 2997 2712 imperatoribus,
3021 2640 3109 2709 qui
3136 2652 3259 2692 cum
3288 2635 3589 2691 Mamercus
3619 2635 3828 2690 scribe-

2223 2746 2308 2793 ret
2334 2753 2397 2791 ac
2426 2737 2643 2791 lloreret
2672 2750 2851 2790 rerum
2878 2732 3029 2803 potiti
3058 2740 3204 2795 sunt,
3229 2734 3402 2797 aptari
3434 2728 3513 2783 illi
3534 2727 3823 2784 commode

2221 2832 2451 2900 possint.
2506 2830 2643 2884 Hinc
2686 2844 2814 2883 vero
2856 2827 3112 2896 colligas,
3154 2839 3317 2894 quam
3372 2834 3531 2879 vetus
3570 2837 3687 2877 mos
3731 2821 3828 2877 ille

2219 2923 2414 2990 fuerit,
2468 2922 2623 2992 cujus
2669 2922 2721 2975 in
2750 2918 3049 2989 Marculphi
3086 2917 3335 2971 formulis
3378 2915 3584 2970 mentio
3611 2922 3727 2980 est,
3764 2922 3828 2970 ut

2219 3019 2459 3089 episcopi
2488 3018 2540 3072 in
2591 3014 3008 3071 solemuioribus
3057 3013 3182 3067 anni
3206 3008 3617 3067 celebritatibus
3639 3008 3819 3063 missis

2220 3112 2285 3167 ad
2317 3127 2474 3182 reges
2502 3110 2696 3164 litteris
2726 3109 2897 3163 fausta
2927 3107 3109 3162 omnia
3135 3111 3580 3177 apprecarentur.

2294 3204 2356 3259 ll.
2400 3204 2530 3271 Quae
2558 3202 2625 3257 de
2665 3201 2937 3271 Apostolis
2976 3206 3167 3269 agunt,
3201 3198 3302 3252 tria
3352 3205 3497 3251 sunt.
3540 3194 3778 3250 Primum
3807 3235 3824 3261 ,

2229 3299 2372 3370 quod
2410 3299 2474 3353 de
2519 3297 2579 3355 S.
2634 3296 2802 3351 Paulo
2844 3294 3174 3357 inscribitur,
3216 3302 3379 3362 atque
3418 3290 3549 3347 illttd
3578 3331 3595 3358 ,
3640 3306 3706 3344 ex
3759 3288 3832 3343 iis

2230 3393 2370 3449 forte
2428 3408 2613 3457 unum,
2669 3406 2790 3463 qua:
2840 3389 2909 3443 ad
2960 3387 3168 3442 Novum
3219 3385 3595 3441 Testamentum
3652 3381 3830 3452 perti-

2229 3499 2389 3553 nent,
2424 3503 2547 3543 ven.
2604 3484 2753 3540 card.
2812 3482 3138 3537 Thomasius
3195 3479 3249 3533 in
3300 3476 3635 3548 Hymnario,
3695 3473 3821 3528 cani

2228 3581 2449 3636 solitum
2507 3578 2669 3633 fuisse
2724 3583 2876 3631 notat
2924 3574 2976 3628 in
3023 3571 3267 3642 ejusdem
3311 3568 3545 3639 apostoli
3596 3582 3829 3623 conver-

2228 3675 2403 3740 sione,
2448 3668 2737 3742 postremis
2782 3666 2994 3722 duobus
3040 3664 3258 3718 omissis
3308 3660 3615 3717 versiculis.
3669 3659 3822 3714 Alte-

2228 3781 2369 3831 rum,
2429 3762 2571 3833 quod
2616 3761 2683 3817 de
2730 3760 2791 3815 S.
2843 3759 3051 3813 Andrea
3100 3765 3219 3823 est,
3262 3770 3329 3809 an
3386 3754 3676 3809 Damasum
3726 3767 3830 3806 au-

2229 3870 2432 3913 ctnrem
2482 3854 2676 3909 habeat
2704 3852 3026 3908 Sarazanius
3065 3847 3323 3919 ambigit,
3368 3844 3555 3911 nulla,
3601 3850 3660 3898 ut
3689 3842 3830 3898 mihi

2230 3952 2465 4016 videtur,
2500 3949 2566 4003 de
2622 3961 2807 4010 causa,
2838 3944 3102 4014 siquidem
3154 3943 3204 3996 in
3246 3940 3498 3996 omnibus
3550 3936 3668 4003 ejus
3698 3950 3834 4005 ope-

2230 4058 2347 4098 rum
2400 4039 2724 4096 editionibus
2781 4037 3018 4107 legitur;
3076 4044 3241 4102 atque
3301 4031 3431 4087 illud
3490 4030 3654 4086 etiam
3704 4029 3831 4084 cani

2228 4134 2421 4190 alicubi
2454 4131 2803 4187 cousuevisse
2832 4129 3137 4199 colligimus
3175 4142 3242 4181 ex
3287 4122 3464 4179 veteri
3495 4120 3835 4176 Mozarabit-a

2231 4227 2464 4296 liturgia,
2491 4239 2651 4294 quam
2688 4221 2957 4294 Josephns
2995 4217 3325 4274 Blanchinns
3358 4216 3440 4270 vir
3486 4214 3831 4269 claris~imus

2230 4316 2429 4378 edidit.
2466 4315 2642 4369 addita
2673 4296 2951 4367 dumtaxat
2981 4311 3046 4365 ad
3079 4325 3235 4364 usum
3265 4306 3418 4362 chori
3446 4304 3753 4375 doxologia.

2302 4408 2390 4464 Ill.
2421 4408 2786 4471 Postremum,
2819 4403 2962 4474 quod
2994 4402 3060 4457 ad
3091 4400 3384 4470 Apostolos
3415 4398 3637 4461 attinet,
3667 4396 3835 4451 Cata-

2231 4502 2439 4555 cumbis
2469 4499 2533 4552 ad
2564 4498 2623 4553 S.
2660 4497 3031 4553 Sebastianum
3057 4534 3074 4560 ,
3105 4493 3194 4547 ubi
3224 4506 3378 4553 sacra
3410 4488 3556 4544 Petri
3590 4499 3644 4542 et
3672 4486 3829 4541 Pauli

532 4608 643 4662 “0'
675 4605 743 4659 de
794 4603 1168 4674 ci-gnomeutis
1200 4598 1537 4663 Salvatoris;
1593 4613 1916 4667 quamquam
1965 4596 2119 4650 Sara-
2152 4607 2208 4670 D
2231 4608 2458 4662 corpora
2484 4593 2771 4659 iacuerunt
2795 4631 2810 4656 ,
2842 4587 3158 4656 inscriptum
3192 4584 3491 4655 legebatur,
3527 4590 3688 4651 atque
3730 4579 3837 4634 hoc

531 4698 741 4760 zanius,
774 4699 861 4765 qtti
911 4695 1025 4748 haec
1075 4710 1138 4748 ex
1188 4691 1419 4745 Barouio
1467 4700 1521 4743 et
1552 4705 1619 4742 ex
1656 4688 1907 4741 Palatinis
1951 4690 2122 4741 nte‘m-

529 4789 717 4845 branis
757 4787 1045 4842 aGrutero
1099 4784 1256 4838 editis
1311 4783 1425 4836 fere
1474 4781 1653 4833 omnia
1711 4779 1954 4845 accepit,
2013 4780 2119 4835 alia

532 4880 641 4936 duo
692 4880 757 4932 iis
803 4877 1038 4946 adjicere
1097 4874 1397 4943 pttluiSsel,
1450 4889 1568 4938 qua:
1615 4887 1735 4927 cum
1791 4872 2125 4939 Damasum,

533 4972 639 5028 nisi
687 4985 787 5039 ego
828 4968 1009 5029 fallor,
1050 4975 1323 5020 auctorem
1356 4964 1621 5029 habeant,
1674 4964 1865 5035 collegi
1907 4980 2028 5035 ego,
2060 4979 2128 5020 ne

531 5063 737 5120 diutius
783 5075 812 5113 a
858 5058 1067 5113 ca-teris
1108 5056 1316 5110 divulsa
1346 5098 1359 5123 ,
1411 5071 1472 5110 ac
1524 5056 1642 5110 sine
1685 5065 1835 5125 patre
1886 5065 2089 5111 essunt.

604 5157 663 5211 In
732 5155 813 5209 Itis
860 5162 1037 5206 autem
1087 5150 1440 5205 recensendis
1493 5150 1739 5213 ordinem
1806 5123 1881 5204 ἠδ
1933 5150 2124 5204 eodem

532 5252 823 5311 Sarazanio
854 5256 1123 5303 servatum
1154 5243 1428 5315 paululum
1460 5242 1757 5296 ituntutavi.
1785 5242 1915 5296 Nam
1941 5284 1954 5307 ,
1985 5242 2127 5310 quod

530 5347 621 5402 ille
666 5360 775 5400 non
827 5341 959 5397 tanti
1018 5354 1139 5394 esse
1187 5336 1421 5409 putavit,
1468 5346 1526 5389 ut
1574 5334 1804 5399 faceret,
1866 5349 1965 5404 ego
2013 5334 2125 5402 pri-

535 5454 680 5491 mum
731 5436 825 5502 iis,
869 5434 960 5506 qui
1008 5433 1063 5488 in
1105 5430 1309 5485 laudem
1385 5428 1595 5483 Davidis
1647 5434 1816 5495 sunt,
1876 5427 2126 5483 versibus

530 5529 711 5583 locum
762 5528 932 5594 dedi,
994 5526 1135 5595 quod
1184 5525 1425 5597 profecto
1477 5524 1850 5580 bexametrum
1904 5537 2124 5578 carmen

444 5682 463 5691 -
536 5633 700 5674 unum
748 5620 885 5673 forte
925 5618 1080 5673 exiis
1110 5627 1401 5689 superest,
1445 5634 1565 5687 qua:
1596 5617 1855 5671 Damasus
1880 5616 1934 5669 in
1970 5613 2127 5670 Vetus

600 5745 891 5825 (αλ-[τεῳ.
934 5747 1203 5825 ΒΒεμιιειι.
1232 5789 1246 5814 ,
1289 5749 1383 5803 lib.
1440 5764 1519 5813 tu,
1565 5761 1685 5819 cap.
1732 5747 1834 5815 15,
1862 5762 1918 5818 p.
1962 5746 2069 5803 125
2102 5784 2119 5815 ,

522 5814 668 5876 tom.
687 5816 753 5885 ll,
785 5814 921 5871 Ven.
976 5814 1107 5871 edit.

2231 4688 2444 4742 illustre
2487 4685 2695 4739 Damasi
2740 4682 3143 4745 testimonium,
3196 4678 3242 4732 si
3294 4686 3488 4731 cmtera
3537 4675 3831 4739 deessent,

2230 4796 2324 4837 eos
2370 4778 2599 4834 revincit
2644 4777 2972 4842 manifesto,
3021 4773 3216 4845 quibus
3263 4786 3322 4826 ea
3371 4769 3439 4824 de
3484 4784 3547 4823 re
3594 4769 3837 4821 incertus

2226 4874 2401 4929 adhuc
2450 4874 2662 4926 animus
2702 4887 2822 4927 esse
2866 4876 3065 4937 posset.
3106 4867 3375 4919 C:eterum
3422 4877 3530 4933 quo
3576 4870 3827 4929 tempore

2230 4966 2420 5022 eadem
2464 4980 2616 5020 sacra
2666 4964 2889 5033 pignora
2932 4960 2999 5014 ad
3046 4956 3385 5013 Catacumbas
3415 4954 3595 5013 allata.
3640 4966 3705 5004 ac
3734 4950 3840 5005 ite-

2230 5076 2348 5113 runt
2392 5057 2516 5113 inde
2545 5066 2760 5125 accepta
2782 5099 2797 5122 ,
2832 5054 3065 5122 antiquae
3099 5051 3395 5119 primaeque
3427 5044 3543 5100 sedi
3574 5046 3832 5099 restituta

2237 5152 2474 5219 fuerint,
2535 5151 2765 5205 obscura
2819 5156 2874 5203 et
2928 5146 3181 5215 perplexa
3241 5157 3328 5198 res
3387 5150 3490 5195 εει.
3546 5136 3832 5203 Consule,

2234 5246 2279 5299 si
2316 5245 2522 5312 placet,
2549 5240 2809 5312 pra-sules
2839 5236 3237 5295 eruditissimos
3266 5231 3624 5288 Blanchinum
3653 5240 3707 5283 et
3739 5228 3837 5283 Vi-

2229 5337 2468 5407 guolium
2532 5336 2584 5388 in
2638 5335 2778 5387 notis
2827 5332 2894 5387 ad
2945 5328 3254 5386 Cornelium
3288 5367 3304 5393 ,
3359 5323 3445 5380 cui
3509 5320 3833 5377 Anastasius

2233 5429 2371 5484 hanc
2436 5428 2649 5483 laudem
2715 5424 2959 5481 attribuit
3004 5437 3067 5477 ac
3122 5421 3350 5475 Romam
3413 5415 3831 5471 subterraneam

2230 5524 2343 5589 viri,
2371 5524 2504 5578 elar.
2540 5520 2763 5577 Bottarii
2806 5519 3026 5575 alterius
3057 5530 3123 5571 ex
3174 5511 3450 5567 Vaticana:
3478 5506 3833 5564 bibliotheca:

2233 5615 2547 5671 custodibus
2588 5613 2712 5685 (b);
2760 5611 2807 5666 si
2852 5624 2980 5666 vero
3014 5619 3233 5665 causam
3280 5602 3511 5674 quaeris,
3551 5613 3647 5655 cur
3691 5606 3835 5652 tam-

2301 5749 2374 5818 (δ)
2422 5748 2577 5804 Tom.
2624 5746 2686 5815 l,
2731 5744 2906 5815 p.31.
