4138 6178
266 270 381 331 ’289

1663 259 2191 322 PBOLEGOMENA.

3470 269 3576 327 ατο

266 387 358 442 diu
400 386 455 441 in
508 382 834 439 Catacumbis
875 382 1103 449 fuerint,
1143 381 1442 452 Gregorius
1470 380 1695 452 Magnus
1736 381 1872 437 hanc
1900 385 1955 445 Α
1979 383 2102 438 dem
2134 381 2397 439 collocat:
2429 380 3329 455 Malmesburiensis,‘Stephanum,
3362 386 3576 461 Zephy-

266 480 446 534 attulit
477 496 491 532 :
547 476 623 532 De
653 477 957 547 corporibus
985 490 1102 530 vero
1133 474 1242 529 BB.
1275 476 1385 529 AA.
1436 475 1559 543 quid
1590 490 1681 547 ego
1711 476 1877 528 dictu-

269 590 362 629 rus
405 589 538 639 sum,
589 571 711 624 dum
760 579 961 623 constat
1002 570 1148 639 quia,
1201 584 1260 621 eo
1316 577 1542 637 tempore
1590 583 1689 637 quo
1737 567 1878 637 passi

270 676 425 731 sunt,
473 681 536 720 ea:
578 664 781 719 Oriente
813 660 1022 716 Fideles
1047 655 1318 727 venerunt,
1347 661 1433 730 qui
1458 676 1635 714 eorum
1660 674 1877 729 corpora

270 762 409 817 sicut
452 760 633 813 civium
673 773 886 811 suorum
912 764 1227 825 repeterent,
1288 770 1401 825 aute
1432 755 1589 808 ducta
1632 754 1877 824 usquead

271 854 556 910 secundum
602 852 664 905 ab
702 851 828 906 urbe
855 850 1159 904 milliarium
1203 851 1257 903 in
1302 850 1435 916 loco,
1468 851 1554 920 qui
1592 849 1780 904 dicitur
1809 850 1878 904 ad

277 945 641 1011 Catacumbas,
686 942 944 998 collocata
990 950 1147 996 sunt:
1178 941 1302 995 dum
1349 942 1536 995 exinde
1562 941 1732 995 leuare
1769 955 1880 994 om-

274 1038 356 1091 nis
397 1052 565 1090 eorum
597 1035 875 1089 multitudo
916 1033 1218 1087 conveniens
1248 1033 1528 1098 niteretur,
1572 1032 1646 1085 ita
1692 1048 1781 1087 eos
1805 1033 1881 1087 vis

273 1128 479 1182 tonitrui
560 1136 715 1197 atque
774 1126 997 1199 fulguris
1060 1125 1220 1178 nimio
1284 1134 1419 1178 metu
1481 1125 1662 1178 terruit
1730 1133 1881 1193 atque

267 1221 544 1291 dispersit,
601 1230 657 1274 ut
709 1219 814 1273 alia
858 1219 1027 1273 denuo
1075 1218 1367 1272 nullatenus
1416 1227 1669 1273 attentare
1745 1234 1879 1287 pra:-

269 1322 537 1367 sumerent
579 1311 678 1383 (a).
713 1310 878 1365 Addit
919 1325 1073 1366 sacra
1126 1311 1241 1365 haec
1284 1311 1507 1380 pignora
1560 1326 1589 1364 a
1622 1310 1880 1365 Romanis

263 1404 473 1459 deinde
504 1404 695 1470 levata,
746 1419 812 1459 ac
860 1403 1131 1473 prioribus
1159 1404 1212 1457 in
1262 1402 1400 1457 locis
1444 1403 1748 1466 recondita,
1782 1402 1879 1457 sed

263 1513 378 1553 nec
432 1507 639 1567 tempus
680 1496 967 1568 exprimit,
1001 1513 1103 1552 nec
1155 1513 1263 1567 quo
1291 1507 1517 1552 auctore
1549 1498 1601 1552 id
1652 1497 1877 1551 factum.

266 1590 390 1645 lloc
436 1591 613 1658 ipsum
646 1590 847 1661 itaque,
881 1589 1025 1659 quod
1056 1588 1351 1659 Gregorius
1398 1598 1586 1659 aperte
1622 1589 1877 1659 explicat,

265 1681 535 1736 Damasus
590 1681 734 1737 haud
786 1681 1017 1737 obscure
1062 1681 1298 1748 indicat,
1329 1696 1453 1735 cum
1498 1682 1610 1736 ait:

365 1794 645 1859 Discipulos
668 1792 850 1845 Oriens
872 1794 1026 1852 misit,
1051 1792 1181 1859 quod
1204 1802 1379 1859 sponte
1396 1792 1630 1859 fatemur,

368 1856 518 1907 Roma
541 1870 658 1907 suos
678 1859 839 1919 potius
864 1859 1043 1906 meruit
1066 1856 1344 1905 defendere
1364 1856 1515 1905 cives.

348 1965 431 2020 Me
458 1980 565 2019 non
598 1964 753 2027 latet,
785 1964 1148 2017 narrationem
1199 1961 1337 2016 hanc
1368 1970 1613 2031 prostare
1642 1961 1805 2015 etiam
1825 1960 1878 2013 in

270 2062 433 2115 Aetis
454 2058 617 2123 Petri,
650 2072 676 2108 a
703 2056 1019 2111 Florentino
1061 2053 1301 2109 Marcelli
1330 2054 1610 2123 cujusdam
1637 2058 1877 2120 nomine,

270 2166 342 2205 ac
371 2149 617 2205 deiudea
662 2147 915 2203 Fabricio
965 2148 1105 2202 inter
1135 2146 1445 2217 apocrypha
1497 2146 1635 2201 Novi
1690 2145 1881 2201 Testa-

275 2243 457 2299 meuti
501 2244 700 2311 scripta
731 2241 913 2307 editis,
945 2244 997 2295 in
1020 2242 1214 2311 quibus
1235 2252 1494 2309 praeterea
1517 2240 1767 2309 adjicitur
1795 2256 1883 2296 sa-

272 2350 373 2392 cra
416 2350 643 2404 corpora
696 2333 1069 2389 novemdecim
1112 2333 1379 2387 mensium
1436 2333 1610 2402 spatio
1641 2333 1693 2387 in
1724 2332 1885 2387 Cata-

274 2431 494 2487 cumbis
520 2430 781 2499 jacuisse,
815 2427 957 2495 quod
1010 2427 1304 2497 Gregorius
1330 2427 1556 2497 Magnus
1581 2428 1747 2481 siluit.
1774 2426 1882 2482 Sed

277 2539 383 2594 ego
412 2522 485 2576 oh
536 2537 657 2576 eam
717 2520 1031 2588 impostoris
1085 2520 1363 2573 audaciam
1399 2534 1503 2573 non
1552 2519 1796 2584 inducar,
1827 2526 1887 2573 ut

280 2624 530 2684 apertum
564 2613 669 2667 hoc
717 2620 772 2667 et
812 2612 1244 2681 antiquissimum
1286 2626 1347 2665 ea
1376 2610 1444 2665 de
1474 2626 1533 2665 re
1566 2610 1779 2664 Damasi
1807 2618 1887 2663 te-

279 2707 596 2762 Stimouium
628 2706 770 2759 inter
800 2704 1039 2759 incertas
1088 2703 1431 2767 traditiones,
1463 2703 1578 2756 sive
1626 2712 1684 2755 ut
1724 2702 1888 2756 Pear-

282 2815 422 2855 sono
481 2796 701 2868 placuit,
751 2797 892 2850 inter
941 2795 1168 2850 fabellas
1223 2795 1486 2863 rojiciam.
1534 2794 1713 2847 Primo
1744 2794 1888 2847 enim

284 2891 562 2955 existimo,
593 2905 711 2960 quas
745 2886 1262 2959 pseudo-Marcellus
1312 2887 1382 2942 de
1411 2889 1580 2943 sacris
1621 2887 1737 2942 AA.
1767 2901 1892 2941 cor-

286 2985 516 3058 poribus
569 2983 670 3037 sub
718 2981 974 3036 Actorum
1024 2981 1186 3035 linem
1227 2990 1433 3045 narrat,
1486 2994 1720 3049 pannum
1768 2993 1897 3033 esse

286 3077 567 3135 recentius
598 3079 661 3131 iis
688 3084 931 3130 assutum
964 3088 977 3129 :
1019 3075 1283 3145 siquidem
1308 3074 1765 3142 pseudo-Abdias,
1792 3073 1893 3127 ial-

1979 475 2179 540 rinum,
2206 473 2517 539 Eusebium,
2548 473 2971 547 Eutychianum,
2996 478 3335 550 Dionysium,
3359 478 3579 535 Pontia-

1980 583 2128 633 num,
2159 580 2221 620 ac
2251 567 2472 621 Lucium
2500 567 2669 631 addit,
2697 584 2927 639 quorum
2979 569 3068 624 alii
3111 571 3371 642 martyrio
3420 587 3577 627 coro-

1981 661 2089 714 nati
2125 659 2357 726 fuerant,
2389 660 2482 714 alii
2525 660 2578 713 in
2620 676 2745 731 pace
2788 662 3065 729 obierant,
3123 678 3185 718 ac
3238 680 3477 737 proceres
3527 673 3575 719 et

1979 754 2269 807 sacerdotes
2311 752 2508 807 summi
2556 753 2795 815 fuerant,
2834 762 2997 824 atque
3053 754 3173 810 ideo
3212 771 3321 827 pra:
3363 758 3577 814 caneris

1981 844 2198 899 indicati
2230 860 2296 899 eo
2328 845 2449 899 loco
2473 845 2643 899 videri
2693 854 2939 915 possunt.

2054 938 2141 994 ιν.
2166 940 2295 1007 Quae
2321 938 2386 992 ad
2419 940 2692 993 Romanos
2718 940 3005 1010 pontifices
3030 944 3269 997 carmina
3297 944 3531 1001 attinent
3557 990 3572 1015 ,

1981 1040 2213 1103 quatuor
2237 1042 2379 1095 sunt,
2408 1031 2579 1099 iisque
2602 1030 2937 1100 Stephanus,
2968 1033 3274 1102 Marcellus,
3306 1034 3576 1092 Eusebius

1981 1134 2037 1180 et
2103 1127 2313 1180 Marcus
2361 1124 2665 1179 laudantur.
2705 1124 2835 1193 Quae
2887 1126 2954 1181 de
3003 1127 3261 1182 Marcello
3306 1137 3360 1183 et
3398 1126 3579 1184 Marco

1981 1224 2169 1288 agunt,
2202 1216 2469 1271 Baronius
2527 1229 2590 1270 ac
2642 1217 2964 1271 Sarazanius
3014 1218 3122 1288 jam
3175 1218 3565 1288 produxerant:

1983 1311 2336 1380 quamobrem
2368 1308 2474 1364 alia
2514 1308 2623 1363 duo
2648 1325 2791 1365 nunc
2818 1311 3051 1381 primum
3082 1312 3182 1367 sub
3203 1313 3444 1382 ejusdem
3481 1314 3582 1368 Da-

1984 1402 2118 1455 masi
2165 1402 2382 1457 nomine
2410 1441 2427 1468 ,
2471 1410 2633 1471 atque
2686 1402 2824 1456 inter
2879 1402 2998 1471 ejus
3045 1405 3244 1475 scripta
3290 1406 3581 1475 prodeunt.

1983 1492 2143 1548 Certe
2191 1495 2521 1565 epigramma
2572 1495 2827 1571 primum,
2876 1498 3003 1566 quin
3062 1496 3213 1552 illum
3269 1498 3581 1569 pontiﬁcem

1986 1593 2263 1640 auctorem
2292 1586 2508 1651 habeat,
2540 1585 2627 1640 vix
2666 1602 2751 1641 me
2780 1587 3029 1643 dubitare
3082 1589 3209 1644 sinit
3241 1599 3351 1645 tum
3385 1594 3578 1663 Stylus,

1985 1687 2096 1733 tum
2131 1678 2278 1748 prior
2316 1678 2406 1733 ille
2434 1680 2755 1744 versiculus,
2783 1682 2873 1750 qui
2909 1680 3141 1737 Damaso
3185 1698 3331 1751 saepe
3358 1684 3581 1754 placuit,

1910 1774 1960 1836 B
1984 1781 2146 1841 atque
2190 1772 2309 1827 aliis
2336 1773 2387 1826 in
2420 1773 2553 1827 locis
2582 1773 2795 1843 legitur.
2857 1775 2936 1828 Eo
2963 1790 3092 1830 vero
3121 1777 3459 1846 Stephanum
3494 1794 3588 1849 pa-

1986 1880 2106 1935 pam
2140 1880 2203 1920 ac
2234 1875 2527 1937 martyrem
2576 1866 2849 1936 designari
2880 1867 3036 1923 facile
3066 1869 3460 1939 deprehendet,
3494 1876 3587 1942 qui

1983 1973 2106 2014 cum
2138 1960 2283 2014 Actis
2310 1958 2553 2014 conferat
2583 1975 2612 2013 a
2644 1959 2879 2014 Baronio
2926 1960 3203 2029 productis
3247 1961 3343 2031 (ε).
3379 1960 3479 2018 Hic
3504 1965 3581 2017 si-

1984 2052 2200 2121 quidem
2248 2068 2371 2107 cum
2413 2052 2740 2107 christianos
2768 2053 2820 2107 in
2853 2055 3171 2109 ccemeterio
3212 2054 3426 2111 Callisti
3456 2072 3588 2113 con-

1988 2153 2242 2215 gregatos
2272 2145 2337 2199 ad
2364 2146 2681 2215 martyrium
2711 2146 2922 2201 fortiter
2952 2147 3290 2203 tolerandum
3337 2152 3589 2207 cohorta-

1985 2247 2156 2303 retur,
2177 2252 2204 2290 a
2230 2238 2493 2292 militibus
2505 2252 2570 2293 eo
2588 2239 2843 2293 immissis
2865 2240 2918 2294 in
2931 2257 3025 2295 sua
3045 2242 3164 2295 sede
3185 2243 3471 2299 decollatus
3489 2257 3592 2312 est,

1988 2338 2150 2399 atque
2204 2330 2395 2385 eodem
2454 2331 2574 2386 loco
2604 2332 2848 2401 sepultus
2896 2348 2925 2386 a
2958 2334 3093 2399 suis,
3117 2334 3304 2391 illmsis
3348 2345 3475 2393 tunc
3511 2337 3596 2394 di-

1989 2424 2189 2485 missis,
2221 2433 2383 2493 atque
2432 2426 2721 2481 orbitatem
2773 2426 3105 2495 dolentibus,
3154 2444 3217 2483 ex
3245 2445 3353 2501 quo
3395 2430 3594 2501 conjici

1991 2525 2191 2587 potest,
2247 2516 2579 2586 Stephanum
2632 2519 2734 2573 sub
2783 2517 3071 2574 Valeriano
3124 2533 3363 2590 passum,
3397 2522 3492 2591 qui
3541 2523 3594 2575 in

1992 2610 2279 2677 episc0pos,
2305 2610 2626 2678 presbyteros
2666 2620 2711 2664 et
2742 2610 2985 2665 diaconos
3028 2596 3598 2684 potissimum,‘gladio

1991 2700 2366 2755 incontinenter
2413 2700 2766 2756 animadverti
2808 2702 3044 2772 jusserat
3094 2702 3195 2775 (d).
3252 2705 3383 2760 Eam
3419 2708 3598 2776 itaque

1993 2792 2166 2845 sedem
2204 2793 2466 2861 sanguine
2492 2808 2818 2863 respersam,
2849 2796 3038 2850 eodem
3073 2796 3125 2851 in
3159 2801 3473 2869 cmuieterio
3504 2801 3598 2856 diu

1996 2894 2287 2951 servatam,
2336 2886 2553 2941 ineunte
2602 2886 2703 2941 hoc
2752 2889 2955 2943 saeculo
3000 2889 3068 2943 ab
3109 2888 3425 2947 Innocentio
3477 2893 3595 2963 XII,

1996 2975 2214 3032 Cosimo
2233 2977 2330 3037 Ill.
2362 2992 2558 3047 magno
2590 2979 2822 3034 Etruriae
2870 2981 2992 3036 duci
3023 2980 3167 3037 dono
3188 2983 3390 3051 datam,
3423 3001 3485 3040 ac
3510 2987 3597 3041 Pi-

2000 3084 2088 3123 sas
2112 3071 2449 3132 translatam,
2484 3071 2914 3144 collocatamque
2946 3074 2996 3129 io
3034 3075 3266 3131 ecclesia
3305 3076 3594 3133 clarissimi

286 3171 471 3227 sarius
495 3170 650 3235 alter,
678 3184 1001 3239 quamquam
1032 3168 1254 3222 Petrum
1283 3184 1312 3222 a
1344 3166 1595 3221 Marcello
1623 3168 1893 3236 discipulo
1921 3162 1968 3228 C
1999 3162 2251 3231 Equitum
2282 3162 2501 3217 Ordinis
2528 3164 2630 3219 sub
2654 3165 2771 3235 ejus
2799 3181 2951 3238 papa:
2993 3179 3047 3223 et
3068 3170 3323 3240 martyris
3352 3171 3598 3238 nomine,

287 3280 321 3321 e
348 3278 513 3319 cruce
539 3262 870 3333 depositum,
900 3277 963 3316 ac
1004 3262 1055 3315 in
1087 3261 1343 3316 Vaticano
1366 3262 1636 3331 sepultum
1664 3261 1891 3327 scribat,

292 3355 395 3410 bac
416 3367 594 3410 tamen
621 3355 689 3409 de
727 3370 787 3409 re
821 3370 886 3408 ne
917 3354 1138 3408 verbum
1164 3353 1381 3423 quidem
1412 3353 1573 3407 habet
1602 3372 1613 3407 :
1645 3353 1895 3423 suspicor

290 3457 476 3501 autem
545 3446 974 3500 additamentum
1031 3445 1133 3498 hoc
1174 3454 1447 3514 sumptum
1516 3459 1585 3499 ex
1642 3443 1893 3510 historia,

294 3556 456 3611 quam
483 3538 678 3594 Carolo
727 3538 917 3609 Magno
958 3548 1217 3609 regnante
1251 3540 1300 3592 in
1327 3538 1619 3594 Gallicanis
1648 3540 1895 3593 ecclesiis

296 3633 644 3689 Mabillonius
695 3634 887 3688 lectam
935 3634 1126 3702 probat
1184 3631 1298 3703 (b)
1330 3673 1345 3697 ,
1401 3642 1561 3702 atque
1609 3633 1744 3687 actis
1789 3632 1899 3687 illis

294 3728 498 3785 deinde
525 3728 808 3792 insertam;
839 3736 1003 3796 atque
1028 3728 1149 3793 hoc,
1185 3737 1240 3780 ut
1267 3741 1368 3795 ego
1385 3726 1507 3793 jure
1523 3728 1788 3796 suspicer,
1821 3726 1898 3780 fa-

294 3825 372 3878 cit
399 3822 542 3879 idem
570 3824 858 3892 utrobique
879 3838 1195 3891 expressum
1226 3823 1460 3891 spatium
1491 3821 1769 3891 temporis,
1789 3836 1898 3891 quo

298 3916 416 3972 AA.
440 3930 667 3986 corpora
694 3914 746 3968 in
778 3912 1101 3968 Catacumbis
1123 3914 1359 3983 jacuisse
1380 3913 1652 3973 dicuntur,
1672 3929 1896 3967 novem-

298 4008 477 4064 decim
527 4007 733 4063 scilicet
779 4007 1047 4061 mensium
1085 4023 1097 4058 :
1128 4005 1323 4060 deinde
1356 4005 1897 4074 pseudo-Marcellum

300 4101 476 4165 illum,
509 4110 597 4153 aut
650 4100 899 4163 Damaso,
929 4109 1020 4152 aut
1059 4098 1321 4168 Gregorio
1350 4099 1541 4168 Magno
1563 4112 1724 4151 nemo
1762 4097 1901 4150 anti-

298 4194 547 4262 quiorem
576 4190 798 4256 dixerit,
829 4200 886 4245 ut
914 4191 1015 4245 viri
1049 4189 1126 4244 illi
1150 4190 1454 4259 gravissimi
1476 4206 1569 4243 sua
1593 4206 1659 4243 ex
1686 4192 1899 4258 impuro

301 4282 409 4337 hoc
440 4281 585 4337 ferite
614 4282 862 4337 hausisse
911 4281 1080 4336 videri
1127 4282 1366 4350 possint:
1402 4280 1531 4350 quin
1561 4280 1738 4349 potius
1761 4280 1810 4333 iu
1835 4294 1901 4334 eo

304 4376 561 4446 ﬁgmento
602 4383 804 4429 tantam
857 4373 1035 4444 prodit
1088 4374 1347 4443 impostor
1397 4375 1485 4428 ille
1531 4372 1898 4426 Romanarum

304 4486 491 4525 rerum
522 4468 811 4534 inscitiam,
843 4477 1044 4521 tantam
1070 4480 1330 4533 prmterea
1354 4466 1478 4537 Slyli
1502 4467 1902 4531 cras>itiem,ut

308 4560 508 4615 nedum
542 4561 755 4615 Damasi
810 4561 1144 4630 aliorumque
1173 4560 1292 4630 ejus
1314 4559 1497 4613 smculi
1519 4559 1736 4613 Patrum
1776 4568 1903 4612 tota-
1930 4550 1983 4611 D

306 4661 417 4707 tem
450 4668 684 4722 aequare,
719 4651 815 4707 sed
873 4667 941 4706 ne
989 4652 1237 4721 sequiora
1290 4650 1507 4721 quidem
1540 4663 1779 4719 tempora
1811 4667 1905 4705 ex—

308 4746 506 4801 cedere
532 4745 780 4801 videatur
804 4762 818 4811 ;
854 4746 998 4801 unde
1044 4746 1122 4813 tit,
1150 4756 1207 4799 ut
1228 4745 1323 4799 ille
1354 4760 1419 4800 ex
1445 4745 1682 4814 probatis
1707 4732 1904 4814 potius,

310 4840 756 4907 confirmatisque
812 4839 1189 4894 traditionibus
1216 4839 1327 4893 veri
1357 4838 1560 4908 aliquid
1612 4840 1902 4907 acceperit,

315 4950 421 5004 quo
448 4950 571 4989 suas
600 4936 925 4990 incrustaret
955 4934 1183 4988 fabulas.
1213 4933 1320 4988 Sed
1359 4934 1427 4988 de
1458 4933 1540 4987 his
1566 4933 1718 4987 satis.
1748 4933 1906 5002 Ejus-

317 5026 437 5083 dem
466 5029 773 5084 Przetextati
820 5027 1119 5083 cmmeterii
1149 5026 1415 5082 vestibulo
1446 5026 1760 5093 inscriptum
1792 5026 1907 5080 fue-

316 5129 401 5174 rat
422 5134 637 5174 carmen
667 5118 812 5173 aliud
842 5119 908 5174 de
936 5118 1185 5190 Sepulcro
1226 5135 1321 5177 suo
1349 5118 1574 5183 dietum,
1604 5116 1744 5187 quod
1793 5118 1916 5171 huic

317 5224 602 5282 propterea
649 5212 1027 5281 conjunximus
1078 5226 1091 5262 :
1141 5227 1277 5280 quos
1326 5220 1506 5265 autem
1559 5225 1625 5264 eo
1674 5209 1915 5265 carmine

319 5313 513 5375 praeter
530 5303 741 5358 Sixtum
770 5303 992 5373 ejusque
1030 5303 1209 5358 socios
1239 5303 1498 5356 Damasus
1519 5303 1804 5369 exprimat,
1837 5302 1917 5356 in-

318 5407 530 5454 certum
559 5406 663 5451 est.
691 5396 1046 5453 Cinsildensis
1074 5397 1373 5452 monachus
1403 5410 1431 5448 a
1460 5395 1776 5451 Mabillonio
1802 5396 1917 5451 edi-

321 5498 437 5554 tus,
457 5489 545 5546 ubi
592 5489 827 5555 Sixtum,
859 5489 932 5543 ibi
965 5488 1285 5554 Fabianum,
1338 5488 1601 5543 Anterum
1628 5497 1684 5544 et
1725 5486 1921 5544 Miltia-

420 5626 471 5701 ιβ)
519 5629 847 5701 Oper-tom.
880 5628 955 5696 ιι.
1002 5645 1118 5697 reg.
1162 5628 1217 5694 ι,
1265 5644 1355 5698 ep.
1394 5629 1486 5697 so,
1529 5628 1667 5701 juxt.
1718 5625 1825 5683 BB.

420 5626 471 5696 a)
519 5629 683 5699 Oper.
716 5639 847 5683 tom.
880 5628 955 5696 ll,
1002 5645 1118 5697 reg.
1162 5628 1217 5694 ι,
1265 5644 1355 5698 ep.
1394 5629 1450 5685 5(

395 5626 473 5841 gl);
504 5700 659 5779 Apud
687 5700 903 5756 Tillem.
933 5702 1003 5759 de
1031 5702 1201 5766 Petr.,
1259 5711 1360 5756 art.
1394 5704 1450 5757 5.

421 5786 447 5821 c
500 5768 625 5826 th.
660 5770 845 5828 Notas.

421 5786 447 5821 ε

1997 3257 2255 3313 describit
2278 3258 2543 3313 Damasus
2564 3273 2685 3313 cum
2727 3260 2801 3314 ait
2835 3278 2847 3314 :

2090 3367 2183 3418 Hic
2209 3370 2396 3431 positus
2418 3380 2583 3420 rector
2605 3371 2822 3422 ctelestia
2844 3374 2975 3436 jussa
2997 3375 3254 3429 docebam.

2000 3471 2301 3541 Siquidem,
2358 3482 2415 3528 ut
2445 3475 2778 3544 Augustinus
2827 3477 2921 3542 ait,
2953 3480 3131 3534 sedens
3175 3480 3428 3537 Dominus
3458 3484 3605 3539 docet

1999 3562 2136 3632 quod
2168 3566 2387 3633 pertinet
2413 3565 2480 3618 ad
2505 3567 2788 3638 magisterii
2816 3569 3112 3639 dignitatem
3140 3570 3210 3644 (e)
3241 3590 3254 3627 :
3290 3585 3451 3645 atque
3476 3576 3602 3630 hinc

1999 3656 2226 3727 colligas
2249 3658 2504 3713 Actorum
2540 3660 2755 3715 illorum
2788 3662 2969 3727 (idem,
2999 3667 3143 3735 quod
3172 3668 3363 3723 saltem
3414 3670 3481 3724 ad
3507 3688 3603 3740 ge-

2002 3763 2102 3803 nus
2151 3750 2393 3821 martyrii
2443 3752 2672 3818 attinet,
2703 3768 2729 3804 a
2785 3754 2988 3809 criticis
3030 3757 3605 3827 intemperantioribus

2002 3846 2206 3895 temere
2251 3857 2314 3893 ac
2366 3843 2562 3897 frustra
2593 3842 2955 3900 sollicitatam.
3006 3847 3061 3902 In
3112 3849 3303 3904 eodem
3357 3851 3604 3909 Palatino

2000 3930 2187 3986 codice
2238 3932 2435 4002 legitur
2465 3936 2794 4004 epigramma
2838 3938 2905 3993 de
2946 3937 3198 3995 Nemesio
3243 3951 3500 4013 martyre.
3537 3944 3606 4001 de

2002 4039 2107 4103 quo
2135 4025 2185 4079 in
2218 4026 2422 4081 eisdem
2440 4027 2587 4082 Actis
2610 4044 2810 4085 sermo.
2836 4033 2916 4086 An
2939 4048 3070 4086 vero
3104 4034 3388 4089 Damasum
3418 4045 3605 4093 aucto-

2001 4135 2114 4176 rem
2142 4121 2358 4187 haheat,
2391 4138 2491 4193 ego
2531 4141 2638 4177 non
2669 4139 2853 4179 assero
2887 4144 2897 4179 :
2936 4126 3066 4181 illud
3098 4135 3275 4182 tamen
3307 4131 3497 4187 iterum
3529 4131 3608 4187 af-

2002 4213 2137 4277 fero,
2173 4223 2280 4268 tum
2334 4222 2391 4268 ut
2420 4230 2609 4270 eorum
2667 4214 2925 4272 Actorum
2977 4220 3111 4274 ﬁdes
3152 4222 3322 4292 magis
3370 4232 3601 4293 constet,

2002 4312 2115 4361 tum
2152 4317 2435 4375 prmterea,
2470 4316 2526 4362 ut
2569 4308 2774 4371 videas,
2807 4322 3063 4379 quantam
3102 4313 3154 4366 in
3199 4314 3263 4368 iis
3283 4315 3606 4372 describen-

2002 4398 2086 4454 dis
2114 4401 2520 4470 epigrammatis
2552 4403 2815 4457 incuriam
2844 4405 3105 4459 collector
3133 4409 3373 4464 attulerit
3408 4427 3420 4464 :

2102 4512 2327 4582 Martyris
2350 4514 2429 4563 hic
2445 4512 2649 4582 Nemesi
2668 4516 2814 4582 sedes
2836 4530 2924 4582 per
2941 4519 3116 4568 saecula
3140 4520 3300 4582 ﬂoret,

2164 4578 2330 4625 Serior
2354 4584 2548 4639 ornatu,
2577 4577 2781 4625 nobilior
2804 4580 2997 4630 merito.

2102 4638 2439 4707 Incultamque
2465 4638 2654 4707 pridem
2677 4639 2913 4707 dubitatio
2934 4641 3075 4707 longa
3101 4643 3321 4707 reliquit,

2165 4702 2263 4765 Sed
2292 4703 2449 4751 tenuit
2473 4705 2644 4765 virtus,
2664 4704 2974 4765 asseruitque
3000 4706 3160 4753 tidem.

2100 4762 2261 4829 Ell'era
2287 4777 2435 4825 quem
2461 4762 2875 4829 rabiesneglecto
2893 4762 3005 4827 jure
3028 4769 3271 4829 sepulcri,

2164 4826 2453 4875 Sanctorum
2478 4828 2704 4886 tumulos,
2732 4826 3122 4892 praedafureutis
3147 4826 3274 4883 erat.

2010 4927 2274 4985 Postremi
2306 4931 2448 4985 enim
2474 4932 2525 4985 hi
2557 4932 2665 4987 duo
2697 4936 2954 4991 versiculi
2982 4938 3232 5008 leguntur
3271 4944 3434 4998 etiam
3460 4945 3513 5000 in
3543 4960 3609 5002 eo

2011 5026 2252 5078 carmine
2279 5038 2385 5091 quo
2412 5021 2784 5096 Chrysanthus
2815 5040 2867 5083 et
2900 5029 3057 5085 Daria
3090 5031 3392 5090 laudantur.

2091 5116 2153 5170 V.
2182 5116 2258 5170 Ex
2285 5116 2521 5171 Marcelli
2577 5133 2726 5186 papa:
2757 5127 2810 5173 et
2848 5124 3101 5194 martyris
3142 5126 3492 5194 inscriptione
3532 5127 3613 5181 di-

2016 5209 2240 5276 scimus,
2270 5218 2504 5279 cosptam
2553 5211 2654 5264 sub
2683 5209 2940 5268 Cornelio
2969 5217 3037 5270 de
3083 5217 3246 5287 lapsis
3288 5220 3613 5286 recipiendis

2018 5304 2468 5367 controversiam,
2505 5303 2633 5359 licet
2658 5308 2960 5361 confectam
2995 5318 3123 5363 tunc
3160 5320 3211 5361 et
3242 5309 3518 5366 definitam
3543 5316 3613 5373 ob

2019 5410 2229 5459 eorum,
2255 5396 2343 5465 qui
2372 5395 2568 5451 deinde
2599 5398 2927 5464 ceciderant,
2952 5401 3279 5469 proterviam
3306 5403 3499 5461 iterum
3525 5426 3619 5465 ex-

2020 5487 2239 5543 citatam
2262 5488 2362 5542 sub
2384 5502 2449 5542 eo
2471 5486 2726 5556 pontiﬁce
2750 5506 2766 5556 ;
2799 5498 2958 5561 atque
2984 5506 3053 5548 ex
3079 5496 3328 5565 sequenti
3350 5502 3615 5572 carmine,

2104 5624 2182 5699 (ιι)
2203 5625 2479 5699 _Cyprian._
2496 5639 2583 5696 ep.
2618 5641 2686 5682 1.x
2698 5642 2833 5699 xxtt.

2102 5696 2173 5770 (e)
2202 5696 2341 5775 Lib._
2362 5713 2421 5775 _t,_
2449 5697 2519 5753 de
2563 5712 2727 5754 serm.
2768 5698 2920 5755 Dam.
2976 5702 3030 5761 in
3074 5707 3239 5767 Mont.
3265 5709 3387 5770 Vid.
3421 5714 3625 5775 Bonsr.

2032 5766 2210 5837 νοω,
2240 5768 2445 5839 p.102.
