4138 6178
476 251 580 307 271

1678 228 1994 290 SANCTUS
2029 225 2354 287 DAMASUS
2391 226 2591 285 PAPA.

3688 231 3798 287 2η

480 373 549 429 ad
578 367 799 427 Eusebii
827 365 989 421 etiam
1017 358 1347 417 successoris
1397 362 1613 411 aetatem
1640 361 1970 425 protractam
2001 358 2085 405 at-
2114 354 2163 413 Α
2190 348 2334 415 dius,
2364 348 2639 405 Urbanam
2691 345 3071 417 praefecturam
3125 344 3540 404 administrasse
3561 349 3796 421 legimus

483 487 588 542 que
618 458 1260 536 ampliatam;siquidem
1307 464 1535 525 uterque
1563 470 1591 507 a
1643 460 1873 524 tyranno
1896 450 1949 504 in
1992 465 2086 502 cx-

484 564 665 618 silium
720 559 908 627 pulsus
935 564 1041 620 est,
1076 552 1148 607 ob
1193 550 1550 619 apostolicam
1604 546 1659 600 in
1690 543 1951 599 servanda
1985 543 2086 597 Ec-

400 674 407 679 ’
485 654 665 711 clesire
716 646 999 715 disciplina
1057 644 1439 699 consmutiam.
1498 638 1853 707 lntelligimus
1899 636 2084 700 etiam,

486 762 584 803 cur
613 744 755 798 idem
808 739 1099 795 Marcellus
1126 737 1323 791 Titulos
1363 736 1435 790 25
1461 736 1514 787 in
1555 732 1680 786 urbe
1725 738 1934 799 praptcr
1960 728 2090 797 bapa

490 839 718 897 tismum,
748 841 796 886 et
826 832 1174 891 paenitentiam
1204 828 1486 881 multarunt
1528 823 1853 877 constituisse
1883 820 2092 874 dicatur

488 931 557 985 ab
582 926 887 987 Anastasio,
928 934 981 977 et
1015 939 1111 976 cur
1167 932 1430 990 praeterea
1482 926 1649 972 tentus
1701 925 1759 970 et.
1805 921 2092 968 coarctatae

489 1022 667 1091 fuerit,
696 1034 755 1072 eo
782 1017 920 1082 quod
966 1015 1229 1069 ordinaret
1279 1012 1565 1067 Ecclesium
1596 1028 1614 1065 :
1640 1010 1782 1064 enim
1806 1023 1937 1063 vero
1978 1005 2096 1060 hinc

489 1112 669 1168 omnia
704 1109 995 1176 collapsam
1020 1105 1445 1176 praecedentium
1476 1102 1909 1172 persecutionum
1933 1112 2095 1153 causa

488 1204 826 1277 paenitentia:
880 1200 1221 1269 disciplinam
1273 1198 1340 1251 ab
1384 1213 1449 1251 eo
1512 1194 1819 1251 restitutam
1872 1191 2098 1247 demon-

492 1307 690 1353 strant.
718 1294 826 1349 Cur
858 1308 985 1347 vero
1011 1293 1271 1345 Damasus
1294 1293 1485 1345 eodem
1509 1286 1749 1342 carmine
1778 1283 2095 1354 martyrium

493 1390 675 1453 sileat,
701 1396 861 1456 atque
898 1400 1063 1440 unum
1096 1381 1333 1437 Marcelli
1391 1380 1648 1435 exsilium
1706 1377 1929 1443 referat,
1963 1375 2101 1429 hanc

494 1495 596 1552 ego
651 1494 868 1535 causam
911 1476 1079 1531 fuisse
1138 1482 1287 1542 puto,
1344 1472 1467 1543 quia
1520 1472 1729 1526 scilicet
1782 1469 2097 1534 Donatistae,

494 1589 725 1647 quorum
750 1570 893 1625 haud
923 1570 1150 1637 exiguus
1178 1565 1364 1633 Romae
1395 1573 1513 1617 erat
1539 1575 1822 1625 numerus,
1859 1558 2100 1630 pontifici

496 1670 624 1725 huic
652 1683 744 1737 per
789 1678 1059 1720 summum
1100 1661 1277 1717 scelus
1332 1659 1507 1714 dicam
1540 1657 1818 1712 traditoris
1863 1656 2102 1725 impege—

2188 441 2289 496 sub
2317 441 2589 495 Maxentio
2611 454 2755 493 anno
2781 438 3019 495 510-511
3050 437 3154 509 (ιι),
3178 454 3243 494 ac
3275 439 3409 493 nihil
3441 439 3637 506 obstat,
3661 458 3799 513 quo—

2188 537 2367 590 minus
2395 535 2483 588 ille
2510 533 2602 599 sit,
2633 534 2784 604 cujus
2825 533 2877 586 in
2907 548 2972 587 eo
3004 532 3246 587 carmine
3296 533 3506 588 mentio
3534 543 3637 601 est,
3669 535 3793 604 qui-

2191 646 2256 685 ve
2287 627 2595 684 innocentis
2624 636 2677 681 et
2723 625 3061 696 integerrimi
3121 625 3395 695 pontiﬁcis
3443 642 3604 698 ptena
3630 638 3685 685 et
3708 644 3800 683 ex-

2192 722 2318 777 silio
2362 722 2679 791 gliscentem
2734 722 2785 775 in
2837 719 2981 776 Urbe
3024 718 3260 775 furorem
3317 734 3381 774 ac
3426 722 3803 791 gravissimam

2202 814 2524 869 seditionem
2564 814 2848 884 compesci
2884 827 3040 881 posse
3069 812 3486 868 existimaverit.
3531 815 3807 885 Quidquid

2199 917 2377 963 autem
2419 908 2518 971 sit,
2550 906 2616 962 ad
2646 906 2761 961 hare
2792 905 3136 977 potiSsimum
3179 906 3379 962 adverti
3410 908 3598 975 velim,
3634 908 3811 978 primo

2197 1017 2419 1073 magnas
2448 1016 2477 1055 a
2510 1001 2783 1071 lapsorum
2831 1002 3171 1055 contumacia
3214 1002 3473 1056 excitatas
3506 1013 3635 1059 tunc
3664 1013 3807 1059 tem—

2197 1096 2348 1168 poris
2382 1097 2432 1149 in
2458 1095 2699 1149 Ecclesia
2735 1095 2943 1161 turbas,
2976 1095 3119 1165 quod
3140 1094 3303 1150 etiam
3330 1095 3495 1167 liquet
3515 1113 3580 1153 ex
3604 1097 3804 1153 Arela-

2200 1191 2368 1245 tensis
2413 1188 2631 1245 concilii
2670 1204 2793 1244 ean.
2825 1190 2893 1253 5,
2924 1204 3031 1259 quo
3086 1191 3325 1259 repressi
3374 1200 3521 1246 sunt.
3551 1192 3811 1249 Secundo

2204 1285 2493 1341 Eusebium
2519 1284 2669 1338 illum
2716 1300 2743 1336 a
2770 1283 3000 1339 Damaso
3050 1295 3295 1340 rectorem
3340 1284 3467 1347 dici,
3502 1301 3610 1355 quo
3636 1288 3810 1343 verbo

2201 1379 2474 1434 Romanos
2497 1378 2786 1449 pentifices
2807 1378 3093 1447 designare
3125 1379 3216 1433 ille
3261 1378 3420 1434 solet.
3452 1379 3641 1435 Tertio
3662 1380 3817 1436 deni-

2202 1488 2328 1543 que,
2358 1472 2499 1542 quod
2527 1473 2615 1527 hic
2657 1482 2844 1538 rector,
2874 1471 2944 1526 ob
2972 1488 3089 1527 eam
3123 1473 3319 1541 ipsam,
3342 1473 3413 1529 ob
3462 1490 3624 1544 quam
3674 1475 3815 1531 Mar-

2204 1566 2375 1620 cellus
2426 1580 2665 1631 causam,
2723 1563 2908 1633 pulsus
2937 1573 3039 1631 est,
3084 1580 3147 1619 ac
3189 1566 3333 1635 quod
3383 1565 3503 1636 ejus
3546 1567 3810 1637 exemplo,

2204 1657 2329 1712 laeto
2358 1658 2539 1712 animo
2584 1656 2835 1712 exsilium
2866 1658 3094 1727 pertulit.
3123 1656 3272 1713 Cedo
3299 1658 3484 1729 itaque
3515 1660 3813 1716 Eusebium

493 1771 639 1824 rant,
669 1774 899 1829 quorum
935 1757 1197 1810 Damasus
1221 1751 1546 1807 calumniam
1590 1760 1646 1804 ut
1675 1750 1849 1819 palam
1875 1748 2100 1817 faceret,
2131 1740 2178 1801 Β
2206 1752 2460 1817 alterum,
2494 1752 2579 1805 cui
2623 1750 2740 1805 hmc
2776 1752 2956 1805 omnia
2985 1751 3156 1822 aptari
3186 1752 3416 1821 possint,
3444 1761 3642 1821 praeter
3661 1769 3814 1820 eum,

493 1856 769 1912 excelsum
793 1852 910 1921 ejus
937 1848 1197 1904 adversus
1222 1847 1494 1915 lapsorum
1523 1844 1803 1899 audaciam
1832 1843 2096 1907 animum,

496 1963 560 2003 ac
583 1946 872 2000 toleratum
914 1957 1101 1997 eorum
1126 1940 1259 1994 vltio
1282 1954 1473 2010 magna
1507 1937 1822 1993 fortitudine
1847 1936 2098 1992 exsilium

494 2048 890 2099 commemorat
914 2047 969 2092 et
991 2035 1195 2091 laudat.

568 2134 659 2189 Vl.
692 2132 861 2186 Venio
892 2144 1033 2183 nunc
1061 2128 1127 2182 ad
1170 2126 1532 2181 Eusebianam
1582 2124 1939 2193 sepulcralem
1987 2124 2104 2195 epi-

497 2224 971 2297 graphen,qnam
1027 2235 1092 2274 ex
1148 2218 1384 2286 antiquis
1432 2217 1872 2287 inscriptionibus
1940 2215 2105 2270 Baro—

500 2318 624 2372 nius
665 2312 919 2383 produxit
948 2353 962 2375 ,
996 2319 1050 2365 et
1100 2309 1166 2363 ad
1214 2308 1506 2363 Eusebium
1558 2308 1931 2380 presbyterum
1956 2318 2106 2363 retu—

507 2409 572 2465 lit
595 2408 695 2481 (a).
726 2409 793 2460 At
843 2421 966 2460 cum
998 2419 1085 2469 ea,
1117 2419 1237 2474 quae
1270 2402 1333 2456 ad
1365 2404 1507 2457 hunc
1553 2402 1846 2459 Eusebium
1882 2404 2106 2475 presby-

506 2510 683 2555 terum
710 2498 924 2563 attinet,
954 2494 1135 2549 omnia
1167 2509 1386 2561 prorsus
1409 2495 1617 2549 incerta
1645 2496 1776 2560 sint,
1801 2510 1864 2550 ac
1895 2496 2104 2565 magnis

509 2589 752 2647 tenebris
774 2590 967 2644 obruta
992 2586 1099 2656 (ὁ),
1130 2602 1231 2656 ego
1254 2586 1490 2639 virorum
1522 2587 1965 2656 gravissimorum
1995 2587 2109 2641 Til-

506 2681 753 2737 lcmontii
789 2722 803 2745 ,
832 2679 1135 2734 Constantii
1161 2693 1222 2731 ac
1246 2677 1306 2732 P.
1333 2677 1453 2747 orsi
1478 2678 1756 2746 apostolici
1788 2677 1972 2747 palatii
1996 2693 2109 2731 ma-

503 2777 657 2850 gistri
692 2790 833 2830 nunc
860 2774 1216 2839 meritissimi,
1241 2788 1362 2827 cum
1392 2789 1498 2842 quo
1536 2788 1621 2827 me
1646 2774 1849 2828 sentire
1893 2772 2110 2843 gavisus

506 2886 650 2935 sum,
683 2869 944 2938 judicium
973 2877 1217 2931 secutus,
1247 2882 1466 2921 carmen
1501 2867 1603 2921 hoc
1629 2876 1737 2920 tum
1769 2866 2002 2922 Damaso
2028 2875 2113 2921 at-

508 2964 711 3029 tribuo,
739 2971 849 3015 tmn
887 2960 1181 3015 Eusebium
1225 2975 1416 3028 papam
1467 2959 1519 3013 iu
1558 2975 1622 3013 eo
1646 2959 1855 3014 laudari
1887 2974 2107 3016 censeo.

510 3055 570 3111 ld
598 3071 729 3110 vero
752 3054 877 3123 jure
908 3051 1105 3107 factum
1138 3051 1477 3119 dijudicabit,
1498 3053 1550 3104 ni
1580 3051 1759 3115 fallor,
1782 3052 1870 3119 qui
1892 3066 2111 3106 carmen

2206 1845 2295 1914 qui
2325 1859 2449 1898 cum
2479 1857 2722 1897 summus
2749 1842 3013 1912 pontifex,
3044 1857 3107 1897 ac
3140 1842 3377 1898 Marcelli
3404 1844 3649 1913 ejusdem
3678 1859 3811 1901 suc-

2204 1951 2390 1993 cessor
2440 1935 2626 1999 fuerit,
2654 1950 2846 1991 recens
2884 1937 2985 1991 sibi
3020 1936 3348 2007 propositum
3377 1938 3691 2008 exemplum
3716 1938 3817 1993 ha-

2208 2028 2345 2093 buit,
2367 2027 2509 2098 quod
2536 2038 2878 2091 sequeretur.

2283 2121 2398 2177 Vll.
2431 2122 2591 2177 Marci
2622 2123 2875 2192 sepulcro
2923 2122 3243 2188 inscriptum
3275 2139 3493 2181 carmen
3524 2125 3813 2182 obscurum

2208 2216 2360 2279 facit,
2398 2225 2455 2269 ut
2478 2230 2577 2285 ego
2601 2224 2749 2284 puto,
2774 2215 3178 2286 transcriptoris
3208 2216 3564 2290 indiligentia,
3602 2218 3686 2274 his
3717 2234 3813 2290 po-

2208 2308 2475 2365 tissimum
2502 2308 2787 2363 versiculis
2824 2327 2837 2363 :

2303 2420 2376 2470 Τρ
2403 2426 2584 2481 custos,
2613 2420 2789 2472 Christi
2817 2421 3068 2482 perfectus
3091 2422 3296 2483 amicus,

2302 2484 2365 2534 Et
2384 2483 2640 2547 Damasus,
2670 2483 2908 2533 tumulum
2931 2498 3043 2534 eum
3067 2485 3233 2535 reddit
3257 2487 3514 2536 honorem.

2215 2589 2305 2657 qui
2334 2599 2423 2643 aut
2450 2588 2680 2653 nullam,
2712 2597 2804 2642 aut
2825 2590 2956 2643 satis
2986 2589 3296 2658 perplexam
3330 2589 3658 2644 sententiam
3685 2590 3818 2646 red-

2212 2680 2350 2736 dunt
2374 2699 2386 2733 :
2418 2682 2594 2751 primo
2622 2680 2784 2751 igitur
2808 2681 2928 2736 loco
2952 2696 3150 2737 moneo
3180 2682 3466 2751 legendum
3491 2683 3699 2749 tantuli,
3724 2692 3820 2739 aut

2215 2775 2373 2828 tituli.
2404 2774 2493 2829 Sic
2532 2774 2671 2843 apud
2700 2774 2989 2830 Gruterum
3032 2775 3170 2827 tituli
3216 2772 3460 2829 honorem
3500 2785 3819 2845 usurpatum

2213 2865 2396 2921 videas
2427 2865 2529 2937 (ε),
2564 2865 2761 2921 deinde
2787 2907 2802 2929 ,
2852 2865 2899 2919 si
2930 2865 3111 2920 nullus
3142 2867 3195 2921 in
3228 2867 3637 2923 transcribendo
3666 2883 3825 2923 error

2216 2959 2435 3028 irrepsit
2482 2967 2605 3029 post
2653 2959 2754 3013 hoc
2781 2958 2855 3012 Te
2881 3001 2894 3025 ,
2926 2959 3155 3014 subaudi
3202 2960 3257 3012 in
3296 2957 3436 3015 Pace
3479 2976 3497 3014 :
3537 2959 3823 3016 formulam

2215 3052 2358 3108 enim
2384 3052 2522 3107 hanc
2547 3050 2620 3106 Te
2649 3053 2703 3105 in
2725 3068 2871 3117 pace,
2901 3051 2971 3105 Te
2999 3070 3112 3106 cum
3140 3069 3287 3122 pace,
3319 3054 3621 3109 solemnem
3655 3069 3780 3110 esse
3805 3095 3822 3120 ,

514 3149 715 3218 ipsum,
747 3161 867 3201 eum
897 3159 963 3198 eo
991 3143 1132 3214 quod
1163 3142 1231 3197 de
1260 3142 1511 3197 Marcello
1548 3151 1652 3206 est,
1674 3141 1938 3207 Conferat,
1965 3141 2113 3196 vide-
2143 3131 2188 3194 C
2220 3159 2285 3199 ac
2305 3144 2739 3199 Christianorum
2763 3145 2983 3200 tumulis
3006 3161 3149 3216 saepe
3180 3146 3490 3216 inscriptam
3515 3147 3662 3218 legas
3683 3147 3829 3216 apud

514 3241 694 3308 ritque
712 3248 999 3307 utrumque
1051 3235 1121 3289 ita
1153 3235 1252 3289 sibi
1282 3234 1482 3299 simile,
1509 3243 1564 3287 ut
1591 3235 1780 3288 iisdem
1836 3234 2120 3289 sententiis

517 3348 582 3388 ac
614 3346 750 3402 pene
772 3329 952 3384 verbis
978 3336 1210 3384 constet.
1238 3326 1346 3381 Nec
1385 3342 1414 3381 a
1459 3340 1581 3381 mea
1621 3341 1705 3380 me
1733 3327 1998 3382 sententia
2022 3326 2121 3382 de-

520 3430 715 3486 terret,
744 3420 885 3490 quod
916 3420 1180 3488 Eusebius
1203 3434 1336 3489 papa
1369 3418 1421 3471 in
1452 3418 1666 3473 Callixti
1690 3420 2005 3474 cmmeterio
2032 3433 2122 3474 se-

523 3514 708 3584 pultus
744 3510 945 3565 dicitur
976 3510 1027 3563 in
1077 3509 1316 3563 indiculo
1343 3508 1708 3575 Bucheriano,
1741 3509 1833 3564 ille
1876 3525 2027 3575 vero,
2056 3508 2125 3564 de

525 3620 636 3677 quo
668 3606 719 3659 in
746 3605 847 3657 hoc
876 3603 1117 3658 carmine
1159 3601 1356 3671 agitur,
1390 3602 1442 3654 in
1473 3600 1657 3657 Sicilia
1699 3600 1988 3657 defunctus
2014 3601 2083 3655 sit
2112 3617 2124 3654 ε

527 3696 704 3767 potuit
728 3696 873 3750 enim
919 3693 1181 3749 Eusebius
1228 3694 1463 3762 pontifex
1491 3710 1554 3749 ex
1598 3694 1805 3762 Sicilia,
1831 3694 1920 3749 ubi
1943 3695 2132 3750 deces-

530 3799 697 3852 serat,
728 3787 795 3841 ad
850 3785 1052 3842 Urbem
1085 3784 1387 3846 transferri,
1419 3793 1476 3838 ut
1532 3786 1729 3839 factum
1772 3788 1839 3839 de
1868 3785 2133 3839 Pontiano

536 3898 603 3938 ex
633 3880 883 3937 Sardinia
929 3878 1178 3947 legimus.
1202 3877 1343 3942 Quin
1368 3890 1498 3929 vero
1524 3876 1567 3928 si
1593 3877 1711 3944 quis
1735 3876 1837 3931 hoc
1860 3890 1955 3945 pro
1981 3886 2134 3931 certo

540 3971 773 4025 habebat
797 4011 809 4030 ,
840 3984 870 4021 a
912 3983 1041 4021 vero
1071 3966 1162 4020 vix
1215 3966 1334 4033 ipse
1357 3966 1693 4020 aberraverit
1724 3985 1735 4018 :
1770 3966 2139 4023 Bucherianus

542 4063 687 4118 enim
715 4060 853 4114 alter
884 4059 1251 4124 Romanorum
1269 4057 1584 4125 pontificum
1625 4057 1934 4126 Catalogus,
1963 4059 2137 4115 Euse-

545 4152 623 4209 bii
652 4162 880 4206 mortcm
908 4148 1265 4219 eonsignatad
1281 4148 1424 4203 diem
1459 4149 1763 4221 “Augusti
1785 4168 1798 4214 ;
1820 4150 1979 4205 aliam
2010 4167 2140 4208 vero

549 4260 772 4301 causam
792 4260 855 4298 ex
867 4239 1078 4312 pone,~i
1094 4240 1259 4305 vales,
1277 4256 1372 4295 cur
1386 4240 1502 4310 ejus
1516 4240 1783 4309 depositio
1798 4243 1958 4298 dilata
1983 4243 2145 4301 fuerit

548 4339 614 4394 ad
635 4338 775 4393 diem
793 4336 863 4391 26
878 4332 1236 4403 Septembris.
1258 4333 1392 4388 llinc
1406 4343 1551 4403 patet
1570 4335 1877 4403 pontificem
1906 4337 2057 4392 illum
2088 4340 2141 4394 in

550 4432 938 4489 vetustissimis
968 4429 1175 4499 aliquot
1219 4428 1662 4500 martyrologiisa
1684 4429 2022 4487 Florentinio
2062 4434 2146 4487 in-

2224 3236 2554 3303 Boldettum,
2577 3236 2987 3308 Marangonum,
3006 3246 3058 3292 et
3089 3238 3145 3291 P.
3171 3237 3381 3309 Lupum
3407 3238 3508 3310 (ος
3538 3238 3831 3294 Fabrettus

2224 3341 2491 3402 praeterea
2522 3330 2622 3385 has
2650 3330 2812 3387 etiam
2843 3331 2907 3386 ad
2937 3331 3230 3387 Gentilium
3260 3332 3463 3401 lapides
3490 3333 3687 3388 incisas
3716 3347 3833 3388 me-

2228 3433 2405 3480 morat
2439 3433 2715 3480 extremas
2747 3424 2959 3480 litteras
2996 3441 3065 3479 ετ
3105 3441 3195 3480 τν.
3216 3469 3231 3492 ,
3265 3424 3436 3480 lector
3456 3425 3662 3480 scilicet
3691 3467 3705 3489 ,
3738 3432 3839 3479 aut

2228 3516 2426 3583 viator,
2460 3517 2549 3585 qui
2581 3532 2665 3572 me
2693 3518 2843 3587 prius
2873 3517 3333 3587 valerejusseras,
3369 3516 3488 3571 vale
3514 3517 3618 3588 (g).
3650 3516 3838 3571 Custo-

2233 3608 2311 3663 dis
2339 3618 2516 3663 autem
2540 3624 2705 3675 voce,
2738 3610 2782 3664 si
2811 3611 3089 3681 preprium
3125 3625 3319 3665 nomen
3364 3609 3505 3665 haud
3536 3610 3642 3675 sit,
3680 3609 3835 3664 illum

2236 3698 2542 3771 intelligere
2573 3701 2773 3770 poteris
2795 3741 2810 3767 ,
2842 3701 2929 3756 cui
2958 3701 3043 3756 vel
3067 3700 3384 3772 Martyrum,
3424 3701 3513 3770 qui
3542 3700 3594 3755 in
3625 3717 3692 3756 eo
3720 3716 3841 3758 coa-

2236 3792 2464 3846 meterio
2492 3792 2686 3860 sepulti
2725 3790 2973 3859 fuerant,
3018 3792 3102 3846 vel
3144 3792 3383 3847 basilicae
3414 3792 3467 3847 in
3494 3792 3688 3847 eodem
3718 3791 3843 3849 loco

2238 3896 2267 3936 a
2300 3882 2477 3936 Marco
2506 3883 2737 3937 condita:
2766 3883 3138 3939 custodienda:
3161 3899 3290 3938 cura
3319 3885 3610 3939 commissa
3640 3883 3841 3949 fuerat,

2240 3982 2295 4029 et
2320 3972 2563 4045 quiforle
2588 3974 2705 4045 ejus
2732 3976 3003 4043 pontificis
3022 3976 3267 4031 ornando
3285 3976 3536 4048 sepulcro
3568 3992 3691 4033 cum
3736 3976 3846 4033 Da-

2243 4080 2394 4121 maso
2421 4066 2815 4123 allaboraverat
2845 4086 2857 4123 :
2890 4078 3181 4138 utrumque
3202 4069 3345 4124 enim
3365 4069 3575 4124 titulum
3593 4070 3736 4124 inter
3750 4085 3846 4126 ec-

2244 4159 2738 4215 clesiasticaoflicia
2758 4175 2905 4230 saepe
2922 4173 3277 4217 memoratum
3297 4161 3504 4229 videas,
3526 4163 3687 4217 etiam
3703 4161 3850 4231 apud

2247 4257 2487 4324 Graecos,
2518 4257 2712 4326 quibus
2741 4256 3025 4319 κλειδοῦχος
3054 4268 3165 4313 erat
3197 4299 3212 4323 ,
3256 4256 3348 4335 qni
3377 4255 3517 4326 apud
3547 4272 3645 4311 nos
3673 4267 3850 4313 custos

2247 4360 2303 4405 et
2326 4351 2371 4405 is
2401 4350 2723 4420 plerumque
2747 4351 3054 4422 presbyter.
3084 4349 3218 4405 Cum
3248 4366 3379 4404 vero
3407 4349 3564 4404 audis
3605 4348 3853 4403 Marcum

2250 4461 2442 4505 orasse.
2474 4446 2692 4515 papulas
2720 4445 2858 4514 quod
2887 4444 3104 4500 disceret
3131 4442 3299 4497 omnis
3319 4483 3335 4509 ,
3365 4442 3515 4497 vides
3552 4441 3704 4497 illum
3737 4451 3851 4496 tum

559 4526 753 4582 dicatis
776 4523 847 4596 (c)
878 4524 1019 4577 inter
1060 4521 1465 4593 martyresjure
1489 4522 1789 4590 meritoque
1816 4538 2113 4580 annntnera

2221 4541 2228 4579 l
2253 4552 2374 4592 suas
2400 4536 2651 4592 habuisse
2680 4538 2744 4591 ad
2774 4539 3029 4607 populum
3058 4537 3351 4592 conciones
3373 4545 3426 4590 et
3454 4532 3810 4589 catliecheses
3837 4574 3853 4600 ,

551 4630 685 4685 tum,
709 4634 772 4674 ac
794 4628 1002 4673 certum
1022 4614 1248 4685 hujusce
1274 4615 1350 4669 rei
1387 4622 1768 4683 argumentum
1798 4616 2032 4671 Damaso
2055 4633 2149 4686 po-

553 4712 819 4767 tissimum
885 4720 1213 4775 acceptum,
1289 4704 1419 4759 ferri
1474 4715 1748 4774 oportere.
1817 4706 1874 4762 Si
1931 4709 2150 4779 aliquod

552 4812 794 4860 exstaret
821 4801 888 4855 de
916 4800 1165 4855 Heraclio
1198 4799 1309 4864 illo,
1342 4798 1431 4867 qui
1467 4797 1638 4867 lapsos
1666 4799 1855 4857 dolere
1879 4805 2065 4867 vetuit,
2098 4806 2151 4859 in

552 4895 931 4955 ecclesiasticae
963 4893 1200 4946 historia:
1231 4894 1594 4947 monumentis
1642 4894 1950 4965 vestigium,
1989 4909 2081 4953 aut
2103 4899 2149 4953 si

545 4989 766 5065 judicia,
799 4985 898 5040 sub
928 4999 1034 5053 quo
1067 4982 1335 5037 Eusebius
1366 4985 1549 5051 pulsus
1576 4995 1680 5051 est,
1725 5003 1921 5045 nomen
1972 4991 2151 5061 expri-

556 5091 815 5145 meretur,
849 5079 903 5131 in
942 5073 1131 5143 majori
1159 5073 1298 5129 forte
1356 5075 1476 5131 luce
1505 5092 1591 5133 res
1639 5078 1896 5135 collocari
1946 5092 2147 5152 posset.

554 5173 865 5232 Heracliam
914 5166 1194 5234 Ruﬁnum,
1238 5167 1352 5222 sive
1373 5168 1444 5223 sit
1465 5169 1559 5226 ille
1588 5169 1811 5240 Statius,
1862 5175 1976 5231 sive
2019 5178 2153 5233 Ara-

655 5370 709 5434 a)
732 5366 814 5423 Ad
842 5380 969 5419 ann.
990 5360 1120 5429 557,
1148 5378 1205 5416 η.
1236 5361 1329 5434 52.

651 5430 707 5521 _b)
741 5438 887 5521 yid,
912 5437 956 5490 si
1001 5434 1197 5504 placet,
1226 5430 1510 5488 diatribam
1543 5430 1611 5490 de
1637 5436 1805 5506 gestis
1832 5438 2030 5497 Liberii
2053 5459 2151 5500 ex-

558 5507 983 5699 surfyléd'diem
1016 5576 1087 5630 26
1114 5576 1473 5647 Septembris.

632 5649 650 5719 (
696 5648 894 5719 )Apud
937 5645 1125 5716 Sigon.
1173 5651 1242 5704 de
1267 5648 1457 5705 Occid.

696 5648 909 5728 )_Apu_d_
937 5645 1125 5716 Sigon.
1173 5645 1242 5704 de
1267 5648 1457 5705 Occid.
1501 5649 1729 5723 imper.,
1761 5668 1815 5723 p.
1852 5654 1915 5711 71
1957 5665 2013 5713 et
2044 5659 2111 5715 75
2135 5700 2152 5728 ,

557 5718 774 5778 Mediol.
803 5718 935 5771 edit.

2252 4637 2364 4684 tum
2396 4644 2526 4683 vero
2554 4629 2916 4685 Sozomenum
2943 4671 2958 4693 ,
2991 4628 3238 4684 Graecum
3275 4626 3546 4681 hominem
3570 4669 3583 4692 ,
3615 4635 3669 4681 et
3697 4627 3857 4695 longe

2254 4721 2322 4775 ab
2354 4718 2499 4775 Urbe
2530 4732 2793 4776 remotmn
2820 4764 2836 4791 ,
2871 4722 2988 4793 ejus
3015 4722 3265 4778 ecclesia:
3302 4720 3584 4791 ignorasse
3613 4718 3854 4785 morem',

2256 4830 2377 4869 cum
2407 4815 2646 4871 scribere
2669 4817 2815 4871 visus
2845 4827 2959 4884 est,
3006 4816 3191 4871 Romae
3232 4830 3332 4871 nec
3364 4816 3682 4884 episcopum
3706 4855 3724 4879 ,
3755 4827 3861 4868 nec

2254 4924 2576 4980 quemquam
2632 4911 2795 4965 alium
2834 4912 2885 4965 in
2940 4910 3185 4965 Ecclesia
3210 4909 3412 4965 docere
3442 4912 3697 4978 populum
3730 4904 3851 4978 (II);

2256 5018 2429 5073 neque
2461 5002 2603 5058 enim
2633 5019 2732 5073 ego
2764 5004 2998 5075 aliquem
3043 5020 3167 5060 esse
3197 5013 3357 5075 puto,
3393 5003 3482 5072 qui
3534 5010 3704 5055 statas
3754 4998 3864 5054 hoc

2255 5093 2378 5150 loco
2400 5138 2414 5161 ,
2444 5107 2838 5167 consuetasque
2868 5096 3099 5169 litnrgia:
3131 5111 3323 5169 preces
3346 5137 3361 5163 ,
3404 5110 3469 5151 ac
3494 5092 3756 5150 formulas
3779 5095 3866 5147 lu-

2256 5189 2424 5259 telligi
2454 5196 2709 5259 oportere
2738 5189 3035 5246 existimet.

2356 5378 2404 5452 e)
2435 5380 2565 5452 Pag.
2596 5383 2725 5449 954,
2758 5400 2815 5440 n.
2852 5384 2943 5441 10.

2358 5439 2402 5522 tl
2430 5439 2614 5508 esé’er.
2665 5439 2724 5523 pi
2748 5439 3059 5520 411,113;
3110 5453 3254 5510 delle
3297 5466 3425 5508 cose
3471 5448 3863 5516 Gentilesche,

2259 5536 2316 5593 p.
2346 5523 2493 5596 455;
2527 5527 2591 5579 ad
2624 5527 2872 5596 Epitaph.
2907 5526 2966 5581 S.
2990 5526 3226 5591 Severae,
3263 5539 3315 5592 p.
3345 5524 3469 5579 171.

2333 5594 2410 5668 (9)
2438 5595 2715 5668 I“script”
2749 5594 2795 5651 c'
2818 5613 2870 5666 p.
2900 5597 2954 5659 9,
2991 5612 3043 5666 p.
3080 5595 3353 5663 669,670.

2332 5668 2409 5738 (Ii)
2443 5667 2508 5722 ll.
2544 5671 2635 5724 lib.
2668 5685 2761 5737 vn,
2790 5684 2911 5740 cap.
2944 5669 3031 5724 t9.
