4138 6178
275 246 394 308 273

1654 257 2191 321 PROLEGOMENA.

3473 282 3582 340 274

354 367 485 424 VIII.
529 367 762 469 Carmen
792 369 859 426 de
886 369 1065 428 Felice
1092 372 1387 431 Ruinartus
1416 374 1648 444 dubitat,
1682 393 1750 433 an
1780 377 1890 434 No-
1918 382 1971 443 Α
1999 381 2095 437 size
2131 384 2301 440 muris
2332 384 2515 459 Magni
2545 404 2742 447 nomen
2780 394 3100 465 inscriptum
3132 397 3423 469 aliquando
3450 400 3588 469 fuit,

275 464 460 519 Ianum
490 464 785 534 exprimat,
815 481 881 520 an
910 466 1073 522 alium
1101 484 1454 540 anonymum,
1481 486 1639 541 quem
1664 473 1889 541 presby-

275 567 456 613 terum
490 557 677 612 Romae
702 569 906 622 ortum,
933 577 996 617 ac
1016 571 1139 631 post
1163 564 1341 618 varios
1371 565 1632 619 toleratos
1662 580 1758 634 pro
1784 565 1890 631 fide

274 653 553 707 cruciatus
576 694 593 720 ,
623 654 868 709 exsulem
903 653 1100 708 factum
1127 697 1141 719 ,
1176 653 1324 708 Nola:
1355 655 1407 710 in
1443 670 1573 725 pace
1612 657 1886 727 sepultum

274 744 458 809 aiunt,
490 747 601 815 ejus
622 747 849 801 alterius
878 746 1079 801 Felicis
1109 748 1353 813 fratrem,
1378 750 1465 818 qui
1490 764 1611 803 cum
1646 751 1887 807 Adaucto

277 835 390 890 sub
439 837 767 892 Diocletiano
808 846 1017 909 martyr
1060 838 1343 902 occubuit,
1392 845 1643 910 sequenti
1674 844 1741 897 ab
1785 842 1888 899 hoc

279 930 526 983 carmine
554 930 806 985 laudatus
837 930 951 1002 (ιι),
983 930 1137 1001 cujus
1183 931 1403 987 basilica
1435 948 1540 988 non
1599 933 1652 989 in
1707 935 1888 991 Pincis

284 1023 497 1090 fuerat,
529 1035 587 1076 ut
626 1025 700 1078 cl.
735 1024 1047 1079 Mazoechio
1093 1024 1265 1079 visum
1290 1066 1305 1092 ,
1337 1026 1434 1080 Sed
1476 1027 1558 1080 via
1590 1027 1825 1081 Ostiensi
1858 1044 1888 1084 e

280 1129 579 1185 c0ttSpeetu
610 1116 730 1173 fere
764 1119 820 1174 S.
868 1118 1048 1184 Pauli,
1080 1130 1242 1188 atque
1282 1118 1336 1172 in
1382 1122 1699 1175 cmmeterio
1728 1119 1889 1175 Com-

279 1213 525 1268 ntodilla:
555 1254 571 1278 ,
606 1213 752 1281 quod
778 1228 805 1266 a
833 1214 966 1267 clar.
1000 1212 1248 1268 Boldetto
1292 1229 1399 1269 non
1431 1215 1617 1269 multis
1661 1214 1728 1269 ab
1760 1214 1887 1270 hinc

268 1306 438 1359 annis
486 1312 766 1374 repertum
797 1313 850 1359 et
873 1304 1307 1361 demonstratum
1336 1315 1437 1361 est.
1469 1307 1728 1361 Damasus
1760 1321 1886 1375 pro-

270 1399 456 1465 fecto,
479 1398 737 1465 Felicem,
768 1415 927 1469 quem
956 1400 1060 1454 hoc
1087 1400 1205 1455 loco
1232 1400 1440 1469 laudat,
1467 1401 1624 1472 longe
1649 1401 1719 1456 ab
1741 1399 1887 1456 Urbe

269 1494 521 1565 positum
554 1492 794 1549 indicare
816 1494 1053 1561 videtur,
1083 1508 1202 1549 cum
1231 1494 1306 1549 ait
1337 1512 1347 1547 :

366 1608 473 1659 Nec
494 1622 795 1673 quemquam
816 1612 999 1674 pateris
1019 1602 1266 1673 repedare
1288 1614 1520 1662 viantem.

268 1714 641 1784 Quamobrem
673 1731 797 1771 cum
827 1719 1009 1788 pOpuli
1038 1734 1145 1773 non
1176 1718 1242 1772 ab
1274 1718 1423 1775 Urbe
1453 1728 1660 1775 tantttm
1681 1761 1696 1787 ,
1728 1720 1823 1776 sed
1854 1737 1885 1778 a

271 1818 392 1864 toto
448 1824 587 1879 pene
639 1818 910 1865 terrarum
967 1811 1100 1866 0tl)e
1156 1812 1222 1866 ad
1280 1812 1544 1867 Nolanum
1603 1813 1883 1884 religionis

266 1917 441 1958 causa
462 1903 806 1958 confluerent
830 1904 930 1976 (b),
964 1904 1052 1959 vix
1076 1905 1241 1960 alium
1270 1906 1337 1961 ab
1366 1906 1480 1973 illo,
1513 1906 1614 1961 hoc
1642 1908 1883 1962 carmine

266 1995 619 2067 designatum
650 1996 877 2065 dixeris,
909 2000 996 2053 cui
1032 2007 1315 2068 propterea
1350 2000 1636 2065 Baronins,
1668 2000 1887 2054 Bollan-

267 2088 469 2155 diani,
498 2088 854 2155 Muraturius,
889 2091 1092 2159 aliique
1124 2093 1321 2146 eruditi
1354 2093 1453 2147 viri
1484 2093 1721 2147 dicatum
1756 2094 1886 2149 illttd

266 2189 529 2237 censent.
570 2180 708 2235 Hinc
735 2196 837 2252 ego
867 2184 1064 2237 factum
1096 2192 1247 2253 puto,
1278 2193 1338 2238 ut
1381 2198 1505 2239 cum
1534 2185 1771 2239 celebris
1799 2201 1887 2240 es-

266 2283 362 2327 set
385 2274 504 2341 ejus
530 2273 638 2329 diei
668 2274 854 2329 Romae
886 2276 1224 2340 solemnitas,
1252 2278 1473 2332 basilica
1508 2279 1584 2333 illi
1616 2278 1882 2334 :ediftcata

267 2362 446 2419 fuerit
477 2383 582 2419 non
615 2366 707 2420 diu
735 2378 855 2437 poat
890 2368 1106 2423 Damasi
1134 2370 1341 2425 obitum
1363 2411 1377 2435 ,
1411 2387 1531 2441 quae
1562 2371 1756 2426 deinde
1779 2413 1794 2437 ,
1830 2383 1890 2427 ut

268 2458 349 2512 ab
393 2459 515 2512 aliis
546 2459 788 2515 basilicis
837 2461 1033 2516 Felicis
1074 2468 1295 2518 nomine
1346 2462 1615 2533 insignitis
1665 2463 1888 2535 (plures

270 2553 426 2607 enim
480 2552 691 2608 Felices
737 2554 791 2609 in
824 2554 971 2611 Urbe
1024 2555 1271 2627 fuerant)
1325 2555 1790 2627 distingueretur,
1836 2558 1889 2610 in

274 2644 468 2700 Pincis
494 2647 636 2702 dicta
669 2656 780 2711 est,
815 2663 845 2703 a
877 2650 1144 2719 proximis
1191 2650 1464 2705 Pincianm
1520 2650 1740 2705 familiae
1788 2650 1886 2704 do-

276 2740 466 2794 mibus
495 2758 509 2795 :
542 2757 667 2812 qua:
694 2758 797 2797 vox
823 2759 943 2797 cum
997 2745 1065 2799 ab
1116 2759 1182 2798 eo
1242 2754 1487 2815 tempore
1535 2745 1601 2800 ad
1652 2745 1889 2802 Nolanos

280 2832 418 2889 Urbi
461 2837 738 2903 proximos
764 2837 1101 2905 transiisset,
1134 2840 1203 2893 ab
1230 2839 1293 2893 iis
1325 2840 1487 2894 etiam
1521 2840 1887 2896 Romanorum

280 2941 441 2981 more
464 2927 615 2982 Felix
646 2929 701 2983 in
723 2928 904 2985 Pincis
930 2931 1032 2986 dici
1058 2946 1266 3001 emptus
1292 2950 1305 2985 :
1338 2932 1603 3002 siquidem
1632 2936 1775 2988 nulla
1804 2937 1891 2991 vel

279 3020 430 3088 apud
453 3018 764 3085 Paulinum,
789 3023 875 3077 vel
904 3038 1116 3078 coaevus
1143 3026 1437 3095 scriptores
1462 3025 1580 3095 ejus
1609 3026 1710 3080 loci
1741 3042 1893 3080 men-

284 3113 366 3167 tio
394 3112 548 3169 Nola:
580 3127 678 3170 est.
708 3115 957 3186 Nuperus
984 3117 1205 3173 Nolana:
1237 3118 1618 3173 ecclesiasticae
1651 3119 1892 3175 historias

282 3207 526 3277 scriptor
557 3210 796 3281 alioquin
839 3211 1101 3278 eruditus,
1139 3214 1237 3267 hoc
1265 3228 1481 3269 carmen
1514 3213 1744 3267 Maximo
1779 3214 1891 3268 No—

284 3301 419 3357 lano
450 3303 709 3372 episeopo
736 3318 765 3357 a
790 3304 1023 3359 Damaso
1040 3305 1277 3359 dicatum
1307 3307 1515 3369 statuit,
1550 3321 1651 3360 una
1684 3315 1889 3361 tantum

287 3393 578 3463 cujusdam
629 3411 732 3449 ms.
779 3396 1039 3452 Breviarii
1083 3399 1406 3452 auctoritate
1451 3408 1741 3466 permotus.
1778 3398 1895 3453 Ca:-

289 3498 474 3543 terum
508 3490 611 3545 hoc
640 3490 979 3546 Breviarium
1025 3492 1080 3546 in
1112 3507 1177 3546 eo
1204 3493 1549 3561 fragmento,
1596 3491 1739 3561 quod
1774 3491 1895 3547 Bol-

292 3582 537 3637 landiani
567 3584 634 3639 ad
678 3585 820 3640 diem
862 3584 894 3638 7
927 3584 1205 3640 Februarii
1236 3587 1500 3650 recitant,
1534 3592 1646 3638 tum
1687 3583 1895 3641 fabulas

290 3675 564 3731 admixlas
592 3677 777 3744 habet,
811 3687 921 3732 tum
952 3679 1259 3748 sequiorem
1291 3694 1355 3733 ac
1383 3679 1740 3733 recentiorem
1766 3688 1898 3733 teta-

296 3782 407 3825 tem
442 3772 603 3841 sapit,
638 3789 759 3839 quae
799 3781 925 3826 sunt
962 3773 1017 3826 in
1047 3789 1209 3827 cansa
1240 3814 1253 3839 ,
1297 3788 1393 3827 cur
1417 3772 1753 3826 Bollandiani
1796 3773 1897 3842 ipsi

294 3878 407 3917 non
444 3862 495 3917 in
527 3863 703 3933 pretio
727 3864 897 3918 multo
926 3865 1060 3919 illud
1090 3864 1289 3919 habere
1318 3864 1623 3919 videantur.
1657 3868 1727 3919 At
1754 3865 1897 3935 quod

295 3956 489 4021 efficit,
521 3967 575 4011 ut
599 3957 704 4011 fide
730 3967 933 4025 careat,
964 3957 1092 4013 illud
1116 3968 1219 4021 est,
1250 3959 1390 4028 quod
1424 3960 1653 4028 primum
1685 3975 1897 4015 versum

297 4048 644 4104 immutatum
693 4050 896 4116 refert,
939 4065 1003 4105 ac
1032 4066 1139 4120 quo
1172 4050 1294 4105 loco
1326 4050 1475 4105 Felix
1505 4051 1670 4106 scribi
1701 4052 1901 4107 debue-

297 4149 417 4204 rat,
454 4140 642 4211 Magne
676 4142 962 4212 legendum
995 4143 1274 4213 pr0posuit
1296 4142 1396 4197 hoc
1427 4143 1586 4197 modo
1632 4163 1643 4196 :

361 4256 601 4320 Corpore,
619 4266 805 4319 mente,
833 4260 1014 4319 animo,
1048 4259 1230 4321 pariter
1252 4271 1449 4321 quoque
1472 4258 1668 4307 nomine
1701 4258 1898 4322 Magne.

301 4382 491 4452 Neque
538 4382 681 4437 enim
730 4393 860 4453 puto
891 4398 1031 4448 esse,
1066 4384 1155 4451 qni
1185 4382 1284 4437 sibi
1316 4383 1550 4439 libenter
1592 4383 1901 4453 persuaderi

301 4477 582 4546 patiantur
608 4519 621 4539 ,
665 4475 848 4545 Magni
872 4492 972 4547 pro
1003 4474 1225 4529 Maximi
1248 4518 1260 4539 ,
1296 4476 1711 4545 appellationem
1741 4493 1768 4529 a
1804 4477 1904 4530 Da-

1994 482 2122 527 tune
2145 489 2335 531 versus
2360 477 2674 536 immutatos
2703 484 2867 540 fuisse
2904 488 3227 543 crediderim
3254 532 3269 557 ,
3304 506 3426 547 cum
3457 506 3591 548 saxo

1992 566 2452 640 insculperentur,
2488 577 2753 646 siquidem
2781 579 2920 635 alter
2951 581 3039 636 hic
3074 585 3395 642 versiculus:

2082 702 2317 756 Hostibus
2341 710 2589 771 extinctis,
2613 711 2806 765 fuerant
2826 717 2914 779 qui
2934 714 3053 766 false
3081 717 3247 781 locuti,

1990 850 2151 905 quem
2187 853 2287 893 nec
2334 840 2628 897 Bollandus
2649 885 2663 910 ,
2711 860 2810 900 nec
2840 845 3161 903 Sarazanins
3184 891 3200 916 ,
3249 866 3350 907 nec
3375 860 3588 907 etatem

1992 928 2255 985 editiones
2311 930 2543 999 habent,
2577 945 2740 1006 atque
2773 953 2834 993 ea
2860 940 3087 1008 proinde
3109 943 3400 1000 occasione
3429 954 3588 1002 caete-

1990 1026 2065 1079 ris
2095 1026 2310 1082 additus
2351 1038 2466 1095 est,
2515 1030 2693 1099 aliqua
2730 1043 2858 1087 tunc
2890 1050 3019 1089 usos
3051 1037 3267 1092 licentia
3300 1040 3591 1109 quadrata-

1991 1126 2103 1181 rios
2143 1129 2357 1195 probat.
2396 1128 2583 1200 Neque
2614 1132 2758 1185 enim
2788 1147 2851 1186 ex
2886 1132 3100 1188 Damasi
3138 1135 3463 1190 adversariis
3494 1137 3592 1192 ali-

1990 1234 2151 1290 quem
2181 1233 2353 1278 morle
2397 1225 2715 1279 mulctatutn
2751 1224 2917 1281 fuisse
2946 1229 3146 1282 scimus
3171 1271 3184 1295 ,
3219 1244 3282 1283 ac
3322 1245 3483 1284 nemo
3514 1230 3592 1284 fa-

1991 1317 2094 1371 cile
2137 1320 2377 1372 animum
2425 1319 2679 1385 inducet,
2728 1331 2786 1374 tit
2827 1322 3045 1387 credat,
3105 1324 3374 1378 mitissimi
3421 1324 3591 1379 animi

1991 1409 2301 1479 pontificem
2323 1453 2336 1475 ,
2367 1427 2527 1479 quem
2556 1412 2881 1467 adversariis
2909 1414 3040 1483 ipsis“
3068 1430 3393 1483 quamquam
3424 1430 3588 1484 supe-

1990 1503 2126 1555 ratis
2166 1501 2528 1573 Hieronymus
2561 1518 2666 1557 non
2699 1507 2949 1560 nocuisse
2992 1507 3214 1570 asserit,
3263 1515 3385 1560 vota
3428 1507 3590 1562 beato

1990 1592 2155 1647 Felici
2188 1595 2533 1662 persolvisse,
2560 1597 2704 1666 quod
2754 1596 2941 1652 hostes
2964 1600 3045 1652 sui
3078 1600 3299 1654 extincti
3328 1616 3390 1655 ac
3409 1612 3584 1655 morte

1990 1686 2187 1740 sublati
2237 1686 2472 1743 fuerant.
2506 1689 2672 1744 Fama
2702 1706 2831 1745 vero
2873 1702 2987 1758 est,
3023 1700 3080 1746 ttt
3127 1693 3237 1747 alio
3284 1694 3403 1748 loco
3434 1695 3543 1749 dixi
3572 1738 3586 1758 ,

1915 1787 1962 1846 Β
1990 1780 2101 1833 v0ti
2136 1778 2295 1848 hujus
2325 1781 2675 1849 persolvendi
2705 1798 2864 1837 causa
2905 1784 3093 1839 Nolam
3134 1800 3253 1839 sese
3298 1786 3587 1842 Damasum

1987 1874 2317 1939 contulisse;
2353 1890 2513 1943 quam
2539 1891 2638 1946 ego
2670 1876 2889 1930 incertis
2915 1918 2927 1937 ,
2964 1887 3021 1931 ut
3050 1893 3193 1945 smpe
3233 1878 3292 1932 fit
3313 1921 3325 1939 ,
3358 1881 3585 1949 conjec-

1990 1966 2125 2020 turis
2154 1982 2257 2021 non
2291 1970 2569 2037 impetam.
2599 1968 2732 2023 Illud
2770 1974 3013 2037 profecto
3059 1982 3272 2025 conSIat
3321 1973 3587 2026 tumulum

1989 2058 2187 2115 Felicis
2214 2059 2403 2115 Nolani
2429 2102 2443 2124 ,
2477 2079 2622 2114 aram
2657 2064 2884 2117 veritatis
2915 2064 3118 2118 dictum
3144 2106 3159 2129 ,
3209 2069 3434 2135 ejusque
3465 2066 3591 2121 reli-

1989 2154 2143 2223 quias
2169 2155 2404 2207 veritatis
2433 2155 2657 2209 vindices
2683 2156 2793 2228 (d);
2828 2173 2986 2226 quam
3012 2159 3083 2211 ob
3118 2174 3335 2213 causam
3358 2159 3472 2224 ille,
3495 2161 3588 2230 qui

1990 2246 2258 2313 Ursicini,
2294 2248 2461 2303 lsaaci
2505 2250 2709 2315 Judaei,
2744 2252 3087 2322 aliorumque
3118 2252 3380 2307 adversus
3413 2269 3471 2307 se
3498 2269 3590 2309 ca-

1991 2341 2225 2397 lumnias
2253 2342 2539 2413 effugerat,
2572 2344 2673 2398 hoc
2696 2360 3010 2414 nuncupare
3042 2354 3242 2405 rotnm,
3270 2360 3333 2399 ac
3360 2355 3591 2414 patrono

1990 2450 2091 2490 suo
2126 2451 2368 2507 praesens
2396 2436 2623 2493 reddere
2674 2436 2833 2492 facile
2885 2438 3080 2507 potuit.
3127 2438 3263 2493 lluic
3310 2440 3488 2495 simile
3537 2450 3592 2494 et

1994 2530 2298 2600 proximum
2331 2541 2414 2585 est
2456 2541 2637 2586 votum
2681 2531 2829 2586 aliud
2852 2572 2866 2597 ,
2898 2531 3041 2602 quod
3073 2546 3170 2602 pro
3198 2531 3329 2587 cleri
3358 2547 3386 2585 a
3413 2547 3473 2587 se
3510 2532 3591 2587 di-

1992 2625 2128 2677 vulsi
2153 2624 2328 2678 reditu
2358 2624 2688 2681 inscribitur.

2066 2715 2155 2770 IX.
2182 2713 2435 2782 Carmen,
2468 2718 2609 2787 quod
2641 2717 2966 2773 Sarazanius
2992 2733 3046 2770 n.
3080 2718 3167 2781 17,
3199 2718 3493 2785 recensuit,
3524 2732 3592 2773 ac

1990 2806 2053 2860 de
2099 2808 2306 2861 incertis
2353 2809 2661 2878 martyribus
2702 2809 2878 2875 dixit,
2958 2808 3025 2861 ad
3086 2808 3195 2863 SS.
3266 2807 3497 2863 Nereum
3543 2821 3590 2865 et

1995 2900 2284 2953 Acltilleunt
2329 2902 2605 2970 pertinere
2646 2917 2743 2957 nos
2784 2901 2966 2955 docuit
3002 2901 3357 2956 Emsildensis
3404 2919 3589 2956 mona-

1994 2996 2149 3058 cltus,
2174 3011 2333 3063 quem
2356 2994 2696 3050 Mabitlnnius
2713 2996 2966 3065 primum,
2982 3009 3045 3048 ac
3061 2994 3256 3049 deinde
3271 2994 3595 3050 Blancltinus

1996 3087 2164 3141 edidit
2188 3088 2241 3142 in
2270 3088 2679 3159 Prolegontenis
2698 3089 2763 3143 ad
2792 3088 3047 3143 Anastas.
3081 3102 3269 3158 Opusc.
3301 3088 3391 3143 i5.
3426 3089 3594 3155 llujus

1918 3179 1962 3241 C
1999 3182 2242 3253 profeCto
2269 3184 2471 3239 codicis-
2509 3202 2614 3239 non
2652 3183 2959 3255 spernenda
3002 3194 3085 3237 est
3116 3184 3437 3248 auctoritas,
3484 3192 3595 3237 tum

1998 3275 2140 3346 quod
2168 3277 2381 3332 videtur
2409 3287 2601 3332 octavo
2632 3279 2830 3331 saeculo
2860 3278 3122 3346 scriptus,
3168 3286 3277 3330 tum
3310 3276 3450 3345 quod
3482 3290 3598 3329 om-

1998 3382 2097 3423 nes
2121 3409 2134 3429 ,
2164 3384 2298 3437 quas
2329 3370 2491 3423 habet
2516 3370 2896 3438 inscriptiones
2954 3384 3020 3421 ex
3078 3365 3427 3436 autographis
3463 3367 3595 3434 ipsis

1998 3460 2210 3529 excepit
2238 3468 2427 3514 auctor
2449 3502 2462 3525 ,
2497 3476 2560 3516 ac
2599 3460 2651 3513 in
2683 3460 3070 3513 commentaria
3098 3459 3312 3519 retulit,
3343 3473 3465 3513 cum
3499 3460 3599 3512 iter

1999 3566 2164 3622 agens
2190 3562 2599 3606 extramnranas
2623 3552 2913 3615 ecclesias,
2965 3561 3019 3606 et
3057 3551 3366 3607 cmmeteria
3402 3552 3598 3605 lustra-

2000 3654 2103 3699 ret.
2139 3644 2194 3699 Si
2232 3644 2412 3714 itaque
2446 3644 2547 3698 hoc
2587 3645 2921 3713 epigramma
2947 3643 3014 3698 ad
3046 3658 3140 3698 eos
3172 3654 3439 3713 martyres
3471 3642 3598 3696 atti-

2001 3746 2113 3802 net,
2138 3738 2239 3793 Itoc
2261 3738 2483 3792 accedet
2502 3739 2566 3791 ad
2591 3737 3025 3806 copjecturarnm
3049 3737 3345 3801 cumulum,
3374 3737 3443 3789 ob
3466 3750 3601 3804 quas

2001 3846 2186 3886 eorum
2214 3872 2229 3896 ,
2259 3847 2379 3901 quia
2420 3847 2561 3885 nunc
2588 3832 2815 3899 legimus
2846 3840 2963 3884 acta
2991 3871 3006 3895 ,
3037 3831 3214 3884 dubia:
3245 3830 3496 3884 videntur
3526 3826 3594 3881 fi-

2003 3923 2128 3979 dei:
2172 3939 2347 3993 neque
2393 3925 2573 3988 enim,
2622 3923 2713 3993 qui
2757 3923 2989 3977 eunuchi
3036 3923 3267 3987 fuerant,
3314 3920 3602 3977 Doinitillae

2002 4019 2227 4087 virginis
2252 4019 2538 4073 familiares
2565 4034 2627 4071 ac
2652 4018 2925 4079 custodes.
2950 4016 3150 4070 militiae
3174 4017 3374 4070 dedisse
3395 4032 3603 4080 nomen,

2004 4113 2198 4165 almum
2227 4112 2442 4181 gessisse
2472 4112 2727 4182 ofﬁcium,
2754 4120 2925 4164 castra
2953 4110 3138 4164 deinde
3167 4111 3462 4180 reliquisse,
3493 4108 3607 4177 cly-

2006 4214 2148 4273 peos,
2193 4203 2461 4273 pharetras
2502 4213 2549 4255 et
2593 4202 2691 4255 tela
2730 4203 3005 4275 projecisse
3045 4202 3212 4255 videri
3254 4208 3500 4270 possunt,
3546 4205 3605 4253 ut

2007 4296 2346 4352 Christianos
2384 4312 2506 4351 sese
2544 4296 2956 4366 profiterentur;
2997 4294 3263 4362 siquidem
3298 4293 3399 4348 hoc
3437 4306 3607 4362 genus

2007 4390 2283 4445 hominum
2312 4390 2375 4444 iis
2405 4391 2743 4459 potissimum
2774 4390 3104 4457 temporibus
3141 4386 3208 4440 ab
3240 4395 3443 4441 armata
3505 4386 3611 4439 mi-

2010 4481 2122 4534 litia
2152 4480 2499 4535 arcebantur.
2546 4479 2702 4532 Malui
2736 4478 2979 4547 ejusdem
3010 4487 3188 4530 tamen
3231 4476 3438 4545 antiqui
3477 4475 3615 4528 scri-

304 4584 459 4624 maso
486 4583 800 4640 usurpatam
820 4612 833 4634 ,
867 4570 1020 4639 quasi
1054 4586 1179 4623 vero
1208 4570 1382 4638 Magni
1411 4580 1464 4624 et
1495 4570 1707 4625 Maximi
1739 4587 1899 4625 unum
1930 4575 1984 4636 D
2011 4574 2179 4643 ptoris
2214 4572 2372 4627 fidem
2399 4587 2519 4626 cum
2549 4570 2853 4640 Ciampinio
2885 4568 2961 4638 (e)
2994 4569 3173 4636 sequi,
3203 4583 3363 4636 quam
3389 4567 3616 4622 Saraza-

306 4675 487 4730 esset,
540 4664 792 4733 idemque
842 4679 1064 4718 nomen.
1106 4665 1266 4718 Certe
1314 4663 1453 4734 apud
1504 4664 1560 4719 S.
1622 4663 1908 4719 Paulinum

311 4757 538 4811 Maximi
566 4757 809 4827 episcopi
856 4756 1296 4827 frequentissima
1329 4757 1531 4811 mentio
1572 4769 1653 4812 εει
1677 4799 1692 4821 ,
1730 4757 1912 4828 Magni

309 4850 477 4905 nulla.
506 4850 588 4903 An
620 4865 750 4904 vero
774 4849 1078 4903 versiculus
1105 4850 1197 4905 ille
1234 4849 1531 4920 parietibus
1562 4848 1785 4904 Nolana
1818 4866 1910 4906 ee-

311 4946 493 5001 clesiae
521 4945 649 4999 olim
702 4944 991 5013 inscriptus
1046 4943 1237 5016 Magne
1285 4942 1562 5011 habuerit,
1594 4959 1661 4998 an
1717 4943 1911 5010 Felix,

316 5040 496 5095 nullus
526 5054 669 5094 nunc
702 5039 930 5094 idoneus
957 5039 1109 5093 te5tis
1139 5038 1337 5093 docere
1385 5054 1483 5093 nos
1526 5047 1738 5107 potest,
1785 5052 1911 5092 cum

313 5135 549 5204 amplius
592 5150 699 5188 non
752 5141 1025 5203 appareat.
1066 5132 1177 5187 [lac
1230 5143 1407 5186 tamen
1437 5131 1505 5187 de
1554 5146 1614 5187 re
1664 5130 1915 5187 dubitare

314 5228 474 5282 nobis
524 5227 682 5291 licet,
742 5226 1010 5296 siquidem
1052 5225 1341 5280 Ferrarius
1389 5223 1609 5279 Nolana:
1666 5226 1914 5280 ecclesiae

313 5321 611 5375 eanonicus
643 5331 753 5374 tum
785 5333 881 5374 eos
909 5332 1100 5374 versus
1125 5319 1338 5384 recitat,
1362 5328 1420 5372 ut
1446 5318 1586 5388 apud
1621 5318 1912 5374 Baronium

315 5413 574 5484 impressi
602 5423 763 5479 sunt,
796 5421 1036 5466 tum‘eos
1066 5410 1131 5465 ad
1177 5410 1410 5466 Felicem
1458 5409 1623 5466 refert
1651 5411 1746 5484 (e);
1770 5410 1913 5483 quod

318 5510 368 5566 si
406 5511 621 5565 tandem
654 5525 744 5567 res
796 5513 867 5564 ita
900 5525 958 5565 se
1000 5509 1223 5574 habuit,
1255 5522 1318 5563 ac
1344 5509 1469 5565 loco
1502 5507 1696 5563 Felicis
1728 5508 1915 5564 Eccle-

397 5655 476 5727 (α)
510 5654 633 5710 Vid.
662 5654 798 5727 Boll.
829 5654 896 5708 ad
925 5652 1067 5727 diem
1097 5649 1443 5707 “Januarii.

403 5723 481 5799 (ὁ)
512 5726 799 5799 Αιιειξεῄιιἐ
823 5740 910 5794 ep.
938 5723 1032 5779 '78.

411 5793 483 5870 (ε)
515 5793 737 5856 06⁷1⁵101.
758 5793 1017 5864 Coemet.,
1045 5811 1099 5868 pi
1125 5794 1216 5851 34.

2017 4668 2189 4735 nium,
2221 4682 2283 4721 ac
2313 4666 2381 4721 de
2408 4664 2597 4720 iisdem
2624 4663 2953 4734 martyribus
2982 4675 3198 4715 carmen
3221 4654 3567 4715 inscribere.'

2089 4758 2431 4827 Epitaphium
2458 4802 2472 4825 ,
2509 4758 2650 4827 quod
2682 4754 2949 4825 Eutycltio
2974 4754 3025 4807 in
3058 4752 3270 4807 Callixti
3298 4752 3616 4807 cmmeterio

2017 4851 2238 4919 optimis
2264 4849 2673 4903 cbaracteribtts
2701 4849 2927 4903 incisum
2956 4848 3150 4909 fuerat,
3175 4845 3351 4899 adhuc
3374 4854 3623 4915 superest

2017 4943 2287 5012 itttegrnm
2333 4942 2387 4995 in
2435 4941 2661 4995 ecclesia
2703 4941 2762 4996 S.
2808 4940 3157 4995 Sebastiani:
3204 4946 3261 4993 at
3302 4939 3433 4993 nihil
3476 4937 3622 4992 aliud

2020 5037 2147 5092 inde
2174 5036 2515 5105 colligimus,
2559 5046 2754 5105 printer
2788 5036 3074 5089 maximam
3106 5035 3460 5101 iteratamqne
3496 5047 3621 5085 cru-

2018 5130 2261 5185 ciatuum
2293 5130 2402 5184 vim
2430 5170 2444 5194 ,
2482 5128 2832 5199 divinumque
2860 5128 3116 5199 martyris
3146 5127 3197 5181 in
3232 5127 3296 5180 iis
3329 5122 3627 5179 tolerandis

2016 5226 2400 5280 constantiam.
2432 5223 2613 5279 [Etate
2658 5224 2719 5281 S.
2747 5222 2993 5294 Gregorii
3035 5220 3271 5277 nondum
3315 5228 3531 5271 amotus
3559 5215 3630 5270 ab

2017 5336 2083 5377 eo
2112 5322 2232 5375 loco
2277 5319 2492 5385 fuerat,
2532 5327 2591 5374 et
2627 5319 2693 5371 ad
2736 5317 3013 5373 basilicam
3057 5311 3229 5368 sancti
3259 5307 3538 5363 Laurentii
3575 5309 3632 5363 in

2018 5416 2250 5471 Damaso
2264 5414 2573 5475 translatus,
2590 5412 2853 5481 siquidem
2867 5425 2930 5463 ex
2945 5420 3099 5462 sacro
3116 5404 3230 5471 ejus
3243 5416 3473 5470 corpore
3491 5400 3636 5458 idem

2018 5509 2258 5581 p0ntifex
2285 5508 2466 5562 oleum
2492 5505 2639 5557 misit
2666 5502 2733 5556 ad
2760 5496 3184 5556 Thcodelindam
3216 5496 3477 5565 reginam.

2098 5646 2180 5720 (ά)
2205 5642 2471 5720 Βθηιᾳῃά.
2498 5640 2637 5696 Hist.
2660 5638 2891 5720 di_Nola,
2920 5637 3032 5720 lib.“
3048 5653 3108 5708 tt,
3132 5651 3252 5710 cap.
3276 5638 3311 5694 4
3329 5643 3385 5695 et
3402 5651 3525 5710 cap.
3548 5636 3642 5695 26:.

2103 5646 2155 5720 [ά
2208 5646 2471 5701 Remond.
2498 5646 2637 5696 Hist.
2660 5646 2711 5694 di
2738 5646 2891 5703 Nola,
2920 5646 3013 5692 lib.
3048 5653 3059 5693 ι

2103 5646 2180 5790 (εἶ
2204 5716 2324 5774 Vet.
2358 5716 2527 5781 Mon.,
2554 5722 2685 5768 tom.
2711 5709 2777 5779 ll,
2808 5724 2931 5782 cap.
2965 5709 3059 5766 2οι
