  <div class='ocr_page' id='page_1' title='image "/cluster/home/n/w/nwhite01/storage/ocr_20150623/13/hvd.32044096580428/143.png"; bbox 0 0 4200 6170; ppageno 0'>
   <div class='ocr_carea' id='block_1_1' title="bbox 518 242 625 295">
    <p class='ocr_par' dir='ltr' id='par_1_1' title="bbox 518 242 625 295">
     <span class='ocr_line' id='line_1_1' title="bbox 518 242 625 295; baseline 0.009 -1"><span class='ocrx_word' id='word_1_1' title='bbox 518 242 625 295; x_wconf 65' lang='lat'><strong>9.73</strong></span> 
     </span>
    </p>
   </div>
   <div class='ocr_carea' id='block_1_2' title="bbox 1718 234 2625 302">
    <p class='ocr_par' dir='ltr' id='par_1_2' title="bbox 1718 234 2625 302">
     <span class='ocr_line' id='line_1_2' title="bbox 1718 234 2625 302; baseline -0.006 -8"><span class='ocrx_word' id='word_1_2' title='bbox 1718 235 2029 298; x_wconf 82' lang='lat' dir='ltr'><strong>SANCTUS</strong></span> <span class='ocrx_word' id='word_1_3' title='bbox 2069 235 2388 302; x_wconf 64' lang='grc' dir='ltr'><strong>ΒΑΜιὸυὸ</strong></span> <span class='ocrx_word' id='word_1_4' title='bbox 2426 234 2625 291; x_wconf 78' lang='grc' dir='ltr'><strong>ΡΑΡΑ.</strong></span> 
     </span>
    </p>
   </div>
   <div class='ocr_carea' id='block_1_3' title="bbox 3727 235 3834 292">
    <p class='ocr_par' dir='ltr' id='par_1_3' title="bbox 3727 235 3834 292">
     <span class='ocr_line' id='line_1_3' title="bbox 3727 235 3834 292; baseline 0.019 -2"><span class='ocrx_word' id='word_1_5' title='bbox 3727 235 3834 292; x_wconf 70' lang='grc' dir='ltr'><strong>ΞἹϐ</strong></span> 
     </span>
    </p>
   </div>
   <div class='ocr_carea' id='block_1_4' title="bbox 591 349 3838 434">
    <p class='ocr_par' dir='ltr' id='par_1_4' title="bbox 591 349 3838 434">
     <span class='ocr_line' id='line_1_4' title="bbox 591 349 3838 434; baseline -0.005 -12"><span class='ocrx_word' id='word_1_6' title='bbox 591 361 662 422; x_wconf 79' lang='grc' dir='ltr'><strong>Χ.</strong></span> <span class='ocrx_word' id='word_1_7' title='bbox 703 360 968 422; x_wconf 84' lang='lat' dir='ltr'><strong>Tharsicii</strong></span> <span class='ocrx_word' id='word_1_8' title='bbox 1016 361 1334 434; x_wconf 72' lang='lat' dir='ltr'><strong>n&#39;tartyrium</strong></span> <span class='ocrx_word' id='word_1_9' title='bbox 1381 360 1432 414; x_wconf 91' lang='lat' dir='ltr'><strong>in</strong></span> <span class='ocrx_word' id='word_1_10' title='bbox 1472 358 1682 418; x_wconf 79' lang='lat' dir='ltr'><strong>Adonis</strong></span> <span class='ocrx_word' id='word_1_11' title='bbox 1731 356 2121 428; x_wconf 69' lang='lat' dir='ltr'><strong>martyrologio</strong></span> <span class='ocrx_word' id='word_1_12' title='bbox 2149 361 2202 424; x_wconf 80' lang='grc' dir='ltr'><strong>Α</strong></span> <span class='ocrx_word' id='word_1_13' title='bbox 2229 356 2409 412; x_wconf 87' lang='lat' dir='ltr'><strong>licium</strong></span> <span class='ocrx_word' id='word_1_14' title='bbox 2437 355 2491 410; x_wconf 88' lang='lat' dir='ltr'><strong>id</strong></span> <span class='ocrx_word' id='word_1_15' title='bbox 2517 364 2673 409; x_wconf 93' lang='lat' dir='ltr'><strong>antea</strong></span> <span class='ocrx_word' id='word_1_16' title='bbox 2701 359 2974 424; x_wconf 87' lang='lat' dir='ltr'><strong>spectaret</strong></span> <span class='ocrx_word' id='word_1_17' title='bbox 2995 352 3111 425; x_wconf 77' lang='lat' dir='ltr'><strong>(tl);</strong></span> <span class='ocrx_word' id='word_1_18' title='bbox 3142 361 3196 406; x_wconf 88' lang='lat' dir='ltr'><strong>at</strong></span> <span class='ocrx_word' id='word_1_19' title='bbox 3224 349 3366 406; x_wconf 82' lang='lat' dir='ltr'><strong>forte</strong></span> <span class='ocrx_word' id='word_1_20' title='bbox 3393 366 3517 406; x_wconf 91' lang='lat' dir='ltr'><strong>cum</strong></span> <span class='ocrx_word' id='word_1_21' title='bbox 3539 355 3838 408; x_wconf 72' lang='lat' dir='ltr'><strong>necessitas</strong></span> 
     </span>
    </p>
   </div>
   <div class='ocr_carea' id='block_1_5' title="bbox 525 452 2122 528">
    <p class='ocr_par' dir='ltr' id='par_1_5' title="bbox 525 452 2122 528">
     <span class='ocr_line' id='line_1_5' title="bbox 525 452 2122 528; baseline -0.004 -16"><span class='ocrx_word' id='word_1_22' title='bbox 525 457 594 514; x_wconf 77' lang='grc'><strong>15</strong></span> <span class='ocrx_word' id='word_1_23' title='bbox 624 456 850 528; x_wconf 82' lang='lat' dir='ltr'><strong>Augusti</strong></span> <span class='ocrx_word' id='word_1_24' title='bbox 880 453 1207 524; x_wconf 85' lang='lat' dir='ltr'><strong>descriptum</strong></span> <span class='ocrx_word' id='word_1_25' title='bbox 1236 495 1251 520; x_wconf 93' lang='lat'><strong>,</strong></span> <span class='ocrx_word' id='word_1_26' title='bbox 1291 461 1564 522; x_wconf 87' lang='lat' dir='ltr'><strong>sumptum</strong></span> <span class='ocrx_word' id='word_1_27' title='bbox 1593 461 1676 508; x_wconf 90' lang='lat' dir='ltr'><strong>est</strong></span> <span class='ocrx_word' id='word_1_28' title='bbox 1711 466 1740 506; x_wconf 90' lang='lat' dir='ltr'><strong>a</strong></span> <span class='ocrx_word' id='word_1_29' title='bbox 1781 452 2011 510; x_wconf 87' lang='lat' dir='ltr'><strong>Damaso</strong></span> <span class='ocrx_word' id='word_1_30' title='bbox 2053 465 2122 506; x_wconf 87' lang='lat' dir='ltr'><strong>ex</strong></span> 
     </span>
    </p>
   </div>
   <div class='ocr_carea' id='block_1_6' title="bbox 522 543 2126 618">
    <p class='ocr_par' dir='ltr' id='par_1_6' title="bbox 522 543 2126 618">
     <span class='ocr_line' id='line_1_6' title="bbox 522 543 2126 618; baseline -0.004 -13"><span class='ocrx_word' id='word_1_31' title='bbox 522 549 673 605; x_wconf 79' lang='lat' dir='ltr'><strong>Actis</strong></span> <span class='ocrx_word' id='word_1_32' title='bbox 702 548 758 605; x_wconf 91' lang='lat' dir='ltr'><strong>S.</strong></span> <span class='ocrx_word' id='word_1_33' title='bbox 785 547 1045 616; x_wconf 90' lang='lat' dir='ltr'><strong>Stephani</strong></span> <span class='ocrx_word' id='word_1_34' title='bbox 1087 561 1242 616; x_wconf 70' lang='lat' dir='ltr'><strong>papa:</strong></span> <span class='ocrx_word' id='word_1_35' title='bbox 1287 554 1338 600; x_wconf 90' lang='lat' dir='ltr'><strong>et</strong></span> <span class='ocrx_word' id='word_1_36' title='bbox 1379 545 1664 618; x_wconf 78' lang='lat' dir='ltr'><strong>martyris,</strong></span> <span class='ocrx_word' id='word_1_37' title='bbox 1713 560 1833 615; x_wconf 72' lang='lat' dir='ltr'><strong>qua:</strong></span> <span class='ocrx_word' id='word_1_38' title='bbox 1860 543 2126 598; x_wconf 89' lang='lat' dir='ltr'><strong>Baronius</strong></span> 
     </span>
    </p>
   </div>
   <div class='ocr_carea' id='block_1_7' title="bbox 521 638 2125 711">
    <p class='ocr_par' dir='ltr' id='par_1_7' title="bbox 521 638 2125 711">
     <span class='ocr_line' id='line_1_7' title="bbox 521 638 2125 711; baseline -0.004 -13"><span class='ocrx_word' id='word_1_39' title='bbox 521 642 707 698; x_wconf 90' lang='lat' dir='ltr'><strong>retulit</strong></span> <span class='ocrx_word' id='word_1_40' title='bbox 737 643 844 711; x_wconf 87' lang='lat' dir='ltr'><strong>(a);</strong></span> <span class='ocrx_word' id='word_1_41' title='bbox 872 639 1070 694; x_wconf 82' lang='lat' dir='ltr'><strong>frustra</strong></span> <span class='ocrx_word' id='word_1_42' title='bbox 1093 639 1236 694; x_wconf 90' lang='lat' dir='ltr'><strong>enim</strong></span> <span class='ocrx_word' id='word_1_43' title='bbox 1266 639 1393 694; x_wconf 87' lang='lat' dir='ltr'><strong>alibi</strong></span> <span class='ocrx_word' id='word_1_44' title='bbox 1419 640 1522 695; x_wconf 91' lang='lat' dir='ltr'><strong>hoc</strong></span> <span class='ocrx_word' id='word_1_45' title='bbox 1547 653 1780 707; x_wconf 64' lang='lat' dir='ltr'><strong>qumras,</strong></span> <span class='ocrx_word' id='word_1_46' title='bbox 1810 647 1972 708; x_wconf 89' lang='lat' dir='ltr'><strong>atque</strong></span> <span class='ocrx_word' id='word_1_47' title='bbox 2001 638 2125 692; x_wconf 88' lang='lat' dir='ltr'><strong>hinc</strong></span> 
     </span>
    </p>
   </div>
   <div class='ocr_carea' id='block_1_8' title="bbox 523 730 2125 802">
    <p class='ocr_par' dir='ltr' id='par_1_8' title="bbox 523 730 2125 802">
     <span class='ocr_line' id='line_1_8' title="bbox 523 730 2125 802; baseline -0.002 -13"><span class='ocrx_word' id='word_1_48' title='bbox 523 734 676 789; x_wconf 82' lang='lat' dir='ltr'><strong>vides</strong></span> <span class='ocrx_word' id='word_1_49' title='bbox 728 748 916 787; x_wconf 89' lang='lat' dir='ltr'><strong>eorum</strong></span> <span class='ocrx_word' id='word_1_50' title='bbox 949 732 1318 802; x_wconf 83' lang='lat' dir='ltr'><strong>antiquitatem</strong></span> <span class='ocrx_word' id='word_1_51' title='bbox 1361 731 1848 800; x_wconf 84' lang='lat' dir='ltr'><strong>auctoritatemque</strong></span> <span class='ocrx_word' id='word_1_52' title='bbox 1869 770 1884 794; x_wconf 94' lang='lat'><strong>,</strong></span> <span class='ocrx_word' id='word_1_53' title='bbox 1912 744 2032 798; x_wconf 74' lang='lat' dir='ltr'><strong>qua:</strong></span> <span class='ocrx_word' id='word_1_54' title='bbox 2061 730 2125 785; x_wconf 91' lang='lat' dir='ltr'><strong>iis</strong></span> 
     </span>
    </p>
   </div>
   <div class='ocr_carea' id='block_1_9' title="bbox 515 821 2125 889">
    <p class='ocr_par' dir='ltr' id='par_1_9' title="bbox 515 821 2125 889">
     <span class='ocr_line' id='line_1_9' title="bbox 515 821 2125 889; baseline -0.004 -7"><span class='ocrx_word' id='word_1_55' title='bbox 515 824 724 882; x_wconf 84' lang='lat' dir='ltr'><strong>accedit</strong></span> <span class='ocrx_word' id='word_1_56' title='bbox 753 840 818 880; x_wconf 77' lang='lat' dir='ltr'><strong>es</strong></span> <span class='ocrx_word' id='word_1_57' title='bbox 847 824 950 878; x_wconf 86' lang='lat' dir='ltr'><strong>hac</strong></span> <span class='ocrx_word' id='word_1_58' title='bbox 978 825 1249 889; x_wconf 88' lang='lat' dir='ltr'><strong>carmine,</strong></span> <span class='ocrx_word' id='word_1_59' title='bbox 1278 823 1538 882; x_wconf 81' lang='lat' dir='ltr'><strong>adversus</strong></span> <span class='ocrx_word' id='word_1_60' title='bbox 1567 823 1930 886; x_wconf 86' lang='lat' dir='ltr'><strong>Pearsonum,</strong></span> <span class='ocrx_word' id='word_1_61' title='bbox 1961 821 2125 876; x_wconf 56' lang='lat' dir='ltr'><strong>alios.</strong></span> 
     </span>
    </p>
   </div>
   <div class='ocr_carea' id='block_1_10' title="bbox 518 911 2125 990">
    <p class='ocr_par' dir='ltr' id='par_1_10' title="bbox 518 911 2125 990">
     <span class='ocr_line' id='line_1_10' title="bbox 518 911 2125 990; baseline -0.005 -16"><span class='ocrx_word' id='word_1_62' title='bbox 518 934 625 990; x_wconf 90' lang='lat' dir='ltr'><strong>que</strong></span> <span class='ocrx_word' id='word_1_63' title='bbox 655 917 862 986; x_wconf 76' lang='lat' dir='ltr'><strong>aliquot</strong></span> <span class='ocrx_word' id='word_1_64' title='bbox 891 917 1224 972; x_wconf 89' lang='lat' dir='ltr'><strong>morosiores</strong></span> <span class='ocrx_word' id='word_1_65' title='bbox 1272 924 1328 970; x_wconf 92' lang='lat' dir='ltr'><strong>et</strong></span> <span class='ocrx_word' id='word_1_66' title='bbox 1377 913 1710 970; x_wconf 88' lang='lat' dir='ltr'><strong>recentiores</strong></span> <span class='ocrx_word' id='word_1_67' title='bbox 1737 914 1959 968; x_wconf 88' lang='lat' dir='ltr'><strong>criticos</strong></span> <span class='ocrx_word' id='word_1_68' title='bbox 2027 911 2125 967; x_wconf 90' lang='lat' dir='ltr'><strong>sed</strong></span> 
     </span>
    </p>
   </div>
   <div class='ocr_carea' id='block_1_11' title="bbox 519 1005 2125 1080">
    <p class='ocr_par' dir='ltr' id='par_1_11' title="bbox 519 1005 2125 1080">
     <span class='ocr_line' id='line_1_11' title="bbox 519 1005 2125 1080; baseline -0.002 -16"><span class='ocrx_word' id='word_1_69' title='bbox 519 1011 590 1066; x_wconf 91' lang='lat' dir='ltr'><strong>ab</strong></span> <span class='ocrx_word' id='word_1_70' title='bbox 618 1025 806 1069; x_wconf 81' lang='lat' dir='ltr'><strong>eorum</strong></span> <span class='ocrx_word' id='word_1_71' title='bbox 839 1007 1063 1080; x_wconf 85' lang='lat' dir='ltr'><strong>argutiis</strong></span> <span class='ocrx_word' id='word_1_72' title='bbox 1094 1007 1227 1066; x_wconf 82' lang='lat' dir='ltr'><strong>Acta</strong></span> <span class='ocrx_word' id='word_1_73' title='bbox 1252 1007 1370 1075; x_wconf 87' lang='lat' dir='ltr'><strong>ipsa</strong></span> <span class='ocrx_word' id='word_1_74' title='bbox 1401 1007 1674 1062; x_wconf 83' lang='lat' dir='ltr'><strong>vindicant</strong></span> <span class='ocrx_word' id='word_1_75' title='bbox 1698 1005 2032 1061; x_wconf 88' lang='lat' dir='ltr'><strong>Bollandiani</strong></span> <span class='ocrx_word' id='word_1_76' title='bbox 2056 1005 2125 1060; x_wconf 87' lang='lat' dir='ltr'><strong>ad</strong></span> 
     </span>
    </p>
   </div>
   <div class='ocr_carea' id='block_1_12' title="bbox 517 1099 2127 1173">
    <p class='ocr_par' dir='ltr' id='par_1_12' title="bbox 517 1099 2127 1173">
     <span class='ocr_line' id='line_1_12' title="bbox 517 1099 2127 1173; baseline -0.004 -15"><span class='ocrx_word' id='word_1_77' title='bbox 517 1105 663 1170; x_wconf 83' lang='lat' dir='ltr'><strong>diem</strong></span> <span class='ocrx_word' id='word_1_78' title='bbox 693 1103 728 1160; x_wconf 71' lang='grc'>2</span> <span class='ocrx_word' id='word_1_79' title='bbox 767 1101 1029 1172; x_wconf 82' lang='lat' dir='ltr'><strong>Augusti,</strong></span> <span class='ocrx_word' id='word_1_80' title='bbox 1080 1109 1241 1170; x_wconf 85' lang='lat' dir='ltr'><strong>atque</strong></span> <span class='ocrx_word' id='word_1_81' title='bbox 1283 1101 1603 1173; x_wconf 83' lang='lat' dir='ltr'><strong>Anonymus</strong></span> <span class='ocrx_word' id='word_1_82' title='bbox 1648 1102 1700 1154; x_wconf 90' lang='lat' dir='ltr'><strong>in</strong></span> <span class='ocrx_word' id='word_1_83' title='bbox 1745 1099 2127 1154; x_wconf 85' lang='lat' dir='ltr'><strong>dissertatione</strong></span> 
     </span>
    </p>
   </div>
   <div class='ocr_carea' id='block_1_13' title="bbox 515 1191 2126 1264">
    <p class='ocr_par' dir='ltr' id='par_1_13' title="bbox 515 1191 2126 1264">
     <span class='ocr_line' id='line_1_13' title="bbox 515 1191 2126 1264; baseline -0.004 -13"><span class='ocrx_word' id='word_1_84' title='bbox 515 1195 795 1252; x_wconf 80' lang='lat' dir='ltr'><strong>Avenione</strong></span> <span class='ocrx_word' id='word_1_85' title='bbox 823 1196 1082 1264; x_wconf 89' lang='lat' dir='ltr'><strong>impressa</strong></span> <span class='ocrx_word' id='word_1_86' title='bbox 1116 1195 1216 1248; x_wconf 89' lang='lat' dir='ltr'><strong>sub</strong></span> <span class='ocrx_word' id='word_1_87' title='bbox 1245 1193 1350 1250; x_wconf 84' lang='lat' dir='ltr'><strong>hoc</strong></span> <span class='ocrx_word' id='word_1_88' title='bbox 1378 1197 1561 1249; x_wconf 88' lang='lat' dir='ltr'><strong>titulo:</strong></span> <span class='ocrx_word' id='word_1_89' title='bbox 1595 1191 1892 1248; x_wconf 79' lang='lat' dir='ltr'><strong>Autltoritas</strong></span> <span class='ocrx_word' id='word_1_90' title='bbox 1915 1191 2126 1263; x_wconf 77' lang='lat' dir='ltr'><strong>pontiﬁ-</strong></span> 
     </span>
    </p>
   </div>
   <div class='ocr_carea' id='block_1_14' title="bbox 519 1283 2127 1359">
    <p class='ocr_par' dir='ltr' id='par_1_14' title="bbox 519 1283 2127 1359">
     <span class='ocr_line' id='line_1_14' title="bbox 519 1283 2127 1359; baseline -0.002 -17"><span class='ocrx_word' id='word_1_91' title='bbox 519 1290 600 1342; x_wconf 84' lang='lat' dir='ltr'><strong>cia</strong></span> <span class='ocrx_word' id='word_1_92' title='bbox 629 1289 894 1341; x_wconf 87' lang='lat' dir='ltr'><strong>notissimo</strong></span> <span class='ocrx_word' id='word_1_93' title='bbox 931 1285 1180 1359; x_wconf 81' lang='lat' dir='ltr'><strong>Cypriani</strong></span> <span class='ocrx_word' id='word_1_94' title='bbox 1208 1290 1346 1357; x_wconf 77' lang='lat' dir='ltr'><strong>facta</strong></span> <span class='ocrx_word' id='word_1_95' title='bbox 1385 1288 1707 1357; x_wconf 76' lang='lat' dir='ltr'><strong>impugnata,</strong></span> <span class='ocrx_word' id='word_1_96' title='bbox 1748 1285 1838 1340; x_wconf 83' lang='lat' dir='ltr'><strong>sed</strong></span> <span class='ocrx_word' id='word_1_97' title='bbox 1867 1303 1899 1339; x_wconf 94' lang='lat' dir='ltr'><strong>a</strong></span> <span class='ocrx_word' id='word_1_98' title='bbox 1938 1283 2127 1339; x_wconf 76' lang='lat' dir='ltr'><strong>Gallice</strong></span> 
     </span>
    </p>
   </div>
   <div class='ocr_carea' id='block_1_15' title="bbox 519 1377 2125 1452">
    <p class='ocr_par' dir='ltr' id='par_1_15' title="bbox 519 1377 2125 1452">
     <span class='ocr_line' id='line_1_15' title="bbox 519 1377 2125 1452; baseline -0.002 -18"><span class='ocrx_word' id='word_1_99' title='bbox 519 1380 768 1452; x_wconf 82' lang='lat' dir='ltr'><strong>theologis</strong></span> <span class='ocrx_word' id='word_1_100' title='bbox 807 1379 1088 1436; x_wconf 84' lang='lat' dir='ltr'><strong>vindicata.</strong></span> <span class='ocrx_word' id='word_1_101' title='bbox 1128 1377 1199 1436; x_wconf 84' lang='lat' dir='ltr'><strong>At</strong></span> <span class='ocrx_word' id='word_1_102' title='bbox 1232 1395 1300 1434; x_wconf 84' lang='lat' dir='ltr'><strong>ex</strong></span> <span class='ocrx_word' id='word_1_103' title='bbox 1335 1379 1438 1434; x_wconf 86' lang='lat' dir='ltr'><strong>hoc</strong></span> <span class='ocrx_word' id='word_1_104' title='bbox 1467 1379 1655 1434; x_wconf 90' lang='lat' dir='ltr'><strong>eodem</strong></span> <span class='ocrx_word' id='word_1_105' title='bbox 1697 1378 1938 1433; x_wconf 79' lang='lat' dir='ltr'><strong>carmine</strong></span> <span class='ocrx_word' id='word_1_106' title='bbox 1973 1378 2125 1446; x_wconf 89' lang='lat' dir='ltr'><strong>plura</strong></span> 
     </span>
    </p>
   </div>
   <div class='ocr_carea' id='block_1_16' title="bbox 518 1467 2166 1544">
    <p class='ocr_par' dir='ltr' id='par_1_16' title="bbox 518 1467 2166 1544">
     <span class='ocr_line' id='line_1_16' title="bbox 518 1467 2166 1544; baseline -0.002 -18"><span class='ocrx_word' id='word_1_107' title='bbox 518 1471 824 1544; x_wconf 71' lang='lat' dir='ltr'><strong>colligimus</strong></span> <span class='ocrx_word' id='word_1_108' title='bbox 852 1489 864 1525; x_wconf 93' lang='lat'><strong>:</strong></span> <span class='ocrx_word' id='word_1_109' title='bbox 898 1471 1072 1540; x_wconf 87' lang='lat' dir='ltr'><strong>primo</strong></span> <span class='ocrx_word' id='word_1_110' title='bbox 1100 1470 1308 1528; x_wconf 88' lang='lat' dir='ltr'><strong>scilicet</strong></span> <span class='ocrx_word' id='word_1_111' title='bbox 1344 1471 1577 1541; x_wconf 76' lang='lat' dir='ltr'><strong>viguisse</strong></span> <span class='ocrx_word' id='word_1_112' title='bbox 1603 1485 1664 1524; x_wconf 89' lang='lat' dir='ltr'><strong>ea</strong></span> <span class='ocrx_word' id='word_1_113' title='bbox 1698 1478 1856 1524; x_wconf 77' lang='lat' dir='ltr'><strong>aetate</strong></span> <span class='ocrx_word' id='word_1_114' title='bbox 1883 1467 2129 1536; x_wconf 79' lang='lat' dir='ltr'><strong>discipli-</strong></span> <span class='ocrx_word' id='word_1_115' title='bbox 2161 1486 2166 1488; x_wconf 86' lang='grc'>·</span> 
     </span>
    </p>
   </div>
   <div class='ocr_carea' id='block_1_17' title="bbox 520 1562 2127 1637">
    <p class='ocr_par' dir='ltr' id='par_1_17' title="bbox 520 1562 2127 1637">
     <span class='ocr_line' id='line_1_17' title="bbox 520 1562 2127 1637; baseline -0.004 -16"><span class='ocrx_word' id='word_1_116' title='bbox 520 1581 647 1622; x_wconf 91' lang='lat' dir='ltr'><strong>nam</strong></span> <span class='ocrx_word' id='word_1_117' title='bbox 680 1564 877 1626; x_wconf 69' lang='lat' dir='ltr'><strong>Arcani</strong></span> <span class='ocrx_word' id='word_1_118' title='bbox 912 1565 1028 1637; x_wconf 85' lang='lat' dir='ltr'><strong>(b);</strong></span> <span class='ocrx_word' id='word_1_119' title='bbox 1062 1565 1325 1630; x_wconf 90' lang='lat' dir='ltr'><strong>secundo,</strong></span> <span class='ocrx_word' id='word_1_120' title='bbox 1356 1563 1448 1619; x_wconf 92' lang='lat' dir='ltr'><strong>diu</strong></span> <span class='ocrx_word' id='word_1_121' title='bbox 1481 1573 1604 1618; x_wconf 88' lang='lat' dir='ltr'><strong>ante</strong></span> <span class='ocrx_word' id='word_1_122' title='bbox 1635 1562 1951 1618; x_wconf 81' lang='lat' dir='ltr'><strong>Melchiadis</strong></span> <span class='ocrx_word' id='word_1_123' title='bbox 1991 1572 2127 1616; x_wconf 61' lang='lat' dir='ltr'><strong>asta-</strong></span> 
     </span>
    </p>
   </div>
   <div class='ocr_carea' id='block_1_18' title="bbox 519 1657 2126 1727">
    <p class='ocr_par' dir='ltr' id='par_1_18' title="bbox 519 1657 2126 1727">
     <span class='ocr_line' id='line_1_18' title="bbox 519 1657 2126 1727; baseline -0.002 -16"><span class='ocrx_word' id='word_1_124' title='bbox 519 1667 628 1714; x_wconf 89' lang='lat' dir='ltr'><strong>tem</strong></span> <span class='ocrx_word' id='word_1_125' title='bbox 682 1659 1056 1713; x_wconf 86' lang='lat' dir='ltr'><strong>transmissum</strong></span> <span class='ocrx_word' id='word_1_126' title='bbox 1109 1657 1274 1712; x_wconf 87' lang='lat' dir='ltr'><strong>fuisse</strong></span> <span class='ocrx_word' id='word_1_127' title='bbox 1313 1657 1568 1727; x_wconf 84' lang='lat' dir='ltr'><strong>intelligis</strong></span> <span class='ocrx_word' id='word_1_128' title='bbox 1609 1657 1677 1711; x_wconf 89' lang='lat' dir='ltr'><strong>ad</strong></span> <span class='ocrx_word' id='word_1_129' title='bbox 1721 1657 1977 1712; x_wconf 88' lang='lat' dir='ltr'><strong>ecclesias</strong></span> <span class='ocrx_word' id='word_1_130' title='bbox 2020 1657 2126 1727; x_wconf 78' lang='lat' dir='ltr'><strong>fer-</strong></span> 
     </span>
    </p>
   </div>
   <div class='ocr_carea' id='block_1_19' title="bbox 2227 443 3834 519">
    <p class='ocr_par' dir='ltr' id='par_1_19' title="bbox 2227 443 3834 519">
     <span class='ocr_line' id='line_1_19' title="bbox 2227 443 3834 519; baseline -0.002 -15"><span class='ocrx_word' id='word_1_131' title='bbox 2227 447 2449 505; x_wconf 78' lang='lat' dir='ltr'><strong>fecisset</strong></span> <span class='ocrx_word' id='word_1_132' title='bbox 2473 449 2622 519; x_wconf 89' lang='lat' dir='ltr'><strong>prius</strong></span> <span class='ocrx_word' id='word_1_133' title='bbox 2647 489 2661 512; x_wconf 93' lang='lat'><strong>,</strong></span> <span class='ocrx_word' id='word_1_134' title='bbox 2694 454 2755 502; x_wconf 90' lang='lat' dir='ltr'><strong>ut</strong></span> <span class='ocrx_word' id='word_1_135' title='bbox 2775 444 3012 515; x_wconf 77' lang='lat' dir='ltr'><strong>acolythi</strong></span> <span class='ocrx_word' id='word_1_136' title='bbox 3043 447 3399 500; x_wconf 88' lang='lat' dir='ltr'><strong>diaconorum</strong></span> <span class='ocrx_word' id='word_1_137' title='bbox 3430 443 3612 499; x_wconf 74' lang='lat' dir='ltr'><strong>ollicio</strong></span> <span class='ocrx_word' id='word_1_138' title='bbox 3644 444 3834 515; x_wconf 84' lang='lat' dir='ltr'><strong>funge-</strong></span> 
     </span>
    </p>
   </div>
   <div class='ocr_carea' id='block_1_20' title="bbox 2229 537 3836 608">
    <p class='ocr_par' dir='ltr' id='par_1_20' title="bbox 2229 537 3836 608">
     <span class='ocr_line' id='line_1_20' title="bbox 2229 537 3836 608; baseline -0.002 -12"><span class='ocrx_word' id='word_1_139' title='bbox 2229 549 2444 606; x_wconf 86' lang='lat' dir='ltr'><strong>rentur,</strong></span> <span class='ocrx_word' id='word_1_140' title='bbox 2495 548 2658 608; x_wconf 81' lang='lat' dir='ltr'><strong>atque</strong></span> <span class='ocrx_word' id='word_1_141' title='bbox 2689 538 2741 592; x_wconf 88' lang='lat' dir='ltr'><strong>id</strong></span> <span class='ocrx_word' id='word_1_142' title='bbox 2785 537 2954 593; x_wconf 87' lang='lat' dir='ltr'><strong>semel</strong></span> <span class='ocrx_word' id='word_1_143' title='bbox 2998 546 3160 606; x_wconf 87' lang='lat' dir='ltr'><strong>atque</strong></span> <span class='ocrx_word' id='word_1_144' title='bbox 3204 537 3397 590; x_wconf 82' lang='lat' dir='ltr'><strong>iterum</strong></span> <span class='ocrx_word' id='word_1_145' title='bbox 3431 551 3530 590; x_wconf 90' lang='lat' dir='ltr'><strong>usu</strong></span> <span class='ocrx_word' id='word_1_146' title='bbox 3559 545 3836 607; x_wconf 89' lang='lat' dir='ltr'><strong>receptum</strong></span> 
     </span>
    </p>
   </div>
   <div class='ocr_carea' id='block_1_21' title="bbox 2230 628 3836 703">
    <p class='ocr_par' dir='ltr' id='par_1_21' title="bbox 2230 628 3836 703">
     <span class='ocr_line' id='line_1_21' title="bbox 2230 628 3836 703; baseline -0.003 -13"><span class='ocrx_word' id='word_1_147' title='bbox 2230 634 2441 702; x_wconf 81' lang='lat' dir='ltr'><strong>fuisset,</strong></span> <span class='ocrx_word' id='word_1_148' title='bbox 2469 635 2522 690; x_wconf 93' lang='lat' dir='ltr'><strong>in</strong></span> <span class='ocrx_word' id='word_1_149' title='bbox 2549 634 2723 703; x_wconf 81' lang='lat' dir='ltr'><strong>legem</strong></span> <span class='ocrx_word' id='word_1_150' title='bbox 2753 639 3030 702; x_wconf 73' lang='lat' dir='ltr'><strong>postremo</strong></span> <span class='ocrx_word' id='word_1_151' title='bbox 3055 630 3160 684; x_wconf 90' lang='lat' dir='ltr'><strong>hoc</strong></span> <span class='ocrx_word' id='word_1_152' title='bbox 3185 630 3357 697; x_wconf 91' lang='lat' dir='ltr'><strong>ipsum</strong></span> <span class='ocrx_word' id='word_1_153' title='bbox 3381 629 3513 683; x_wconf 91' lang='lat' dir='ltr'><strong>abiit</strong></span> <span class='ocrx_word' id='word_1_154' title='bbox 3534 628 3836 689; x_wconf 74' lang='lat' dir='ltr'><strong>[Innocentii</strong></span> 
     </span>
    </p>
   </div>
   <div class='ocr_carea' id='block_1_22' title="bbox 2231 720 3834 796">
    <p class='ocr_par' dir='ltr' id='par_1_22' title="bbox 2231 720 3834 796">
     <span class='ocr_line' id='line_1_22' title="bbox 2231 720 3834 796; baseline -0.006 -11"><span class='ocrx_word' id='word_1_155' title='bbox 2231 737 2424 785; x_wconf 72' lang='lat' dir='ltr'><strong>aetate:</strong></span> <span class='ocrx_word' id='word_1_156' title='bbox 2453 725 2718 796; x_wconf 84' lang='lat' dir='ltr'><strong>suspicari</strong></span> <span class='ocrx_word' id='word_1_157' title='bbox 2748 735 2923 778; x_wconf 89' lang='lat' dir='ltr'><strong>tamen</strong></span> <span class='ocrx_word' id='word_1_158' title='bbox 2951 723 3090 776; x_wconf 91' lang='lat' dir='ltr'><strong>forte</strong></span> <span class='ocrx_word' id='word_1_159' title='bbox 3120 720 3243 790; x_wconf 89' lang='lat' dir='ltr'><strong>quis</strong></span> <span class='ocrx_word' id='word_1_160' title='bbox 3266 730 3479 790; x_wconf 42' lang='lat' dir='ltr'><strong>posstlt,</strong></span> <span class='ocrx_word' id='word_1_161' title='bbox 3513 721 3656 776; x_wconf 89' lang='lat' dir='ltr'><strong>hunc</strong></span> <span class='ocrx_word' id='word_1_162' title='bbox 3685 736 3834 776; x_wconf 83' lang='lat' dir='ltr'><strong>eunt-</strong></span> 
     </span>
    </p>
   </div>
   <div class='ocr_carea' id='block_1_23' title="bbox 2232 812 3833 881">
    <p class='ocr_par' dir='ltr' id='par_1_23' title="bbox 2232 812 3833 881">
     <span class='ocr_line' id='line_1_23' title="bbox 2232 812 3833 881; baseline -0.004 -5"><span class='ocrx_word' id='word_1_163' title='bbox 2232 823 2355 878; x_wconf 90' lang='lat' dir='ltr'><strong>dent</strong></span> <span class='ocrx_word' id='word_1_164' title='bbox 2380 819 2716 875; x_wconf 85' lang='lat' dir='ltr'><strong>Tharsicium</strong></span> <span class='ocrx_word' id='word_1_165' title='bbox 2742 817 3031 870; x_wconf 87' lang='lat' dir='ltr'><strong>diaconum</strong></span> <span class='ocrx_word' id='word_1_166' title='bbox 3057 815 3256 878; x_wconf 85' lang='lat' dir='ltr'><strong>luisse;</strong></span> <span class='ocrx_word' id='word_1_167' title='bbox 3281 812 3548 881; x_wconf 85' lang='lat' dir='ltr'><strong>siquidem</strong></span> <span class='ocrx_word' id='word_1_168' title='bbox 3573 813 3833 870; x_wconf 80' lang='lat' dir='ltr'><strong>Damasus</strong></span> 
     </span>
    </p>
   </div>
   <div class='ocr_carea' id='block_1_24' title="bbox 2232 906 3831 982">
    <p class='ocr_par' dir='ltr' id='par_1_24' title="bbox 2232 906 3831 982">
     <span class='ocr_line' id='line_1_24' title="bbox 2232 906 3831 982; baseline -0.005 -11"><span class='ocrx_word' id='word_1_169' title='bbox 2232 915 2384 971; x_wconf 90' lang='lat' dir='ltr'><strong>illum</strong></span> <span class='ocrx_word' id='word_1_170' title='bbox 2413 911 2690 982; x_wconf 84' lang='lat' dir='ltr'><strong>Stephano</strong></span> <span class='ocrx_word' id='word_1_171' title='bbox 2717 916 3026 978; x_wconf 90' lang='lat' dir='ltr'><strong>comparat,</strong></span> <span class='ocrx_word' id='word_1_172' title='bbox 3075 916 3241 976; x_wconf 87' lang='lat' dir='ltr'><strong>atque</strong></span> <span class='ocrx_word' id='word_1_173' title='bbox 3273 906 3552 976; x_wconf 84' lang='lat' dir='ltr'><strong>utriusque</strong></span> <span class='ocrx_word' id='word_1_174' title='bbox 3580 908 3831 963; x_wconf 91' lang='lat' dir='ltr'><strong>meritum</strong></span> 
     </span>
    </p>
   </div>
   <div class='ocr_carea' id='block_1_25' title="bbox 2233 999 3832 1076">
    <p class='ocr_par' dir='ltr' id='par_1_25' title="bbox 2233 999 3832 1076">
     <span class='ocr_line' id='line_1_25' title="bbox 2233 999 3832 1076; baseline -0.004 -16"><span class='ocrx_word' id='word_1_175' title='bbox 2233 1005 2353 1076; x_wconf 88' lang='lat' dir='ltr'><strong>pari</strong></span> <span class='ocrx_word' id='word_1_176' title='bbox 2379 1005 2498 1062; x_wconf 91' lang='lat' dir='ltr'><strong>loco</strong></span> <span class='ocrx_word' id='word_1_177' title='bbox 2526 1003 2724 1066; x_wconf 85' lang='lat' dir='ltr'><strong>habet,</strong></span> <span class='ocrx_word' id='word_1_178' title='bbox 2759 1001 2900 1070; x_wconf 89' lang='lat' dir='ltr'><strong>quod</strong></span> <span class='ocrx_word' id='word_1_179' title='bbox 2935 999 3178 1070; x_wconf 81' lang='lat' dir='ltr'><strong>proiecto</strong></span> <span class='ocrx_word' id='word_1_180' title='bbox 3210 1009 3322 1056; x_wconf 80' lang='lat' dir='ltr'><strong>tum</strong></span> <span class='ocrx_word' id='word_1_181' title='bbox 3353 1000 3596 1071; x_wconf 80' lang='lat' dir='ltr'><strong>martyrii</strong></span> <span class='ocrx_word' id='word_1_182' title='bbox 3622 1015 3795 1070; x_wconf 79' lang='lat' dir='ltr'><strong>genus</strong></span> <span class='ocrx_word' id='word_1_183' title='bbox 3815 1039 3832 1066; x_wconf 91' lang='lat'><strong>,</strong></span> 
     </span>
    </p>
   </div>
   <div class='ocr_carea' id='block_1_26' title="bbox 2233 1092 3834 1165">
    <p class='ocr_par' dir='ltr' id='par_1_26' title="bbox 2233 1092 3834 1165">
     <span class='ocr_line' id='line_1_26' title="bbox 2233 1092 3834 1165; baseline -0.002 -11"><span class='ocrx_word' id='word_1_184' title='bbox 2233 1108 2344 1154; x_wconf 89' lang='lat' dir='ltr'><strong>tum</strong></span> <span class='ocrx_word' id='word_1_185' title='bbox 2397 1098 2561 1152; x_wconf 85' lang='lat' dir='ltr'><strong>etiam</strong></span> <span class='ocrx_word' id='word_1_186' title='bbox 2606 1093 3033 1152; x_wconf 79' lang='lat' dir='ltr'><strong>ecclesiasticum</strong></span> <span class='ocrx_word' id='word_1_187' title='bbox 3075 1092 3321 1165; x_wconf 84' lang='lat' dir='ltr'><strong>gradum,</strong></span> <span class='ocrx_word' id='word_1_188' title='bbox 3365 1107 3428 1150; x_wconf 85' lang='lat' dir='ltr'><strong>ac</strong></span> <span class='ocrx_word' id='word_1_189' title='bbox 3469 1093 3834 1151; x_wconf 84' lang='lat' dir='ltr'><strong>ministerium</strong></span> 
     </span>
    </p>
   </div>
   <div class='ocr_carea' id='block_1_27' title="bbox 2233 1192 2536 1262">
    <p class='ocr_par' dir='ltr' id='par_1_27' title="bbox 2233 1192 2536 1262">
     <span class='ocr_line' id='line_1_27' title="bbox 2233 1192 2536 1262; baseline -0.01 -13"><span class='ocrx_word' id='word_1_190' title='bbox 2233 1192 2479 1262; x_wconf 82' lang='lat' dir='ltr'><strong>respicit.</strong></span> <span class='ocrx_word' id='word_1_191' title='bbox 2534 1209 2536 1220; x_wconf 19' lang='grc' dir='ltr'><strong>ᾖ</strong></span> 
     </span>
    </p>
   </div>
   <div class='ocr_carea' id='block_1_28' title="bbox 2305 1281 3836 1355">
    <p class='ocr_par' dir='ltr' id='par_1_28' title="bbox 2305 1281 3836 1355">
     <span class='ocr_line' id='line_1_28' title="bbox 2305 1281 3836 1355; baseline -0.005 -13"><span class='ocrx_word' id='word_1_192' title='bbox 2305 1285 2399 1342; x_wconf 78' lang='lat' dir='ltr'><strong>XI.</strong></span> <span class='ocrx_word' id='word_1_193' title='bbox 2445 1285 2582 1352; x_wconf 89' lang='lat' dir='ltr'><strong>Duo,</strong></span> <span class='ocrx_word' id='word_1_194' title='bbox 2605 1299 2726 1355; x_wconf 74' lang='lat' dir='ltr'><strong>qua:</strong></span> <span class='ocrx_word' id='word_1_195' title='bbox 2751 1291 3076 1352; x_wconf 88' lang='lat' dir='ltr'><strong>sequuntur,</strong></span> <span class='ocrx_word' id='word_1_196' title='bbox 3107 1281 3347 1338; x_wconf 86' lang='lat' dir='ltr'><strong>carmina</strong></span> <span class='ocrx_word' id='word_1_197' title='bbox 3367 1321 3382 1348; x_wconf 90' lang='lat'><strong>,</strong></span> <span class='ocrx_word' id='word_1_198' title='bbox 3411 1281 3601 1338; x_wconf 85' lang='lat' dir='ltr'><strong>beatos</strong></span> <span class='ocrx_word' id='word_1_199' title='bbox 3626 1288 3836 1352; x_wconf 82' lang='lat' dir='ltr'><strong>marty-</strong></span> 
     </span>
    </p>
   </div>
   <div class='ocr_carea' id='block_1_29' title="bbox 2234 1375 3840 1448">
    <p class='ocr_par' dir='ltr' id='par_1_29' title="bbox 2234 1375 3840 1448">
     <span class='ocr_line' id='line_1_29' title="bbox 2234 1375 3840 1448; baseline -0.006 -7"><span class='ocrx_word' id='word_1_200' title='bbox 2234 1398 2326 1441; x_wconf 88' lang='lat' dir='ltr'><strong>res</strong></span> <span class='ocrx_word' id='word_1_201' title='bbox 2357 1383 2576 1439; x_wconf 89' lang='lat' dir='ltr'><strong>Petrum</strong></span> <span class='ocrx_word' id='word_1_202' title='bbox 2617 1391 2672 1436; x_wconf 92' lang='lat' dir='ltr'><strong>et</strong></span> <span class='ocrx_word' id='word_1_203' title='bbox 2701 1378 3071 1436; x_wconf 86' lang='lat' dir='ltr'><strong>Marcellinum</strong></span> <span class='ocrx_word' id='word_1_204' title='bbox 3094 1419 3109 1444; x_wconf 92' lang='lat'><strong>,</strong></span> <span class='ocrx_word' id='word_1_205' title='bbox 3149 1394 3212 1434; x_wconf 88' lang='lat' dir='ltr'><strong>ac</strong></span> <span class='ocrx_word' id='word_1_206' title='bbox 3237 1376 3567 1448; x_wconf 75' lang='lat' dir='ltr'><strong>Gargonium</strong></span> <span class='ocrx_word' id='word_1_207' title='bbox 3593 1375 3840 1446; x_wconf 85' lang='lat' dir='ltr'><strong>comple-</strong></span> 
     </span>
    </p>
   </div>
   <div class='ocr_carea' id='block_1_30' title="bbox 2234 1471 3838 1531">
    <p class='ocr_par' dir='ltr' id='par_1_30' title="bbox 2234 1471 3838 1531">
     <span class='ocr_line' id='line_1_30' title="bbox 2234 1471 3838 1531; baseline -0.002 -1"><span class='ocrx_word' id='word_1_208' title='bbox 2234 1483 2476 1531; x_wconf 91' lang='lat' dir='ltr'><strong>ctuntur.</strong></span> <span class='ocrx_word' id='word_1_209' title='bbox 2512 1475 2585 1528; x_wconf 90' lang='lat' dir='ltr'><strong>De</strong></span> <span class='ocrx_word' id='word_1_210' title='bbox 2616 1473 2776 1528; x_wconf 90' lang='lat' dir='ltr'><strong>Petro</strong></span> <span class='ocrx_word' id='word_1_211' title='bbox 2805 1483 2860 1528; x_wconf 90' lang='lat' dir='ltr'><strong>et</strong></span> <span class='ocrx_word' id='word_1_212' title='bbox 2887 1471 3196 1528; x_wconf 79' lang='lat' dir='ltr'><strong>Marcellino</strong></span> <span class='ocrx_word' id='word_1_213' title='bbox 3221 1471 3354 1526; x_wconf 79' lang='lat' dir='ltr'><strong>nihil</strong></span> <span class='ocrx_word' id='word_1_214' title='bbox 3385 1472 3618 1528; x_wconf 78' lang='lat' dir='ltr'><strong>occurrit</strong></span> <span class='ocrx_word' id='word_1_215' title='bbox 3648 1471 3838 1527; x_wconf 89' lang='lat' dir='ltr'><strong>dicen-</strong></span> 
     </span>
    </p>
   </div>
   <div class='ocr_carea' id='block_1_31' title="bbox 2235 1567 3831 1639">
    <p class='ocr_par' dir='ltr' id='par_1_31' title="bbox 2235 1567 3831 1639">
     <span class='ocr_line' id='line_1_31' title="bbox 2235 1567 3831 1639; baseline 0 -16"><span class='ocrx_word' id='word_1_216' title='bbox 2235 1569 2364 1623; x_wconf 92' lang='lat' dir='ltr'><strong>dum</strong></span> <span class='ocrx_word' id='word_1_217' title='bbox 2392 1609 2407 1633; x_wconf 93' lang='lat'><strong>,</strong></span> <span class='ocrx_word' id='word_1_218' title='bbox 2445 1567 2708 1638; x_wconf 90' lang='lat' dir='ltr'><strong>siquidem</strong></span> <span class='ocrx_word' id='word_1_219' title='bbox 2734 1583 2921 1623; x_wconf 87' lang='lat' dir='ltr'><strong>eorum</strong></span> <span class='ocrx_word' id='word_1_220' title='bbox 2948 1607 2964 1634; x_wconf 92' lang='lat'><strong>,</strong></span> <span class='ocrx_word' id='word_1_221' title='bbox 2994 1582 3113 1637; x_wconf 75' lang='lat' dir='ltr'><strong>qua:</strong></span> <span class='ocrx_word' id='word_1_222' title='bbox 3145 1577 3439 1639; x_wconf 88' lang='lat' dir='ltr'><strong>supersunt</strong></span> <span class='ocrx_word' id='word_1_223' title='bbox 3472 1567 3611 1623; x_wconf 80' lang='lat' dir='ltr'><strong>Acta</strong></span> <span class='ocrx_word' id='word_1_224' title='bbox 3640 1584 3669 1622; x_wconf 92' lang='lat' dir='ltr'><strong>a</strong></span> <span class='ocrx_word' id='word_1_225' title='bbox 3700 1569 3831 1624; x_wconf 87' lang='lat' dir='ltr'><strong>clar.</strong></span> 
     </span>
    </p>
   </div>
   <div class='ocr_carea' id='block_1_32' title="bbox 2235 1659 3839 1716">
    <p class='ocr_par' dir='ltr' id='par_1_32' title="bbox 2235 1659 3839 1716">
     <span class='ocr_line' id='line_1_32' title="bbox 2235 1659 3839 1716; baseline -0.001 0"><span class='ocrx_word' id='word_1_226' title='bbox 2235 1661 2544 1716; x_wconf 85' lang='lat' dir='ltr'><strong>Mazocchio</strong></span> <span class='ocrx_word' id='word_1_227' title='bbox 2573 1659 2640 1714; x_wconf 87' lang='lat' dir='ltr'><strong>ad</strong></span> <span class='ocrx_word' id='word_1_228' title='bbox 2681 1659 2823 1714; x_wconf 90' lang='lat' dir='ltr'><strong>diem</strong></span> <span class='ocrx_word' id='word_1_229' title='bbox 2855 1661 2915 1715; x_wconf 82' lang='lat' dir='ltr'><strong>ll</strong></span> <span class='ocrx_word' id='word_1_230' title='bbox 2946 1659 3088 1715; x_wconf 82' lang='lat' dir='ltr'><strong>Junii</strong></span> <span class='ocrx_word' id='word_1_231' title='bbox 3131 1659 3362 1716; x_wconf 89' lang='lat' dir='ltr'><strong>eruditis</strong></span> <span class='ocrx_word' id='word_1_232' title='bbox 3394 1659 3839 1714; x_wconf 82' lang='lat' dir='ltr'><strong>annotatiOnibus</strong></span> 
     </span>
    </p>
   </div>
   <div class='ocr_carea' id='block_1_33' title="bbox 519 1749 3834 1824">
    <p class='ocr_par' dir='ltr' id='par_1_33' title="bbox 519 1749 3834 1824">
     <span class='ocr_line' id='line_1_33' title="bbox 519 1749 3834 1824; baseline -0.001 -18"><span class='ocrx_word' id='word_1_233' title='bbox 519 1764 782 1817; x_wconf 84' lang='lat' dir='ltr'><strong>mentum,</strong></span> <span class='ocrx_word' id='word_1_234' title='bbox 823 1769 932 1821; x_wconf 92' lang='lat' dir='ltr'><strong>quo</strong></span> <span class='ocrx_word' id='word_1_235' title='bbox 964 1753 1184 1808; x_wconf 90' lang='lat' dir='ltr'><strong>nomine</strong></span> <span class='ocrx_word' id='word_1_236' title='bbox 1219 1752 1331 1820; x_wconf 90' lang='lat' dir='ltr'><strong>jam</strong></span> <span class='ocrx_word' id='word_1_237' title='bbox 1366 1753 1564 1822; x_wconf 86' lang='lat' dir='ltr'><strong>liquet,</strong></span> <span class='ocrx_word' id='word_1_238' title='bbox 1595 1764 2030 1808; x_wconf 88' lang='lat' dir='ltr'><strong>consecratarum</strong></span> <span class='ocrx_word' id='word_1_239' title='bbox 2057 1753 2127 1805; x_wconf 87' lang='lat' dir='ltr'><strong>ab</strong></span> <span class='ocrx_word' id='word_1_240' title='bbox 2157 1749 2207 1809; x_wconf 89' lang='lat' dir='ltr'><strong>B</strong></span> <span class='ocrx_word' id='word_1_241' title='bbox 2236 1754 2528 1816; x_wconf 82' lang='lat' dir='ltr'><strong>illustrata,</strong></span> <span class='ocrx_word' id='word_1_242' title='bbox 2580 1752 2794 1823; x_wconf 87' lang='lat' dir='ltr'><strong>egregie</strong></span> <span class='ocrx_word' id='word_1_243' title='bbox 2839 1750 2941 1806; x_wconf 88' lang='lat' dir='ltr'><strong>hoc</strong></span> <span class='ocrx_word' id='word_1_244' title='bbox 2985 1755 3379 1824; x_wconf 80' lang='lat' dir='ltr'><strong>epigrammate</strong></span> <span class='ocrx_word' id='word_1_245' title='bbox 3423 1751 3834 1806; x_wconf 87' lang='lat' dir='ltr'><strong>confirmantur.</strong></span> 
     </span>
    </p>
   </div>
   <div class='ocr_carea' id='block_1_34' title="bbox 521 1845 2128 1917">
    <p class='ocr_par' dir='ltr' id='par_1_34' title="bbox 521 1845 2128 1917">
     <span class='ocr_line' id='line_1_34' title="bbox 521 1845 2128 1917; baseline 0.001 -16"><span class='ocrx_word' id='word_1_246' title='bbox 521 1851 778 1917; x_wconf 84' lang='lat' dir='ltr'><strong>episcopo</strong></span> <span class='ocrx_word' id='word_1_247' title='bbox 828 1845 1164 1904; x_wconf 76' lang='lat' dir='ltr'><strong>oblationum</strong></span> <span class='ocrx_word' id='word_1_248' title='bbox 1216 1855 1418 1913; x_wconf 86' lang='lat' dir='ltr'><strong>partem</strong></span> <span class='ocrx_word' id='word_1_249' title='bbox 1466 1845 1729 1914; x_wconf 80' lang='lat' dir='ltr'><strong>exprimi,</strong></span> <span class='ocrx_word' id='word_1_250' title='bbox 1779 1847 2128 1915; x_wconf 87' lang='lat' dir='ltr'><strong>quamobrem</strong></span> 
     </span>
    </p>
   </div>
   <div class='ocr_carea' id='block_1_35' title="bbox 519 1938 2131 2010">
    <p class='ocr_par' dir='ltr' id='par_1_35' title="bbox 519 1938 2131 2010">
     <span class='ocr_line' id='line_1_35' title="bbox 519 1938 2131 2010; baseline 0.001 -18"><span class='ocrx_word' id='word_1_251' title='bbox 519 1956 641 1996; x_wconf 91' lang='lat' dir='ltr'><strong>cum</strong></span> <span class='ocrx_word' id='word_1_252' title='bbox 672 1938 990 1998; x_wconf 80' lang='lat' dir='ltr'><strong>Anastasius</strong></span> <span class='ocrx_word' id='word_1_253' title='bbox 1021 1938 1373 2002; x_wconf 84' lang='lat' dir='ltr'><strong>Melchiadem</strong></span> <span class='ocrx_word' id='word_1_254' title='bbox 1411 1941 1584 2008; x_wconf 88' lang='lat' dir='ltr'><strong>ipsum</strong></span> <span class='ocrx_word' id='word_1_255' title='bbox 1615 1939 1798 2010; x_wconf 78' lang='lat' dir='ltr'><strong>fecisse</strong></span> <span class='ocrx_word' id='word_1_256' title='bbox 1823 1939 2037 2005; x_wconf 87' lang='lat' dir='ltr'><strong>scribit,</strong></span> <span class='ocrx_word' id='word_1_257' title='bbox 2069 1947 2131 1994; x_wconf 92' lang='lat' dir='ltr'><strong>ut</strong></span> 
     </span>
    </p>
   </div>
   <div class='ocr_carea' id='block_1_36' title="bbox 517 2033 2129 2105">
    <p class='ocr_par' dir='ltr' id='par_1_36' title="bbox 517 2033 2129 2105">
     <span class='ocr_line' id='line_1_36' title="bbox 517 2033 2129 2105; baseline -0.001 -19"><span class='ocrx_word' id='word_1_258' title='bbox 517 2034 800 2096; x_wconf 81' lang='lat' dir='ltr'><strong>oblationes</strong></span> <span class='ocrx_word' id='word_1_259' title='bbox 841 2044 1155 2092; x_wconf 75' lang='lat' dir='ltr'><strong>consecrata:</strong></span> <span class='ocrx_word' id='word_1_260' title='bbox 1183 2050 1272 2105; x_wconf 88' lang='lat' dir='ltr'><strong>per</strong></span> <span class='ocrx_word' id='word_1_261' title='bbox 1299 2033 1542 2089; x_wconf 75' lang='lat' dir='ltr'><strong>ecclesias</strong></span> <span class='ocrx_word' id='word_1_262' title='bbox 1578 2048 1642 2086; x_wconf 78' lang='lat' dir='ltr'><strong>ea:</strong></span> <span class='ocrx_word' id='word_1_263' title='bbox 1679 2042 1980 2088; x_wconf 79' lang='lat' dir='ltr'><strong>consecrata</strong></span> <span class='ocrx_word' id='word_1_264' title='bbox 2019 2033 2129 2103; x_wconf 83' lang='lat' dir='ltr'><strong>cpi-</strong></span> 
     </span>
    </p>
   </div>
   <div class='ocr_carea' id='block_1_37' title="bbox 518 2126 2130 2198">
    <p class='ocr_par' dir='ltr' id='par_1_37' title="bbox 518 2126 2130 2198">
     <span class='ocr_line' id='line_1_37' title="bbox 518 2126 2130 2198; baseline 0.002 -18"><span class='ocrx_word' id='word_1_265' title='bbox 518 2126 663 2196; x_wconf 87' lang='lat' dir='ltr'><strong>sc0pi</strong></span> <span class='ocrx_word' id='word_1_266' title='bbox 687 2127 1060 2198; x_wconf 82' lang='lat' dir='ltr'><strong>dirigerentur,</strong></span> <span class='ocrx_word' id='word_1_267' title='bbox 1091 2127 1236 2181; x_wconf 88' lang='lat' dir='ltr'><strong>aliud</strong></span> <span class='ocrx_word' id='word_1_268' title='bbox 1263 2126 1397 2180; x_wconf 88' lang='lat' dir='ltr'><strong>nihil</strong></span> <span class='ocrx_word' id='word_1_269' title='bbox 1428 2128 1683 2196; x_wconf 78' lang='lat' dir='ltr'><strong>exprimit</strong></span> <span class='ocrx_word' id='word_1_270' title='bbox 1710 2167 1723 2192; x_wconf 89' lang='lat'><strong>,</strong></span> <span class='ocrx_word' id='word_1_271' title='bbox 1749 2143 1909 2196; x_wconf 86' lang='lat' dir='ltr'><strong>quam</strong></span> <span class='ocrx_word' id='word_1_272' title='bbox 1940 2141 2008 2183; x_wconf 89' lang='lat' dir='ltr'><strong>eo</strong></span> <span class='ocrx_word' id='word_1_273' title='bbox 2033 2143 2130 2182; x_wconf 88' lang='lat' dir='ltr'><strong>au-</strong></span> 
     </span>
    </p>
   </div>
   <div class='ocr_carea' id='block_1_38' title="bbox 521 2219 2132 2292">
    <p class='ocr_par' dir='ltr' id='par_1_38' title="bbox 521 2219 2132 2292">
     <span class='ocr_line' id='line_1_38' title="bbox 521 2219 2132 2292; baseline 0.003 -19"><span class='ocrx_word' id='word_1_274' title='bbox 521 2229 674 2275; x_wconf 88' lang='lat' dir='ltr'><strong>ctore</strong></span> <span class='ocrx_word' id='word_1_275' title='bbox 701 2234 765 2275; x_wconf 90' lang='lat' dir='ltr'><strong>ac</strong></span> <span class='ocrx_word' id='word_1_276' title='bbox 783 2219 1038 2288; x_wconf 80' lang='lat' dir='ltr'><strong>pontifice</strong></span> <span class='ocrx_word' id='word_1_277' title='bbox 1064 2219 1264 2276; x_wconf 89' lang='lat' dir='ltr'><strong>factum</strong></span> <span class='ocrx_word' id='word_1_278' title='bbox 1291 2262 1306 2287; x_wconf 90' lang='lat'><strong>,</strong></span> <span class='ocrx_word' id='word_1_279' title='bbox 1336 2231 1395 2275; x_wconf 91' lang='lat' dir='ltr'><strong>ut</strong></span> <span class='ocrx_word' id='word_1_280' title='bbox 1424 2221 1492 2275; x_wconf 90' lang='lat' dir='ltr'><strong>ad</strong></span> <span class='ocrx_word' id='word_1_281' title='bbox 1531 2220 1894 2276; x_wconf 87' lang='lat' dir='ltr'><strong>intermissam</strong></span> <span class='ocrx_word' id='word_1_282' title='bbox 1927 2236 2132 2292; x_wconf 75' lang='lat' dir='ltr'><strong>praece-</strong></span> 
     </span>
    </p>
   </div>
   <div class='ocr_carea' id='block_1_39' title="bbox 519 2310 2127 2385">
    <p class='ocr_par' dir='ltr' id='par_1_39' title="bbox 519 2310 2127 2385">
     <span class='ocr_line' id='line_1_39' title="bbox 519 2310 2127 2385; baseline 0.002 -19"><span class='ocrx_word' id='word_1_283' title='bbox 519 2310 766 2372; x_wconf 83' lang='lat' dir='ltr'><strong>dentium</strong></span> <span class='ocrx_word' id='word_1_284' title='bbox 824 2312 1263 2383; x_wconf 88' lang='lat' dir='ltr'><strong>persecutionum</strong></span> <span class='ocrx_word' id='word_1_285' title='bbox 1324 2322 1570 2385; x_wconf 90' lang='lat' dir='ltr'><strong>tempore</strong></span> <span class='ocrx_word' id='word_1_286' title='bbox 1625 2315 2074 2371; x_wconf 87' lang='lat' dir='ltr'><strong>consuetudinem</strong></span> <span class='ocrx_word' id='word_1_287' title='bbox 2108 2356 2127 2383; x_wconf 92' lang='lat'><strong>,</strong></span> 
     </span>
    </p>
   </div>
   <div class='ocr_carea' id='block_1_40' title="bbox 524 2405 2129 2474">
    <p class='ocr_par' dir='ltr' id='par_1_40' title="bbox 524 2405 2129 2474">
     <span class='ocr_line' id='line_1_40' title="bbox 524 2405 2129 2474; baseline 0.002 -16"><span class='ocrx_word' id='word_1_288' title='bbox 524 2405 793 2461; x_wconf 68' lang='lat' dir='ltr'><strong>restitutis</strong></span> <span class='ocrx_word' id='word_1_289' title='bbox 834 2405 946 2474; x_wconf 85' lang='lat' dir='ltr'><strong>jam</strong></span> <span class='ocrx_word' id='word_1_290' title='bbox 995 2405 1145 2461; x_wconf 90' lang='lat' dir='ltr'><strong>clero</strong></span> <span class='ocrx_word' id='word_1_291' title='bbox 1198 2407 1371 2466; x_wconf 78' lang='lat' dir='ltr'><strong>sacris</strong></span> <span class='ocrx_word' id='word_1_292' title='bbox 1413 2409 1514 2462; x_wconf 89' lang='lat' dir='ltr'><strong>sub</strong></span> <span class='ocrx_word' id='word_1_293' title='bbox 1557 2407 1828 2463; x_wconf 79' lang='lat' dir='ltr'><strong>Maxentio</strong></span> <span class='ocrx_word' id='word_1_294' title='bbox 1868 2407 2129 2474; x_wconf 88' lang='lat' dir='ltr'><strong>basilicis,</strong></span> 
     </span>
    </p>
   </div>
   <div class='ocr_carea' id='block_1_41' title="bbox 521 2495 2128 2568">
    <p class='ocr_par' dir='ltr' id='par_1_41' title="bbox 521 2495 2128 2568">
     <span class='ocr_line' id='line_1_41' title="bbox 521 2495 2128 2568; baseline 0.002 -18"><span class='ocrx_word' id='word_1_295' title='bbox 521 2495 730 2552; x_wconf 82' lang='lat' dir='ltr'><strong>reditus</strong></span> <span class='ocrx_word' id='word_1_296' title='bbox 759 2495 946 2554; x_wconf 86' lang='lat' dir='ltr'><strong>ﬁeret:</strong></span> <span class='ocrx_word' id='word_1_297' title='bbox 978 2499 1159 2565; x_wconf 89' lang='lat' dir='ltr'><strong>tertio,</strong></span> <span class='ocrx_word' id='word_1_298' title='bbox 1179 2496 1331 2554; x_wconf 81' lang='lat' dir='ltr'><strong>vides</strong></span> <span class='ocrx_word' id='word_1_299' title='bbox 1353 2497 1657 2568; x_wconf 81' lang='lat' dir='ltr'><strong>fermentum</strong></span> <span class='ocrx_word' id='word_1_300' title='bbox 1686 2498 1861 2568; x_wconf 80' lang='lat' dir='ltr'><strong>ipSum</strong></span> <span class='ocrx_word' id='word_1_301' title='bbox 1887 2497 1954 2552; x_wconf 90' lang='lat' dir='ltr'><strong>ad</strong></span> <span class='ocrx_word' id='word_1_302' title='bbox 1982 2498 2128 2553; x_wconf 86' lang='lat' dir='ltr'><strong>basi-</strong></span> 
     </span>
    </p>
   </div>
   <div class='ocr_carea' id='block_1_42' title="bbox 523 2587 2122 2662">
    <p class='ocr_par' dir='ltr' id='par_1_42' title="bbox 523 2587 2122 2662">
     <span class='ocr_line' id='line_1_42' title="bbox 523 2587 2122 2662; baseline 0.003 -21"><span class='ocrx_word' id='word_1_303' title='bbox 523 2587 655 2642; x_wconf 86' lang='lat' dir='ltr'><strong>licas</strong></span> <span class='ocrx_word' id='word_1_304' title='bbox 677 2591 838 2643; x_wconf 89' lang='lat' dir='ltr'><strong>etiam</strong></span> <span class='ocrx_word' id='word_1_305' title='bbox 871 2601 1280 2644; x_wconf 85' lang='lat' dir='ltr'><strong>extramuranas</strong></span> <span class='ocrx_word' id='word_1_306' title='bbox 1303 2591 1522 2646; x_wconf 92' lang='lat' dir='ltr'><strong>allatum</strong></span> <span class='ocrx_word' id='word_1_307' title='bbox 1545 2633 1560 2657; x_wconf 97' lang='lat'><strong>,</strong></span> <span class='ocrx_word' id='word_1_308' title='bbox 1606 2590 1872 2662; x_wconf 84' lang='lat' dir='ltr'><strong>siquidem</strong></span> <span class='ocrx_word' id='word_1_309' title='bbox 1903 2590 2122 2648; x_wconf 87' lang='lat' dir='ltr'><strong>Tharsi-</strong></span> 
     </span>
    </p>
   </div>
   <div class='ocr_carea' id='block_1_43' title="bbox 525 2680 2130 2754">
    <p class='ocr_par' dir='ltr' id='par_1_43' title="bbox 525 2680 2130 2754">
     <span class='ocr_line' id='line_1_43' title="bbox 525 2680 2130 2754; baseline 0.004 -22"><span class='ocrx_word' id='word_1_310' title='bbox 525 2680 640 2741; x_wconf 84' lang='lat' dir='ltr'><strong>cius</strong></span> <span class='ocrx_word' id='word_1_311' title='bbox 670 2689 822 2742; x_wconf 85' lang='lat' dir='ltr'><strong>extra</strong></span> <span class='ocrx_word' id='word_1_312' title='bbox 856 2681 1043 2742; x_wconf 86' lang='lat' dir='ltr'><strong>urbem</strong></span> <span class='ocrx_word' id='word_1_313' title='bbox 1071 2693 1387 2738; x_wconf 87' lang='lat' dir='ltr'><strong>sacramenta</strong></span> <span class='ocrx_word' id='word_1_314' title='bbox 1409 2699 1606 2754; x_wconf 83' lang='lat' dir='ltr'><strong>gerens,</strong></span> <span class='ocrx_word' id='word_1_315' title='bbox 1641 2683 2016 2753; x_wconf 90' lang='lat' dir='ltr'><strong>deprehensus</strong></span> <span class='ocrx_word' id='word_1_316' title='bbox 2045 2694 2130 2738; x_wconf 85' lang='lat' dir='ltr'><strong>est</strong></span> 
     </span>
    </p>
   </div>
   <div class='ocr_carea' id='block_1_44' title="bbox 527 2773 2126 2848">
    <p class='ocr_par' dir='ltr' id='par_1_44' title="bbox 527 2773 2126 2848">
     <span class='ocr_line' id='line_1_44' title="bbox 527 2773 2126 2848; baseline 0.003 -18"><span class='ocrx_word' id='word_1_317' title='bbox 527 2782 581 2830; x_wconf 89' lang='lat' dir='ltr'><strong>et</strong></span> <span class='ocrx_word' id='word_1_318' title='bbox 610 2773 878 2848; x_wconf 84' lang='lat' dir='ltr'><strong>lapidibus</strong></span> <span class='ocrx_word' id='word_1_319' title='bbox 908 2775 1154 2830; x_wconf 89' lang='lat' dir='ltr'><strong>obrutus.</strong></span> <span class='ocrx_word' id='word_1_320' title='bbox 1187 2777 1268 2830; x_wconf 85' lang='lat' dir='ltr'><strong>An</strong></span> <span class='ocrx_word' id='word_1_321' title='bbox 1304 2791 1433 2832; x_wconf 81' lang='lat' dir='ltr'><strong>vero</strong></span> <span class='ocrx_word' id='word_1_322' title='bbox 1459 2777 1702 2832; x_wconf 89' lang='lat' dir='ltr'><strong>dicamus</strong></span> <span class='ocrx_word' id='word_1_323' title='bbox 1728 2817 1744 2844; x_wconf 96' lang='lat'><strong>,</strong></span> <span class='ocrx_word' id='word_1_324' title='bbox 1789 2776 1892 2834; x_wconf 91' lang='lat' dir='ltr'><strong>hoc</strong></span> <span class='ocrx_word' id='word_1_325' title='bbox 1925 2778 2126 2836; x_wconf 79' lang='lat' dir='ltr'><strong>factum</strong></span> 
     </span>
    </p>
   </div>
   <div class='ocr_carea' id='block_1_45' title="bbox 528 2869 2126 2939">
    <p class='ocr_par' dir='ltr' id='par_1_45' title="bbox 528 2869 2126 2939">
     <span class='ocr_line' id='line_1_45' title="bbox 528 2869 2126 2939; baseline 0.002 -17"><span class='ocrx_word' id='word_1_326' title='bbox 528 2882 627 2936; x_wconf 91' lang='lat' dir='ltr'><strong>pro</strong></span> <span class='ocrx_word' id='word_1_327' title='bbox 655 2876 873 2937; x_wconf 82' lang='lat' dir='ltr'><strong>recepto</strong></span> <span class='ocrx_word' id='word_1_328' title='bbox 899 2881 1072 2931; x_wconf 90' lang='lat' dir='ltr'><strong>more,</strong></span> <span class='ocrx_word' id='word_1_329' title='bbox 1103 2883 1172 2922; x_wconf 84' lang='lat' dir='ltr'><strong>an</strong></span> <span class='ocrx_word' id='word_1_330' title='bbox 1203 2883 1332 2924; x_wconf 84' lang='lat' dir='ltr'><strong>vero</strong></span> <span class='ocrx_word' id='word_1_331' title='bbox 1361 2869 1432 2930; x_wconf 90' lang='lat' dir='ltr'><strong>ob</strong></span> <span class='ocrx_word' id='word_1_332' title='bbox 1463 2869 1853 2939; x_wconf 74' lang='lat' dir='ltr'><strong>persecutionis</strong></span> <span class='ocrx_word' id='word_1_333' title='bbox 1882 2884 2126 2937; x_wconf 78' lang='lat' dir='ltr'><strong>caueam,</strong></span> 
     </span>
    </p>
   </div>
   <div class='ocr_carea' id='block_1_46' title="bbox 521 2960 2118 3034">
    <p class='ocr_par' dir='ltr' id='par_1_46' title="bbox 521 2960 2118 3034">
     <span class='ocr_line' id='line_1_46' title="bbox 521 2960 2118 3034; baseline 0.002 -18"><span class='ocrx_word' id='word_1_334' title='bbox 521 2977 624 3032; x_wconf 84' lang='lat' dir='ltr'><strong>qua</strong></span> <span class='ocrx_word' id='word_1_335' title='bbox 657 2961 888 3018; x_wconf 85' lang='lat' dir='ltr'><strong>durante</strong></span> <span class='ocrx_word' id='word_1_336' title='bbox 920 2960 1069 3030; x_wconf 91' lang='lat' dir='ltr'><strong>plura</strong></span> <span class='ocrx_word' id='word_1_337' title='bbox 1103 2962 1357 3030; x_wconf 86' lang='lat' dir='ltr'><strong>licebant,</strong></span> <span class='ocrx_word' id='word_1_338' title='bbox 1392 2979 1512 3032; x_wconf 66' lang='lat' dir='ltr'><strong>quae</strong></span> <span class='ocrx_word' id='word_1_339' title='bbox 1543 2979 1673 3034; x_wconf 88' lang='lat' dir='ltr'><strong>pace</strong></span> <span class='ocrx_word' id='word_1_340' title='bbox 1702 2963 1961 3020; x_wconf 82' lang='lat' dir='ltr'><strong>Ecclesiae</strong></span> <span class='ocrx_word' id='word_1_341' title='bbox 1989 2965 2118 3021; x_wconf 61' lang='lat' dir='ltr'><strong>retlo</strong></span> 
     </span>
    </p>
   </div>
   <div class='ocr_carea' id='block_1_47' title="bbox 524 3052 2126 3127">
    <p class='ocr_par' dir='ltr' id='par_1_47' title="bbox 524 3052 2126 3127">
     <span class='ocr_line' id='line_1_47' title="bbox 524 3052 2126 3127; baseline 0.002 -19"><span class='ocrx_word' id='word_1_342' title='bbox 524 3053 636 3108; x_wconf 87' lang='lat' dir='ltr'><strong>dita</strong></span> <span class='ocrx_word' id='word_1_343' title='bbox 677 3068 785 3107; x_wconf 93' lang='lat' dir='ltr'><strong>non</strong></span> <span class='ocrx_word' id='word_1_344' title='bbox 826 3055 1320 3123; x_wconf 83' lang='lat' dir='ltr'><strong>permittebantur?</strong></span> <span class='ocrx_word' id='word_1_345' title='bbox 1361 3052 1622 3126; x_wconf 87' lang='lat' dir='ltr'><strong>Equidem</strong></span> <span class='ocrx_word' id='word_1_346' title='bbox 1649 3065 1780 3127; x_wconf 89' lang='lat' dir='ltr'><strong>puto</strong></span> <span class='ocrx_word' id='word_1_347' title='bbox 1817 3057 2126 3125; x_wconf 78' lang='lat' dir='ltr'><strong>fermentum</strong></span> 
     </span>
    </p>
   </div>
   <div class='ocr_carea' id='block_1_48' title="bbox 526 3147 2132 3222">
    <p class='ocr_par' dir='ltr' id='par_1_48' title="bbox 526 3147 2132 3222">
     <span class='ocr_line' id='line_1_48' title="bbox 526 3147 2132 3222; baseline 0.001 -20"><span class='ocrx_word' id='word_1_348' title='bbox 526 3148 593 3206; x_wconf 90' lang='lat' dir='ltr'><strong>ad</strong></span> <span class='ocrx_word' id='word_1_349' title='bbox 645 3147 995 3222; x_wconf 83' lang='lat' dir='ltr'><strong>presbyteros</strong></span> <span class='ocrx_word' id='word_1_350' title='bbox 1026 3147 1186 3203; x_wconf 82' lang='lat' dir='ltr'><strong>etiam</strong></span> <span class='ocrx_word' id='word_1_351' title='bbox 1220 3151 1272 3202; x_wconf 92' lang='lat' dir='ltr'><strong>in</strong></span> <span class='ocrx_word' id='word_1_352' title='bbox 1311 3149 1641 3204; x_wconf 70' lang='lat' dir='ltr'><strong>cmrneteriis</strong></span> <span class='ocrx_word' id='word_1_353' title='bbox 1676 3151 2038 3218; x_wconf 75' lang='lat' dir='ltr'><strong>excubantes,</strong></span> <span class='ocrx_word' id='word_1_354' title='bbox 2075 3161 2132 3204; x_wconf 80' lang='lat' dir='ltr'><strong>et</strong></span> 
     </span>
    </p>
   </div>
   <div class='ocr_carea' id='block_1_49' title="bbox 527 3238 2132 3314">
    <p class='ocr_par' dir='ltr' id='par_1_49' title="bbox 527 3238 2132 3314">
     <span class='ocr_line' id='line_1_49' title="bbox 527 3238 2132 3314; baseline 0 -20"><span class='ocrx_word' id='word_1_355' title='bbox 527 3239 871 3298; x_wconf 88' lang='lat' dir='ltr'><strong>suburbanas</strong></span> <span class='ocrx_word' id='word_1_356' title='bbox 922 3238 1181 3298; x_wconf 87' lang='lat' dir='ltr'><strong>ecclesias</strong></span> <span class='ocrx_word' id='word_1_357' title='bbox 1235 3239 1711 3308; x_wconf 89' lang='lat' dir='ltr'><strong>administrantes,</strong></span> <span class='ocrx_word' id='word_1_358' title='bbox 1765 3256 1865 3314; x_wconf 87' lang='lat' dir='ltr'><strong>pro</strong></span> <span class='ocrx_word' id='word_1_359' title='bbox 1910 3253 2132 3310; x_wconf 89' lang='lat' dir='ltr'><strong>recepto</strong></span> 
     </span>
    </p>
   </div>
   <div class='ocr_carea' id='block_1_50' title="bbox 527 3331 2133 3402">
    <p class='ocr_par' dir='ltr' id='par_1_50' title="bbox 527 3331 2133 3402">
     <span class='ocr_line' id='line_1_50' title="bbox 527 3331 2133 3402; baseline 0.001 -14"><span class='ocrx_word' id='word_1_360' title='bbox 527 3333 959 3402; x_wconf 82' lang='lat' dir='ltr'><strong>conﬁrmatoque</strong></span> <span class='ocrx_word' id='word_1_361' title='bbox 988 3347 1139 3386; x_wconf 90' lang='lat' dir='ltr'><strong>more</strong></span> <span class='ocrx_word' id='word_1_362' title='bbox 1166 3331 1571 3388; x_wconf 87' lang='lat' dir='ltr'><strong>transmissum.</strong></span> <span class='ocrx_word' id='word_1_363' title='bbox 1605 3332 1898 3390; x_wconf 86' lang='lat' dir='ltr'><strong>Enimvero</strong></span> <span class='ocrx_word' id='word_1_364' title='bbox 1925 3335 1968 3388; x_wconf 91' lang='lat' dir='ltr'><strong>si</strong></span> <span class='ocrx_word' id='word_1_365' title='bbox 1999 3334 2133 3390; x_wconf 89' lang='lat' dir='ltr'><strong>Mel-</strong></span> 
     </span>
    </p>
   </div>
   <div class='ocr_carea' id='block_1_51' title="bbox 530 3424 2132 3497">
    <p class='ocr_par' dir='ltr' id='par_1_51' title="bbox 530 3424 2132 3497">
     <span class='ocr_line' id='line_1_51' title="bbox 530 3424 2132 3497; baseline 0 -17"><span class='ocrx_word' id='word_1_366' title='bbox 530 3426 744 3482; x_wconf 87' lang='lat' dir='ltr'><strong>cbiadis</strong></span> <span class='ocrx_word' id='word_1_367' title='bbox 779 3436 833 3480; x_wconf 89' lang='lat' dir='ltr'><strong>et</strong></span> <span class='ocrx_word' id='word_1_368' title='bbox 875 3425 1054 3484; x_wconf 87' lang='lat' dir='ltr'><strong>Siricii</strong></span> <span class='ocrx_word' id='word_1_369' title='bbox 1088 3424 1310 3480; x_wconf 90' lang='lat' dir='ltr'><strong>decreto</strong></span> <span class='ocrx_word' id='word_1_370' title='bbox 1339 3441 1446 3482; x_wconf 92' lang='lat' dir='ltr'><strong>non</strong></span> <span class='ocrx_word' id='word_1_371' title='bbox 1471 3425 1704 3492; x_wconf 89' lang='lat' dir='ltr'><strong>licebat,</strong></span> <span class='ocrx_word' id='word_1_372' title='bbox 1739 3426 2008 3497; x_wconf 81' lang='lat' dir='ltr'><strong>cujuslibet</strong></span> <span class='ocrx_word' id='word_1_373' title='bbox 2034 3425 2132 3480; x_wconf 86' lang='lat' dir='ltr'><strong>loci</strong></span> 
     </span>
    </p>
   </div>
   <div class='ocr_carea' id='block_1_52' title="bbox 534 3517 2131 3592">
    <p class='ocr_par' dir='ltr' id='par_1_52' title="bbox 534 3517 2131 3592">
     <span class='ocr_line' id='line_1_52' title="bbox 534 3517 2131 3592; baseline 0 -20"><span class='ocrx_word' id='word_1_374' title='bbox 534 3518 829 3592; x_wconf 74' lang='lat' dir='ltr'><strong>presbytero</strong></span> <span class='ocrx_word' id='word_1_375' title='bbox 855 3520 1042 3590; x_wconf 78' lang='lat' dir='ltr'><strong>missas</strong></span> <span class='ocrx_word' id='word_1_376' title='bbox 1073 3534 1163 3587; x_wconf 85' lang='lat' dir='ltr'><strong>per</strong></span> <span class='ocrx_word' id='word_1_377' title='bbox 1189 3517 1561 3574; x_wconf 81' lang='lat' dir='ltr'><strong>hebdomadam</strong></span> <span class='ocrx_word' id='word_1_378' title='bbox 1586 3518 1860 3584; x_wconf 85' lang='lat' dir='ltr'><strong>celebrare,</strong></span> <span class='ocrx_word' id='word_1_379' title='bbox 1899 3533 2005 3572; x_wconf 89' lang='lat' dir='ltr'><strong>non</strong></span> <span class='ocrx_word' id='word_1_380' title='bbox 2037 3533 2131 3572; x_wconf 88' lang='lat' dir='ltr'><strong>ac-</strong></span> 
     </span>
    </p>
   </div>
   <div class='ocr_carea' id='block_1_53' title="bbox 529 3608 2131 3686">
    <p class='ocr_par' dir='ltr' id='par_1_53' title="bbox 529 3608 2131 3686">
     <span class='ocr_line' id='line_1_53' title="bbox 529 3608 2131 3686; baseline -0.002 -20"><span class='ocrx_word' id='word_1_381' title='bbox 529 3621 689 3680; x_wconf 84' lang='lat' dir='ltr'><strong>cepto</strong></span> <span class='ocrx_word' id='word_1_382' title='bbox 719 3611 868 3685; x_wconf 89' lang='lat' dir='ltr'><strong>prius</strong></span> <span class='ocrx_word' id='word_1_383' title='bbox 906 3608 1174 3666; x_wconf 82' lang='lat' dir='ltr'><strong>fermento</strong></span> <span class='ocrx_word' id='word_1_384' title='bbox 1201 3609 1441 3686; x_wconf 79' lang='lat' dir='ltr'><strong>episcOpi</strong></span> <span class='ocrx_word' id='word_1_385' title='bbox 1467 3627 1480 3677; x_wconf 90' lang='lat'><strong>;</strong></span> <span class='ocrx_word' id='word_1_386' title='bbox 1521 3610 1624 3665; x_wconf 91' lang='lat' dir='ltr'><strong>nisi</strong></span> <span class='ocrx_word' id='word_1_387' title='bbox 1652 3611 1772 3680; x_wconf 91' lang='lat' dir='ltr'><strong>quis</strong></span> <span class='ocrx_word' id='word_1_388' title='bbox 1801 3608 2091 3666; x_wconf 88' lang='lat' dir='ltr'><strong>contendat</strong></span> <span class='ocrx_word' id='word_1_389' title='bbox 2116 3650 2131 3676; x_wconf 95' lang='lat'><strong>,</strong></span> 
     </span>
    </p>
   </div>
   <div class='ocr_carea' id='block_1_54' title="bbox 530 3702 2136 3774">
    <p class='ocr_par' dir='ltr' id='par_1_54' title="bbox 530 3702 2136 3774">
     <span class='ocr_line' id='line_1_54' title="bbox 530 3702 2136 3774; baseline -0.001 -16"><span class='ocrx_word' id='word_1_390' title='bbox 530 3703 585 3758; x_wconf 89' lang='lat' dir='ltr'><strong>in</strong></span> <span class='ocrx_word' id='word_1_391' title='bbox 615 3702 942 3771; x_wconf 77' lang='lat' dir='ltr'><strong>cmmeteriis</strong></span> <span class='ocrx_word' id='word_1_392' title='bbox 975 3717 1082 3762; x_wconf 91' lang='lat' dir='ltr'><strong>non</strong></span> <span class='ocrx_word' id='word_1_393' title='bbox 1113 3703 1352 3774; x_wconf 86' lang='lat' dir='ltr'><strong>potuisse</strong></span> <span class='ocrx_word' id='word_1_394' title='bbox 1387 3718 1540 3757; x_wconf 89' lang='lat' dir='ltr'><strong>sacra</strong></span> <span class='ocrx_word' id='word_1_395' title='bbox 1572 3703 1687 3758; x_wconf 82' lang='lat' dir='ltr'><strong>fieri</strong></span> <span class='ocrx_word' id='word_1_396' title='bbox 1717 3745 1732 3769; x_wconf 92' lang='lat'><strong>,</strong></span> <span class='ocrx_word' id='word_1_397' title='bbox 1782 3702 1928 3773; x_wconf 91' lang='lat' dir='ltr'><strong>quod</strong></span> <span class='ocrx_word' id='word_1_398' title='bbox 1972 3717 2136 3758; x_wconf 92' lang='lat' dir='ltr'><strong>nemo</strong></span> 
     </span>
    </p>
   </div>
   <div class='ocr_carea' id='block_1_55' title="bbox 527 3793 2135 3869">
    <p class='ocr_par' dir='ltr' id='par_1_55' title="bbox 527 3793 2135 3869">
     <span class='ocr_line' id='line_1_55' title="bbox 527 3793 2135 3869; baseline 0.001 -21"><span class='ocrx_word' id='word_1_399' title='bbox 527 3794 980 3860; x_wconf 83' lang='lat' dir='ltr'><strong>dixerit,necesse</strong></span> <span class='ocrx_word' id='word_1_400' title='bbox 1001 3804 1169 3864; x_wconf 88' lang='lat' dir='ltr'><strong>est,ut</strong></span> <span class='ocrx_word' id='word_1_401' title='bbox 1191 3811 1314 3850; x_wconf 91' lang='lat' dir='ltr'><strong>cum</strong></span> <span class='ocrx_word' id='word_1_402' title='bbox 1338 3794 1557 3850; x_wconf 89' lang='lat' dir='ltr'><strong>clariss.</strong></span> <span class='ocrx_word' id='word_1_403' title='bbox 1581 3793 1745 3869; x_wconf 71' lang='lat' dir='ltr'><strong>atque</strong></span> <span class='ocrx_word' id='word_1_404' title='bbox 1768 3795 2135 3850; x_wconf 89' lang='lat' dir='ltr'><strong>eruditissimo</strong></span> 
     </span>
    </p>
   </div>
   <div class='ocr_carea' id='block_1_56' title="bbox 533 3889 2138 3956">
    <p class='ocr_par' dir='ltr' id='par_1_56' title="bbox 533 3889 2138 3956">
     <span class='ocr_line' id='line_1_56' title="bbox 533 3889 2138 3956; baseline -0.001 -11"><span class='ocrx_word' id='word_1_405' title='bbox 533 3890 775 3946; x_wconf 88' lang='lat' dir='ltr'><strong>Bottario</strong></span> <span class='ocrx_word' id='word_1_406' title='bbox 802 3891 1071 3946; x_wconf 72' lang='lat' dir='ltr'><strong>fateamur</strong></span> <span class='ocrx_word' id='word_1_407' title='bbox 1091 3931 1106 3956; x_wconf 93' lang='lat'><strong>,</strong></span> <span class='ocrx_word' id='word_1_408' title='bbox 1137 3890 1266 3944; x_wconf 90' lang='lat' dir='ltr'><strong>illud</strong></span> <span class='ocrx_word' id='word_1_409' title='bbox 1298 3889 1364 3943; x_wconf 91' lang='lat' dir='ltr'><strong>ad</strong></span> <span class='ocrx_word' id='word_1_410' title='bbox 1390 3889 1708 3944; x_wconf 87' lang='lat' dir='ltr'><strong>earumdem</strong></span> <span class='ocrx_word' id='word_1_411' title='bbox 1741 3890 1904 3944; x_wconf 90' lang='lat' dir='ltr'><strong>etiam</strong></span> <span class='ocrx_word' id='word_1_412' title='bbox 1933 3904 2138 3944; x_wconf 67' lang='lat' dir='ltr'><strong>coeme-</strong></span> 
     </span>
    </p>
   </div>
   <div class='ocr_carea' id='block_1_57' title="bbox 534 3978 2140 4052">
    <p class='ocr_par' dir='ltr' id='par_1_57' title="bbox 534 3978 2140 4052">
     <span class='ocr_line' id='line_1_57' title="bbox 534 3978 2140 4052; baseline -0.001 -16"><span class='ocrx_word' id='word_1_413' title='bbox 534 3983 795 4036; x_wconf 85' lang='lat' dir='ltr'><strong>teriorum</strong></span> <span class='ocrx_word' id='word_1_414' title='bbox 825 3981 1169 4052; x_wconf 87' lang='lat' dir='ltr'><strong>presbyteros</strong></span> <span class='ocrx_word' id='word_1_415' title='bbox 1198 3979 1362 4033; x_wconf 87' lang='lat' dir='ltr'><strong>fuisse</strong></span> <span class='ocrx_word' id='word_1_416' title='bbox 1384 3978 1630 4045; x_wconf 89' lang='lat' dir='ltr'><strong>missum,</strong></span> <span class='ocrx_word' id='word_1_417' title='bbox 1666 3994 1762 4050; x_wconf 90' lang='lat' dir='ltr'><strong>per</strong></span> <span class='ocrx_word' id='word_1_418' title='bbox 1788 3981 1930 4051; x_wconf 90' lang='lat' dir='ltr'><strong>quod</strong></span> <span class='ocrx_word' id='word_1_419' title='bbox 1963 3980 2025 4034; x_wconf 89' lang='lat' dir='ltr'><strong>iis</strong></span> <span class='ocrx_word' id='word_1_420' title='bbox 2052 3995 2140 4035; x_wconf 86' lang='lat' dir='ltr'><strong>sa-</strong></span> 
     </span>
    </p>
   </div>
   <div class='ocr_carea' id='block_1_58' title="bbox 535 4069 2137 4146">
    <p class='ocr_par' dir='ltr' id='par_1_58' title="bbox 535 4069 2137 4146">
     <span class='ocr_line' id='line_1_58' title="bbox 535 4069 2137 4146; baseline 0.002 -22"><span class='ocrx_word' id='word_1_421' title='bbox 535 4084 627 4131; x_wconf 87' lang='lat' dir='ltr'><strong>cra</strong></span> <span class='ocrx_word' id='word_1_422' title='bbox 657 4070 834 4126; x_wconf 90' lang='lat' dir='ltr'><strong>facere</strong></span> <span class='ocrx_word' id='word_1_423' title='bbox 863 4070 1062 4126; x_wconf 87' lang='lat' dir='ltr'><strong>licebat</strong></span> <span class='ocrx_word' id='word_1_424' title='bbox 1096 4069 1192 4146; x_wconf 80' lang='grc' dir='ltr'><strong>(ε).</strong></span> <span class='ocrx_word' id='word_1_425' title='bbox 1225 4069 1464 4124; x_wconf 81' lang='lat' dir='ltr'><strong>Accedat</strong></span> <span class='ocrx_word' id='word_1_426' title='bbox 1503 4071 1784 4142; x_wconf 81' lang='lat' dir='ltr'><strong>pontifices</strong></span> <span class='ocrx_word' id='word_1_427' title='bbox 1813 4086 2052 4128; x_wconf 91' lang='lat' dir='ltr'><strong>summos</strong></span> <span class='ocrx_word' id='word_1_428' title='bbox 2083 4073 2137 4128; x_wconf 94' lang='lat' dir='ltr'><strong>in</strong></span> 
     </span>
    </p>
   </div>
   <div class='ocr_carea' id='block_1_59' title="bbox 537 4161 2140 4240">
    <p class='ocr_par' dir='ltr' id='par_1_59' title="bbox 537 4161 2140 4240">
     <span class='ocr_line' id='line_1_59' title="bbox 537 4161 2140 4240; baseline 0.001 -22"><span class='ocrx_word' id='word_1_429' title='bbox 537 4161 869 4218; x_wconf 75' lang='lat' dir='ltr'><strong>ccetneteriis</strong></span> <span class='ocrx_word' id='word_1_430' title='bbox 895 4163 1029 4232; x_wconf 89' lang='lat' dir='ltr'><strong>ipsis</strong></span> <span class='ocrx_word' id='word_1_431' title='bbox 1052 4203 1069 4230; x_wconf 95' lang='lat'><strong>,</strong></span> <span class='ocrx_word' id='word_1_432' title='bbox 1101 4173 1157 4218; x_wconf 92' lang='lat' dir='ltr'><strong>et</strong></span> <span class='ocrx_word' id='word_1_433' title='bbox 1199 4161 1266 4218; x_wconf 89' lang='lat' dir='ltr'><strong>ad</strong></span> <span class='ocrx_word' id='word_1_434' title='bbox 1309 4164 1600 4218; x_wconf 89' lang='lat' dir='ltr'><strong>memorias</strong></span> <span class='ocrx_word' id='word_1_435' title='bbox 1627 4173 1924 4240; x_wconf 87' lang='lat' dir='ltr'><strong>martyrum</strong></span> <span class='ocrx_word' id='word_1_436' title='bbox 1955 4179 2140 4220; x_wconf 90' lang='lat' dir='ltr'><strong>sacras</strong></span> 
     </span>
    </p>
   </div>
   <div class='ocr_carea' id='block_1_60' title="bbox 538 4253 2142 4330">
    <p class='ocr_par' dir='ltr' id='par_1_60' title="bbox 538 4253 2142 4330">
     <span class='ocr_line' id='line_1_60' title="bbox 538 4253 2142 4330; baseline 0.001 -22"><span class='ocrx_word' id='word_1_437' title='bbox 538 4267 686 4326; x_wconf 61' lang='lat' dir='ltr'><strong>saepe</strong></span> <span class='ocrx_word' id='word_1_438' title='bbox 714 4253 966 4309; x_wconf 85' lang='lat' dir='ltr'><strong>habuisse</strong></span> <span class='ocrx_word' id='word_1_439' title='bbox 993 4269 1227 4330; x_wconf 85' lang='lat' dir='ltr'><strong>synaxes</strong></span> <span class='ocrx_word' id='word_1_440' title='bbox 1259 4271 1272 4314; x_wconf 86' lang='lat'><strong>;</strong></span> <span class='ocrx_word' id='word_1_441' title='bbox 1299 4255 1652 4325; x_wconf 90' lang='lat' dir='ltr'><strong>quamobrem</strong></span> <span class='ocrx_word' id='word_1_442' title='bbox 1691 4255 1734 4309; x_wconf 88' lang='lat' dir='ltr'><strong>si</strong></span> <span class='ocrx_word' id='word_1_443' title='bbox 1777 4266 1902 4310; x_wconf 89' lang='lat' dir='ltr'><strong>tunc</strong></span> <span class='ocrx_word' id='word_1_444' title='bbox 1939 4271 1968 4309; x_wconf 88' lang='lat' dir='ltr'><strong>a</strong></span> <span class='ocrx_word' id='word_1_445' title='bbox 2013 4256 2142 4310; x_wconf 88' lang='lat' dir='ltr'><strong>sub-</strong></span> 
     </span>
    </p>
   </div>
   <div class='ocr_carea' id='block_1_61' title="bbox 540 4345 2143 4420">
    <p class='ocr_par' dir='ltr' id='par_1_61' title="bbox 540 4345 2143 4420">
     <span class='ocr_line' id='line_1_61' title="bbox 540 4345 2143 4420; baseline 0.001 -18"><span class='ocrx_word' id='word_1_446' title='bbox 540 4346 764 4408; x_wconf 87' lang='lat' dir='ltr'><strong>urbanis</strong></span> <span class='ocrx_word' id='word_1_447' title='bbox 803 4348 1050 4403; x_wconf 89' lang='lat' dir='ltr'><strong>ecclesiis</strong></span> <span class='ocrx_word' id='word_1_448' title='bbox 1090 4345 1158 4400; x_wconf 89' lang='lat' dir='ltr'><strong>ad</strong></span> <span class='ocrx_word' id='word_1_449' title='bbox 1196 4345 1430 4404; x_wconf 90' lang='lat' dir='ltr'><strong>urbanas</strong></span> <span class='ocrx_word' id='word_1_450' title='bbox 1458 4345 1781 4402; x_wconf 89' lang='lat' dir='ltr'><strong>fermentum</strong></span> <span class='ocrx_word' id='word_1_451' title='bbox 1809 4347 1948 4408; x_wconf 88' lang='lat' dir='ltr'><strong>mitti</strong></span> <span class='ocrx_word' id='word_1_452' title='bbox 1980 4362 2143 4420; x_wconf 81' lang='lat' dir='ltr'><strong>opor-</strong></span> 
     </span>
    </p>
   </div>
   <div class='ocr_carea' id='block_1_62' title="bbox 541 4439 2141 4512">
    <p class='ocr_par' dir='ltr' id='par_1_62' title="bbox 541 4439 2141 4512">
     <span class='ocr_line' id='line_1_62' title="bbox 541 4439 2141 4512; baseline 0.002 -18"><span class='ocrx_word' id='word_1_453' title='bbox 541 4440 641 4500; x_wconf 89' lang='lat' dir='ltr'><strong>tuit</strong></span> <span class='ocrx_word' id='word_1_454' title='bbox 662 4480 677 4506; x_wconf 96' lang='lat'><strong>,</strong></span> <span class='ocrx_word' id='word_1_455' title='bbox 711 4439 846 4496; x_wconf 87' lang='lat' dir='ltr'><strong>nihil</strong></span> <span class='ocrx_word' id='word_1_456' title='bbox 873 4439 1098 4512; x_wconf 87' lang='lat' dir='ltr'><strong>impedit</strong></span> <span class='ocrx_word' id='word_1_457' title='bbox 1122 4440 1408 4509; x_wconf 88' lang='lat' dir='ltr'><strong>quominus</strong></span> <span class='ocrx_word' id='word_1_458' title='bbox 1434 4439 1501 4494; x_wconf 88' lang='lat' dir='ltr'><strong>ab</strong></span> <span class='ocrx_word' id='word_1_459' title='bbox 1528 4439 1747 4496; x_wconf 88' lang='lat' dir='ltr'><strong>urbanis</strong></span> <span class='ocrx_word' id='word_1_460' title='bbox 1775 4442 1842 4496; x_wconf 88' lang='lat' dir='ltr'><strong>ad</strong></span> <span class='ocrx_word' id='word_1_461' title='bbox 1873 4443 2141 4499; x_wconf 86' lang='lat' dir='ltr'><strong>suburba-</strong></span> 
     </span>
    </p>
   </div>
   <div class='ocr_carea' id='block_1_63' title="bbox 2237 1842 3837 1915">
    <p class='ocr_par' dir='ltr' id='par_1_63' title="bbox 2237 1842 3837 1915">
     <span class='ocr_line' id='line_1_63' title="bbox 2237 1842 3837 1915; baseline -0.002 -15"><span class='ocrx_word' id='word_1_462' title='bbox 2237 1845 2393 1915; x_wconf 83' lang='lat' dir='ltr'><strong>Quod</strong></span> <span class='ocrx_word' id='word_1_463' title='bbox 2421 1846 2486 1899; x_wconf 87' lang='lat' dir='ltr'><strong>ad</strong></span> <span class='ocrx_word' id='word_1_464' title='bbox 2517 1844 2847 1915; x_wconf 85' lang='lat' dir='ltr'><strong>Gargonium</strong></span> <span class='ocrx_word' id='word_1_465' title='bbox 2876 1845 3064 1898; x_wconf 90' lang='lat' dir='ltr'><strong>attinet</strong></span> <span class='ocrx_word' id='word_1_466' title='bbox 3092 1885 3108 1913; x_wconf 93' lang='lat'><strong>,</strong></span> <span class='ocrx_word' id='word_1_467' title='bbox 3154 1844 3362 1898; x_wconf 88' lang='lat' dir='ltr'><strong>dubitat</strong></span> <span class='ocrx_word' id='word_1_468' title='bbox 3393 1843 3736 1898; x_wconf 87' lang='lat' dir='ltr'><strong>Florentinus</strong></span> <span class='ocrx_word' id='word_1_469' title='bbox 3766 1842 3837 1897; x_wconf 88' lang='lat' dir='ltr'><strong>ad</strong></span> 
     </span>
    </p>
   </div>
   <div class='ocr_carea' id='block_1_64' title="bbox 2237 1936 3834 2018">
    <p class='ocr_par' dir='ltr' id='par_1_64' title="bbox 2237 1936 3834 2018">
     <span class='ocr_line' id='line_1_64' title="bbox 2237 1936 3834 2018; baseline -0.002 -23"><span class='ocrx_word' id='word_1_470' title='bbox 2237 1942 2382 1995; x_wconf 90' lang='lat' dir='ltr'><strong>diem</strong></span> <span class='ocrx_word' id='word_1_471' title='bbox 2412 1941 2443 1994; x_wconf 86' lang='lat'><strong>9</strong></span> <span class='ocrx_word' id='word_1_472' title='bbox 2470 1939 2831 2018; x_wconf 71' lang='lat' dir='ltr'><strong>Septembris,</strong></span> <span class='ocrx_word' id='word_1_473' title='bbox 2854 1954 2920 1992; x_wconf 89' lang='lat' dir='ltr'><strong>an</strong></span> <span class='ocrx_word' id='word_1_474' title='bbox 2956 1939 3042 1993; x_wconf 88' lang='lat' dir='ltr'><strong>hic</strong></span> <span class='ocrx_word' id='word_1_475' title='bbox 3075 1938 3214 1993; x_wconf 91' lang='lat' dir='ltr'><strong>idem</strong></span> <span class='ocrx_word' id='word_1_476' title='bbox 3244 1947 3403 2009; x_wconf 89' lang='lat' dir='ltr'><strong>atque</strong></span> <span class='ocrx_word' id='word_1_477' title='bbox 3435 1936 3526 1991; x_wconf 89' lang='lat' dir='ltr'><strong>ille</strong></span> <span class='ocrx_word' id='word_1_478' title='bbox 3554 1938 3644 2000; x_wconf 90' lang='lat' dir='ltr'><strong>sit,</strong></span> <span class='ocrx_word' id='word_1_479' title='bbox 3668 1951 3834 2004; x_wconf 90' lang='lat' dir='ltr'><strong>quem</strong></span> 
     </span>
    </p>
   </div>
   <div class='ocr_carea' id='block_1_65' title="bbox 2235 2026 3833 2100">
    <p class='ocr_par' dir='ltr' id='par_1_65' title="bbox 2235 2026 3833 2100">
     <span class='ocr_line' id='line_1_65' title="bbox 2235 2026 3833 2100; baseline -0.004 -12"><span class='ocrx_word' id='word_1_480' title='bbox 2235 2030 2563 2088; x_wconf 73' lang='lat' dir='ltr'><strong>Nicomedia:</strong></span> <span class='ocrx_word' id='word_1_481' title='bbox 2583 2046 2705 2085; x_wconf 91' lang='lat' dir='ltr'><strong>cum</strong></span> <span class='ocrx_word' id='word_1_482' title='bbox 2727 2030 2998 2086; x_wconf 87' lang='lat' dir='ltr'><strong>Dorotheo</strong></span> <span class='ocrx_word' id='word_1_483' title='bbox 3019 2045 3234 2100; x_wconf 90' lang='lat' dir='ltr'><strong>passum</strong></span> <span class='ocrx_word' id='word_1_484' title='bbox 3255 2027 3521 2084; x_wconf 86' lang='lat' dir='ltr'><strong>Eusebius</strong></span> <span class='ocrx_word' id='word_1_485' title='bbox 3536 2039 3719 2082; x_wconf 91' lang='lat' dir='ltr'><strong>narrat</strong></span> <span class='ocrx_word' id='word_1_486' title='bbox 3738 2026 3833 2098; x_wconf 89' lang='lat' dir='ltr'><strong>(e).</strong></span> 
     </span>
    </p>
   </div>
   <div class='ocr_carea' id='block_1_66' title="bbox 2235 2121 3836 2194">
    <p class='ocr_par' dir='ltr' id='par_1_66' title="bbox 2235 2121 3836 2194">
     <span class='ocr_line' id='line_1_66' title="bbox 2235 2121 3836 2194; baseline -0.003 -15"><span class='ocrx_word' id='word_1_487' title='bbox 2235 2126 2313 2179; x_wconf 84' lang='lat' dir='ltr'><strong>Ita</strong></span> <span class='ocrx_word' id='word_1_488' title='bbox 2344 2125 2488 2179; x_wconf 88' lang='lat' dir='ltr'><strong>enim</strong></span> <span class='ocrx_word' id='word_1_489' title='bbox 2519 2123 2760 2194; x_wconf 87' lang='lat' dir='ltr'><strong>plerique</strong></span> <span class='ocrx_word' id='word_1_490' title='bbox 2786 2133 3015 2180; x_wconf 81' lang='lat' dir='ltr'><strong>censent</strong></span> <span class='ocrx_word' id='word_1_491' title='bbox 3035 2167 3050 2190; x_wconf 92' lang='lat'><strong>,</strong></span> <span class='ocrx_word' id='word_1_492' title='bbox 3081 2124 3279 2194; x_wconf 88' lang='lat' dir='ltr'><strong>quibus</strong></span> <span class='ocrx_word' id='word_1_493' title='bbox 3309 2121 3536 2178; x_wconf 80' lang='lat' dir='ltr'><strong>Romani</strong></span> <span class='ocrx_word' id='word_1_494' title='bbox 3567 2129 3836 2192; x_wconf 88' lang='lat' dir='ltr'><strong>martyra-</strong></span> 
     </span>
    </p>
   </div>
   <div class='ocr_carea' id='block_1_67' title="bbox 2237 2211 3834 2286">
    <p class='ocr_par' dir='ltr' id='par_1_67' title="bbox 2237 2211 3834 2286">
     <span class='ocr_line' id='line_1_67' title="bbox 2237 2211 3834 2286; baseline -0.003 -16"><span class='ocrx_word' id='word_1_495' title='bbox 2237 2214 2367 2286; x_wconf 84' lang='lat' dir='ltr'><strong>logii</strong></span> <span class='ocrx_word' id='word_1_496' title='bbox 2399 2225 2454 2271; x_wconf 91' lang='lat' dir='ltr'><strong>et</strong></span> <span class='ocrx_word' id='word_1_497' title='bbox 2483 2214 2688 2270; x_wconf 83' lang='lat' dir='ltr'><strong>Adonis</strong></span> <span class='ocrx_word' id='word_1_498' title='bbox 2714 2217 3082 2270; x_wconf 88' lang='lat' dir='ltr'><strong>testimonium</strong></span> <span class='ocrx_word' id='word_1_499' title='bbox 3120 2214 3296 2284; x_wconf 86' lang='lat' dir='ltr'><strong>pra-it.</strong></span> <span class='ocrx_word' id='word_1_500' title='bbox 3339 2211 3673 2267; x_wconf 88' lang='lat' dir='ltr'><strong>Bollandiani</strong></span> <span class='ocrx_word' id='word_1_501' title='bbox 3703 2225 3834 2265; x_wconf 80' lang='lat' dir='ltr'><strong>vero</strong></span> 
     </span>
    </p>
   </div>
   <div class='ocr_carea' id='block_1_68' title="bbox 2237 2303 3833 2378">
    <p class='ocr_par' dir='ltr' id='par_1_68' title="bbox 2237 2303 3833 2378">
     <span class='ocr_line' id='line_1_68' title="bbox 2237 2303 3833 2378; baseline -0.002 -17"><span class='ocrx_word' id='word_1_502' title='bbox 2237 2309 2305 2362; x_wconf 91' lang='lat' dir='ltr'><strong>ad</strong></span> <span class='ocrx_word' id='word_1_503' title='bbox 2333 2309 2476 2362; x_wconf 91' lang='lat' dir='ltr'><strong>diem</strong></span> <span class='ocrx_word' id='word_1_504' title='bbox 2505 2308 2574 2362; x_wconf 68' lang='lat'><strong>12</strong></span> <span class='ocrx_word' id='word_1_505' title='bbox 2603 2308 2778 2362; x_wconf 85' lang='lat' dir='ltr'><strong>Martii</strong></span> <span class='ocrx_word' id='word_1_506' title='bbox 2807 2306 3156 2378; x_wconf 77' lang='lat' dir='ltr'><strong>graviSsimas</strong></span> <span class='ocrx_word' id='word_1_507' title='bbox 3180 2305 3419 2360; x_wconf 87' lang='lat' dir='ltr'><strong>rationes</strong></span> <span class='ocrx_word' id='word_1_508' title='bbox 3444 2303 3708 2370; x_wconf 60' lang='lat' dir='ltr'><strong>aderunt,</strong></span> <span class='ocrx_word' id='word_1_509' title='bbox 3737 2318 3833 2358; x_wconf 90' lang='lat' dir='ltr'><strong>cur</strong></span> 
     </span>
    </p>
   </div>
   <div class='ocr_carea' id='block_1_69' title="bbox 2236 2397 3833 2469">
    <p class='ocr_par' dir='ltr' id='par_1_69' title="bbox 2236 2397 3833 2469">
     <span class='ocr_line' id='line_1_69' title="bbox 2236 2397 3833 2469; baseline -0.002 -16"><span class='ocrx_word' id='word_1_510' title='bbox 2236 2407 2422 2455; x_wconf 89' lang='lat' dir='ltr'><strong>noster</strong></span> <span class='ocrx_word' id='word_1_511' title='bbox 2467 2399 2605 2454; x_wconf 78' lang='lat' dir='ltr'><strong>alius</strong></span> <span class='ocrx_word' id='word_1_512' title='bbox 2649 2400 2717 2453; x_wconf 90' lang='lat' dir='ltr'><strong>ab</strong></span> <span class='ocrx_word' id='word_1_513' title='bbox 2776 2399 2872 2454; x_wconf 91' lang='lat' dir='ltr'><strong>illo</strong></span> <span class='ocrx_word' id='word_1_514' title='bbox 2920 2399 3228 2469; x_wconf 84' lang='lat' dir='ltr'><strong>Gorgonius</strong></span> <span class='ocrx_word' id='word_1_515' title='bbox 3254 2399 3344 2454; x_wconf 87' lang='lat' dir='ltr'><strong>sit.</strong></span> <span class='ocrx_word' id='word_1_516' title='bbox 3381 2397 3653 2452; x_wconf 89' lang='lat' dir='ltr'><strong>Fuldense</strong></span> <span class='ocrx_word' id='word_1_517' title='bbox 3685 2406 3833 2452; x_wconf 87' lang='lat' dir='ltr'><strong>certe</strong></span> 
     </span>
    </p>
   </div>
   <div class='ocr_carea' id='block_1_70' title="bbox 2236 2490 3830 2566">
    <p class='ocr_par' dir='ltr' id='par_1_70' title="bbox 2236 2490 3830 2566">
     <span class='ocr_line' id='line_1_70' title="bbox 2236 2490 3830 2566; baseline -0.001 -18"><span class='ocrx_word' id='word_1_518' title='bbox 2236 2493 2681 2566; x_wconf 87' lang='lat' dir='ltr'><strong>martyrologium</strong></span> <span class='ocrx_word' id='word_1_519' title='bbox 2705 2492 2841 2548; x_wconf 91' lang='lat' dir='ltr'><strong>duos</strong></span> <span class='ocrx_word' id='word_1_520' title='bbox 2871 2491 3196 2562; x_wconf 84' lang='lat' dir='ltr'><strong>Gorgonios,</strong></span> <span class='ocrx_word' id='word_1_521' title='bbox 3231 2492 3459 2547; x_wconf 87' lang='lat' dir='ltr'><strong>alterum</strong></span> <span class='ocrx_word' id='word_1_522' title='bbox 3482 2490 3830 2558; x_wconf 56' lang='lat' dir='ltr'><strong>Nicomedia,</strong></span> 
     </span>
    </p>
   </div>
   <div class='ocr_carea' id='block_1_71' title="bbox 2235 2584 3834 2658">
    <p class='ocr_par' dir='ltr' id='par_1_71' title="bbox 2235 2584 3834 2658">
     <span class='ocr_line' id='line_1_71' title="bbox 2235 2584 3834 2658; baseline 0 -18"><span class='ocrx_word' id='word_1_523' title='bbox 2235 2586 2465 2640; x_wconf 85' lang='lat' dir='ltr'><strong>alterum</strong></span> <span class='ocrx_word' id='word_1_524' title='bbox 2495 2585 2682 2641; x_wconf 81' lang='lat' dir='ltr'><strong>Romae</strong></span> <span class='ocrx_word' id='word_1_525' title='bbox 2726 2601 2940 2654; x_wconf 89' lang='lat' dir='ltr'><strong>passum</strong></span> <span class='ocrx_word' id='word_1_526' title='bbox 2974 2587 3161 2641; x_wconf 84' lang='lat' dir='ltr'><strong>statuit</strong></span> <span class='ocrx_word' id='word_1_527' title='bbox 3205 2587 3304 2658; x_wconf 74' lang='grc' dir='ltr'><strong>(Ι),</strong></span> <span class='ocrx_word' id='word_1_528' title='bbox 3357 2594 3517 2654; x_wconf 86' lang='lat' dir='ltr'><strong>atque</strong></span> <span class='ocrx_word' id='word_1_529' title='bbox 3556 2584 3682 2640; x_wconf 89' lang='lat' dir='ltr'><strong>huic</strong></span> <span class='ocrx_word' id='word_1_530' title='bbox 3710 2601 3834 2640; x_wconf 81' lang='lat' dir='ltr'><strong>sen-</strong></span> 
     </span>
    </p>
   </div>
   <div class='ocr_carea' id='block_1_72' title="bbox 2235 2677 3832 2746">
    <p class='ocr_par' dir='ltr' id='par_1_72' title="bbox 2235 2677 3832 2746">
     <span class='ocr_line' id='line_1_72' title="bbox 2235 2677 3832 2746; baseline -0.001 -14"><span class='ocrx_word' id='word_1_531' title='bbox 2235 2679 2417 2733; x_wconf 68' lang='lat' dir='ltr'><strong>lentiae</strong></span> <span class='ocrx_word' id='word_1_532' title='bbox 2442 2679 2704 2733; x_wconf 89' lang='lat' dir='ltr'><strong>Damasus</strong></span> <span class='ocrx_word' id='word_1_533' title='bbox 2727 2677 2908 2733; x_wconf 88' lang='lat' dir='ltr'><strong>favere</strong></span> <span class='ocrx_word' id='word_1_534' title='bbox 2931 2678 3162 2743; x_wconf 88' lang='lat' dir='ltr'><strong>videtur,</strong></span> <span class='ocrx_word' id='word_1_535' title='bbox 3190 2678 3455 2746; x_wconf 86' lang='lat' dir='ltr'><strong>siquidem</strong></span> <span class='ocrx_word' id='word_1_536' title='bbox 3479 2677 3653 2732; x_wconf 83' lang='lat' dir='ltr'><strong>beatos</strong></span> <span class='ocrx_word' id='word_1_537' title='bbox 3675 2677 3832 2743; x_wconf 88' lang='lat' dir='ltr'><strong>alios,</strong></span> 
     </span>
    </p>
   </div>
   <div class='ocr_carea' id='block_1_73' title="bbox 2233 2770 3835 2840">
    <p class='ocr_par' dir='ltr' id='par_1_73' title="bbox 2233 2770 3835 2840">
     <span class='ocr_line' id='line_1_73' title="bbox 2233 2770 3835 2840; baseline 0.001 -17"><span class='ocrx_word' id='word_1_538' title='bbox 2233 2787 2359 2838; x_wconf 90' lang='lat' dir='ltr'><strong>quos</strong></span> <span class='ocrx_word' id='word_1_539' title='bbox 2397 2772 2564 2824; x_wconf 82' lang='lat' dir='ltr'><strong>vicina</strong></span> <span class='ocrx_word' id='word_1_540' title='bbox 2610 2772 2662 2824; x_wconf 87' lang='lat' dir='ltr'><strong>in</strong></span> <span class='ocrx_word' id='word_1_541' title='bbox 2699 2771 2817 2825; x_wconf 86' lang='lat' dir='ltr'><strong>sede</strong></span> <span class='ocrx_word' id='word_1_542' title='bbox 2855 2770 3087 2824; x_wconf 84' lang='lat' dir='ltr'><strong>habitare</strong></span> <span class='ocrx_word' id='word_1_543' title='bbox 3117 2771 3221 2833; x_wconf 85' lang='lat' dir='ltr'><strong>ait,</strong></span> <span class='ocrx_word' id='word_1_544' title='bbox 3255 2787 3376 2825; x_wconf 87' lang='lat' dir='ltr'><strong>cunt</strong></span> <span class='ocrx_word' id='word_1_545' title='bbox 3409 2770 3600 2826; x_wconf 91' lang='lat' dir='ltr'><strong>eodem</strong></span> <span class='ocrx_word' id='word_1_546' title='bbox 3635 2770 3835 2840; x_wconf 85' lang='lat' dir='ltr'><strong>pariter</strong></span> 
     </span>
    </p>
   </div>
   <div class='ocr_carea' id='block_1_74' title="bbox 2233 2862 3832 2933">
    <p class='ocr_par' dir='ltr' id='par_1_74' title="bbox 2233 2862 3832 2933">
     <span class='ocr_line' id='line_1_74' title="bbox 2233 2862 3832 2933; baseline -0.001 -15"><span class='ocrx_word' id='word_1_547' title='bbox 2233 2862 2510 2933; x_wconf 88' lang='lat' dir='ltr'><strong>Gorgonio</strong></span> <span class='ocrx_word' id='word_1_548' title='bbox 2537 2879 2752 2932; x_wconf 86' lang='lat' dir='ltr'><strong>passos,</strong></span> <span class='ocrx_word' id='word_1_549' title='bbox 2789 2879 2853 2918; x_wconf 89' lang='lat' dir='ltr'><strong>ac</strong></span> <span class='ocrx_word' id='word_1_550' title='bbox 2876 2880 2996 2918; x_wconf 92' lang='lat' dir='ltr'><strong>cum</strong></span> <span class='ocrx_word' id='word_1_551' title='bbox 3030 2863 3220 2917; x_wconf 86' lang='lat' dir='ltr'><strong>eodem</strong></span> <span class='ocrx_word' id='word_1_552' title='bbox 3244 2906 3256 2925; x_wconf 90' lang='lat'><strong>,</strong></span> <span class='ocrx_word' id='word_1_553' title='bbox 3292 2872 3349 2918; x_wconf 92' lang='lat' dir='ltr'><strong>ut</strong></span> <span class='ocrx_word' id='word_1_554' title='bbox 3376 2864 3497 2918; x_wconf 93' lang='lat' dir='ltr'><strong>loco</strong></span> <span class='ocrx_word' id='word_1_555' title='bbox 3520 2905 3534 2931; x_wconf 96' lang='lat'><strong>,</strong></span> <span class='ocrx_word' id='word_1_556' title='bbox 3561 2863 3641 2920; x_wconf 89' lang='lat' dir='ltr'><strong>sic</strong></span> <span class='ocrx_word' id='word_1_557' title='bbox 3666 2863 3832 2917; x_wconf 89' lang='lat' dir='ltr'><strong>etiam</strong></span> 
     </span>
    </p>
   </div>
   <div class='ocr_carea' id='block_1_75' title="bbox 2234 2955 3835 3027">
    <p class='ocr_par' dir='ltr' id='par_1_75' title="bbox 2234 2955 3835 3027">
     <span class='ocr_line' id='line_1_75' title="bbox 2234 2955 3835 3027; baseline 0 -17"><span class='ocrx_word' id='word_1_558' title='bbox 2234 2958 2496 3027; x_wconf 77' lang='lat' dir='ltr'><strong>martyrio</strong></span> <span class='ocrx_word' id='word_1_559' title='bbox 2525 2958 2844 3026; x_wconf 89' lang='lat' dir='ltr'><strong>conjunctos</strong></span> <span class='ocrx_word' id='word_1_560' title='bbox 2890 2955 3056 3011; x_wconf 86' lang='lat' dir='ltr'><strong>fuisse</strong></span> <span class='ocrx_word' id='word_1_561' title='bbox 3098 2956 3292 3010; x_wconf 90' lang='lat' dir='ltr'><strong>innuit.</strong></span> <span class='ocrx_word' id='word_1_562' title='bbox 3338 2955 3567 3024; x_wconf 86' lang='lat' dir='ltr'><strong>Quinam</strong></span> <span class='ocrx_word' id='word_1_563' title='bbox 3597 2970 3725 3017; x_wconf 83' lang='lat' dir='ltr'><strong>vero</strong></span> <span class='ocrx_word' id='word_1_564' title='bbox 3757 2955 3835 3010; x_wconf 91' lang='lat' dir='ltr'><strong>illi</strong></span> 
     </span>
    </p>
   </div>
   <div class='ocr_carea' id='block_1_76' title="bbox 2235 3048 3834 3115">
    <p class='ocr_par' dir='ltr' id='par_1_76' title="bbox 2235 3048 3834 3115">
     <span class='ocr_line' id='line_1_76' title="bbox 2235 3048 3834 3115; baseline 0.001 -13"><span class='ocrx_word' id='word_1_565' title='bbox 2235 3049 2454 3115; x_wconf 89' lang='lat' dir='ltr'><strong>fuerint,</strong></span> <span class='ocrx_word' id='word_1_566' title='bbox 2485 3050 2709 3105; x_wconf 86' lang='lat' dir='ltr'><strong>difficile</strong></span> <span class='ocrx_word' id='word_1_567' title='bbox 2740 3061 2820 3105; x_wconf 87' lang='lat' dir='ltr'><strong>est</strong></span> <span class='ocrx_word' id='word_1_568' title='bbox 2842 3050 3048 3106; x_wconf 84' lang='lat' dir='ltr'><strong>dicere.</strong></span> <span class='ocrx_word' id='word_1_569' title='bbox 3081 3049 3285 3104; x_wconf 86' lang='lat' dir='ltr'><strong>Notitia</strong></span> <span class='ocrx_word' id='word_1_570' title='bbox 3316 3051 3384 3104; x_wconf 91' lang='lat' dir='ltr'><strong>ab</strong></span> <span class='ocrx_word' id='word_1_571' title='bbox 3408 3048 3662 3108; x_wconf 80' lang='lat' dir='ltr'><strong>Exkardo</strong></span> <span class='ocrx_word' id='word_1_572' title='bbox 3689 3049 3834 3104; x_wconf 85' lang='lat' dir='ltr'><strong>edita</strong></span> 
     </span>
    </p>
   </div>
   <div class='ocr_carea' id='block_1_77' title="bbox 2157 3124 3835 3212">
    <p class='ocr_par' dir='ltr' id='par_1_77' title="bbox 2157 3124 3835 3212">
     <span class='ocr_line' id='line_1_77' title="bbox 2157 3124 3835 3212; baseline -0.001 -16"><span class='ocrx_word' id='word_1_573' title='bbox 2157 3124 2205 3188; x_wconf 68' lang='grc' dir='ltr'>Ο</span> <span class='ocrx_word' id='word_1_574' title='bbox 2235 3142 2376 3211; x_wconf 87' lang='lat' dir='ltr'><strong>apud</strong></span> <span class='ocrx_word' id='word_1_575' title='bbox 2423 3142 2712 3212; x_wconf 87' lang='lat' dir='ltr'><strong>Georgium</strong></span> <span class='ocrx_word' id='word_1_576' title='bbox 2756 3146 2872 3196; x_wconf 72' lang='lat' dir='ltr'><strong>hzec</strong></span> <span class='ocrx_word' id='word_1_577' title='bbox 2914 3142 3108 3197; x_wconf 89' lang='lat' dir='ltr'><strong>habet:</strong></span> <span class='ocrx_word' id='word_1_578' title='bbox 3153 3141 3236 3196; x_wconf 84' lang='lat' dir='ltr'><strong>lbi</strong></span> <span class='ocrx_word' id='word_1_579' title='bbox 3264 3143 3429 3196; x_wconf 82' lang='lat' dir='ltr'><strong>sancti</strong></span> <span class='ocrx_word' id='word_1_580' title='bbox 3453 3143 3541 3196; x_wconf 89' lang='lat' dir='ltr'><strong>isti</strong></span> <span class='ocrx_word' id='word_1_581' title='bbox 3575 3141 3835 3195; x_wconf 87' lang='lat' dir='ltr'><strong>dormiunt</strong></span> 
     </span>
    </p>
   </div>
   <div class='ocr_carea' id='block_1_78' title="bbox 2239 3234 3833 3309">
    <p class='ocr_par' dir='ltr' id='par_1_78' title="bbox 2239 3234 3833 3309">
     <span class='ocr_line' id='line_1_78' title="bbox 2239 3234 3833 3309; baseline 0.001 -21"><span class='ocrx_word' id='word_1_582' title='bbox 2239 3234 2430 3290; x_wconf 84' lang='lat' dir='ltr'><strong>Petrus</strong></span> <span class='ocrx_word' id='word_1_583' title='bbox 2451 3279 2465 3303; x_wconf 95' lang='lat'><strong>,</strong></span> <span class='ocrx_word' id='word_1_584' title='bbox 2497 3236 2839 3291; x_wconf 82' lang='lat' dir='ltr'><strong>Marcellinus</strong></span> <span class='ocrx_word' id='word_1_585' title='bbox 2861 3277 2874 3301; x_wconf 93' lang='lat'><strong>,</strong></span> <span class='ocrx_word' id='word_1_586' title='bbox 2915 3237 3081 3291; x_wconf 87' lang='lat' dir='ltr'><strong>sancti</strong></span> <span class='ocrx_word' id='word_1_587' title='bbox 3115 3254 3222 3291; x_wconf 78' lang='lat' dir='ltr'><strong>xxx</strong></span> <span class='ocrx_word' id='word_1_588' title='bbox 3251 3238 3440 3292; x_wconf 84' lang='lat' dir='ltr'><strong>milites</strong></span> <span class='ocrx_word' id='word_1_589' title='bbox 3459 3278 3474 3303; x_wconf 94' lang='lat'><strong>,</strong></span> <span class='ocrx_word' id='word_1_590' title='bbox 3509 3235 3797 3309; x_wconf 81' lang='lat' dir='ltr'><strong>Gorgonius</strong></span> <span class='ocrx_word' id='word_1_591' title='bbox 3816 3277 3833 3304; x_wconf 92' lang='lat'><strong>,</strong></span> 
     </span>
    </p>
   </div>
   <div class='ocr_carea' id='block_1_79' title="bbox 2239 3327 3835 3400">
    <p class='ocr_par' dir='ltr' id='par_1_79' title="bbox 2239 3327 3835 3400">
     <span class='ocr_line' id='line_1_79' title="bbox 2239 3327 3835 3400; baseline 0.001 -17"><span class='ocrx_word' id='word_1_592' title='bbox 2239 3327 2513 3396; x_wconf 79' lang='lat' dir='ltr'><strong>Geminus,</strong></span> <span class='ocrx_word' id='word_1_593' title='bbox 2553 3340 2684 3395; x_wconf 91' lang='lat' dir='ltr'><strong>etc.,</strong></span> <span class='ocrx_word' id='word_1_594' title='bbox 2712 3345 2850 3400; x_wconf 92' lang='lat' dir='ltr'><strong>quos</strong></span> <span class='ocrx_word' id='word_1_595' title='bbox 2868 3331 3028 3384; x_wconf 89' lang='lat' dir='ltr'><strong>etiam</strong></span> <span class='ocrx_word' id='word_1_596' title='bbox 3062 3331 3501 3385; x_wconf 86' lang='lat' dir='ltr'><strong>Melesburiensis</strong></span> <span class='ocrx_word' id='word_1_597' title='bbox 3531 3339 3835 3392; x_wconf 89' lang='lat' dir='ltr'><strong>memorat,</strong></span> 
     </span>
    </p>
   </div>
   <div class='ocr_carea' id='block_1_80' title="bbox 2237 3422 3837 3493">
    <p class='ocr_par' dir='ltr' id='par_1_80' title="bbox 2237 3422 3837 3493">
     <span class='ocr_line' id='line_1_80' title="bbox 2237 3422 3837 3493; baseline 0.001 -18"><span class='ocrx_word' id='word_1_598' title='bbox 2237 3439 2299 3478; x_wconf 88' lang='lat' dir='ltr'><strong>ac</strong></span> <span class='ocrx_word' id='word_1_599' title='bbox 2330 3423 2393 3476; x_wconf 86' lang='lat' dir='ltr'><strong>iis</strong></span> <span class='ocrx_word' id='word_1_600' title='bbox 2425 3439 2528 3476; x_wconf 90' lang='lat' dir='ltr'><strong>non</strong></span> <span class='ocrx_word' id='word_1_601' title='bbox 2558 3423 2707 3493; x_wconf 87' lang='lat' dir='ltr'><strong>longe</strong></span> <span class='ocrx_word' id='word_1_602' title='bbox 2746 3423 2939 3493; x_wconf 86' lang='lat' dir='ltr'><strong>positos</strong></span> <span class='ocrx_word' id='word_1_603' title='bbox 2966 3432 3168 3476; x_wconf 88' lang='lat' dir='ltr'><strong>sanctos</strong></span> <span class='ocrx_word' id='word_1_604' title='bbox 3197 3432 3414 3483; x_wconf 85' lang='lat' dir='ltr'><strong>quatuor</strong></span> <span class='ocrx_word' id='word_1_605' title='bbox 3441 3431 3710 3477; x_wconf 85' lang='lat' dir='ltr'><strong>coronatos</strong></span> <span class='ocrx_word' id='word_1_606' title='bbox 3740 3422 3837 3476; x_wconf 86' lang='lat' dir='ltr'><strong>ad-</strong></span> 
     </span>
    </p>
   </div>
   <div class='ocr_carea' id='block_1_81' title="bbox 2238 3513 3840 3571">
    <p class='ocr_par' dir='ltr' id='par_1_81' title="bbox 2238 3513 3840 3571">
     <span class='ocr_line' id='line_1_81' title="bbox 2238 3513 3840 3571; baseline -0.001 0"><span class='ocrx_word' id='word_1_607' title='bbox 2238 3517 2334 3571; x_wconf 89' lang='lat' dir='ltr'><strong>dit.</strong></span> <span class='ocrx_word' id='word_1_608' title='bbox 2392 3517 2501 3570; x_wconf 88' lang='lat' dir='ltr'><strong>llos</strong></span> <span class='ocrx_word' id='word_1_609' title='bbox 2532 3515 2697 3570; x_wconf 88' lang='lat' dir='ltr'><strong>etiam</strong></span> <span class='ocrx_word' id='word_1_610' title='bbox 2749 3531 2860 3569; x_wconf 86' lang='lat' dir='ltr'><strong>xxx</strong></span> <span class='ocrx_word' id='word_1_611' title='bbox 2905 3516 3103 3570; x_wconf 90' lang='lat' dir='ltr'><strong>milites</strong></span> <span class='ocrx_word' id='word_1_612' title='bbox 3155 3515 3236 3569; x_wconf 80' lang='lat' dir='ltr'><strong>via</strong></span> <span class='ocrx_word' id='word_1_613' title='bbox 3283 3515 3546 3570; x_wconf 86' lang='lat' dir='ltr'><strong>Lavicana</strong></span> <span class='ocrx_word' id='word_1_614' title='bbox 3595 3514 3660 3568; x_wconf 90' lang='lat' dir='ltr'><strong>ad</strong></span> <span class='ocrx_word' id='word_1_615' title='bbox 3703 3513 3840 3570; x_wconf 89' lang='lat' dir='ltr'><strong>duas</strong></span> 
     </span>
    </p>
   </div>
   <div class='ocr_carea' id='block_1_82' title="bbox 2238 3607 3838 3663">
    <p class='ocr_par' dir='ltr' id='par_1_82' title="bbox 2238 3607 3838 3663">
     <span class='ocr_line' id='line_1_82' title="bbox 2238 3607 3838 3663; baseline 0.001 -1"><span class='ocrx_word' id='word_1_616' title='bbox 2238 3610 2423 3662; x_wconf 82' lang='lat' dir='ltr'><strong>lauros</strong></span> <span class='ocrx_word' id='word_1_617' title='bbox 2461 3624 2559 3661; x_wconf 90' lang='lat' dir='ltr'><strong>una</strong></span> <span class='ocrx_word' id='word_1_618' title='bbox 2592 3607 2681 3662; x_wconf 89' lang='lat' dir='ltr'><strong>die</strong></span> <span class='ocrx_word' id='word_1_619' title='bbox 2723 3608 2823 3662; x_wconf 91' lang='lat' dir='ltr'><strong>sub</strong></span> <span class='ocrx_word' id='word_1_620' title='bbox 2865 3607 3200 3662; x_wconf 89' lang='lat' dir='ltr'><strong>Diocletiano</strong></span> <span class='ocrx_word' id='word_1_621' title='bbox 3237 3620 3527 3663; x_wconf 87' lang='lat' dir='ltr'><strong>coronatos</strong></span> <span class='ocrx_word' id='word_1_622' title='bbox 3572 3618 3838 3663; x_wconf 83' lang='lat' dir='ltr'><strong>memorat</strong></span> 
     </span>
    </p>
   </div>
   <div class='ocr_carea' id='block_1_83' title="bbox 2241 3700 3839 3771">
    <p class='ocr_par' dir='ltr' id='par_1_83' title="bbox 2241 3700 3839 3771">
     <span class='ocr_line' id='line_1_83' title="bbox 2241 3700 3839 3771; baseline -0.001 -16"><span class='ocrx_word' id='word_1_623' title='bbox 2241 3701 2716 3770; x_wconf 82' lang='lat' dir='ltr'><strong>Ilierooymianunt</strong></span> <span class='ocrx_word' id='word_1_624' title='bbox 2751 3700 3224 3771; x_wconf 87' lang='lat' dir='ltr'><strong>martyrologiunt,</strong></span> <span class='ocrx_word' id='word_1_625' title='bbox 3255 3702 3319 3753; x_wconf 87' lang='lat' dir='ltr'><strong>ad</strong></span> <span class='ocrx_word' id='word_1_626' title='bbox 3350 3701 3491 3755; x_wconf 88' lang='lat' dir='ltr'><strong>diem</strong></span> <span class='ocrx_word' id='word_1_627' title='bbox 3513 3700 3585 3755; x_wconf 66' lang='lat'><strong>22</strong></span> <span class='ocrx_word' id='word_1_628' title='bbox 3615 3702 3839 3757; x_wconf 88' lang='lat' dir='ltr'><strong>Decem-</strong></span> 
     </span>
    </p>
   </div>
   <div class='ocr_carea' id='block_1_84' title="bbox 2239 3791 3840 3863">
    <p class='ocr_par' dir='ltr' id='par_1_84' title="bbox 2239 3791 3840 3863">
     <span class='ocr_line' id='line_1_84' title="bbox 2239 3791 3840 3863; baseline 0.001 -16"><span class='ocrx_word' id='word_1_629' title='bbox 2239 3793 2352 3847; x_wconf 90' lang='lat' dir='ltr'><strong>bris</strong></span> <span class='ocrx_word' id='word_1_630' title='bbox 2377 3834 2391 3858; x_wconf 95' lang='lat'><strong>,</strong></span> <span class='ocrx_word' id='word_1_631' title='bbox 2437 3808 2572 3862; x_wconf 89' lang='lat' dir='ltr'><strong>quos</strong></span> <span class='ocrx_word' id='word_1_632' title='bbox 2605 3808 2798 3847; x_wconf 89' lang='lat' dir='ltr'><strong>omnes</strong></span> <span class='ocrx_word' id='word_1_633' title='bbox 2836 3793 2973 3846; x_wconf 90' lang='lat' dir='ltr'><strong>forte</strong></span> <span class='ocrx_word' id='word_1_634' title='bbox 3009 3791 3272 3846; x_wconf 86' lang='lat' dir='ltr'><strong>Damasus</strong></span> <span class='ocrx_word' id='word_1_635' title='bbox 3304 3793 3495 3848; x_wconf 90' lang='lat' dir='ltr'><strong>eodem</strong></span> <span class='ocrx_word' id='word_1_636' title='bbox 3538 3794 3658 3848; x_wconf 92' lang='lat' dir='ltr'><strong>loco</strong></span> <span class='ocrx_word' id='word_1_637' title='bbox 3686 3794 3840 3863; x_wconf 89' lang='lat' dir='ltr'><strong>quie-</strong></span> 
     </span>
    </p>
   </div>
   <div class='ocr_carea' id='block_1_85' title="bbox 2239 3887 3838 3958">
    <p class='ocr_par' dir='ltr' id='par_1_85' title="bbox 2239 3887 3838 3958">
     <span class='ocr_line' id='line_1_85' title="bbox 2239 3887 3838 3958; baseline -0.001 -13"><span class='ocrx_word' id='word_1_638' title='bbox 2239 3898 2453 3945; x_wconf 88' lang='lat' dir='ltr'><strong>scentes</strong></span> <span class='ocrx_word' id='word_1_639' title='bbox 2481 3888 2766 3958; x_wconf 88' lang='lat' dir='ltr'><strong>designare</strong></span> <span class='ocrx_word' id='word_1_640' title='bbox 2796 3890 2990 3958; x_wconf 88' lang='lat' dir='ltr'><strong>potuit.</strong></span> <span class='ocrx_word' id='word_1_641' title='bbox 3036 3887 3479 3958; x_wconf 85' lang='lat' dir='ltr'><strong>lconographiam</strong></span> <span class='ocrx_word' id='word_1_642' title='bbox 3528 3891 3838 3958; x_wconf 87' lang='lat' dir='ltr'><strong>superioris</strong></span> 
     </span>
    </p>
   </div>
   <div class='ocr_carea' id='block_1_86' title="bbox 2240 3979 3840 4037">
    <p class='ocr_par' dir='ltr' id='par_1_86' title="bbox 2240 3979 3840 4037">
     <span class='ocr_line' id='line_1_86' title="bbox 2240 3979 3840 4037; baseline -0.002 0"><span class='ocrx_word' id='word_1_643' title='bbox 2240 3991 2295 4037; x_wconf 92' lang='lat' dir='ltr'><strong>et</strong></span> <span class='ocrx_word' id='word_1_644' title='bbox 2330 3981 2600 4036; x_wconf 88' lang='lat' dir='ltr'><strong>inferioris</strong></span> <span class='ocrx_word' id='word_1_645' title='bbox 2640 3981 2939 4036; x_wconf 75' lang='lat' dir='ltr'><strong>cmmeterii</strong></span> <span class='ocrx_word' id='word_1_646' title='bbox 2984 3979 3081 4036; x_wconf 88' lang='lat' dir='ltr'><strong>SS.</strong></span> <span class='ocrx_word' id='word_1_647' title='bbox 3126 3979 3271 4036; x_wconf 90' lang='lat' dir='ltr'><strong>Petri</strong></span> <span class='ocrx_word' id='word_1_648' title='bbox 3309 3991 3363 4036; x_wconf 88' lang='lat' dir='ltr'><strong>et</strong></span> <span class='ocrx_word' id='word_1_649' title='bbox 3401 3981 3692 4036; x_wconf 84' lang='lat' dir='ltr'><strong>Marcellini</strong></span> <span class='ocrx_word' id='word_1_650' title='bbox 3737 3982 3840 4036; x_wconf 79' lang='lat' dir='ltr'><strong>ite-</strong></span> 
     </span>
    </p>
   </div>
   <div class='ocr_carea' id='block_1_87' title="bbox 2240 4072 3836 4130">
    <p class='ocr_par' dir='ltr' id='par_1_87' title="bbox 2240 4072 3836 4130">
     <span class='ocr_line' id='line_1_87' title="bbox 2240 4072 3836 4130; baseline -0.001 -1"><span class='ocrx_word' id='word_1_651' title='bbox 2240 4089 2360 4130; x_wconf 90' lang='lat' dir='ltr'><strong>rum</strong></span> <span class='ocrx_word' id='word_1_652' title='bbox 2404 4073 2575 4128; x_wconf 88' lang='lat' dir='ltr'><strong>edidit</strong></span> <span class='ocrx_word' id='word_1_653' title='bbox 2617 4074 2687 4128; x_wconf 91' lang='lat' dir='ltr'><strong>cl.</strong></span> <span class='ocrx_word' id='word_1_654' title='bbox 2733 4072 3000 4128; x_wconf 89' lang='lat' dir='ltr'><strong>Bottarius</strong></span> <span class='ocrx_word' id='word_1_655' title='bbox 3041 4073 3317 4128; x_wconf 67' lang='lat' dir='ltr'><strong>Vaticana:</strong></span> <span class='ocrx_word' id='word_1_656' title='bbox 3358 4073 3704 4130; x_wconf 66' lang='lat' dir='ltr'><strong>bibliothecae</strong></span> <span class='ocrx_word' id='word_1_657' title='bbox 3739 4091 3836 4128; x_wconf 72' lang='lat' dir='ltr'><strong>cu-</strong></span> 
     </span>
    </p>
   </div>
   <div class='ocr_carea' id='block_1_88' title="bbox 2241 4167 3838 4240">
    <p class='ocr_par' dir='ltr' id='par_1_88' title="bbox 2241 4167 3838 4240">
     <span class='ocr_line' id='line_1_88' title="bbox 2241 4167 3838 4240; baseline -0.001 -17"><span class='ocrx_word' id='word_1_658' title='bbox 2241 4178 2357 4224; x_wconf 89' lang='lat' dir='ltr'><strong>stos</strong></span> <span class='ocrx_word' id='word_1_659' title='bbox 2406 4167 2507 4240; x_wconf 88' lang='lat' dir='ltr'><strong>(g),</strong></span> <span class='ocrx_word' id='word_1_660' title='bbox 2562 4169 2612 4222; x_wconf 92' lang='lat' dir='ltr'><strong>in</strong></span> <span class='ocrx_word' id='word_1_661' title='bbox 2660 4183 2831 4238; x_wconf 85' lang='lat' dir='ltr'><strong>eaque</strong></span> <span class='ocrx_word' id='word_1_662' title='bbox 2878 4167 3188 4222; x_wconf 89' lang='lat' dir='ltr'><strong>cubiculum</strong></span> <span class='ocrx_word' id='word_1_663' title='bbox 3214 4177 3588 4237; x_wconf 70' lang='lat' dir='ltr'><strong>reprresentat,</strong></span> <span class='ocrx_word' id='word_1_664' title='bbox 3638 4169 3690 4223; x_wconf 91' lang='lat' dir='ltr'><strong>in</strong></span> <span class='ocrx_word' id='word_1_665' title='bbox 3732 4183 3838 4239; x_wconf 90' lang='lat' dir='ltr'><strong>quo</strong></span> 
     </span>
    </p>
   </div>
   <div class='ocr_carea' id='block_1_89' title="bbox 2243 4258 3838 4316">
    <p class='ocr_par' dir='ltr' id='par_1_89' title="bbox 2243 4258 3838 4316">
     <span class='ocr_line' id='line_1_89' title="bbox 2243 4258 3838 4316; baseline -0.001 0"><span class='ocrx_word' id='word_1_666' title='bbox 2243 4260 2501 4316; x_wconf 88' lang='lat' dir='ltr'><strong>Dominus</strong></span> <span class='ocrx_word' id='word_1_667' title='bbox 2520 4259 2676 4315; x_wconf 85' lang='lat' dir='ltr'><strong>Jesus</strong></span> <span class='ocrx_word' id='word_1_668' title='bbox 2706 4258 2915 4315; x_wconf 91' lang='lat' dir='ltr'><strong>medius</strong></span> <span class='ocrx_word' id='word_1_669' title='bbox 2945 4259 3099 4313; x_wconf 91' lang='lat' dir='ltr'><strong>sedet</strong></span> <span class='ocrx_word' id='word_1_670' title='bbox 3127 4261 3268 4313; x_wconf 91' lang='lat' dir='ltr'><strong>inter</strong></span> <span class='ocrx_word' id='word_1_671' title='bbox 3294 4260 3507 4314; x_wconf 87' lang='lat' dir='ltr'><strong>Petrum</strong></span> <span class='ocrx_word' id='word_1_672' title='bbox 3537 4269 3592 4314; x_wconf 93' lang='lat' dir='ltr'><strong>et</strong></span> <span class='ocrx_word' id='word_1_673' title='bbox 3615 4261 3838 4316; x_wconf 84' lang='lat' dir='ltr'><strong>Paulum</strong></span> 
     </span>
    </p>
   </div>
   <div class='ocr_carea' id='block_1_90' title="bbox 2242 4349 3836 4422">
    <p class='ocr_par' dir='ltr' id='par_1_90' title="bbox 2242 4349 3836 4422">
     <span class='ocr_line' id='line_1_90' title="bbox 2242 4349 3836 4422; baseline -0.001 -16"><span class='ocrx_word' id='word_1_674' title='bbox 2242 4353 2519 4422; x_wconf 87' lang='lat' dir='ltr'><strong>apostolos</strong></span> <span class='ocrx_word' id='word_1_675' title='bbox 2549 4360 2785 4419; x_wconf 84' lang='lat' dir='ltr'><strong>stantes,</strong></span> <span class='ocrx_word' id='word_1_676' title='bbox 2813 4351 2915 4404; x_wconf 90' lang='lat' dir='ltr'><strong>sub</strong></span> <span class='ocrx_word' id='word_1_677' title='bbox 2944 4349 3078 4420; x_wconf 89' lang='lat' dir='ltr'><strong>ipsis</strong></span> <span class='ocrx_word' id='word_1_678' title='bbox 3108 4365 3238 4406; x_wconf 83' lang='lat' dir='ltr'><strong>vero</strong></span> <span class='ocrx_word' id='word_1_679' title='bbox 3265 4350 3584 4422; x_wconf 79' lang='lat' dir='ltr'><strong>Gorgonius,</strong></span> <span class='ocrx_word' id='word_1_680' title='bbox 3615 4351 3800 4408; x_wconf 82' lang='lat' dir='ltr'><strong>Petrus</strong></span> <span class='ocrx_word' id='word_1_681' title='bbox 3820 4395 3836 4420; x_wconf 92' lang='lat'><strong>,</strong></span> 
     </span>
    </p>
   </div>
   <div class='ocr_carea' id='block_1_91' title="bbox 2251 4442 3840 4514">
    <p class='ocr_par' dir='ltr' id='par_1_91' title="bbox 2251 4442 3840 4514">
     <span class='ocr_line' id='line_1_91' title="bbox 2251 4442 3840 4514; baseline 0 -16"><span class='ocrx_word' id='word_1_682' title='bbox 2251 4445 2617 4509; x_wconf 84' lang='lat' dir='ltr'><strong>Marcellinus,</strong></span> <span class='ocrx_word' id='word_1_683' title='bbox 2671 4442 2977 4509; x_wconf 85' lang='lat' dir='ltr'><strong>Tiburtius,</strong></span> <span class='ocrx_word' id='word_1_684' title='bbox 3023 4444 3301 4514; x_wconf 81' lang='lat' dir='ltr'><strong>expressis</strong></span> <span class='ocrx_word' id='word_1_685' title='bbox 3348 4444 3657 4500; x_wconf 90' lang='lat' dir='ltr'><strong>nominibus</strong></span> <span class='ocrx_word' id='word_1_686' title='bbox 3704 4443 3840 4500; x_wconf 89' lang='lat' dir='ltr'><strong>indi-</strong></span> 
     </span>
    </p>
   </div>
   <div class='ocr_carea' id='block_1_92' title="bbox 539 4506 2458 4603">
    <p class='ocr_par' dir='ltr' id='par_1_92' title="bbox 539 4506 2458 4603">
     <span class='ocr_line' id='line_1_92' title="bbox 539 4506 2458 4603; baseline 0.003 -16"><span class='ocrx_word' id='word_1_687' title='bbox 539 4545 638 4588; x_wconf 86' lang='lat' dir='ltr'><strong>nas</strong></span> <span class='ocrx_word' id='word_1_688' title='bbox 665 4533 818 4590; x_wconf 79' lang='lat' dir='ltr'><strong>Statis</strong></span> <span class='ocrx_word' id='word_1_689' title='bbox 846 4506 1037 4590; x_wconf 76' lang='lat' dir='ltr'><strong>diebus</strong></span> <span class='ocrx_word' id='word_1_690' title='bbox 1069 4506 1548 4587; x_wconf 76' lang='lat' dir='ltr'><strong>transmitteretur.</strong></span> <span class='ocrx_word' id='word_1_691' title='bbox 1589 4531 1742 4600; x_wconf 84' lang='lat' dir='ltr'><strong>Quod</strong></span> <span class='ocrx_word' id='word_1_692' title='bbox 1773 4533 1953 4603; x_wconf 89' lang='lat' dir='ltr'><strong>itaque</strong></span> <span class='ocrx_word' id='word_1_693' title='bbox 1984 4532 2144 4588; x_wconf 89' lang='lat' dir='ltr'><strong>lnno—</strong></span> <span class='ocrx_word' id='word_1_694' title='bbox 2168 4506 2221 4566; x_wconf 82' lang='lat' dir='ltr'><strong>D</strong></span> <span class='ocrx_word' id='word_1_695' title='bbox 2247 4547 2458 4594; x_wconf 87' lang='lat' dir='ltr'><strong>cantur.</strong></span> 
     </span>
    </p>
   </div>
   <div class='ocr_carea' id='block_1_93' title="bbox 540 4626 2142 4700">
    <p class='ocr_par' dir='ltr' id='par_1_93' title="bbox 540 4626 2142 4700">
     <span class='ocr_line' id='line_1_93' title="bbox 540 4626 2142 4700; baseline -0.001 -17"><span class='ocrx_word' id='word_1_696' title='bbox 540 4628 752 4685; x_wconf 88' lang='lat' dir='ltr'><strong>centius</strong></span> <span class='ocrx_word' id='word_1_697' title='bbox 779 4630 855 4688; x_wconf 87' lang='lat' dir='ltr'><strong>ait</strong></span> <span class='ocrx_word' id='word_1_698' title='bbox 876 4630 931 4686; x_wconf 91' lang='lat' dir='ltr'><strong>in</strong></span> <span class='ocrx_word' id='word_1_699' title='bbox 956 4626 1184 4700; x_wconf 86' lang='lat' dir='ltr'><strong>epistola</strong></span> <span class='ocrx_word' id='word_1_700' title='bbox 1212 4627 1280 4682; x_wconf 90' lang='lat' dir='ltr'><strong>ad</strong></span> <span class='ocrx_word' id='word_1_701' title='bbox 1310 4627 1622 4682; x_wconf 89' lang='lat' dir='ltr'><strong>Decentium</strong></span> <span class='ocrx_word' id='word_1_702' title='bbox 1648 4627 2011 4697; x_wconf 87' lang='lat' dir='ltr'><strong>Engnbinum,</strong></span> <span class='ocrx_word' id='word_1_703' title='bbox 2039 4645 2142 4682; x_wconf 86' lang='lat' dir='ltr'><strong>non</strong></span> 
     </span>
    </p>
   </div>
   <div class='ocr_carea' id='block_1_94' title="bbox 541 4718 2142 4794">
    <p class='ocr_par' dir='ltr' id='par_1_94' title="bbox 541 4718 2142 4794">
     <span class='ocr_line' id='line_1_94' title="bbox 541 4718 2142 4794; baseline 0.002 -22"><span class='ocrx_word' id='word_1_704' title='bbox 541 4730 727 4790; x_wconf 84' lang='lat' dir='ltr'><strong>putare</strong></span> <span class='ocrx_word' id='word_1_705' title='bbox 752 4737 824 4788; x_wconf 85' lang='lat' dir='ltr'><strong>se,</strong></span> <span class='ocrx_word' id='word_1_706' title='bbox 855 4731 909 4776; x_wconf 84' lang='lat' dir='ltr'><strong>ut</strong></span> <span class='ocrx_word' id='word_1_707' title='bbox 943 4725 1249 4794; x_wconf 74' lang='lat' dir='ltr'><strong>fermentum</strong></span> <span class='ocrx_word' id='word_1_708' title='bbox 1273 4737 1365 4790; x_wconf 82' lang='lat' dir='ltr'><strong>per</strong></span> <span class='ocrx_word' id='word_1_709' title='bbox 1392 4718 1668 4790; x_wconf 87' lang='lat' dir='ltr'><strong>parochias</strong></span> <span class='ocrx_word' id='word_1_710' title='bbox 1689 4721 1997 4787; x_wconf 85' lang='lat' dir='ltr'><strong>mitteretur,</strong></span> <span class='ocrx_word' id='word_1_711' title='bbox 2021 4725 2142 4793; x_wconf 82' lang='lat' dir='ltr'><strong>quia</strong></span> 
     </span>
    </p>
   </div>
   <div class='ocr_carea' id='block_1_95' title="bbox 545 4811 2142 4884">
    <p class='ocr_par' dir='ltr' id='par_1_95' title="bbox 545 4811 2142 4884">
     <span class='ocr_line' id='line_1_95' title="bbox 545 4811 2142 4884; baseline 0.004 -18"><span class='ocrx_word' id='word_1_712' title='bbox 545 4827 648 4867; x_wconf 84' lang='lat' dir='ltr'><strong>non</strong></span> <span class='ocrx_word' id='word_1_713' title='bbox 683 4811 830 4882; x_wconf 83' lang='lat' dir='ltr'><strong>longe</strong></span> <span class='ocrx_word' id='word_1_714' title='bbox 858 4813 1114 4884; x_wconf 86' lang='lat' dir='ltr'><strong>portanda</strong></span> <span class='ocrx_word' id='word_1_715' title='bbox 1151 4823 1269 4868; x_wconf 86' lang='lat' dir='ltr'><strong>sunt</strong></span> <span class='ocrx_word' id='word_1_716' title='bbox 1305 4825 1659 4882; x_wconf 87' lang='lat' dir='ltr'><strong>sacramenta,</strong></span> <span class='ocrx_word' id='word_1_717' title='bbox 1693 4817 1773 4872; x_wconf 87' lang='lat' dir='ltr'><strong>vir</strong></span> <span class='ocrx_word' id='word_1_718' title='bbox 1803 4818 2142 4876; x_wconf 90' lang='lat' dir='ltr'><strong>clarissimus</strong></span> 
     </span>
    </p>
   </div>
   <div class='ocr_carea' id='block_1_96' title="bbox 543 4901 2138 4979">
    <p class='ocr_par' dir='ltr' id='par_1_96' title="bbox 543 4901 2138 4979">
     <span class='ocr_line' id='line_1_96' title="bbox 543 4901 2138 4979; baseline 0.003 -19"><span class='ocrx_word' id='word_1_719' title='bbox 543 4901 713 4960; x_wconf 70' lang='lat' dir='ltr'><strong>refert</strong></span> <span class='ocrx_word' id='word_1_720' title='bbox 740 4903 805 4957; x_wconf 88' lang='lat' dir='ltr'><strong>ad</strong></span> <span class='ocrx_word' id='word_1_721' title='bbox 830 4905 1000 4974; x_wconf 80' lang='lat' dir='ltr'><strong>legem</strong></span> <span class='ocrx_word' id='word_1_722' title='bbox 1027 4903 1263 4972; x_wconf 88' lang='lat' dir='ltr'><strong>aliquam</strong></span> <span class='ocrx_word' id='word_1_723' title='bbox 1298 4913 1424 4959; x_wconf 93' lang='lat' dir='ltr'><strong>tunc</strong></span> <span class='ocrx_word' id='word_1_724' title='bbox 1446 4906 1514 4961; x_wconf 88' lang='lat' dir='ltr'><strong>ab</strong></span> <span class='ocrx_word' id='word_1_725' title='bbox 1540 4921 1605 4962; x_wconf 86' lang='lat' dir='ltr'><strong>eo</strong></span> <span class='ocrx_word' id='word_1_726' title='bbox 1637 4909 1890 4979; x_wconf 85' lang='lat' dir='ltr'><strong>pontifice</strong></span> <span class='ocrx_word' id='word_1_727' title='bbox 1915 4909 2138 4977; x_wconf 87' lang='lat' dir='ltr'><strong>editam,</strong></span> 
     </span>
    </p>
   </div>
   <div class='ocr_carea' id='block_1_97' title="bbox 540 4995 2137 5074">
    <p class='ocr_par' dir='ltr' id='par_1_97' title="bbox 540 4995 2137 5074">
     <span class='ocr_line' id='line_1_97' title="bbox 540 4995 2137 5074; baseline 0.006 -25"><span class='ocrx_word' id='word_1_728' title='bbox 540 5011 645 5066; x_wconf 89' lang='lat' dir='ltr'><strong>qua</strong></span> <span class='ocrx_word' id='word_1_729' title='bbox 664 4995 964 5066; x_wconf 74' lang='lat' dir='ltr'><strong>iuberetur,</strong></span> <span class='ocrx_word' id='word_1_730' title='bbox 991 5009 1057 5049; x_wconf 90' lang='lat' dir='ltr'><strong>ne</strong></span> <span class='ocrx_word' id='word_1_731' title='bbox 1081 4996 1182 5050; x_wconf 91' lang='lat' dir='ltr'><strong>hoc</strong></span> <span class='ocrx_word' id='word_1_732' title='bbox 1203 4995 1456 5066; x_wconf 78' lang='lat' dir='ltr'><strong>deinceps</strong></span> <span class='ocrx_word' id='word_1_733' title='bbox 1480 5001 1663 5055; x_wconf 90' lang='lat' dir='ltr'><strong>lieret:</strong></span> <span class='ocrx_word' id='word_1_734' title='bbox 1689 5017 1851 5071; x_wconf 89' lang='lat' dir='ltr'><strong>quem</strong></span> <span class='ocrx_word' id='word_1_735' title='bbox 1875 5014 2137 5074; x_wconf 81' lang='lat' dir='ltr'><strong>praeterea</strong></span> 
     </span>
    </p>
   </div>
   <div class='ocr_carea' id='block_1_98' title="bbox 541 5089 2142 5163">
    <p class='ocr_par' dir='ltr' id='par_1_98' title="bbox 541 5089 2142 5163">
     <span class='ocr_line' id='line_1_98' title="bbox 541 5089 2142 5163; baseline 0.004 -18"><span class='ocrx_word' id='word_1_736' title='bbox 541 5091 892 5162; x_wconf 86' lang='lat' dir='ltr'><strong>presbyteros</strong></span> <span class='ocrx_word' id='word_1_737' title='bbox 916 5130 930 5153; x_wconf 92' lang='lat'><strong>,</strong></span> <span class='ocrx_word' id='word_1_738' title='bbox 980 5089 1070 5159; x_wconf 82' lang='lat' dir='ltr'><strong>qui</strong></span> <span class='ocrx_word' id='word_1_739' title='bbox 1099 5104 1194 5159; x_wconf 90' lang='lat' dir='ltr'><strong>per</strong></span> <span class='ocrx_word' id='word_1_740' title='bbox 1225 5094 1535 5156; x_wconf 74' lang='lat' dir='ltr'><strong>cmmeteria</strong></span> <span class='ocrx_word' id='word_1_741' title='bbox 1567 5105 1853 5156; x_wconf 87' lang='lat' dir='ltr'><strong>manerent</strong></span> <span class='ocrx_word' id='word_1_742' title='bbox 1878 5137 1892 5163; x_wconf 95' lang='lat'><strong>,</strong></span> <span class='ocrx_word' id='word_1_743' title='bbox 1939 5099 2142 5152; x_wconf 91' lang='lat' dir='ltr'><strong>consti-</strong></span> 
     </span>
    </p>
   </div>
   <div class='ocr_carea' id='block_1_99' title="bbox 543 5182 2143 5258">
    <p class='ocr_par' dir='ltr' id='par_1_99' title="bbox 543 5182 2143 5258">
     <span class='ocr_line' id='line_1_99' title="bbox 543 5182 2143 5258; baseline 0.001 -16"><span class='ocrx_word' id='word_1_744' title='bbox 543 5185 734 5254; x_wconf 78' lang='lat' dir='ltr'><strong>tuisse,</strong></span> <span class='ocrx_word' id='word_1_745' title='bbox 765 5193 927 5254; x_wconf 91' lang='lat' dir='ltr'><strong>atquc</strong></span> <span class='ocrx_word' id='word_1_746' title='bbox 961 5182 1024 5242; x_wconf 84' lang='lat' dir='ltr'><strong>iis</strong></span> <span class='ocrx_word' id='word_1_747' title='bbox 1054 5183 1517 5242; x_wconf 78' lang='lat' dir='ltr'><strong>cottlicieudorum</strong></span> <span class='ocrx_word' id='word_1_748' title='bbox 1547 5197 2008 5244; x_wconf 87' lang='lat' dir='ltr'><strong>sacramentorum</strong></span> <span class='ocrx_word' id='word_1_749' title='bbox 2035 5190 2143 5258; x_wconf 87' lang='lat' dir='ltr'><strong>pri-</strong></span> 
     </span>
    </p>
   </div>
   <div class='ocr_carea' id='block_1_100' title="bbox 543 5275 2142 5349">
    <p class='ocr_par' dir='ltr' id='par_1_100' title="bbox 543 5275 2142 5349">
     <span class='ocr_line' id='line_1_100' title="bbox 543 5275 2142 5349; baseline 0.001 -17"><span class='ocrx_word' id='word_1_750' title='bbox 543 5292 691 5338; x_wconf 84' lang='lat' dir='ltr'><strong>mum</strong></span> <span class='ocrx_word' id='word_1_751' title='bbox 721 5278 930 5348; x_wconf 84' lang='lat' dir='ltr'><strong>copiam</strong></span> <span class='ocrx_word' id='word_1_752' title='bbox 961 5275 1156 5338; x_wconf 75' lang='lat' dir='ltr'><strong>iecisse</strong></span> <span class='ocrx_word' id='word_1_753' title='bbox 1183 5283 1392 5334; x_wconf 88' lang='lat' dir='ltr'><strong>censet.</strong></span> <span class='ocrx_word' id='word_1_754' title='bbox 1427 5275 1588 5334; x_wconf 82' lang='lat' dir='ltr'><strong>Vides</strong></span> <span class='ocrx_word' id='word_1_755' title='bbox 1615 5287 1820 5347; x_wconf 88' lang='lat' dir='ltr'><strong>quarto.</strong></span> <span class='ocrx_word' id='word_1_756' title='bbox 1835 5279 2142 5349; x_wconf 74' lang='lat' dir='ltr'><strong>fermentum</strong></span> 
     </span>
    </p>
   </div>
   <div class='ocr_carea' id='block_1_101' title="bbox 542 5368 2142 5444">
    <p class='ocr_par' dir='ltr' id='par_1_101' title="bbox 542 5368 2142 5444">
     <span class='ocr_line' id='line_1_101' title="bbox 542 5368 2142 5444; baseline 0.003 -18"><span class='ocrx_word' id='word_1_757' title='bbox 542 5370 720 5440; x_wconf 87' lang='lat' dir='ltr'><strong>ipsum</strong></span> <span class='ocrx_word' id='word_1_758' title='bbox 761 5371 829 5434; x_wconf 75' lang='lat' dir='ltr'><strong>ab</strong></span> <span class='ocrx_word' id='word_1_759' title='bbox 859 5370 1115 5444; x_wconf 83' lang='lat' dir='ltr'><strong>acolytho</strong></span> <span class='ocrx_word' id='word_1_760' title='bbox 1143 5370 1405 5438; x_wconf 84' lang='lat' dir='ltr'><strong>delatum,</strong></span> <span class='ocrx_word' id='word_1_761' title='bbox 1435 5380 1560 5428; x_wconf 89' lang='lat' dir='ltr'><strong>cutn</strong></span> <span class='ocrx_word' id='word_1_762' title='bbox 1587 5368 1656 5425; x_wconf 90' lang='lat' dir='ltr'><strong>ad</strong></span> <span class='ocrx_word' id='word_1_763' title='bbox 1678 5369 2030 5434; x_wconf 88' lang='lat' dir='ltr'><strong>diaconorum</strong></span> <span class='ocrx_word' id='word_1_764' title='bbox 2060 5373 2142 5430; x_wconf 91' lang='lat' dir='ltr'><strong>of-</strong></span> 
     </span>
    </p>
   </div>
   <div class='ocr_carea' id='block_1_102' title="bbox 640 5530 1111 5604">
    <p class='ocr_par' dir='ltr' id='par_1_102' title="bbox 640 5530 1111 5604">
     <span class='ocr_line' id='line_1_102' title="bbox 640 5530 1111 5604; baseline -0.002 -18"><span class='ocrx_word' id='word_1_765' title='bbox 640 5531 692 5604; x_wconf 90' lang='lat' dir='ltr'><strong>a)</strong></span> <span class='ocrx_word' id='word_1_766' title='bbox 718 5531 798 5604; x_wconf 42' lang='lat' dir='ltr'><strong>ad</strong></span> <span class='ocrx_word' id='word_1_767' title='bbox 815 5545 952 5604; x_wconf 73' lang='lat' dir='ltr'><strong>ann.</strong></span> <span class='ocrx_word' id='word_1_768' title='bbox 982 5530 1111 5604; x_wconf 75' lang='lat'><strong>270.</strong></span> 
     </span>
    </p>
   </div>
   <div class='ocr_carea' id='block_1_103' title="bbox 645 5599 1990 5677">
    <p class='ocr_par' dir='ltr' id='par_1_103' title="bbox 645 5599 1990 5677">
     <span class='ocr_line' id='line_1_103' title="bbox 645 5599 1990 5677; baseline -0.001 -19"><span class='ocrx_word' id='word_1_769' title='bbox 645 5599 699 5676; x_wconf 70' lang='grc' dir='ltr'><strong>θ’)</strong></span> <span class='ocrx_word' id='word_1_770' title='bbox 725 5601 852 5677; x_wconf 63' lang='lat' dir='ltr'><strong>)lid.</strong></span> <span class='ocrx_word' id='word_1_771' title='bbox 881 5601 1178 5660; x_wconf 86' lang='lat' dir='ltr'><strong>Schelestr.</strong></span> <span class='ocrx_word' id='word_1_772' title='bbox 1209 5602 1279 5660; x_wconf 89' lang='lat' dir='ltr'><strong>de</strong></span> <span class='ocrx_word' id='word_1_773' title='bbox 1305 5601 1453 5662; x_wconf 78' lang='lat' dir='ltr'><strong>Disc.</strong></span> <span class='ocrx_word' id='word_1_774' title='bbox 1482 5617 1620 5670; x_wconf 86' lang='lat' dir='ltr'><strong>arc..</strong></span> <span class='ocrx_word' id='word_1_775' title='bbox 1646 5617 1769 5676; x_wconf 81' lang='lat' dir='ltr'><strong>cap.</strong></span> <span class='ocrx_word' id='word_1_776' title='bbox 1792 5603 1848 5672; x_wconf 90' lang='lat'><strong>7,</strong></span> <span class='ocrx_word' id='word_1_777' title='bbox 1877 5599 1906 5677; x_wconf 68' lang='lat'><strong>5</strong></span> <span class='ocrx_word' id='word_1_778' title='bbox 1935 5601 1990 5657; x_wconf 88' lang='grc'><strong>5.</strong></span> 
     </span>
    </p>
   </div>
   <div class='ocr_carea' id='block_1_104' title="bbox 620 5675 1668 5752">
    <p class='ocr_par' dir='ltr' id='par_1_104' title="bbox 620 5675 1668 5752">
     <span class='ocr_line' id='line_1_104' title="bbox 620 5675 1668 5752; baseline 0.003 -19"><span class='ocrx_word' id='word_1_779' title='bbox 620 5675 694 5752; x_wconf 86' lang='lat' dir='ltr'><strong>(c)</strong></span> <span class='ocrx_word' id='word_1_780' title='bbox 724 5675 884 5752; x_wconf 73' lang='lat' dir='ltr'><strong>Rom.</strong></span> <span class='ocrx_word' id='word_1_781' title='bbox 916 5678 1132 5738; x_wconf 90' lang='lat' dir='ltr'><strong>Subter.</strong></span> <span class='ocrx_word' id='word_1_782' title='bbox 1154 5722 1170 5750; x_wconf 90' lang='lat'><strong>,</strong></span> <span class='ocrx_word' id='word_1_783' title='bbox 1204 5690 1336 5737; x_wconf 89' lang='lat' dir='ltr'><strong>tom.</strong></span> <span class='ocrx_word' id='word_1_784' title='bbox 1368 5679 1436 5744; x_wconf 85' lang='lat' dir='ltr'><strong>ll,</strong></span> <span class='ocrx_word' id='word_1_785' title='bbox 1461 5696 1516 5751; x_wconf 90' lang='lat' dir='ltr'><strong>p.</strong></span> <span class='ocrx_word' id='word_1_786' title='bbox 1543 5680 1668 5752; x_wconf 69' lang='grc'><strong>146,</strong></span> 
     </span>
    </p>
   </div>
   <div class='ocr_carea' id='block_1_105' title="bbox 607 5749 1771 5836">
    <p class='ocr_par' dir='ltr' id='par_1_105' title="bbox 607 5749 1771 5836">
     <span class='ocr_line' id='line_1_105' title="bbox 607 5749 1771 5836; baseline -0.001 -24"><span class='ocrx_word' id='word_1_787' title='bbox 607 5749 688 5836; x_wconf 70' lang='grc' dir='ltr'><strong>(ἄ)</strong></span> <span class='ocrx_word' id='word_1_788' title='bbox 711 5751 907 5824; x_wconf 75' lang='lat' dir='ltr'><strong>Justin.</strong></span> <span class='ocrx_word' id='word_1_789' title='bbox 941 5755 1085 5836; x_wconf 86' lang='lat' dir='ltr'><strong>apol.</strong></span> <span class='ocrx_word' id='word_1_790' title='bbox 1117 5773 1158 5824; x_wconf 82' lang='grc' dir='ltr'><strong>ι,</strong></span> <span class='ocrx_word' id='word_1_791' title='bbox 1187 5771 1240 5812; x_wconf 89' lang='lat' dir='ltr'><strong>n.</strong></span> <span class='ocrx_word' id='word_1_792' title='bbox 1266 5755 1360 5826; x_wconf 86' lang='lat'><strong>65,</strong></span> <span class='ocrx_word' id='word_1_793' title='bbox 1386 5749 1476 5830; x_wconf 80' lang='lat'><strong>67,</strong></span> <span class='ocrx_word' id='word_1_794' title='bbox 1507 5754 1634 5813; x_wconf 88' lang='lat' dir='ltr'><strong>edit.</strong></span> 
     </span>
    </p>
   </div>
   <div class='ocr_carea' id='block_1_106' title="bbox 2321 4630 3840 4702">
    <p class='ocr_par' dir='ltr' id='par_1_106' title="bbox 2321 4630 3840 4702">
     <span class='ocr_line' id='line_1_106' title="bbox 2321 4630 3840 4702; baseline -0.001 -14"><span class='ocrx_word' id='word_1_795' title='bbox 2321 4631 2436 4688; x_wconf 80' lang='lat' dir='ltr'><strong>Xll.</strong></span> <span class='ocrx_word' id='word_1_796' title='bbox 2500 4632 2577 4688; x_wconf 87' lang='lat' dir='ltr'><strong>Ex</strong></span> <span class='ocrx_word' id='word_1_797' title='bbox 2622 4630 2884 4688; x_wconf 70' lang='lat' dir='ltr'><strong>Priscillae</strong></span> <span class='ocrx_word' id='word_1_798' title='bbox 2941 4631 3258 4687; x_wconf 71' lang='lat' dir='ltr'><strong>cmmeterio</strong></span> <span class='ocrx_word' id='word_1_799' title='bbox 3305 4645 3630 4702; x_wconf 88' lang='lat' dir='ltr'><strong>quamquam</strong></span> <span class='ocrx_word' id='word_1_800' title='bbox 3672 4631 3840 4688; x_wconf 88' lang='lat' dir='ltr'><strong>multa</strong></span> 
     </span>
    </p>
   </div>
   <div class='ocr_carea' id='block_1_107' title="bbox 2252 4715 3842 4798">
    <p class='ocr_par' dir='ltr' id='par_1_107' title="bbox 2252 4715 3842 4798">
     <span class='ocr_line' id='line_1_107' title="bbox 2252 4715 3842 4798; baseline -0.001 -17"><span class='ocrx_word' id='word_1_801' title='bbox 2252 4715 2511 4798; x_wconf 81' lang='lat' dir='ltr'><strong>perierint</strong></span> <span class='ocrx_word' id='word_1_802' title='bbox 2533 4767 2548 4793; x_wconf 92' lang='lat'><strong>,</strong></span> <span class='ocrx_word' id='word_1_803' title='bbox 2582 4727 2730 4795; x_wconf 90' lang='lat' dir='ltr'><strong>plura</strong></span> <span class='ocrx_word' id='word_1_804' title='bbox 2757 4735 2937 4781; x_wconf 89' lang='lat' dir='ltr'><strong>tamen</strong></span> <span class='ocrx_word' id='word_1_805' title='bbox 2963 4767 2978 4794; x_wconf 96' lang='lat'><strong>,</strong></span> <span class='ocrx_word' id='word_1_806' title='bbox 3008 4740 3167 4794; x_wconf 89' lang='lat' dir='ltr'><strong>quam</strong></span> <span class='ocrx_word' id='word_1_807' title='bbox 3197 4742 3262 4781; x_wconf 91' lang='lat' dir='ltr'><strong>ex</strong></span> <span class='ocrx_word' id='word_1_808' title='bbox 3293 4725 3412 4781; x_wconf 88' lang='lat' dir='ltr'><strong>aliis</strong></span> <span class='ocrx_word' id='word_1_809' title='bbox 3435 4768 3450 4790; x_wconf 93' lang='lat'><strong>,</strong></span> <span class='ocrx_word' id='word_1_810' title='bbox 3479 4726 3690 4781; x_wconf 87' lang='lat' dir='ltr'><strong>Damasi</strong></span> <span class='ocrx_word' id='word_1_811' title='bbox 3721 4740 3842 4780; x_wconf 85' lang='lat' dir='ltr'><strong>car-</strong></span> 
     </span>
    </p>
   </div>
   <div class='ocr_carea' id='block_1_108' title="bbox 2250 4817 3843 4887">
    <p class='ocr_par' dir='ltr' id='par_1_108' title="bbox 2250 4817 3843 4887">
     <span class='ocr_line' id='line_1_108' title="bbox 2250 4817 3843 4887; baseline 0.001 -15"><span class='ocrx_word' id='word_1_812' title='bbox 2250 4819 2393 4873; x_wconf 84' lang='lat' dir='ltr'><strong>mina</strong></span> <span class='ocrx_word' id='word_1_813' title='bbox 2425 4819 2661 4876; x_wconf 84' lang='lat' dir='ltr'><strong>tulerunt</strong></span> <span class='ocrx_word' id='word_1_814' title='bbox 2687 4827 2922 4872; x_wconf 66' lang='lat' dir='ltr'><strong>aetatem.</strong></span> <span class='ocrx_word' id='word_1_815' title='bbox 2970 4817 3163 4871; x_wconf 87' lang='lat' dir='ltr'><strong>Adhuc</strong></span> <span class='ocrx_word' id='word_1_816' title='bbox 3192 4818 3333 4872; x_wconf 89' lang='lat' dir='ltr'><strong>enim</strong></span> <span class='ocrx_word' id='word_1_817' title='bbox 3359 4823 3688 4887; x_wconf 88' lang='lat' dir='ltr'><strong>supersunt,</strong></span> <span class='ocrx_word' id='word_1_818' title='bbox 3719 4832 3843 4886; x_wconf 64' lang='lat' dir='ltr'><strong>quae</strong></span> 
     </span>
    </p>
   </div>
   <div class='ocr_carea' id='block_1_109' title="bbox 2248 4909 3844 4982">
    <p class='ocr_par' dir='ltr' id='par_1_109' title="bbox 2248 4909 3844 4982">
     <span class='ocr_line' id='line_1_109' title="bbox 2248 4909 3844 4982; baseline 0 -17"><span class='ocrx_word' id='word_1_819' title='bbox 2248 4909 2502 4976; x_wconf 86' lang='lat' dir='ltr'><strong>Marcelli,</strong></span> <span class='ocrx_word' id='word_1_820' title='bbox 2521 4909 2728 4976; x_wconf 78' lang='lat' dir='ltr'><strong>Prothi,</strong></span> <span class='ocrx_word' id='word_1_821' title='bbox 2745 4910 3051 4980; x_wconf 87' lang='lat' dir='ltr'><strong>Hyacinthi,</strong></span> <span class='ocrx_word' id='word_1_822' title='bbox 3075 4909 3374 4972; x_wconf 89' lang='lat' dir='ltr'><strong>Saturnini,</strong></span> <span class='ocrx_word' id='word_1_823' title='bbox 3399 4910 3563 4966; x_wconf 83' lang='lat' dir='ltr'><strong>Mauri</strong></span> <span class='ocrx_word' id='word_1_824' title='bbox 3585 4926 3649 4966; x_wconf 88' lang='lat' dir='ltr'><strong>ac</strong></span> <span class='ocrx_word' id='word_1_825' title='bbox 3665 4910 3844 4982; x_wconf 87' lang='lat' dir='ltr'><strong>Chry-</strong></span> 
     </span>
    </p>
   </div>
   <div class='ocr_carea' id='block_1_110' title="bbox 2243 4999 3845 5072">
    <p class='ocr_par' dir='ltr' id='par_1_110' title="bbox 2243 4999 3845 5072">
     <span class='ocr_line' id='line_1_110' title="bbox 2243 4999 3845 5072; baseline 0.002 -18"><span class='ocrx_word' id='word_1_826' title='bbox 2243 4999 2424 5055; x_wconf 82' lang='lat' dir='ltr'><strong>santlti</strong></span> <span class='ocrx_word' id='word_1_827' title='bbox 2451 5010 2502 5054; x_wconf 90' lang='lat' dir='ltr'><strong>et</strong></span> <span class='ocrx_word' id='word_1_828' title='bbox 2549 4999 2720 5054; x_wconf 71' lang='lat' dir='ltr'><strong>Daris:</strong></span> <span class='ocrx_word' id='word_1_829' title='bbox 2745 5001 3011 5068; x_wconf 89' lang='lat' dir='ltr'><strong>sepulcris</strong></span> <span class='ocrx_word' id='word_1_830' title='bbox 3043 4999 3298 5070; x_wconf 87' lang='lat' dir='ltr'><strong>inscripta</strong></span> <span class='ocrx_word' id='word_1_831' title='bbox 3330 5000 3568 5056; x_wconf 89' lang='lat' dir='ltr'><strong>fuerunt.</strong></span> <span class='ocrx_word' id='word_1_832' title='bbox 3602 5004 3670 5055; x_wconf 85' lang='lat' dir='ltr'><strong>At</strong></span> <span class='ocrx_word' id='word_1_833' title='bbox 3695 5002 3845 5072; x_wconf 87' lang='lat' dir='ltr'><strong>quod</strong></span> 
     </span>
    </p>
   </div>
   <div class='ocr_carea' id='block_1_111' title="bbox 2241 5095 3843 5168">
    <p class='ocr_par' dir='ltr' id='par_1_111' title="bbox 2241 5095 3843 5168">
     <span class='ocr_line' id='line_1_111' title="bbox 2241 5095 3843 5168; baseline 0.001 -16"><span class='ocrx_word' id='word_1_834' title='bbox 2241 5097 2310 5152; x_wconf 88' lang='lat' dir='ltr'><strong>de</strong></span> <span class='ocrx_word' id='word_1_835' title='bbox 2331 5095 2673 5167; x_wconf 82' lang='lat' dir='ltr'><strong>Chrysanth</strong></span> <span class='ocrx_word' id='word_1_836' title='bbox 2695 5103 2749 5150; x_wconf 92' lang='lat' dir='ltr'><strong>et</strong></span> <span class='ocrx_word' id='word_1_837' title='bbox 2773 5095 2927 5150; x_wconf 88' lang='lat' dir='ltr'><strong>Daria</strong></span> <span class='ocrx_word' id='word_1_838' title='bbox 2944 5095 3280 5162; x_wconf 87' lang='lat' dir='ltr'><strong>inscribitur,</strong></span> <span class='ocrx_word' id='word_1_839' title='bbox 3305 5111 3425 5151; x_wconf 93' lang='lat' dir='ltr'><strong>cum</strong></span> <span class='ocrx_word' id='word_1_840' title='bbox 3440 5113 3507 5152; x_wconf 89' lang='lat' dir='ltr'><strong>ex</strong></span> <span class='ocrx_word' id='word_1_841' title='bbox 3527 5098 3843 5168; x_wconf 84' lang='lat' dir='ltr'><strong>apographo</strong></span> 
     </span>
    </p>
   </div>
   <div class='ocr_carea' id='block_1_112' title="bbox 2243 5188 3845 5259">
    <p class='ocr_par' dir='ltr' id='par_1_112' title="bbox 2243 5188 3845 5259">
     <span class='ocr_line' id='line_1_112' title="bbox 2243 5188 3845 5259; baseline 0.002 -17"><span class='ocrx_word' id='word_1_842' title='bbox 2243 5190 2539 5248; x_wconf 86' lang='lat' dir='ltr'><strong>oscitanter</strong></span> <span class='ocrx_word' id='word_1_843' title='bbox 2565 5188 2900 5256; x_wconf 87' lang='lat' dir='ltr'><strong>exscriptum</strong></span> <span class='ocrx_word' id='word_1_844' title='bbox 2933 5189 3064 5244; x_wconf 88' lang='lat' dir='ltr'><strong>olim</strong></span> <span class='ocrx_word' id='word_1_845' title='bbox 3097 5189 3292 5259; x_wconf 87' lang='lat' dir='ltr'><strong>fuerit,</strong></span> <span class='ocrx_word' id='word_1_846' title='bbox 3335 5189 3543 5246; x_wconf 92' lang='lat' dir='ltr'><strong>medica</strong></span> <span class='ocrx_word' id='word_1_847' title='bbox 3573 5206 3734 5245; x_wconf 91' lang='lat' dir='ltr'><strong>manu</strong></span> <span class='ocrx_word' id='word_1_848' title='bbox 3760 5192 3845 5246; x_wconf 92' lang='lat' dir='ltr'><strong>in-</strong></span> 
     </span>
    </p>
   </div>
   <div class='ocr_carea' id='block_1_113' title="bbox 2242 5280 3840 5355">
    <p class='ocr_par' dir='ltr' id='par_1_113' title="bbox 2242 5280 3840 5355">
     <span class='ocr_line' id='line_1_113' title="bbox 2242 5280 3840 5355; baseline 0.001 -19"><span class='ocrx_word' id='word_1_849' title='bbox 2242 5280 2412 5351; x_wconf 87' lang='lat' dir='ltr'><strong>diget,</strong></span> <span class='ocrx_word' id='word_1_850' title='bbox 2441 5296 2597 5351; x_wconf 90' lang='lat' dir='ltr'><strong>quam</strong></span> <span class='ocrx_word' id='word_1_851' title='bbox 2621 5281 2943 5337; x_wconf 80' lang='lat' dir='ltr'><strong>Sarazanius</strong></span> <span class='ocrx_word' id='word_1_852' title='bbox 2965 5282 3248 5354; x_wconf 87' lang='lat' dir='ltr'><strong>applicuit,</strong></span> <span class='ocrx_word' id='word_1_853' title='bbox 3270 5297 3357 5350; x_wconf 89' lang='lat' dir='ltr'><strong>ac,</strong></span> <span class='ocrx_word' id='word_1_854' title='bbox 3376 5293 3434 5338; x_wconf 93' lang='lat' dir='ltr'><strong>ut</strong></span> <span class='ocrx_word' id='word_1_855' title='bbox 3459 5299 3602 5340; x_wconf 91' lang='lat' dir='ltr'><strong>nunc</strong></span> <span class='ocrx_word' id='word_1_856' title='bbox 3619 5284 3840 5355; x_wconf 88' lang='lat' dir='ltr'><strong>legitur,</strong></span> 
     </span>
    </p>
   </div>
   <div class='ocr_carea' id='block_1_114' title="bbox 2243 5374 3847 5448">
    <p class='ocr_par' dir='ltr' id='par_1_114' title="bbox 2243 5374 3847 5448">
     <span class='ocr_line' id='line_1_114' title="bbox 2243 5374 3847 5448; baseline 0.002 -17"><span class='ocrx_word' id='word_1_857' title='bbox 2243 5389 2311 5431; x_wconf 88' lang='lat' dir='ltr'><strong>ex</strong></span> <span class='ocrx_word' id='word_1_858' title='bbox 2340 5375 2490 5432; x_wconf 83' lang='lat' dir='ltr'><strong>Actis</strong></span> <span class='ocrx_word' id='word_1_859' title='bbox 2517 5376 2834 5438; x_wconf 81' lang='lat' dir='ltr'><strong>earumdem</strong></span> <span class='ocrx_word' id='word_1_860' title='bbox 2861 5385 3185 5448; x_wconf 84' lang='lat' dir='ltr'><strong>ntartyrum,</strong></span> <span class='ocrx_word' id='word_1_861' title='bbox 3217 5385 3272 5432; x_wconf 90' lang='lat' dir='ltr'><strong>et</strong></span> <span class='ocrx_word' id='word_1_862' title='bbox 3295 5391 3363 5434; x_wconf 83' lang='lat' dir='ltr'><strong>ex</strong></span> <span class='ocrx_word' id='word_1_863' title='bbox 3385 5374 3648 5447; x_wconf 86' lang='lat' dir='ltr'><strong>Gregorio</strong></span> <span class='ocrx_word' id='word_1_864' title='bbox 3669 5375 3847 5434; x_wconf 83' lang='lat' dir='ltr'><strong>Turo-</strong></span> 
     </span>
    </p>
   </div>
   <div class='ocr_carea' id='block_1_115' title="bbox 2324 5531 3158 5606">
    <p class='ocr_par' dir='ltr' id='par_1_115' title="bbox 2324 5531 3158 5606">
     <span class='ocr_line' id='line_1_115' title="bbox 2324 5531 3158 5606; baseline 0.002 -18"><span class='ocrx_word' id='word_1_865' title='bbox 2324 5532 2399 5603; x_wconf 86' lang='lat' dir='ltr'><strong>(.e)</strong></span> <span class='ocrx_word' id='word_1_866' title='bbox 2427 5531 2546 5588; x_wconf 90' lang='lat' dir='ltr'><strong>Lib.</strong></span> <span class='ocrx_word' id='word_1_867' title='bbox 2581 5549 2695 5597; x_wconf 84' lang='lat' dir='ltr'><strong>vnt,</strong></span> <span class='ocrx_word' id='word_1_868' title='bbox 2727 5533 2794 5591; x_wconf 89' lang='lat' dir='ltr'><strong>H.</strong></span> <span class='ocrx_word' id='word_1_869' title='bbox 2825 5533 2916 5603; x_wconf 92' lang='lat' dir='ltr'><strong>E.,</strong></span> <span class='ocrx_word' id='word_1_870' title='bbox 2948 5550 3068 5606; x_wconf 89' lang='lat' dir='ltr'><strong>cap.</strong></span> <span class='ocrx_word' id='word_1_871' title='bbox 3104 5534 3158 5592; x_wconf 87' lang='grc'><strong>6.</strong></span> 
     </span>
    </p>
   </div>
   <div class='ocr_carea' id='block_1_116' title="bbox 2314 5606 3692 5755">
    <p class='ocr_par' dir='ltr' id='par_1_116' title="bbox 2314 5606 3692 5755">
     <span class='ocr_line' id='line_1_116' title="bbox 2314 5606 3692 5755; baseline 0.004 -95"><span class='ocrx_word' id='word_1_872' title='bbox 2314 5607 2388 5755; x_wconf 47' lang='lat' dir='ltr'><strong>éf)</strong></span> <span class='ocrx_word' id='word_1_873' title='bbox 2421 5606 2541 5662; x_wconf 58' lang='grc' dir='ltr'><strong>νῆα.</strong></span> <span class='ocrx_word' id='word_1_874' title='bbox 2582 5606 2778 5680; x_wconf 88' lang='lat' dir='ltr'><strong>Georg.</strong></span> <span class='ocrx_word' id='word_1_875' title='bbox 2827 5608 2895 5672; x_wconf 83' lang='lat' dir='ltr'><strong>ad</strong></span> <span class='ocrx_word' id='word_1_876' title='bbox 2924 5609 3079 5664; x_wconf 82' lang='lat' dir='ltr'><strong>Mart.</strong></span> <span class='ocrx_word' id='word_1_877' title='bbox 3111 5607 3244 5680; x_wconf 79' lang='lat' dir='ltr'><strong>Ad.,</strong></span> <span class='ocrx_word' id='word_1_878' title='bbox 3275 5607 3310 5670; x_wconf 84' lang='lat'><strong>9</strong></span> <span class='ocrx_word' id='word_1_879' title='bbox 3335 5607 3692 5688; x_wconf 66' lang='lat' dir='ltr'><strong>Septembris,</strong></span> 
     </span>
     <span class='ocr_line' id='line_1_117' title="bbox 2339 5681 2867 5755; baseline -0.002 -18"><span class='ocrx_word' id='word_1_880' title='bbox 2339 5683 2394 5755; x_wconf 85' lang='lat' dir='ltr'><strong>g)</strong></span> <span class='ocrx_word' id='word_1_881' title='bbox 2421 5681 2575 5738; x_wconf 86' lang='lat' dir='ltr'><strong>Tom.</strong></span> <span class='ocrx_word' id='word_1_882' title='bbox 2603 5699 2640 5748; x_wconf 89' lang='lat' dir='ltr'><strong>t,</strong></span> <span class='ocrx_word' id='word_1_883' title='bbox 2671 5683 2779 5740; x_wconf 86' lang='lat' dir='ltr'><strong>tab.</strong></span> <span class='ocrx_word' id='word_1_884' title='bbox 2811 5683 2867 5742; x_wconf 72' lang='grc'><strong>4.</strong></span> 
     </span>
    </p>
   </div>
   <div class='ocr_carea' id='block_1_117' title="bbox 2339 5681 2867 5769">
    <p class='ocr_par' dir='ltr' id='par_1_117' title="bbox 2339 5681 2867 5769">
     <span class='ocr_line' id='line_1_118' title="bbox 2339 5681 2867 5769; baseline -0.002 -32"><span class='ocrx_word' id='word_1_885' title='bbox 2339 5683 2394 5756; x_wconf 86' lang='lat' dir='ltr'><strong>g)</strong></span> <span class='ocrx_word' id='word_1_886' title='bbox 2421 5681 2575 5738; x_wconf 86' lang='lat' dir='ltr'><strong>Tom.</strong></span> <span class='ocrx_word' id='word_1_887' title='bbox 2603 5699 2640 5748; x_wconf 89' lang='lat' dir='ltr'><strong>t,</strong></span> <span class='ocrx_word' id='word_1_888' title='bbox 2671 5683 2779 5740; x_wconf 86' lang='lat' dir='ltr'><strong>tab.</strong></span> 
     </span>
    </p>
   </div>
  </div>
