4138 6178
386 176 533 233 εῖν

1776 166 2314 226 PROLEGOMENA.

3595 178 3701 232 278

382 292 540 348 nensi
569 289 834 347 illustrari
862 296 1079 359 oportet
1108 288 1185 361 (a)
1212 304 1227 353 ;
1263 286 1532 358 siquidem
1578 300 1643 342 ex
1676 284 1742 341 iis
1767 282 1994 355 intelligi
2021 290 2070 351 Α
2098 296 2187 338 mo
2210 283 2537 353 proiectam,
2573 296 2683 341 tum
2713 302 2745 342 a
2776 286 3004 344 Numine
3032 298 3305 346 servatam
3328 291 3575 357 illasam,
3605 309 3700 361 po-

382 385 563 449 datur,
581 399 682 439 cur
701 389 1231 451 eorumsanctorum
1254 379 1542 444 tumulum,
1565 377 1883 433 idololatria:
1904 380 1989 447 fu-

381 479 543 533 rentis
569 476 802 548 pradam
826 475 1089 530 Damasus
1118 473 1287 530 fuisse
1312 473 1456 528 dicat
1488 490 1500 525 :
1530 472 1624 527 illo
1649 472 1875 539 scilicet,
1910 471 1990 525 fu-

382 571 531 625 riosa
555 568 898 623 ethnicorum
923 581 1106 633 manu,
1130 565 1221 636 qui
1252 565 1317 619 ad
1341 563 1710 620 coemeterium
1726 562 1989 618 adversus

384 660 726 717 Christianos
748 658 1147 724 confluxerant,
1171 657 1401 728 disjecto
1417 658 1628 726 penitus
1664 670 1983 726 eversaque,

385 765 684 824 cryptaque
712 753 937 820 insuper
966 752 1182 806 occlusa
1228 750 1498 820 lapidibus
1538 761 1789 819 terraque
1827 766 1989 821 agge—

386 856 496 901 sta.
537 844 605 901 At
645 857 764 915 post
796 843 1063 899 redditam
1092 844 1352 898 Ecclesia:
1384 858 1568 913 pacem
1591 883 1606 907 ,
1640 842 1762 896 loco
1793 842 1986 898 eodem

391 939 629 1008 pris1in:e
675 937 925 1007 religioni
974 937 1251 1001 restituto,
1290 936 1553 989 Damasus
1593 934 1708 989 haec
1747 937 1987 990 carmina

388 1039 495 1083 tum
524 1028 838 1098 inscripsit,
864 1035 975 1082 tum
1009 1041 1267 1097 prmterea
1296 1027 1495 1096 aliquid
1524 1028 1645 1081 novi
1676 1028 1859 1095 Operis
1890 1042 1987 1081 sua

383 1122 632 1192 impensa
682 1122 911 1186 addidit,
945 1120 1036 1191 qui
1062 1122 1131 1175 ob
1157 1137 1273 1175 eam
1299 1136 1539 1185 causam,
1568 1131 1718 1189 puto,
1740 1120 1841 1174 sub
1859 1136 1990 1190 pau-

380 1216 521 1285 peris
550 1215 915 1283 appellatione
943 1228 1003 1267 se
1031 1212 1172 1266 haud
1202 1212 1472 1266 immerito
1494 1212 1813 1281 designavit.

456 1305 604 1361 Xlll.
637 1307 860 1360 Carmen
891 1305 957 1360 de
993 1306 1049 1362 S.
1087 1310 1294 1375 Agnete
1330 1319 1450 1359 eum
1493 1303 1790 1375 archetypo
1822 1303 1990 1358 colla-

381 1408 526 1465 tum,
556 1407 715 1468 atque
743 1399 1086 1454 emendatum
1118 1397 1244 1452 dedi
1271 1415 1284 1452 :
1316 1396 1546 1466 lapidem
1570 1399 1738 1463 enim,
1766 1398 1850 1450 cui
1880 1396 1990 1464 pri-

378 1490 511 1545 dem
557 1489 777 1558 Optimis
816 1490 1220 1545 characteribus
1252 1490 1574 1557 insculptum
1616 1488 1810 1551 fuerat,
1863 1504 1989 1559 pro-

370 1587 581 1656 jectum
612 1587 723 1655 jam
752 1587 1150 1656 disjectumque
1194 1600 1300 1639 non
1343 1586 1527 1639 multis
1555 1586 1621 1639 ab
1652 1583 1779 1639 hinc
1807 1584 1986 1651 annis,

2093 386 2299 431 stremo
2339 376 2522 447 gladio
2558 378 2857 450 jugulatam
2906 392 3178 437 asserunt.
3218 382 3334 438 Hoc
3371 384 3554 440 verius
3578 399 3699 440 esse

2095 468 2355 524 Damasus
2384 472 2485 526 hoc
2512 473 2779 527 versiculo
2806 489 2913 529 non
2938 475 3166 530 obscure
3196 475 3374 532 innuit
3398 495 3410 531 :

2188 562 2350 613 Urere
2375 577 2487 614 cum
2511 565 2719 616 flammis
2738 567 2976 618 voluisset
2998 569 3164 618 nobile
3188 582 3385 632 corpus.

2091 655 2367 727 Siquidem
2396 658 2522 712 hinc
2554 660 2742 727 liquet,
2776 660 3017 730 iniquum
3056 662 3292 732 judicem
3324 664 3545 719 voluisse
3580 667 3702 735 qni-

2091 750 2237 817 dem,
2276 751 2372 807 sed
2420 767 2761 822 nequaquam
2795 754 3014 809 efficere
3057 758 3320 824 potuisse,
3360 760 3507 827 quod
3539 761 3701 815 voluit

2099 854 2154 896 ut
2198 860 2305 898 non
2340 860 2505 913 parva
2551 845 2752 907 latinis,
2785 863 2904 915 qua:
2933 848 3407 917 circumferuntur,
3438 850 3589 907 Actis
3629 869 3699 908 ex

2098 935 2202 989 hoc
2230 937 2473 990 carmine
2502 940 2802 990 auctoritas
2841 938 3082 992 accedat.
3120 940 3254 994 llinc
3292 943 3471 1009 Agnes
3522 944 3697 997 media

2094 1027 2313 1081 Petrum
2342 1027 2482 1081 inter
2528 1038 2578 1083 et
2612 1028 2833 1083 Paulum
2872 1033 3167 1098 apostolos,
3204 1032 3526 1103 ﬂammaque
3556 1038 3699 1091 circa

2091 1122 2263 1190 ipsam
2295 1137 2648 1177 succre~cens
2676 1140 2741 1177 ex
2780 1124 3095 1179 cmmelerio
3132 1125 3381 1181 Pontiani
3411 1128 3703 1183 exhibetur

2093 1215 2143 1269 in
2175 1216 2342 1269 veteri
2368 1214 2671 1285 fragmento
2698 1231 2725 1267 a
2755 1215 3075 1270 Bonarrotio
3106 1216 3378 1273 illustrato
3410 1218 3508 1291 (c),
3539 1230 3701 1288 atque

2090 1306 2143 1361 id
2184 1317 2444 1375 praeterea
2479 1309 2804 1360 confirmant
2835 1314 3048 1362 veteres
3088 1311 3204 1377 ejus
3254 1310 3493 1364 basilica:
3529 1312 3703 1381 pictu-

2092 1413 2187 1464 rae,
2216 1414 2333 1469 quae
2363 1408 2418 1452 et
2455 1399 2718 1464 ﬂammas,
2751 1407 2806 1453 et
2833 1398 2933 1453 sub
2963 1402 3103 1466 ipsas
3130 1402 3392 1470 gladium,
3421 1419 3529 1473 quo
3557 1420 3701 1459 mar-

2091 1495 2288 1563 tyrimn
2318 1505 2746 1548 consummatum
2781 1494 2899 1559 fuit,
2928 1495 3103 1549 adhuc
3132 1507 3525 1565 repraesentant
3551 1498 3653 1569 (ά).

2162 1586 2367 1640 lrenem
2399 1588 2610 1641 Damasi
2654 1602 2919 1653 sororem,
2950 1604 3057 1641 non
3103 1603 3263 1643 secus
3290 1604 3353 1643 ac
3384 1590 3558 1660 ipsum
3594 1591 3700 1645 Da-

380 1681 491 1735 Deo
516 1679 733 1735 favente
753 1696 783 1733 a
807 1696 866 1735 se
890 1690 1163 1749 repertum
1188 1694 1356 1748 penes
1378 1679 1660 1732 ecclesiam
1685 1688 1837 1733 extra
1863 1694 1984 1745 por-
2016 1695 2062 1755 Β
2092 1695 2323 1745 masum,
2357 1680 2457 1734 subi
2482 1680 2765 1735 'vimlicaut
2808 1682 3103 1749 scriptores
3137 1683 3384 1754 Hispani,
3420 1693 3480 1738 ut
3525 1685 3697 1755 liquet

376 1784 487 1827 tam
514 1771 935 1836 Nomentanam;
966 1783 1377 1841 servatumque,
1402 1771 1597 1825 iterum
1626 1769 1866 1839 ejusdem
1896 1785 1985 1824 ec-

372 1866 560 1921 clesia:
599 1864 792 1933 parieti
832 1863 977 1934 afﬁgi
1021 1864 1232 1918 curavit
1277 1879 1372 1932 pro
1416 1878 1515 1917 suo
1546 1862 1598 1916 in
1628 1877 1811 1916 sacras
1840 1862 1984 1916 anti-

382 1959 618 2029 quitates
643 1957 824 2012 Studio
853 1959 921 2011 cl.
967 1957 1346 2028 Marangonus.
1385 1957 1461 2010 Ex
1505 1956 1608 2011 hoc
1649 1957 1841 2010 iterum
1865 1954 1983 2025 epi-

383 2058 685 2121 grammate
730 2049 911 2120 colligi
961 2050 1137 2120 primo
1178 2049 1397 2119 poterit,
1448 2050 1737 2103 Damasum
1792 2064 1983 2105 eorum

378 2145 619 2215 opinioni
646 2143 855 2210 favere,
885 2144 976 2216 qui
996 2144 1259 2214 Agnetem
1287 2145 1388 2199 sub
1412 2143 1747 2200 Diocletiano
1770 2160 1982 2215 passam

377 2237 745 2303 arbitrantur;
797 2237 1064 2307 siquidem
1104 2251 1294 2292 earum
1343 2252 1545 2302 rerum,
1588 2252 1722 2307 quas
1764 2238 1985 2307 virginis

382 2338 619 2397 parentes
655 2329 854 2383 dudum
924 2330 1224 2397 retulerant,
1280 2328 1421 2385 fama
1479 2330 1618 2383 inter
1688 2338 1985 2398 praesentes

383 2422 620 2475 nondum
674 2423 929 2492 perierat,
962 2438 1086 2478 cum
1140 2423 1231 2477 ille
1278 2423 1379 2478 hoc
1428 2437 1642 2477 carmen
1693 2423 1980 2480 scriberet.

383 2514 637 2571 Secundo
665 2512 1014 2570 fortissimam
1046 2516 1329 2586 virginem,
1360 2517 1707 2585 pronuntiata
1735 2517 1986 2586 prwcom'a

381 2625 513 2663 voce
544 2609 811 2664 adversus
859 2624 920 2665 se
956 2609 1165 2665 Judicis
1213 2611 1503 2677 sententia,
1553 2612 1732 2666 statim
1762 2610 1987 2681 liquisse

381 2703 621 2768 nutricis,
650 2717 772 2772 quae
803 2717 920 2756 eam
954 2717 1059 2756 non
1092 2702 1429 2771 deseruerat,
1464 2705 1732 2774 gremium,
1776 2713 1836 2758 ut
1864 2718 1984 2773 pm-

381 2810 528 2858 nam,
563 2796 650 2849 cui
684 2796 935 2849 damnata
963 2794 1159 2859 fuerat,
1204 2794 1569 2863 imperterrita
1613 2795 1787 2851 obiret
1818 2814 1831 2848 :
1866 2803 1989 2851 erat

378 2889 522 2941 enim
540 2890 726 2952 moris,
746 2898 801 2940 ut
824 2902 1004 2957 prteco
1021 2889 1297 2943 silentium
1315 2889 1436 2942 tuba
1456 2888 1721 2944 indiceret
1745 2888 1842 2961 (b),
1872 2900 1983 2945 tum

377 2981 579 3036 deinde
602 2987 663 3035 ut
684 2980 886 3050 judicis
907 2982 1232 3036 sententiam
1255 2983 1360 3036 alta
1385 2996 1515 3036 voce
1543 2981 1777 3052 legeret:
1797 2997 1986 3049 quam-

2088 1790 2159 1827 ex
2192 1774 2309 1842 ejus
2341 1774 2511 1835 Actis.
2545 1790 2667 1844 qua:
2716 1773 3008 1827 Bollandus
3042 1775 3292 1844 produxit
3338 1776 3404 1829 ad
3438 1777 3579 1832 diem
3624 1776 3692 1832 21

2088 1865 2395 1919 Februarii.
2428 1866 2496 1918 At
2543 1866 2587 1919 si
2630 1879 2750 1934 qua:
2780 1864 2930 1919 Actis
2960 1866 3069 1919 illis
3107 1865 3242 1921 ﬁdes
3276 1867 3461 1923 haberi
3495 1877 3697 1938 potest,

2088 1972 2247 2012 nemo
2274 1957 2578 2027 negaverit,
2611 1958 2739 2027 quin
2770 1957 2952 2011 lrenes
2992 1956 3252 2012 Romanis
3277 1958 3576 2028 virginibus
3606 1975 3696 2013 ac-

2085 2052 2360 2107 ccnsenda
2391 2053 2483 2105 sit.
2514 2051 2645 2105 Nam
2679 2066 2800 2105 cum
2829 2066 2947 2104 eam
2977 2051 3281 2105 duodecimo
3315 2050 3531 2107 Damasi
3561 2070 3694 2123 pon-

2088 2144 2313 2210 tiﬁcatus
2335 2159 2494 2207 anno,
2526 2143 2617 2212 qui
2646 2142 2829 2196 incidit
2870 2142 2922 2195 in
2965 2158 3165 2197 annum
3196 2142 3322 2207 578,
3366 2143 3431 2199 ad
3463 2159 3694 2214 superos

2089 2236 2290 2291 abiisse
2320 2245 2600 2302 asserant;
2623 2246 2809 2291 contra
2837 2251 2965 2291 vero
2994 2250 3114 2292 cum
3148 2237 3410 2293 Damasus
3440 2238 3556 2309 ipse
3591 2239 3695 2294 hoc

2086 2332 2327 2386 carmine
2374 2347 2512 2385 anno
2561 2332 2804 2400 vigesimo
2851 2330 3086 2384 nondum
3118 2331 3391 2401 completo
3417 2331 3519 2385 sibi
3568 2346 3693 2387 ere-

2087 2435 2231 2495 piam
2260 2424 2426 2480 fuisse
2452 2425 2655 2487 doleat,
2690 2425 2814 2480 hinc
2837 2423 2991 2479 facile
3021 2424 3171 2480 vides
3201 2425 3345 2478 illam
3371 2425 3501 2480 alibi
3528 2440 3693 2496 quam

2088 2516 2275 2571 Romm
2313 2532 2413 2572 nec
2454 2528 2654 2581 ortam,
2689 2532 2788 2572 nec
2814 2517 3098 2572 educatam
3130 2516 3305 2572 videri
3350 2533 3510 2587 posse
3550 2537 3561 2572 :
3597 2519 3694 2575 sed

2088 2613 2346 2667 Actorum
2370 2610 2611 2673 illorum,
2643 2619 2702 2664 ut
2726 2626 2912 2664 verum
2944 2609 3131 2675 fatear,
3155 2610 3428 2666 levissima
3446 2624 3690 2681 prorsus,

2049 2749 2057 2755 .
2086 2713 2261 2759 utram
2295 2704 2348 2757 in
2383 2714 2588 2771 partem
2620 2702 2770 2769 velis,
2801 2702 3098 2757 auctoritas
3127 2712 3231 2758 est.

2161 2797 2285 2851 llaec
2316 2795 2500 2855 habui.
2530 2810 2650 2865 quae
2696 2796 2761 2849 ad
2794 2794 3009 2849 Damasi
3040 2794 3284 2850 carmina
3311 2795 3415 2852 hoc
3444 2795 3566 2850 loco
3595 2796 3692 2851 ob-

2087 2903 2388 2953 servarem,
2440 2902 2505 2943 ex
2529 2888 2745 2957 quibus,
2791 2898 2993 2957 praeter
3022 2902 3087 2942 ea
3124 2903 3251 2957 qua:
3274 2887 3405 2955 dixi,
3449 2897 3688 2943 veterem

2088 2982 2413 3048 hymnorum
2474 2996 2652 3049 usum,
2722 2984 3001 3037 sacrarum
3054 2982 3402 3051 reliquiarum
3457 2982 3686 3051 cultum,

377 3075 568 3129 obrem
611 3074 658 3128 si
693 3089 808 3127 mos
838 3075 929 3129 ille
959 3084 1203 3130 servatus
1233 3076 1283 3130 in
1315 3075 1531 3145 Agnetis
1566 3076 1825 3147 martyrio
1862 3075 1980 3142 fuit,
2012 3077 2057 3139 C
2090 3083 2399 3131 sanctorum
2431 3075 2851 3141 invocationem,
2884 3086 3135 3129 votorum
3178 3083 3289 3129 tum
3330 3075 3690 3143 nuncupatio-

383 3182 494 3219 non
523 3173 606 3220 est
633 3180 731 3219 cur
763 3164 879 3220 base
911 3166 1119 3221 Damasi
1154 3168 1335 3232 verba,
1375 3184 1488 3221 cum
1528 3169 1767 3239 lugubres
1798 3179 1980 3222 cantus

377 3258 503 3312 tuba
529 3259 924 3327 concrepuisset,
956 3259 1023 3315 de
1052 3260 1324 3328 publicato
1354 3270 1480 3315 tunc
1511 3262 1739 3328 primum
1769 3260 1982 3315 Diocle-

378 3353 539 3406 tiante
567 3354 962 3423 persecutionis
991 3354 1171 3409 edicto
1200 3370 1321 3409 cum
1366 3355 1715 3409 'l‘illemontio
1744 3355 1975 3423 θοι-ἰρίειτ

378 3460 521 3514 nius,
570 3461 635 3502 ac
680 3456 974 3519 martyrem
1018 3447 1387 3514 fortissimam,
1420 3450 1602 3502 statim
1655 3462 1719 3503 ac
1761 3448 1977 3518 impiam

374 3541 773 3611 promulgatam
806 3541 1064 3595 adversus
1093 3540 1431 3596 Christianos
1456 3540 1628 3611 legem
1656 3541 1880 3607 audivit,
1912 3541 1979 3597 ad

375 3646 594 3701 pcenam
634 3647 757 3687 sese
791 3632 930 3686 ultro
959 3631 1224 3687 obtulisse
1252 3631 1516 3687 dicamus.
1548 3632 1734 3687 Tertio
1769 3649 1832 3689 ex
1884 3649 1977 3689 eo-

372 3725 503 3781 dem
535 3727 777 3782 carmine
819 3728 1189 3799 intelligimus,
1222 3727 1446 3798 Agnetis
1476 3728 1542 3782 ad
1577 3743 1789 3797 pmnam
1828 3729 1981 3783 dam-

374 3825 519 3873 nata:
556 3820 689 3888 jam,
740 3821 1027 3892 nudaeque,
1062 3836 1123 3876 ac
1178 3820 1451 3892 pellucida
1495 3829 1645 3877 veste
1693 3830 1977 3888 contectae,

372 3926 500 3966 cum
535 3914 682 3982 prius
708 3913 773 3967 ad
803 3913 1034 3983 lupanar
1060 3913 1127 3969 de
1155 3929 1304 3968 more
1330 3912 1573 3968 ducenda
1605 3920 1769 3977 esset,
1798 3912 1981 3968 effusis

374 4018 479 4074 per
509 4005 747 4061 membra
776 4006 1037 4072 crinibus,
1067 4006 1325 4076 pudorem
1356 4006 1424 4061 ab
1447 4008 1774 4076 procacitate
1794 4006 1981 4061 oculo-

371 4114 497 4153 rum
553 4097 873 4154 mirabiliter
919 4099 1232 4154 defensasse
1288 4099 1476 4164 Deum,
1508 4113 1572 4153 ac
1617 4099 1815 4153 nullam
1861 4112 1981 4168 pro-

374 4197 569 4260 pterea
593 4206 713 4246 esse
744 4207 984 4259 causam,
1027 4208 1124 4247 cur
1153 4191 1324 4256 Actis,
1352 4208 1471 4261 quae
1499 4190 1768 4247 Ambrosii
1803 4190 1979 4245 nomi-

374 4298 450 4338 ne
470 4284 943 4350 circumferuntur,
981 4286 1141 4341 fidem
1170 4301 1275 4340 non
1303 4285 1620 4349 habeamus,
1654 4298 1978 4353 quamquam

375 4378 527 4433 nulla
562 4379 784 4450 hujusce
810 4380 885 4435 rei
916 4380 1056 4448 apud
1086 4379 1430 4435 Ambrosium
1460 4378 1632 4448 ipsum
1662 4384 1716 4430 et
1740 4376 1981 4430 Pruden-

2086 3184 2238 3236 nem,
2271 3178 2379 3222 tmn
2412 3169 2553 3238 piam
2583 3169 2911 3222 solutionem
2927 3167 3300 3222 confirmatam
3334 3170 3542 3223 videas.
3577 3165 3689 3222 Cur

2085 3278 2215 3317 vero
2247 3263 2312 3317 iis
2355 3278 2476 3331 quae
2520 3263 2843 3317 Sarazanius
2874 3263 3065 3328 edidit,
3100 3279 3206 3316 non
3255 3262 3429 3315 solum
3478 3277 3539 3316 ea
3566 3277 3689 3332 quae

2084 3354 2419 3419 Stephanum
2451 3364 2506 3409 et
2532 3356 2821 3410 Eusebium
2850 3354 3125 3408 Romanus
3155 3354 3441 3424 pontifices
3467 3355 3689 3409 laudant

2084 3458 2147 3498 ac
2176 3445 2423 3514 superius
2448 3446 2717 3510 recensui,
2748 3444 2842 3500 sed
2877 3452 2933 3499 et
2972 3445 3077 3499 alia
3107 3446 3357 3500 nonnulla
3383 3447 3688 3502 addiderim
3770 3460 3779 3469 ’

2084 3536 2397 3605 appendicis
2429 3538 2572 3602 loco,
2601 3553 2705 3592 una
2734 3537 2851 3592 haec
2882 3548 2965 3593 est
2994 3539 3152 3600 ratio.
3187 3538 3330 3608 quod
3362 3540 3571 3594 scilicet
3597 3538 3689 3593 illa

2083 3627 2244 3681 etiam
2276 3628 2561 3681 Damasum
2612 3628 2743 3681 mihi
2792 3642 2985 3697 sapere
3016 3628 3322 3693 videantur,
3366 3638 3526 3698 atque
3570 3628 3691 3695 ejus

2082 3720 2373 3789 aliquando
2399 3722 2585 3785 verba,
2620 3736 2684 3776 ac
2731 3737 2925 3776 sensus
2958 3720 3216 3787 referant,
3256 3731 3418 3791 atque
3445 3732 3683 3777 aetatem.

2082 3815 2187 3871 Sed
2221 3814 2319 3870 hac
2350 3815 2416 3870 de
2448 3831 2528 3881 re,
2557 3830 2625 3870 ne
2652 3812 2780 3884 quid
2807 3830 2907 3884 ego
2942 3823 3149 3869 temere
3184 3824 3439 3880 statuam,
3468 3815 3691 3871 lectoris

2078 3907 2340 3977 judicium
2370 3917 2508 3962 esto.

2156 4002 2423 4057 Craterum
2465 4000 2608 4073 quod
2646 3998 2912 4054 Damasus
2957 3998 3009 4052 in
3044 4008 3273 4053 metrum
3312 4012 3539 4069 peccare
3583 3984 3709 4056 ali-V

2083 4095 2302 4166 quando
2326 4094 2599 4159 videatur,
2626 4092 2769 4147 haud
2801 4093 3105 4159 mirabitur,
3139 4092 3228 4162 qui
3261 4092 3313 4146 in
3342 4092 3585 4164 legendis
3608 4093 3691 4150 in-

2084 4187 2299 4256 scriptis
2330 4187 2598 4252 versibus,
2630 4194 2683 4240 et
2708 4184 2898 4255 elogiis
2928 4184 3279 4239 mediocriter
3304 4193 3550 4239 versatus
3581 4184 3689 4240 sit:

2083 4282 2168 4336 vix
2203 4282 2369 4346 enim,
2403 4289 2461 4335 ut
2497 4296 2615 4334 mea
2650 4278 2843 4333 faciam
2876 4278 2973 4331 viri
3006 4277 3149 4332 docti
3192 4277 3376 4343 verba,
3409 4292 3575 4345 pauca
3621 4277 3690 4332 de

2086 4374 2269 4427 multis
2310 4372 2696 4441 epigrammata
2747 4370 2798 4423 in
2835 4368 3101 4437 lapidibus
3132 4369 3395 4438 reperias,
3425 4384 3546 4439 qua:
3579 4383 3689 4423 non

378 4472 514 4526 tium
547 4473 751 4527 mentio
788 4472 876 4527 sit.
913 4472 1117 4541 Quarto
1146 4473 1377 4541 denique
1418 4480 1709 4540 martyrem
1759 4468 1988 4523 sanctis-
2016 4469 2067 4529 D
2092 4467 2277 4522 multis
2315 4464 2489 4519 modis
2528 4465 2580 4518 in
2628 4463 2881 4517 metricas
2914 4463 3058 4531 leges
3096 4460 3393 4527 offendant,
3426 4470 3481 4517 et
3525 4460 3570 4515 si
3599 4460 3691 4516 illa

374 4563 573 4617 simam
603 4565 723 4634 igne
751 4564 1084 4631 damnatam,
1130 4563 1271 4633 quod
1314 4562 1452 4617 idem
1487 4559 1807 4617 Ambrosius
1834 4561 1980 4628 silet,

378 4656 595 4725 vulgata
629 4672 756 4711 vero
792 4661 918 4713 Aeta
947 4656 1306 4713 confirmant;
1346 4662 1507 4723 atque
1540 4652 1664 4707 hinc
1707 4651 1983 4721 intelligis,

372 4764 543 4817 quam
576 4748 783 4804 levibus
812 4765 955 4819 saepe
987 4751 1052 4803 de
1085 4751 1264 4803 causis
1290 4758 1472 4802 vetera
1510 4753 1855 4799 monumenta
1897 4760 1987 4798 su-

374 4851 562 4909 specta
597 4840 914 4896 habeamus.
948 4840 1029 4895 An
1057 4856 1183 4896 vero
1214 4843 1394 4909 Agnes
1434 4839 1557 4909 igne
1585 4855 1651 4893 an
1679 4838 1819 4893 ferro
1845 4852 1988 4892 mar-

377 4934 575 5004 tyrium
611 4932 836 4989 fecerit?
860 4934 1178 4989 Ambrosius
1202 4944 1255 4988 et
1280 4930 1604 4987 Prudentius
1628 4930 1827 5001 gladio,
1852 4931 1985 4985 Acta

375 5039 684 5097 martyrum
733 5026 1187 5093 Occidentalium,
1216 5027 1411 5097 quibus
1437 5026 1519 5080 vir
1566 5026 1702 5080 clar.
1757 5024 1989 5078 Evodius

376 5119 713 5175 Assemanu:
746 5121 1188 5191 archiepiscojius
1220 5121 1479 5191 Apameae
1510 5136 1573 5175 ex
1601 5120 1864 5176 Vaticano
1885 5119 1989 5189 Sy-

382 5214 531 5267 riaco
562 5215 728 5269 veteri
762 5214 968 5280 codice,
1002 5230 1064 5269 ac
1106 5213 1381 5282 prmelaris
1425 5213 1865 5268 annotationibus
1894 5212 1989 5267 ad-

373 5306 537 5375 jectis
569 5305 867 5362 Ecclesiam
899 5322 1070 5377 nuper
1098 5306 1466 5377 locupletavit,
1499 5306 1622 5375 igne
1649 5306 1988 5375 absumptam

382 5397 583 5455 docent
611 5418 624 5453 :
658 5400 844 5455 Latina
874 5417 1005 5458 vero
1035 5402 1189 5468 Acta,
1222 5402 1485 5473 virginem
1527 5401 1578 5455 in
1613 5400 1857 5455 ﬂammas
1883 5400 1988 5469 pri-

453 5541 532 5684 ?)
564 5540 642 5595 De
668 5540 755 5596 Gl.
788 5540 970 5623 Mart.,
1001 5554 1120 5609 cap.
1147 5540 1236 5603 δερ

486 5612 539 5684 b)
572 5612 795 5680 Senec.,
820 5620 982 5684 epist.
1016 5612 1105 5667 78.

486 5612 539 5683 ὁ)
572 5612 795 5680 Senec.,
820 5613 982 5683 epist.
1016 5612 1105 5667 78.

463 5612 514 5684 (ὁ
572 5612 795 5680 Senec.,
820 5613 982 5683 epist.
1016 5613 1045 5667 7

463 5612 541 5771 (εἰ
572 5684 834 5753 Framm.,
865 5699 919 5775 p.
954 5683 1045 5745 9f.

2086 4561 2194 4613 sint
2225 4557 2463 4627 alioquin
2496 4552 2896 4625 elegantissima
2926 4551 3022 4621 (e).

2087 4679 2113 4742 ξ
2146 4678 2234 4742 Ill.
2253 4678 2399 4728 —De
2425 4675 2621 4742 Damasi
2644 4675 2881 4742 operibus
2902 4691 2913 4721 :
2934 4672 3156 4740 Basilica:
3178 4672 3255 4723 via
3277 4671 3531 4742 ardeatina
3550 4674 3611 4723 ab
3615 4684 3694 4742 eo

2153 4741 2401 4789 aedificatre
2440 4737 2603 4801 locus,
2630 4745 2685 4786 ut
2721 4737 2931 4801 videtur,
2973 4736 3178 4797 ejusque
3210 4739 3591 4801 cremeterium._
3606 4736 3694 4801 De

2154 4803 2357 4851 Basilica
2382 4802 2434 4850 S.
2456 4798 2708 4849 Laurentii
2730 4800 2782 4847 in
2804 4799 3039 4848 Damaso:
3065 4811 3158 4860 qua
3182 4799 3436 4847 occasione
3460 4799 3523 4848 de
3556 4798 3695 4850 Tim-

2155 4863 2213 4913 iis
2246 4865 2425 4973 agitpr,
2450 4876 2507 4912 ac
2540 4864 2784 4912 Anastasii
2831 4861 2965 4912 locus
2998 4863 3045 4911 in
3072 4860 3304 4911 Marcello
3335 4860 3589 4912 adducitur
3636 4868 3693 4913 et.

2156 4940 2253 4973 exn
2277 4939 2345 4973 ica
2372 4939 2442 4973 ur.
2494 4940 2499 4941 '

2156 4930 2442 4987 explicatur.
2494 4940 2499 4941 ’

2165 5028 2206 5082 Ι.
2243 5028 2530 5098 Reliquum
2565 5045 2706 5083 nunc
2734 5040 2838 5096 est,
2878 5037 2935 5082 ut
2963 5030 3125 5084 etiam
3162 5029 3229 5083 de
3258 5029 3473 5085 Damasi
3515 5028 3696 5098 operi-

2094 5124 2194 5178 bus
2236 5137 2403 5192 pauca
2436 5122 2707 5190 adjiciam.
2755 5122 3072 5175 Pontificalc
3103 5122 3282 5192 itaque
3331 5121 3446 5175 haec
3490 5133 3695 5173 memo-

2094 5225 2220 5269 rat:
2261 5214 2360 5267 Hic
2402 5215 2519 5285 fecit
2563 5214 2802 5268 basilicas
2854 5215 3005 5277 duas,
3047 5230 3203 5266 uuam
3242 5213 3386 5277 iuxta
3438 5211 3695 5265 theatrum

2098 5306 2157 5361 S.
2194 5306 2499 5372 Laurentio,
2532 5318 2577 5361 et
2602 5309 2755 5361 aliam
2782 5310 2863 5361 via
2896 5306 3197 5369 Ardeatino,
3226 5304 3311 5356 ubi
3336 5304 3604 5369 requiescit
3637 5305 3693 5360 in

2097 5398 2441 5465 Catacumbis,
2473 5411 2517 5454 et
2544 5402 2819 5469 aediﬁcavit
2860 5400 3162 5468 plataniam,
3198 5396 3285 5450 ubi
3312 5413 3528 5469 corpora
3555 5398 3696 5469 Apo-

2159 5534 2243 5605 (d)
2270 5534 2503 5601 Ciamp.,
2530 5542 2662 5588 tum.
2686 5533 2752 5605 Il,
2786 5548 2841 5604 p.
2868 5533 2956 5605 '59.

2168 5603 2239 5678 (ε)
2271 5605 2539 5661 Mazocch.
2574 5605 2640 5661 ad
2666 5603 2885 5662 Kal."50
2911 5603 3077 5674 Junii,
3108 5614 3224 5662 not.
3258 5605 3345 5663 18.
