4138 6178
426 211 531 268 9.79

1610 201 1927 262 ssucrus
1965 198 2288 257 massas
2325 164 2527 257 eam.

3634 192 3744 250 280

429 326 681 381 stolarum
704 326 1004 398 iacuerunt,
1055 339 1207 394 quam
1254 331 1303 378 et
1344 322 1561 376 vestibus
1602 321 1821 374 ornavit.
1859 318 2035 372 Plato-
2065 325 2120 383 Α
2146 317 2328 374 Sancti
2373 330 2685 388 praenomen
2731 328 2835 371 una
2891 323 3100 370 tantum
3144 314 3320 370 littera
3352 314 3412 371 S.
3447 313 3736 370 indicatum

426 421 577 475 niam
610 428 768 475 vocat
805 417 1124 475 Anastasius
1154 414 1389 485 pretiosa
1420 428 1692 468 marmora
1726 412 1780 466 in
1811 410 2041 465 tabellas

430 514 689 580 dissecta,
722 513 919 583 quibus
966 524 1161 579 nempe
1191 526 1403 563 murqu
1443 516 1499 562 et
1543 507 1907 576 pavimentum
1940 506 2042 559 Da-

433 620 621 661 masus
660 603 1287 671 obduxerat,lucumque
1314 604 1414 656 hoc
1445 611 1599 670 pacto
1626 610 1914 654 ornaverat
1936 599 2035 671 (a):

435 698 726 753 Basilicam
760 695 842 749 via
875 694 1167 750 Ardeatino
1208 694 1528 748 aedificatam
1570 693 1658 747 ubi
1691 692 1936 762 sepultus
1961 692 2044 762 ja-

434 793 548 847 cuit
579 806 677 860 pro
696 789 884 861 majori
909 799 1061 859 parte
1083 788 1257 843 adhuc
1281 798 1568 857 snperesse
1586 788 1884 856 putantviri
1908 785 2039 840 clar.

434 882 720 939 Boldettus
758 892 815 937 et
855 881 1257 951 Marangonius,
1307 879 1484 933 idonei
1515 877 1761 949 profecto
1808 877 2040 947 judices,

434 994 555 1046 qua:
576 978 627 1031 in
652 991 807 1030 usum
838 976 991 1030 cella:
1011 975 1233 1028 vinariae
1260 988 1520 1028 conversa
1552 971 1892 1042 postmodum
1918 969 2039 1035 fuit,

440 1071 586 1124 inter
616 1068 965 1123 Ardeatinam
990 1078 1042 1121 et
1077 1067 1303 1135 Appiam
1333 1067 1496 1120 viam.
1529 1064 1661 1121 Nam
1692 1064 1864 1135 primo
1893 1063 2045 1117 locus

432 1162 531 1216 ille
566 1163 617 1215 in
648 1160 1037 1231 longitudinem
1079 1160 1145 1213 ad
1188 1159 1395 1229 palmos
1422 1159 1785 1227 septuaginta,
1826 1158 1877 1211 in
1924 1156 2044 1211 lati-

437 1255 683 1310 tudinem
713 1270 849 1309 vero
895 1253 959 1308 ad
1009 1254 1223 1322 triginta
1256 1254 1605 1309 extenditur:
1642 1254 1802 1309 habet
1848 1252 2045 1308 deinde

436 1349 825 1419 Septentrione
871 1347 1256 1417 semicyclum,
1310 1361 1404 1400 seu
1452 1345 1694 1401 absidem
1740 1361 1839 1415 pro
1888 1345 2045 1399 altari

437 1441 1041 1511 comparatamztcrtio,
1068 1444 1305 1509 parietes
1332 1438 1527 1492 alicubi
1557 1440 1794 1493 colorem
1820 1439 2045 1508 picturae

441 1534 727 1599 obtinent;
774 1549 894 1604 qua:
944 1532 1189 1601 profecto
1230 1532 1410 1585 omnia
1443 1540 1671 1586 vetustte
1717 1547 1886 1586 sacrae
1915 1531 2047 1586 tedis

437 1629 677 1697 Speciem
712 1636 967 1683 servant:
1002 1635 1194 1697 quarto
1221 1625 1440 1680 tandem
1471 1626 1594 1679 huic
1644 1626 1743 1695 ipsi
1789 1626 1907 1680 loco
1937 1639 2047 1681 cm-

2144 417 2336 481 quarto
2383 410 2494 478 jam
2542 409 2772 471 saeculo.
2800 423 2899 463 nec
2927 407 2980 462 id
3016 408 3129 462 fieri
3163 416 3453 477 propterea
3504 418 3733 477 cceptutu

2142 516 2263 575 post
2292 503 2551 558 sccculum
2582 502 2653 557 XI
2673 545 2687 569 ,
2716 512 2771 556 ut
2801 500 3014 556 censuit
3041 500 3381 555 Fontauinus
3412 500 3510 573 (b).

2216 596 2295 651 Ex
2348 598 2447 651 hac
2488 611 2620 651 vero
2662 609 2967 649 marmorea
3010 592 3199 647 tabella
3230 608 3454 648 causam
3480 603 3661 659 tenes,
3689 595 3740 649 ni

2144 688 2323 755 fallor,
2352 689 2499 744 unde
2543 689 2685 743 tituli
2710 689 2836 743 dicti
2883 688 3021 752 sint,
3056 702 3118 741 ac
3155 696 3418 756 prmterea
3450 687 3744 757 intelligis,

2148 791 2415 852 quotquot
2453 792 2608 836 erant
2638 782 2691 836 in
2721 780 2864 837 Urbe
2895 779 3167 847 basilicae,
3209 780 3474 834 titulorum
3525 782 3748 836 nomine

2146 886 2259 929 tum
2292 875 2585 944 nuncupari
2617 874 2887 943 potuisse,
2919 882 3029 926 tum
3064 872 3260 927 merito
3292 881 3655 943 nuncupatas.
3682 872 3753 929 Ut

2146 984 2276 1023 vero
2322 968 2502 1037 plures
2551 978 2706 1023 erant
2754 968 2991 1021 basilica:
3040 966 3423 1021 ecclesiasticis
3479 968 3750 1038 cogendis

2146 1063 2443 1135 synaxibus
2474 1064 2803 1132 assignatzr,
2850 1078 3009 1132 quam
3044 1061 3223 1132 viginti
3271 1063 3488 1133 quinque
3533 1064 3749 1133 (siqui-

2147 1156 2270 1212 dem
2306 1170 2489 1211 sacras
2540 1156 2683 1210 sedes
2740 1154 2841 1210 sub
2884 1151 3139 1209 Cornelio
3182 1169 3466 1209 numerum
3514 1156 3747 1225 quadra-

2146 1251 2425 1322 genarium
2479 1251 2781 1306 excessisse
2822 1266 2888 1304 ex
2939 1249 3132 1318 Optato
3172 1247 3439 1320 scimus),
3472 1250 3545 1304 ita
3589 1250 3747 1305 etiam

2154 1343 2379 1397 totidem
2426 1343 2595 1397 fuisse
2644 1343 2831 1401 titulos
2881 1341 3037 1397 fateri
3087 1344 3579 1414 cogimurzneque
3608 1344 3753 1399 enim

2151 1434 2437 1490 Marcellus
2460 1436 2603 1490 illam
2632 1436 2847 1491 caeteris
2873 1436 2991 1490 aliis
3024 1436 3261 1491 basilicis
3293 1438 3751 1508 nuncupationem

2149 1531 2375 1599 eripuit,
2421 1538 2481 1583 ut
2524 1544 2586 1584 ea
2635 1530 2769 1584 solis
2811 1529 2919 1583 illis
2953 1530 3133 1600 viginti
3179 1531 3440 1601 quinque,
3473 1546 3610 1596 quos
3641 1531 3755 1600 ipse

2149 1626 2409 1677 constituit
2429 1666 2442 1689 ,
2493 1624 2710 1695 propria
2741 1635 2904 1679 esset.
2962 1623 3190 1679 Basilica
3219 1626 3383 1695 igitur
3412 1626 3559 1691 lucc,
3593 1640 3751 1695 quam

442 1719 731 1775 meterium
777 1720 985 1786 subest,
1028 1735 1057 1772 a
1090 1718 1217 1773 viris
1257 1719 1363 1771 illis
1408 1718 1835 1787 diligentissimis
1874 1718 2047 1787 primo
2079 1718 2126 1777 B
2158 1716 2417 1771 Damasus
2469 1716 2676 1770 titulum
2720 1718 3070 1771 constituisse
3100 1716 3319 1781 dicitur,
3354 1719 3532 1773 titulus
3557 1734 3749 1773 neces-

444 1812 738 1869 detectum.
770 1813 900 1867 Eam
940 1813 1119 1882 itaque
1146 1826 1267 1866 esse
1303 1811 1449 1865 illam
1482 1820 1726 1876 censent,
1756 1826 1916 1881 quam
1944 1810 2044 1864 Da-

443 1921 628 1960 masus
650 1913 1015 1970 exstruxerat,
1034 1920 1096 1958 ac
1124 1904 1496 1960 etemetcrium
1519 1902 1660 1972 quod
1682 1902 1890 1969 subest,
1917 1902 2047 1957 illud

442 1998 647 2068 ipsum,
682 1998 734 2052 in
768 2013 875 2066 quo
915 1998 1193 2067 depositus
1220 1994 1409 2065 jacuit.
1456 1995 1653 2050 Eorum
1687 1995 1927 2049 rationes
1969 1994 2051 2048 di-

441 2090 623 2145 lucide
649 2089 832 2145 attulit
877 2089 1277 2144 illustrissimus
1327 2087 1551 2144 IEsiuus
1592 2087 1882 2159 episcopus
1929 2087 2047 2143 loco

439 2182 551 2254 jam
586 2184 842 2248 indicato,
873 2197 1033 2251 quem
1068 2182 1275 2236 videas.

517 2278 759 2330 Alteram
784 2274 851 2330 ad
877 2273 1160 2329 Theatrum
1183 2272 1437 2341 Pompeii,
1458 2274 1576 2343 ejus
1594 2274 1860 2343 pontiﬁcis
1888 2284 2048 2331 tntale

446 2371 775 2423 anteriorem
799 2369 997 2432 fuisse,
1024 2366 1311 2421 manifesto
1338 2367 1531 2438 probat
1558 2368 1798 2438 ejusdem
1826 2384 2044 2423 carmen

448 2462 513 2515 de
541 2462 733 2530 templo
767 2459 828 2515 S.
868 2459 1132 2513 Laurentii
1168 2461 1484 2530 inscriptum
1518 2480 1531 2514 :
1560 2462 1912 2531 quamobrem
1937 2478 2046 2518 non

446 2569 570 2609 eam
597 2555 805 2623 primus
834 2552 1163 2621 aedificasse,
1197 2553 1292 2608 sed
1338 2552 1593 2609 refecisse
1637 2554 1811 2609 videri
1847 2555 2041 2623 debet,

447 2666 776 2722 quamquam
806 2649 883 2703 sic
914 2649 1334 2715 restauraverit,
1368 2649 1615 2715 auxerit,
1652 2660 1705 2703 et
1737 2653 2043 2715 ornaverit,

446 2753 509 2799 ut
533 2760 672 2798 unus
700 2744 958 2815 deinceps
978 2746 1096 2813 ejus
1122 2754 1314 2798 auctor
1342 2741 1520 2797 dictus
1550 2742 1733 2797 fuerit.
1758 2742 1891 2797 Eam
1917 2760 2047 2800 vero

446 2845 843 2903 restauratam,
886 2836 1269 2907 amplificatam
1302 2848 1465 2907 atque
1501 2844 1748 2890 ornatam
1780 2845 2047 2906 praeterea

447 2930 795 2985 consecravit
816 2970 830 2992 .
865 2938 922 2982 ut
951 2944 1016 2983 ex
1044 2944 1352 2983 marmoreo
1383 2940 1736 2984 monumento
1761 2931 2042 2997 discimus,

448 3020 594 3091 quod
626 3037 655 3074 a
684 3020 948 3077 cardinali
997 3020 1287 3087 Farnesio,
1327 3037 1448 3076 cum
1488 3038 1608 3077 eam
1640 3022 1920 3077 basilicam
1948 3025 2047 3079 ite-

2150 1808 2297 1862 sario
2342 1808 2519 1863 fuerat
2568 1818 2692 1864 ante
2735 1809 2851 1876 cjus
2888 1808 3293 1879 pontificatum,
3320 1811 3587 1882 siquidem
3620 1828 3751 1868 suos

2151 1901 2338 1956 habuit
2384 1903 2732 1969 sacerdotes,
2768 1904 3059 1971 diacmtos,
3101 1905 3341 1976 ali0sque
3387 1906 3620 1976 gradus.
3653 1910 3749 1977 qui

2151 1998 2322 2052 sacris
2382 1997 2604 2068 agendis
2646 2006 2942 2068 praet-ant,
2977 2009 3035 2053 ut
3071 2016 3138 2055 ex
3181 2001 3416 2057 carmine
3452 2002 3523 2055 55
3563 2014 3753 2073 aperte

2150 2099 2384 2145 constat.
2409 2090 2621 2159 Aliquid
2650 2091 2830 2162 itaque
2856 2092 3111 2159 amplius,
3135 2108 3294 2163 quam
3322 2094 3463 2147 illam
3494 2096 3752 2151 omnibus

2149 2182 2313 2240 Urbis
2341 2183 2577 2239 basilicis
2595 2200 2942 2241 communem
2964 2187 3443 2257 nuncupationem,
3469 2198 3579 2242 tum
3604 2188 3749 2243 Mar-

2150 2277 2317 2333 cellas
2347 2279 2491 2344 suis,
2526 2287 2637 2332 tum
2666 2278 2928 2333 Damasus
2951 2280 3196 2336 ecclesia:
3226 2280 3285 2337 S.
3311 2280 3584 2336 Laurentii
3617 2298 3752 2337 eon-

2152 2368 2306 2434 tulit,
2330 2384 2453 2423 cutn
2486 2370 2692 2423 titulum
2724 2372 3006 2424 constituit.
3033 2370 3170 2439 Quid
3210 2388 3336 2426 vero
3378 2373 3505 2427 illud
3544 2374 3641 2436 sit.
3676 2390 3747 2428 ex

2150 2459 2437 2515 Anastasio
2478 2462 2859 2532 intelligimus,
2893 2478 3014 2517 cum
3048 2464 3123 2516 ait
3154 2463 3465 2518 Marcellum
3487 2506 3502 2528 ,
3562 2465 3749 2535 viginti

2149 2556 2371 2624 quinque
2414 2556 2589 2610 titulos
2635 2558 2686 2609 in
2734 2556 2854 2609 urbe
2881 2555 3048 2611 Roma
3076 2558 3399 2613 constituisse
3428 2559 3574 2629 quasi
3603 2575 3746 2615 nit}:-

2150 2661 2310 2703 CESES
2340 2658 2551 2719 propter
2579 2649 2915 2719 baptismum,
2957 2660 3007 2704 et
3047 2650 3398 2716 paenitentiam
3431 2651 3707 2705 multorum
3730 2694 3747 2715 ,

2150 2742 2236 2806 qui
2263 2742 2686 2795 convertebantur
2703 2758 2766 2795 ea:
2779 2744 3023 2812 paganis;
3046 2744 3139 2797 sed
3164 2743 3286 2813 quia
3311 2754 3429 2813 post
3460 2745 3750 2799 Decianam

2154 2837 2586 2903 persecutionem
2617 2850 2716 2888 usu
2748 2844 3023 2905 receptum
3063 2835 3263 2901 fuerat,
3289 2846 3346 2891 ut
3373 2838 3441 2892 ab
3477 2839 3753 2909 episcopis

2151 2926 2451 2997 presbyteri
2497 2927 2706 2996 aliquot
2761 2928 3245 2995 constituerentur,
3293 2932 3383 3001 qui
3443 2934 3626 3002 lapsos
3680 2933 3750 2987 ad

2160 3021 2534 3090 paenitentiam
2567 3022 2875 3091 reciperent
2898 3022 2995 3093 (c).
3026 3024 3307 3080 Marcellus
3340 3036 3397 3081 ut
3424 3027 3753 3083 Christianis

446 3129 567 3170 rum
592 3114 875 3179 reficeret,
904 3124 1204 3184 repertum,
1227 3124 1282 3168 et
1308 3115 1373 3168 ad
1405 3115 1551 3169 tedes
1577 3115 1896 3208 traitslatum
1920 3131 2046 3172 suas
2076 3112 2120 3175 C
2153 3112 2403 3168 diuturna
2445 3114 2901 3185 acerbis-sitimque
2962 3118 3329 3173 Diocletianea
3375 3127 3754 3189 persecutione

449 3204 627 3262 adhuc
651 3218 899 3264 servatur
924 3207 1008 3262 his
1032 3208 1352 3277 inscriptum
1383 3206 1601 3263 litteris.

911 3344 974 3399 T.
1009 3343 1047 3397 Ι.
1082 3343 1149 3398 Χ.
1184 3342 1250 3398 Ν.
1287 3342 1423 3399 EGO
1451 3344 1598 3400 (IAM

962 3460 1161 3517 ASlUS
1192 3437 1328 3516 vnii
1355 3460 1547 3515 ROME

892 3553 1020 3625 sps
1048 3568 1206 3627 ssc.
1234 3554 1620 3628 oonVco's‘E

904 3677 1118 3735 CRAVI
1162 3679 1225 3735 N.
1256 3679 1324 3736 Β.
1358 3683 1425 3738 (1.
1460 3680 1518 3737 S.
1552 3679 1624 3736 Μ.

1074 3770 1225 3826 SPA.
1254 3772 1313 3828 S.
1342 3772 1446 3828 PE.

454 3859 567 3916 llas
590 3876 691 3932 ego
720 3862 929 3919 litteras
960 3864 1061 3920 hoc
1100 3864 1221 3919 loco
1263 3863 1579 3933 transcripsi
1619 3878 1685 3918 eo
1722 3862 1916 3931 modo,
1947 3877 2054 3933 quo

456 3953 784 4008 immortalis
815 3957 1091 4009 memoria:
1122 3957 1204 4009 vir
1228 3955 1549 4010 Franciscus
1576 3953 1905 4008 Blanchinus
1934 3970 2056 4023 pos-

457 4044 649 4098 tremis
679 4046 827 4099 curis
858 4047 1146 4114 expressit.
1178 4045 1315 4100 Nam
1337 4062 1457 4101 cum
1490 4051 1638 4115 prius
1665 4061 1757 4101 eas
1787 4048 2059 4103 retulisset

459 4134 516 4190 in
545 4135 944 4204 prolegomenis
974 4136 1041 4191 ad
1075 4136 1306 4206 primum
1340 4138 1611 4193 Anastasii
1660 4147 1860 4193 tomum
1882 4180 1897 4205 ,
1925 4140 2057 4210 lapi-

458 4226 582 4283 dem
621 4227 817 4284 deinde
868 4228 1004 4283 forte
1055 4229 1369 4300 diligentius
1406 4231 1787 4299 observatum,
1844 4248 1907 4288 ac
1952 4248 2057 4288 una

458 4333 669 4378 tantum
700 4323 833 4392 sigla
860 4325 918 4378 D.
946 4324 1067 4380 loco
1090 4326 1335 4381 alterius.
1356 4325 1420 4396 ρ.
1446 4342 1605 4397 quam
1629 4336 1788 4382 antea
1818 4327 2059 4398 descrip—

457 4426 607 4471 serat
641 4416 980 4471 immutatum
1019 4418 1217 4473 iterum
1259 4419 1438 4473 attulit
1482 4420 1534 4473 in
1583 4418 1726 4474 notis
1785 4419 2058 4476 historicis

2151 3207 2440 3276 prostratis
2478 3207 2827 3272 consuleret,
2860 3209 2974 3263 loca
3005 3208 3071 3263 iis
3106 3211 3467 3280 recipiendis,
3500 3228 3607 3267 non
3643 3223 3750 3268 tam

2151 3299 2499 3355 constituisse
2518 3341 2532 3366 ,
2556 3316 2715 3369 quam
2738 3302 3043 3357 restituisse
3065 3302 3233 3357 videri
3259 3312 3455 3373 potest.
3487 3302 3619 3360 Cum
3653 3306 3754 3375 ἱείς

2157 3402 2247 3448 tur
2270 3394 2380 3462 jam
2410 3402 2489 3450 tot
2510 3404 2696 3449 essent
2718 3396 2882 3462 tituli,
2908 3405 3040 3465 quot
3072 3395 3334 3465 basilicae,
3360 3413 3422 3452 ac
3444 3397 3559 3452 loca
3582 3396 3754 3452 sacris

2072 3524 2075 3527 ι
2153 3488 2378 3558 agendis
2401 3489 2705 3560 assignata,
2737 3506 2803 3545 ex
2831 3493 3083 3545 omnibus
3110 3491 3272 3563 elegit
3298 3493 3483 3563 viginti
3512 3494 3753 3564 quinque

2154 3580 2454 3647 dumtaxat,
2484 3596 2685 3651 eosque
2713 3582 2862 3651 quasi
2888 3584 3126 3639 diteceses
3148 3599 3268 3639 esse
3286 3584 3448 3655 jussit
3466 3627 3479 3647 .
3510 3600 3755 3642 commu-

2154 3671 2337 3727 nicato
2372 3672 2584 3727 scilicet
2629 3675 2957 3743 praenitentes
3005 3676 3389 3731 reconciliandi
3443 3690 3498 3732 et
3548 3677 3755 3747 baptis-

2154 3779 2301 3819 mum
2332 3762 2647 3819 conferendi
2664 3766 2809 3835 jure,
2833 3767 2975 3835 quod
3002 3782 3124 3822 cum
3155 3778 3299 3823 esset
3327 3769 3487 3824 unius
3509 3768 3752 3840 episcopi

2156 3858 2465 3928 proprium,
2496 3857 2583 3925 iis,
2613 3860 2805 3929 quibus
2832 3860 3210 3917 conferebatur
3233 3864 3416 3928 titulis,
3444 3864 3754 3932 prtestabat,

2161 3960 2218 4004 ιιι
2260 3950 2408 4020 quasi
2428 3950 2667 4005 diwceses
2694 3966 2818 4008 esse
2854 3952 3187 4020 viderentur,
3219 3970 3282 4009 ac
3311 3970 3498 4010 earum
3527 3955 3755 4027 presby-

2161 4042 2453 4113 teri,quasi
2480 4043 2741 4114 episcopi.
2761 4044 2894 4099 Erat
2924 4046 3204 4115 itaque,ut
3234 4046 3373 4100 tituli
3405 4046 3753 4116 nuncupatio.

2160 4136 2238 4189 sic
2266 4146 2429 4190 etiam
2476 4149 2755 4190 Sacrorum
2814 4152 2940 4191 usus
2983 4137 3287 4192 communis
3318 4139 3533 4192 eteteris
3588 4137 3749 4192 etiam

2161 4230 2400 4285 basilicis
2432 4228 2615 4286 Urbis.
2645 4228 2711 4283 At
2735 4229 2841 4284 illa:
2863 4270 2877 4295 ,
2901 4245 3022 4300 qua:
3049 4228 3155 4285 hoc
3190 4230 3451 4299 peculiari
3473 4229 3595 4300 jure
3620 4244 3756 4299 pra:-

2163 4329 2310 4377 terea
2358 4322 2673 4387 utebantur,
2698 4321 2930 4392 majores
2962 4337 3073 4392 pra:
3113 4323 3358 4387 caeteris,
3394 4338 3459 4377 ac
3486 4322 3759 4391 digniores

2165 4416 2523 4483 habebantur,
2558 4417 2699 4473 unde
2725 4415 2829 4471 illis
2846 4416 3192 4471 cardinalium
3215 4418 3483 4472 titulorum
3517 4417 3754 4473 vocabu~

460 4509 528 4564 ad
549 4510 759 4565 Damasi
794 4512 962 4567 nostri
990 4510 1191 4577 Vitam,
1220 4522 1348 4568 tom.
1374 4511 1464 4576 Ill,
1489 4522 1651 4583 atque
1681 4514 1748 4566 ita
1774 4513 2061 4582 explicavit
2088 4505 2141 4565 D
2168 4508 2276 4563 lum
2308 4510 2568 4580 deinceps
2599 4511 2772 4565 laesit.
2807 4510 2985 4579 Atque
3016 4511 3132 4566 ba3c
3162 4520 3317 4575 sunt,
3350 4526 3470 4580 quae
3501 4510 3761 4566 Damasus

464 4600 667 4658 Titulus
688 4606 742 4659 in
764 4602 959 4660 Christi
987 4607 1190 4660 nomine
1217 4622 1235 4661 :
1264 4605 1377 4678 Ego
1402 4605 1660 4661 Damasus
1691 4606 1844 4662 Urbis
1881 4607 2062 4662 Roma:

465 4692 758 4764 Episcopus
778 4699 911 4750 hanc
939 4698 1146 4752 domum
1168 4700 1481 4765 consecravi,
1500 4714 1638 4753 nona
1657 4700 1887 4772 regione,
1917 4698 2062 4751 dedi-

463 4798 635 4843 tatam
657 4789 949 4859 Septembri
986 4810 1179 4857 mense,
1220 4792 1279 4847 S.
1311 4792 1537 4857 Paulus,
1570 4793 1632 4847 S.
1670 4792 1882 4857 Petrus,
1907 4793 2061 4863 cujus

462 4879 661 4937 deinde
682 4882 883 4936 mensis
911 4886 1078 4951 prima
1099 4885 1187 4939 die
1209 4886 1463 4940 observat
1491 4886 1541 4939 in
1563 4901 1625 4940 ea
1650 4885 1870 4940 basilica
1895 4896 2061 4955 gestae

462 4973 542 5028 rei
570 4974 885 5027 memoriam
913 4974 1200 5041 celebrari,
1228 4976 1370 5043 quod
1397 4979 1441 5032 si
1471 4976 1558 5032 cui
1587 4977 1737 5048 siglis
1764 4978 1872 5033 illis
1900 4978 1960 5033 N.
1988 4978 2054 5033 Β.

463 5066 525 5124 S.
560 5065 668 5134 M.,
701 5082 801 5123 nec
852 5082 991 5121 nona
1040 5070 1188 5139 regio
1232 5069 1470 5139 placeat,
1504 5088 1602 5126 nec
1644 5071 1922 5126 solitarius
1972 5072 2058 5126 die

466 5168 615 5214 certa
644 5176 749 5215 non
779 5159 1062 5229 designata
1082 5202 1096 5223 .
1128 5176 1380 5230 annoque
1404 5178 1510 5217 non
1538 5161 1827 5232 adscriptis
1853 5178 2057 5216 consu-

463 5252 607 5308 libus
636 5270 899 5325 expresso
929 5253 1227 5325 September
1245 5257 1453 5319 mensis,
1471 5257 1651 5323 legere
1676 5256 1812 5309 forte
1835 5258 2055 5325 poterit,

465 5343 600 5398 hanc
624 5348 831 5401 domum
858 5348 1151 5402 consecravi
1175 5356 1440 5415 novatam,
1463 5348 1706 5418 refectam
1724 5390 1737 5414 ,
1763 5349 2056 5405 dedicatam

466 5436 530 5491 S.
583 5437 801 5511 Mattyri
827 5459 845 5496 :
872 5443 1137 5513 siquidem
1183 5443 1299 5498 inec
1346 5444 1524 5498 omnia
1555 5461 1616 5499 re
1647 5444 1761 5515 ipsa
1796 5444 2057 5501 Damasus

466 5535 596 5583 tunc
643 5536 913 5599 prmstilit.
959 5536 1223 5592 Gtt-terum
1256 5536 1537 5595 observari
1562 5539 1664 5596 hoc
1692 5541 1813 5596 loco
1842 5547 2053 5609 potest,

651 5642 959 5722 llius._ltal.,
988 5658 1119 5705 tom.
1146 5652 1183 5715 Ι,
1213 5654 1381 5722 p.89.
1452 5648 1457 5653 ’

542 5715 617 5788 (b)
649 5716 723 5771 De
753 5716 887 5772 disc.
928 5732 1069 5790 arg.,
1098 5715 1227 5792 cap:
1254 5722 1341 5778 14.

2166 4604 2288 4659 huic
2311 4621 2340 4658 a
2371 4622 2432 4660 se
2454 4616 2665 4669 navatae,
2692 4613 3011 4667 reslauratw,
3039 4604 3287 4658 dedicata
3310 4603 3509 4668 fundis,
3530 4615 3583 4659 et
3604 4604 3764 4660 donis

2163 4709 2337 4751 aucun
2399 4697 2637 4751 basilica:
2688 4695 2947 4752 beneficia
2978 4697 3257 4767 praestitit,
3293 4705 3351 4751 ut
3413 4711 3574 4767 supra
3626 4696 3763 4751 alias

2166 4792 2462 4863 permultas
2492 4791 2866 4847 extolleretur.

2240 4885 2393 4940 Hunc
2424 4886 2772 4941 fortissiunun
2803 4894 3096 4959 martyrem
3123 4886 3379 4942 Romanis
3405 4887 3645 4953 civibus,
3676 4902 3767 4943 se-

2167 4993 2263 5034 cus
2284 4995 2347 5034 ac
2370 4978 2629 5034 hactenus
2651 4981 2914 5036 creditum
2945 4982 3155 5045 fuerat,
3180 4981 3645 5035 aunumerandum
3668 4980 3765 5037 de-

2170 5071 2489 5125 monstravit
2544 5070 2812 5139 Josephus
2867 5072 3199 5126 Blanchinus
3254 5073 3339 5126 vir
3395 5074 3527 5127 clar.
3571 5085 3763 5142 aperto

2167 5164 2366 5219 Leonis
2409 5165 2586 5235 Magni
2636 5164 2979 5231 tesdtnonio,
3017 5180 3083 5220 ex
3130 5166 3298 5236 ipsius
3326 5165 3765 5222 Sacramentario

2168 5272 2340 5325 nuper
2370 5272 2401 5308 a
2423 5272 2482 5311 se
2517 5256 2681 5311 edito.
2717 5255 2831 5327 Ego
2860 5271 2989 5311 vero
3018 5257 3182 5312 alium
3212 5270 3402 5313 sancto
3432 5258 3556 5313 huic
3587 5260 3762 5329 ponti-

2166 5349 2251 5405 fici
2285 5359 2478 5404 testem
2512 5350 2633 5403 a‘ddi
2656 5365 2816 5420 posse
2838 5350 3112 5419 existimo,
3146 5351 3500 5406 Prudentium
3530 5352 3762 5417 scilicet,

2164 5444 2257 5516 qui
2289 5443 2543 5497 Romana:
2575 5444 2721 5499 urbis
2745 5444 2935 5515 gloriae
2956 5444 3061 5499 hoc
3085 5461 3247 5499 untun
3277 5444 3517 5501 defuisse
3548 5446 3759 5513 scribit,

2165 5549 2225 5597 ut
2255 5542 2659 5612 postdomitum
2690 5542 2877 5597 orbem
2910 5552 3175 5598 terrarum
3214 5542 3459 5601 vinceret
3499 5542 3762 5613 Spurcunt

2245 5656 2317 5729 (ε)
2346 5657 2494 5729 Soc.,
2522 5658 2615 5714 lib.
2640 5674 2695 5727 ν,
2726 5672 2846 5728 cap,
2880 5657 2965 5714 19.
