4138 6178
232 290 235 293 ι
288 260 390 317 9.8]

1664 253 2201 313 PROLEGOMENA.

3491 262 3600 319 282

287 365 489 437 Jovem,
523 384 632 425 non
671 367 839 424 Cassii
864 365 1108 431 Camilli,
1135 374 1228 421 aut
1250 364 1469 421 Ctesaris
1502 367 1793 421 turbulenta
1813 369 1884 434 vi,
1916 375 1966 432 Α
1994 370 2622 443 ecrlesiamingressurm
2639 372 3295 443 contparatumluerat(b).
3318 373 3488 445 Hujus
3504 374 3605 429 Da-

290 467 386 524 sed
420 464 689 521 Laurentii
710 462 956 532 martyris
979 460 1118 514 haud
1148 461 1414 515 incruento
1442 460 1622 530 prtelio
1655 477 1673 514 :
1701 476 1769 515 ex
1788 476 1893 529 quo

292 562 515 633 quidem
558 557 686 612 illttd
729 555 1010 610 evidenter
1062 554 1411 623 consequitur
1464 553 1814 607 Laurentium
1863 568 1894 607 a

294 653 463 709 claris
484 652 591 705 illis
614 649 729 719 ejus
758 648 910 702 urbis
940 647 1066 700 [iliis
1096 646 1317 701 minime
1347 646 1782 716 disjungendum.

369 745 597 799 Carmen
621 742 688 796 de
716 739 975 795 Fontibus
1004 740 1158 793 nobis
1198 738 1401 792 indicat
1422 780 1435 804 ,
1471 739 1672 809 aliquid
1714 739 1893 809 operis

294 839 353 894 in
378 835 629 890 Vaticana
661 834 825 889 etiam
869 830 1096 887 basilica
1144 830 1211 886 ab
1248 830 1353 885 boc
1382 832 1635 899 pontiﬁce
1665 830 1887 885 factum.

297 929 441 998 Quid
464 928 563 982 hoc
590 927 680 991 sit,
713 924 1037 993 Ciampinus
1057 932 1317 992 quantum
1349 922 1521 993 potuit
1553 923 1603 975 in
1631 932 1775 977 tanta
1801 938 1894 978 ve-

301 1033 496 1080 tustate
528 1034 868 1092 temporum,
920 1032 983 1073 ac
1023 1032 1202 1072 rerum
1246 1018 1651 1081 immutatione,
1695 1017 1893 1072 veteris

297 1118 477 1187 templi
510 1112 960 1184 ichnographiam
993 1110 1313 1165 describens
1334 1153 1348 1177 ,
1382 1109 1467 1165 bis
1508 1110 1686 1165 verbis
1717 1110 1890 1180 expli-

292 1212 403 1267 cuit
426 1228 439 1263 :
469 1209 546 1263 Ab
573 1225 669 1261 ara
692 1216 985 1261 sanctorum
1008 1206 1165 1259 trium
1182 1220 1388 1275 regum,
1437 1204 1587 1274 longe
1631 1204 1894 1275 Operosior

289 1317 335 1358 et
364 1303 642 1374 pulchrior
678 1301 830 1354 moles
872 1299 1225 1364 attollebatur,
1251 1309 1307 1352 ut
1350 1308 1486 1370 patet
1510 1299 1576 1351 ad
1600 1316 1652 1351 ιι.
1683 1299 1751 1353 50
1778 1314 1895 1351 cum

286 1400 642 1455 vetustissimo
692 1395 849 1450 altari
898 1394 960 1449 S.
1025 1391 1247 1447 Joannis
1283 1393 1353 1445 ad
1391 1397 1557 1464 fontes
1604 1392 1889 1461 appellato.

291 1493 424 1548 Non
456 1495 604 1563 longe
627 1489 687 1543 ab
719 1489 873 1560 hujus
901 1487 1079 1540 altaris
1103 1485 1349 1558 gradibus
1387 1486 1439 1538 in
1473 1484 1893 1554 mediontagnum

286 1604 355 1641 ac
380 1584 617 1654 patulum
646 1583 848 1636 labrum
872 1580 1081 1634 laxabat
1130 1579 1499 1649 pretiosissima
1532 1578 1726 1631 concha
1753 1595 1892 1630 mar-

287 1694 431 1733 more
442 1676 784 1737 alabastrino,
810 1690 910 1744 qua
930 1672 1044 1727 [τεινί
1067 1672 1248 1737 nitore,
1276 1688 1378 1740 qua
1396 1672 1555 1743 signis
1576 1671 1895 1725 exstantibus

1998 463 2223 517 masiani
2246 466 2428 534 operis
2457 465 2649 520 iterata
2663 476 2876 520 exStant
2904 466 3213 521 testimonia
3232 475 3343 522 tum
3366 467 3596 537 PauliV,

1999 564 2109 609 tum
2133 558 2428 613 Innocentii
2459 558 2507 613 Χ
2526 601 2539 624 ,
2571 562 2658 629 qui
2689 576 2876 628 aquam
2922 559 3157 615 Vaticani
3184 562 3333 615 collis
3355 603 3368 627 ,
3402 563 3600 616 incerto

1996 648 2121 703 olim
2146 667 2177 703 a
2202 650 2368 719 capite
2397 652 2741 717 deerrantem,
2775 668 2806 703 a
2837 650 2899 705 B.
2921 648 3148 705 Damaso
3176 653 3454 718 inventam,
3484 669 3597 707 sca-

1998 744 2223 815 turigine
2251 745 2319 797 ad
2346 746 2606 798 lavacrum
2631 761 2776 799 nova:
2805 747 3150 816 generationis
3178 747 3229 799 in
3264 750 3456 816 fontem
3482 763 3597 801 cor-

1995 837 2212 891 rivatant
2236 880 2251 902 ,
2282 855 2465 891 rursus
2495 839 2737 893 amissam
2763 880 2776 903 ,
2809 840 3182 911 conquisitam,
3208 850 3593 910 repertumque,

1997 945 2058 982 ac
2084 931 2213 983 mire
2230 930 2522 1000 probatam,
2553 935 2692 1001 fonte
2719 947 2893 984 recens
2915 940 3173 985 exstructo
3192 933 3437 997 restituit,
3460 942 3516 985 ut
3540 933 3593 987 in

2003 1024 2140 1080 Urbe
2171 1028 2317 1095 aquis
2350 1026 2633 1095 peregrinis
2660 1027 2937 1094 afﬂuente,
2969 1026 3105 1080 (vdes
3155 1025 3420 1081 Vaticana:
3450 1043 3596 1080 suout

1998 1119 2129 1172 hanc
2153 1118 2412 1181 haberent,
2440 1119 2640 1189 gemina
2667 1118 2969 1173 salubritate
2994 1118 3355 1173 hauriendam.

2071 1209 2286 1265 Sancta:
2312 1210 2614 1266 Anastasis:
2660 1220 2927 1265 vetustam
2971 1226 3102 1267 sane
3130 1212 3414 1268 basilicam
3442 1227 3470 1266 a
3502 1213 3603 1267 Da-

2000 1317 2151 1356 maso
2198 1302 2422 1371 picturis
2448 1313 2692 1357 ornatam
2727 1314 2911 1357 narrat
2939 1303 3172 1359 Hilarius
3205 1320 3337 1375 papa
3358 1346 3371 1366 .
3405 1304 3602 1360 recita-

2001 1393 2069 1447 tis
2096 1408 2126 1447 a
2154 1393 2445 1449 Sarazanio
2476 1396 2726 1449 versibus
2757 1396 2809 1449 iu
2844 1397 2989 1450 notis
3020 1396 3086 1450 ad
3126 1411 3348 1451 carmen
3386 1399 3485 1463 17,
3534 1413 3601 1453 ex

1998 1501 2104 1555 quo
2134 1488 2269 1540 forte
2300 1486 2500 1556 aliquid
2533 1487 2767 1556 pra-sidii
2796 1529 2809 1551 ,
2841 1503 3163 1558 quamquam
3197 1490 3416 1555 frustra,
3445 1505 3603 1545 acce-

1999 1578 2129 1655 dere
2162 1579 2433 1634 videbitur
2462 1580 2527 1633 ad
2555 1596 2741 1635 eorum
2772 1582 3098 1638 sententiam
3118 1624 3131 1646 ,
3160 1585 3248 1654 qui
3278 1600 3394 1639 eam
3426 1584 3603 1639 eccle-

1998 1673 2134 1745 siam
2162 1672 2471 1745 Hieronymi
2496 1674 2784 1729 cardiualis
2812 1677 3026 1731 titulum
3052 1676 3217 1732 fuisse
3240 1679 3598 1749 scripserunt.

284 1772 533 1826 illustris.
569 1767 638 1822 In
668 1770 799 1822 hanc
825 1783 958 1821 razco
989 1776 1157 1820 meatu
1184 1783 1273 1836 per
1309 1765 1515 1835 ﬁstulas
1546 1784 1572 1819 e
1599 1768 1707 1819 solo
1742 1766 1895 1819 undae
1925 1768 1971 1827 B
2000 1765 2263 1820 Baronius
2317 1766 2547 1835 denique
2606 1782 2666 1821 ac
2715 1768 3031 1823 Ciaccouius
3075 1769 3332 1825 Actorum
3389 1771 3604 1826 Damasi

283 1867 669 1933 irrumperent,
698 1862 883 1933 quibus
912 1862 1258 1915 catecltumeni
1298 1862 1699 1931 baptizarentur.
1737 1860 1893 1914 Illam

286 1956 530 2011 Liberius
559 1956 841 2025 pontiﬁcex
868 1955 1234 2010 exstruendam
1261 1955 1384 2009 olim
1411 1955 1744 2009 mandaverat
1785 1953 1896 2007 Da-

286 2066 477 2115 maso,
510 2065 623 2101 cum
655 2065 757 2102 non
801 2049 974 2101 adhuc
1023 2048 1289 2118 pontiﬁcio
1339 2049 1555 2119 fulgeret
1607 2050 1891 2111 maiestate.

290 2141 442 2207 Quin
476 2150 530 2194 ut
552 2142 717 2212 operis
745 2150 848 2193 tam
873 2140 1133 2212 perspicui
1156 2142 1400 2193 memoria
1430 2140 1496 2193 ad
1523 2150 1751 2212 posteros
1781 2157 1896 2212 per-

283 2239 519 2302 veniret,
558 2238 669 2306 ipse
704 2234 976 2290 Musarum
1022 2251 1123 2289 non
1172 2236 1380 2289 humilis
1407 2235 1575 2288 cultor
1615 2234 1895 2301 Damasus,

285 2331 463 2401 lapidi
506 2329 685 2383 incidit
726 2328 979 2399 quosdam
1028 2328 1331 2390 versiculos,
1376 2345 1593 2397 quorum
1649 2329 1897 2383 nonnulla

287 2430 623 2498 fragmenta,
659 2440 773 2477 cum
809 2427 863 2477 in
904 2422 1178 2495 parietibus
1216 2425 1353 2476 intra
1382 2440 1565 2477 novum
1598 2423 1897 2498 Oratorium

286 2495 365 2572 Β.
390 2515 575 2570 Leonis
597 2531 749 2589 papte
768 2516 854 2569 vix
887 2516 989 2586 legi
1021 2526 1261 2584 possent,
1294 2516 1499 2568 tandem
1549 2516 1749 2568 erudita
1782 2495 1898 2585 per-

290 2611 561 2679 tinacique
600 2610 895 2663 curiositate
927 2609 1168 2679 primtevo
1204 2626 1264 2663 ac
1296 2611 1514 2680 genuino
1546 2610 1716 2663 sensui
1742 2612 1898 2663 resti-

289 2711 411 2755 tuta
441 2702 676 2755 visuntur
707 2702 759 2754 in
797 2702 988 2772 cryptis
1034 2700 1296 2754 Vaticanis
1335 2700 1432 2771 (a).
1478 2702 1549 2755 At
1592 2702 1716 2771 quia
1757 2702 1901 2756 aliud

291 2794 702 2863 baptisterium,
732 2793 875 2846 aliud
909 2809 1034 2848 vero
1056 2793 1357 2864 baptisterii
1389 2793 1528 2857 fons,
1559 2793 1683 2848 hinc
1714 2807 1769 2848 ut
1801 2811 1902 2865 ego

295 2898 462 2959 poto,
494 2887 696 2958 duplex
728 2898 813 2943 est
839 2888 1052 2941 Damasi
1099 2904 1317 2942 carmen
1362 2890 1424 2942 de
1471 2889 1723 2944 Fontibus
1760 2890 1906 2945 Vati-

294 2980 636 3045 canis,aliud
667 2980 879 3050 integro
908 2982 1227 3051 baptisterio
1254 2982 1616 3052 ip.~i,curaute
1644 2983 1903 3038 Mercurio

293 3075 561 3141 diacono,
590 3073 737 3128 aliud
761 3089 889 3129 vero
919 3073 1020 3143 ipsi
1072 3090 1336 3143 aquarum
1368 3078 1711 3144 receptaculo
1735 3077 1903 3130 Acha-

1950 1854 1965 1865 “
1998 1858 2317 1912 auctoritate
2365 1860 2624 1928 permoti,
2655 1861 2938 1915 ecclesiam
2967 1860 3026 1916 S.
3056 1861 3267 1916 Rufina:
3295 1872 3350 1918 et
3400 1862 3607 1918 Secun-

1999 1951 2080 2005 da.-
2112 1953 2162 2005 in
2213 1954 2359 2023 sylva
2409 1953 2649 2007 Candida
2679 1998 2692 2019 ,
2723 1969 2752 2008 a
2798 1954 2941 2010 Julio
2973 1957 3279 2026 inceptam,
3313 1972 3343 2010 a
3378 1957 3607 2013 Damaso

1998 2046 2304 2101 absolutam
2354 2048 2520 2103 fuisse
2555 2062 2830 2105 asserunt.
2864 2050 3005 2105 Sunt
3035 2051 3219 2119 etiam,
3250 2052 3340 2119 qui
3371 2052 3475 2105 hoc
3503 2052 3607 2106 Da-

2000 2142 2135 2195 masi
2162 2142 2397 2196 Studium
2427 2144 2722 2198 extendant
2748 2144 2814 2198 ad
2847 2144 2964 2199 loca
2992 2146 3059 2198 ab
3088 2143 3233 2200 Urbe
3255 2144 3474 2210 diSsita;
3498 2144 3608 2200 No-

2001 2235 2107 2289 lani
2140 2237 2283 2290 enim
2330 2238 2623 2307 scriptores
2659 2237 2941 2292 aediculam
2983 2239 3129 2292 illam
3152 2279 3166 2304 ,
3196 2239 3248 2292 in
3278 2252 3385 2308 qua
3412 2238 3470 2294 S.
3500 2238 3604 2294 Fe-

2002 2327 2121 2383 licis
2153 2330 2462 2399 sepulcrum
2510 2330 2717 2397 fuerat,
2749 2346 2906 2399 quam
2935 2330 3130 2385 deinde
3159 2330 3490 2399 amplissima
3520 2330 3609 2384 illa

2002 2422 2224 2476 basilica
2269 2438 2365 2477 sua
2412 2438 2441 2476 a
2492 2438 2551 2478 se
2594 2424 2829 2476 clausam
2864 2422 3123 2477 Paulinus
3156 2423 3348 2477 scribit
3373 2420 3465 2493 (ε),
3502 2422 3607 2477 Da-

2003 2530 2154 2569 maso
2204 2517 2545 2581 attribuunt,
2594 2532 2656 2569 ac
2703 2525 2942 2570 veterem
2997 2516 3134 2569 banc
3174 2530 3287 2584 prae
3308 2515 3523 2570 cmteris
3554 2515 3607 2569 in

2003 2610 2120 2679 ejus
2151 2610 2227 2664 rei
2258 2610 2622 2665 testimonium
2655 2610 3064 2679 inscriptionem
3093 2609 3366 2663 aderunt:
3400 2608 3441 2678 ἰ-
3477 2607 3611 2679 Sep-

2009 2704 2135 2757 tima
2165 2706 2249 2758 die
2276 2714 2443 2757 stante
2473 2720 2646 2757 mense
2674 2702 2841 2757 Madii
2869 2702 2909 2773 ’ί-
2940 2703 3193 2756 dedicatio
3220 2702 3317 2755 erit
3343 2700 3501 2773 hujus
3544 2699 3606 2755 S.

2007 2797 2271 2853 Ecclesiae.
2296 2799 2469 2851 beatus
2499 2797 2754 2851 Damasus
2773 2796 2891 2849 PP.
2924 2797 3207 2849 construxit
3236 2804 3283 2849 et
3311 2793 3607 2861 (ediﬁcavit.

2005 2890 2086 2943 Ad
2132 2889 2416 2944 Honorem.
2463 2889 2551 2945 Di.
2586 2890 2654 2943 Et
2691 2890 2999 2943 Beatissimi.
3040 2887 3248 2943 Felicis.
3282 2888 3461 2959 Conf.;
3502 2904 3607 2959 qua

2006 2983 2073 3038 de
2102 3000 2196 3049 re,
2230 2984 2386 3050 vide,
2424 2984 2467 3038 si
2502 2984 2712 3053 placet,
2746 2985 2815 3037 cl.
2851 2983 3021 3036 virum
3072 2981 3336 3037 Joannem
3376 2980 3609 3050 Stepltao

2010 3092 2136 3129 nunt
2179 3075 2579 3130 Reutondinutn
2621 3074 2724 3148 (d).
2757 3074 2947 3129 Mirum
2988 3084 3165 3127 tamen
3206 3073 3376 3128 videri
3418 3072 3615 3127 merito

294 3168 360 3221 tii
386 3181 557 3235 Opera
587 3167 928 3235 inscriptum.
950 3166 1080 3221 Nam
1105 3167 1226 3222 fons
1245 3168 1402 3233 alius,
1437 3184 1532 3222 seu
1553 3170 1897 3236 cantharum,
1931 3153 1975 3216 (ἶ
2011 3170 2243 3240 poterit,
2295 3171 2583 3225 Paulinum
2636 3170 2812 3242 ipsunt
2840 3210 2855 3235 ,
2899 3184 3223 3239 quamquam
3272 3168 3340 3221 de
3385 3167 3610 3220 aedicula

296 3258 452 3331 quod
501 3258 757 3313 Paulinus
797 3257 1037 3313 Nolanus
1076 3260 1351 3328 eleganter
1388 3258 1647 3314 describit
1679 3262 1730 3313 in
1762 3262 1900 3315 atrio

295 3351 548 3408 basilica:
596 3353 861 3420 positum,
893 3367 957 3406 ac
1005 3352 1072 3406 ab
1117 3352 1387 3407 nonnullis
1438 3368 1535 3423 pro
1587 3353 1903 3422 baptisterio

296 3451 589 3513 acceptum
620 3440 753 3510 luit,
784 3441 875 3497 uni
913 3451 1120 3498 tantum
1156 3444 1397 3499 lavanda:
1438 3459 1536 3514 pro
1580 3458 1734 3499 more
1763 3446 1905 3515 plebi

371 3582 461 3652 (a)
491 3582 611 3655 Yet.
632 3582 809 3655 Mum,
858 3593 989 3655 tom.
1022 3584 1064 3647 Ι,
1096 3600 1149 3655 p.
1183 3586 1272 3641 59.

296 3655 457 3784 edi?)
488 3654 570 3710 Cl.
596 3654 785 3710 blurat.
825 3672 881 3712 n.
912 3654 1004 3723 41,
1033 3654 1126 3724 Η,
1154 3657 1222 3713 ad
1248 3658 1418 3729 Epist.
1450 3659 1629 3727 Paul.,
1663 3659 1752 3727 15,
1779 3658 1901 3715 Ver.

373 3745 393 3783 t
426 3767 441 3780 .
1380 3750 1387 3753 τ

373 3745 441 3783 ιι.
1380 3750 1387 3753 '

329 3861 1115 3888 m—

1128 3867 1223 3883 -η

2009 3262 2097 3317 illa
2145 3263 2343 3333 smpius
2390 3264 2594 3333 egerit,
2624 3262 2826 3318 nullam
2880 3276 3133 3331 umquam
3173 3259 3290 3329 ejus
3342 3258 3612 3328 pontilicis

2014 3356 2348 3411 mentionem
2378 3354 2595 3411 fecisse.
2640 3418 2645 3419 ί

2116 3590 2166 3659 c)
2192 3590 2295 3658 Ep.
2333 3589 2431 3655 12,
2465 3587 2592 3645 Ver.
2626 3588 2757 3644 edit.

2116 3591 2166 3659 c)
2192 3591 2295 3658 Ep.
2333 3591 2431 3655 12,
2465 3591 2592 3645 Ver.
2626 3591 2757 3644 edit.

2088 3591 2169 3735 id)
2202 3661 2353 3717 Della
2382 3660 2575 3716 Nolan.
2622 3660 2834 3715 Eccles.
2863 3659 3072 3726 Storia,
3105 3657 3198 3714 lib.
3231 3674 3288 3727 ιι,
3323 3673 3443 3730 cap.
3476 3660 3531 3727 8,
3561 3658 3612 3714 9.

1490 3959 2069 4042 DIATRIB/E
2143 3956 2423 4039 DU/E

570 4124 1176 4188 ILLUSTRANTES
1240 4124 1497 4187 GESTA
1551 4124 1915 4199 QUIEDAM
1972 4118 2467 4185 PONTIFICUM
2518 4118 2810 4180 LIBERII
2863 4117 2966 4177 ET
3025 4115 3355 4179 DAMAS].

812 4385 1132 4441 DIATRIBA
1176 4384 1409 4440 PRIMA.

740 4498 822 4553 De
851 4502 1005 4571 gestis
1036 4480 1229 4552 Liberii
1260 4498 1469 4552 exsulis.

300 4619 329 4682 ε
361 4618 404 4682 ι.
430 4644 491 4653 -
515 4615 799 4665 Aﬂ’eruntur
825 4615 976 4682 coaevi
1004 4613 1353 4682 scriptoresde
1376 4612 1536 4676 gestis
1559 4609 1743 4682 Liberii
1770 4623 1917 4682 exsu-

372 4681 458 4752 lis,
484 4692 618 4752 quos
634 4684 822 4749 tantum
858 4676 1046 4747 futuros
1075 4674 1167 4725 sibi
1187 4674 1653 4738 judiCes‘prOjiosuit
1677 4680 1841 4722 auctor
1868 4674 1917 4721 in
1953 4693 1999 4752 Ι)

372 4738 471 4791 hac
494 4738 683 4791 celebri
706 4738 1065 4789 controversia.

384 4854 600 4910 Mecum
673 4854 791 4922 ipse
854 4849 1276 4911 constitueram,
1323 4860 1649 4917 quamquam
1706 4844 1923 4898 occasio

308 4965 443 5006 sese
472 4946 785 5009 obtulisset,
816 4960 883 4999 ne
911 4943 1037 5013 quid
1067 4942 1335 4998 sermonis
1367 4941 1484 4994 istis
1514 4940 1580 4993 de
1609 4938 1768 4993 rebus
1799 4952 1925 5006 age-

307 5056 436 5096 rem
456 5080 471 5105 ,
496 5038 641 5109 quod
671 5038 780 5092 illa:
807 5046 967 5092 extra
998 5036 1301 5090 institutum
1331 5048 1507 5087 meum
1535 5032 1728 5103 posita:
1774 5030 1921 5100 vide;

306 5140 532 5197 rentur,
566 5146 629 5185 ac
674 5145 742 5185 ne
772 5139 965 5199 ιιόιειιιι
1000 5138 1109 5182 tam
1138 5142 1280 5196 saepe
1306 5131 1607 5188 versatam,
1642 5122 1817 5176 inutili
1849 5124 1923 5175 Ia-

305 5230 454 5286 bore
485 5244 515 5281 a
566 5242 653 5281 me
694 5224 900 5279 versari
935 5225 1129 5278 iterum
1172 5221 1463 5276 diceretur.
1500 5219 1699 5273 Verum
1743 5215 1924 5271 consi-

305 5324 455 5379 lium
508 5331 693 5390 postea
741 5319 1022 5373 immutavi
1075 5331 1288 5381 meum,
1336 5313 1480 5384 quod
1530 5312 1767 5367 videram
1814 5320 1926 5364 tum

304 5413 526 5472 Liberii
578 5412 830 5467 bmrcsim
881 5412 949 5466 ab
1003 5409 1373 5473 Jansenianis,
1423 5407 1620 5476 elapsis
1665 5406 1820 5460 annis
1859 5404 1926 5459 ad

308 5522 583 5565 nauseam
614 5520 784 5575 usque
828 5503 1096 5560 recantari
1143 5501 1402 5557 adversus
1427 5499 1768 5561 Catholicos,
1812 5508 1923 5552 tum

310 5600 492 5657 fuisse
542 5612 717 5666 nuper
757 5606 1065 5652 nostrarum
1109 5594 1338 5667 partium
1387 5592 1704 5661 scriptorem
1757 5589 1929 5643 histo-

309 5693 525 5757 ricum,
560 5691 650 5760 qui
675 5705 793 5745 eam
822 5704 919 5761 pro
947 5704 1007 5745 re
1049 5688 1265 5743 indubia
1292 5686 1487 5742 habeat
1513 5726 1527 5751 ,
1555 5695 1667 5738 tum
1698 5682 1932 5752 denique

314 5783 472 5857 quod
509 5781 772 5854 legendo,
807 5790 862 5841 et
890 5779 1202 5840 meditando
1241 5776 1648 5837 observaverim
1679 5775 1935 5849 quaestio-

2022 4396 2145 4434 nem
2179 4379 2317 4434 banc
2360 4379 2734 4434 deficientibus
2778 4379 3195 4432 monumentisa
3238 4378 3369 4432 viris
3397 4386 3625 4432 cateru-

2022 4472 2151 4541 qnin
2181 4470 2529 4534 doetissimis,
2560 4472 2684 4524 dtttn
2709 4470 2934 4539 quisque
2964 4479 3355 4539 praeconceptte
3380 4470 3623 4538 opinioni

2025 4565 2287 4628 inservit,
2318 4580 2425 4618 non
2456 4574 2562 4617 tam
2595 4564 2905 4632 esplanari,
2936 4578 3095 4632 quam
3130 4564 3415 4631 itnplexam
3450 4562 3620 4633 magis

2026 4666 2189 4726 atque
2237 4656 2609 4712 obscuriorem
2657 4654 2820 4709 efﬁci.
2866 4654 2948 4709 Me
2980 4655 3142 4725 igitur
3165 4670 3284 4709 cum
3318 4655 3383 4711 iis
3405 4658 3624 4723 multis,

2031 4750 2123 4819 qui
2170 4748 2306 4803 hanc
2356 4749 2781 4804 controversiam
2831 4756 3166 4815 traCIarunt,
3218 4749 3391 4818 abripi
3438 4766 3630 4821 passus

2032 4858 2185 4905 sum;
2218 4858 2284 4896 ne
2329 4854 2507 4896 autem
2560 4842 2795 4897 lectores
2846 4856 2993 4897 meos
3041 4841 3265 4897 nimium
3306 4845 3584 4915 fatigarem
3615 4886 3629 4911 ,

2028 4936 2226 4991 cozcvis
2289 4936 2569 4990 dumtaxat
2627 4936 3021 5004 scriptoribus,
3067 4953 3296 5007 quorum
3344 4947 3634 5009 supersunt

2030 5043 2190 5098 Opera
2215 5069 2229 5093 ,
2261 5042 2377 5081 eam
2424 5026 2723 5082 dilucidare
2754 5043 3042 5098 aggressus
3069 5044 3187 5084 sum
3224 5047 3236 5082 :
3278 5030 3421 5101 quod
3452 5040 3627 5084 tamen

2030 5135 2095 5174 an
2125 5118 2444 5173 succeSserit
2472 5134 2537 5172 ex
2571 5128 2727 5183 voto,
2758 5120 2791 5173 ii
2822 5119 3138 5189 tlijudiceut.

2101 5212 2374 5282 Principio
2400 5213 2526 5282 quitt
2551 5211 2799 5268 Liberius
2823 5228 2956 5282 papa
2982 5214 3034 5267 itt
3060 5213 3251 5267 exsilio
3281 5209 3482 5279 positus
3505 5207 3629 5264 Sir-

2030 5306 2276 5361 mienscm
2305 5304 2460 5375 [idem
2489 5307 2809 5375 susceperit,
2838 5321 2997 5359 nemo
3022 5302 3365 5367 dubitaverit,
3394 5304 3482 5372 qui
3515 5302 3634 5372 ejus

2031 5399 2099 5454 ad
2145 5399 2447 5455 Orientales
2496 5399 2780 5467 epistolam
2827 5398 3206 5466 legatmeque
3229 5394 3377 5449 enim
3421 5395 3468 5449 is
3510 5410 3629 5450 sum

2030 5511 2171 5568 ego,
2205 5496 2295 5566 qui
2341 5509 2458 5549 eam
2503 5491 2927 5561 repugnantibus
2978 5499 3055 5543 tot
3100 5488 3311 5545 srcculis
3357 5491 3631 5560 postulare

2035 5589 2154 5644 falsi
2186 5604 2249 5644 ac
2279 5588 2418 5642 inter
2468 5585 2789 5639 Arianorum
2818 5594 3126 5637 commenta
3159 5582 3385 5653 rejicerc
3411 5599 3632 5654 prorsus

2037 5680 2264 5736 audeam
2301 5698 2313 5732 :
2346 5695 2411 5733 an
2444 5691 2573 5733 vero
2626 5676 2956 5731 voluntatem
2996 5675 3164 5732 verbo
3209 5686 3366 5732 tenus
3408 5692 3632 5745 expres-

2040 5789 2187 5847 sam,
2220 5789 2288 5830 an
2323 5773 2501 5844 potius
2539 5770 2933 5841 subscriptione
2979 5770 3156 5844 aliqua
3200 5772 3364 5831 etiam
3405 5786 3501 5830 sua
3524 5772 3635 5841 jam
