4138 6178
517 238 623 296 9.85

1710 240 2022 298 SANCTUS
2062 239 2385 299 θΑιιΑευε
2423 240 2597 299 PAPA
2610 281 2622 295 .

3704 250 3802 307 284

519 353 889 410 confirmatam
912 395 927 420 ,
956 355 1204 411 Liberius
1230 370 1296 409 eo
1322 355 1443 410 loco
1464 355 1698 425 explicet
1722 395 1735 419 ,
1762 362 1923 426 prout
1945 354 2107 411 etiam
2135 355 2192 417 Α
2213 356 2475 410 catholica
2525 357 2638 411 visa
2683 365 2804 423 est,
2832 364 2888 411 et
2915 364 3102 411 sancta
3148 356 3201 411 iu
3241 357 3384 413 libro
3421 358 3488 415 de
3530 360 3746 433 Synodis
3775 384 3789 422 :

522 466 769 521 quaenam
798 450 1097 505 Sirntiensis
1119 464 1183 504 ea
1229 449 1358 519 ﬁdes
1385 449 1488 516 sit,
1520 449 1587 503 de
1614 464 1718 519 qua
1746 448 1835 505 ille
1861 448 2119 519 loquitur,

521 544 697 598 dicam
728 552 935 613 postea.
965 543 1115 598 Nunc
1142 542 1378 599 breviter
1406 544 1680 598 monuisse
1716 542 1848 598 satis
1872 544 1973 607 sit,
1999 542 2121 598 Sir-

523 636 780 690 miensem
812 633 973 689 fidem
1009 634 1274 705 triplicem
1304 650 1447 703 esse,
1474 643 1530 688 ιιι
1554 635 1747 704 triplex
1778 645 1859 690 est
1888 634 2123 691 formula

526 746 619 785 seu
674 730 929 795 ccthesis,
960 744 1081 798 qua:
1108 729 1160 783 in
1194 744 1257 783 ea
1288 729 1419 784 urbe
1448 744 1674 799 procusa
1703 737 1755 782 et
1787 729 2122 800 promulgata

526 832 629 889 est;
654 823 821 893 prima
848 824 1077 889 scilicet,
1093 838 1212 878 cum
1235 823 1496 878 Photinus
1516 824 2127 879 abOrieutalihusdam—

527 930 706 983 natus,
727 927 782 973 et
803 918 1087 973 Sirmiensi
1114 922 1428 986 episcopatu
1458 928 1617 988 atque
1644 919 1755 987 ipsa
1789 919 1921 972 urbe
1940 919 2124 989 pulsus

526 1020 637 1066 est:
672 1011 997 1079 altera,quce
1020 1010 1087 1065 ab
1115 1009 1358 1077 Ursacio,
1385 1010 1606 1065 Valente
1625 1010 1968 1066 ctGerminio
1990 1027 2123 1066 cou-

528 1103 725 1173 scripta
756 1104 1038 1172 posteriori
1070 1111 1333 1173 tempore,
1367 1113 1527 1172 atque
1554 1104 1700 1165 Hosii
1733 1110 1891 1157 etiam
1933 1119 2126 1174 quam-

529 1212 688 1267 quam
713 1196 982 1250 immerito
1008 1206 1061 1250 et
1095 1196 1325 1250 Potantii
1355 1196 1687 1263 blasphemia
1712 1198 1850 1250 dicta
1877 1206 1956 1251 est
1984 1214 1997 1250 :
2026 1206 2129 1252 ter-

531 1290 599 1343 tia
625 1290 877 1356 denique,
898 1303 1019 1359 quae
1048 1303 1076 1341 a
1106 1288 1283 1343 Marco
1306 1288 1593 1343 Arethusia
1612 1288 1694 1341 die
1722 1288 1785 1341 2f
1805 1286 1938 1341 Julii
1964 1287 2129 1356 Ilipa-

533 1381 603 1434 tio
631 1391 677 1434 et
708 1380 926 1435 Eusebio
954 1397 1085 1435 coss.
1121 1396 1263 1434 anno
1292 1381 1499 1435 scilicet
1519 1382 1623 1437 5.39
1654 1380 1851 1434 dictata
1866 1390 2037 1445 est,ac
2057 1380 2129 1437 ob

533 1490 651 1529 cant
673 1475 865 1527 merito
896 1473 1501 1542 causam,obascriptos
1530 1474 1734 1526 scilicet
1764 1472 1905 1527 diem
1926 1481 1980 1525 et
2000 1487 2131 1526 cnn-

533 1569 697 1631 snles,
719 1568 786 1622 ab
814 1566 1327 1621 Athanasioinlibro
1356 1567 1421 1620 de
1448 1566 1679 1637 Synodis
1704 1566 1813 1619 risu
1842 1565 2124 1634 excipitur.

605 1662 737 1716 Cum
766 1662 926 1732 igitur
956 1662 1248 1732 quaerimus
1294 1675 1360 1714 ex
1407 1660 1576 1715 tribus
1607 1659 1715 1713 illis
1742 1658 1864 1713 fidei
1910 1659 2117 1729 exposi-

2223 458 2383 519 atque
2432 450 2548 504 lucc
2590 464 2695 504 una
2739 460 2824 505 est
2844 451 3009 517 ratio,
3043 450 3113 504 ob
3155 466 3342 521 quam,
3375 461 3436 506 ut
3462 452 3793 515 heterodoxos

2224 551 2541 611 prseteream
2563 532 2673 607 ,ex
2705 542 2902 599 nostris
2926 543 3170 598 nonnulli
3200 544 3252 598 in
3284 545 3423 601 hanc
3451 546 3656 605 iverunt
3677 567 3791 608 sen-

2223 634 2465 689 tentiam.

2222 788 2248 851 §
2281 786 2344 837 Il.
2379 815 2441 825 --
2468 787 2637 838 Hilarii
2673 790 2948 839 testimonia
2989 790 3089 841 late
3123 794 3485 854 expenduntur,
3548 810 3600 847 ro
3633 800 3804 849 consti-

2287 853 2468 899 tuenda
2494 850 2744 901 Sirmiensi
2763 850 2865 906 ﬁde
2887 867 2911 901 a
2940 852 3136 903 Liberin
3159 863 3395 906 assecuta.
3423 811 3610 906 Nuliam
3637 862 3683 906 in
3708 864 3804 906 Sir.

2287 853 2468 919 tueuda
2494 850 2744 919 Sirmiensi
2763 850 2865 919 [ide
2887 867 2911 901 a
2940 852 3136 903 Liberin
3159 850 3395 919 suscepta.
3423 850 3610 908 Nullam
3637 862 3683 909 in
3708 864 3805 911 Sir-

2286 916 2462 984 miensi
2499 916 2620 963 urbe
2657 915 3077 984 haheripotuisse
3104 915 3392 969 Arianorum
3424 923 3654 984 synodum
3687 938 3808 974 anno

2287 977 2380 1027 549
2402 991 2547 1026 secus
2569 990 2624 1026 ac
2649 977 2863 1026 nonnulli
2888 987 3114 1029 censent.

2296 1101 2564 1158 Cancrum
2596 1104 2931 1159 Sirmiensem
2956 1105 3111 1173 [idem
3130 1147 3146 1171 ,
3174 1121 3334 1176 quam
3375 1106 3597 1163 Liberius
3637 1127 3811 1166 susce-

2229 1197 2341 1265 pit,
2374 1197 2529 1251 aliam
2579 1212 2683 1251 non
2732 1212 2852 1251 esse
2878 1200 2946 1253 ab
2990 1214 3052 1252 ea
3080 1241 3094 1264 ,
3121 1215 3246 1266 qua:
3284 1216 3311 1251 a
3353 1202 3578 1255 concilio
3620 1214 3809 1259 contra

2228 1290 2518 1347 Pbotinum
2555 1292 2886 1361 promulgata
2920 1292 3123 1357 fuerat,
3158 1293 3447 1349 manifesto
3477 1295 3661 1366 probat
3683 1296 3816 1351 Hila-

2230 1386 2341 1439 rius
2394 1386 2541 1454 ipse,
2574 1402 2731 1453 quem
2771 1396 3052 1453 pr0pterea
3099 1388 3266 1440 miror
3297 1388 3521 1442 minime
3567 1388 3822 1443 haCIeuus

2230 1484 2433 1531 attente
2475 1476 2693 1530 lectum.
2736 1476 2862 1545 Agit
2905 1477 2995 1531 ille
3035 1477 3293 1545 prolixius
3322 1478 3393 1532 de
3418 1480 3698 1533 Sirmiensi
3726 1480 3823 1535 hoc

2233 1569 2555 1623 Arianorum
2583 1568 2810 1622 concilio
2836 1610 2849 1633 ,
2889 1568 3115 1639 ejusque
3136 1610 3150 1631 ,
3178 1585 3339 1639 quam
3381 1568 3683 1625 Orientales
3723 1571 3824 1626 sibi

2236 1669 2629 1729 [imposuerant
2668 1700 2683 1724 ,
2738 1660 2937 1729 duplici
2982 1661 3314 1715 convocandi
3370 1676 3532 1716 causa
3592 1680 3606 1716 :
3656 1664 3824 1731 prima

534 1754 771 1808 tionibus
797 1769 1087 1823 quamnam
1116 1752 1436 1821 susceperit,
1467 1762 1627 1822 atque
1653 1767 1718 1806 ex
1748 1752 1812 1805 iis
1841 1752 1943 1806 utri
1972 1752 2126 1806 dein—
2156 1739 2204 1799 Β
2230 1754 2432 1808 scilicet
2469 1795 2483 1818 ,
2531 1763 2587 1807 ut
2630 1768 2692 1807 ea
2735 1754 3023 1808 occasione
3064 1752 3133 1807 de
3178 1753 3405 1806 Photino
3449 1755 3570 1807 data
3632 1754 3821 1808 Sardi-

534 1846 602 1899 de
649 1845 1033 1915 subscripserit
1077 1845 1326 1899 Liberius
1370 1844 1647 1915 pontifex,
1678 1845 1721 1899 si
1770 1844 1928 1914 hujus
1957 1843 2132 1901 (etatis

536 1940 742 2006 Patres,
772 1942 860 2011 qui
894 1940 993 1996 hac
1024 1941 1090 1995 de
1122 1955 1179 1994 re
1201 1948 1396 2010 agunt,
1425 1938 1804 2004 Athanasium,
1837 1938 2131 2005 Hilarium,

539 2032 919 2102 Hieronymum
963 2034 1309 2087 consulamus
1335 2073 1347 2091 .
1380 2048 1501 2085 cmn
1530 2032 1580 2084 lii
1612 2032 1813 2085 nullam
1841 2046 1911 2085 ex
1942 2031 2132 2086 iisdem

535 2125 783 2179 formulis
812 2135 999 2194 aperte
1025 2124 1342 2195 designent,
1381 2126 1614 2179 incertos
1648 2140 1745 2179 nos
1785 2126 2130 2198 relinquunt;

532 2216 862 2270 Athanasius
892 2217 1033 2271 enim
1059 2216 1111 2269 in
1141 2217 1363 2270 historia
1387 2218 1704 2270 Arianorum
1730 2217 1794 2270 ad
1818 2217 2132 2285 Monachus,

534 2310 649 2362 sive
676 2308 901 2378 epistola
934 2308 998 2361 ad
1026 2308 1309 2363 Solitarios
1333 2309 1449 2363 haec
1476 2310 1664 2364 scribit
1687 2310 1878 2365 :Porro
1901 2310 2136 2368 Liberius

534 2403 751 2455 extorris
777 2406 944 2473 factus
974 2412 1086 2474 post
1133 2402 1388 2456 biennium
1430 2404 1648 2473 denique
1678 2407 1874 2474 fractus
1905 2415 2010 2471 est;
2039 2407 2136 2459 mi-

535 2497 714 2564 nisque
766 2497 947 2550 mortis
992 2497 1292 2567 perterritus
1337 2498 1674 2568 subscripsit;
1725 2507 1836 2552 tum
1886 2500 2031 2554 illum
2080 2508 2138 2555 ιιι

537 2599 765 2658 purget,
797 2590 976 2643 statim
1010 2588 1125 2643 haec
1153 2588 1302 2643 addit
1330 2607 1343 2643 :
1386 2590 1569 2643 Verum
1601 2608 1660 2645 ea
1682 2592 1795 2660 ipsa
1823 2607 1879 2646 re
1899 2609 2137 2660 compro-

536 2680 683 2733 batur
706 2697 821 2734 cum
845 2682 1084 2735 violentia
1106 2698 1302 2747 eorum,
1323 2692 1428 2736 tant
1452 2681 1641 2737 Liberii
1668 2684 1719 2736 in
1737 2684 1969 2738 Itwresim
1991 2685 2135 2739 illam

536 2771 733 2837 odium,
774 2774 981 2843 ejusque
1030 2789 1123 2845 pro
1150 2774 1435 2827 Athanasio
1492 2773 1823 2843 stt/fragium,
1888 2776 2136 2843 quamdiu

536 2864 726 2919 scilicet
755 2864 938 2930 libere,
968 2866 1278 2935 arbitrioque
1322 2882 1414 2919 suo
1458 2882 1607 2937 agere
1640 2866 1781 2920 licuit
1811 2883 1829 2921 :
1862 2884 1981 2920 nam
2021 2883 2136 2938 qua:

539 2966 902 3010 tormentorum
932 2958 977 3009 vi
1005 2969 1188 3027 prwter
1239 2959 1461 3027 priorem
1504 2960 1807 3013 sententiam
1831 2960 2133 3027 eliciuntur,

537 3065 596 3102 ea
620 3066 721 3102 non
752 3049 1325 3120 reformidantiam,sed
1357 3051 1645 3104 vexantium
1668 3060 1783 3106 sunt
1814 3052 2005 3120 placita
2032 3050 2131 3123 (a).

2235 1846 2413 1899 censis
2478 1844 2757 1898 catholica:
2821 1844 3012 1915 synodi
3057 1884 3072 1910 ,
3112 1860 3233 1913 quae
3272 1843 3576 1899 Marcellum
3615 1886 3630 1909 ,
3676 1824 3821 1899 Pho-

2237 1939 2331 1993 tini
2382 1939 2733 2005 magistrum,
2797 1946 2853 1991 et
2912 1938 3261 1992 Athanasium
3331 1938 3647 1993 innocentes
3692 1953 3822 2007 pro-

2238 2034 2613 2096 nuntiaverat,
2687 2031 2901 2085 decreta
2961 2031 3388 2086 convellerent:
3458 2033 3628 2086 altera
3701 2046 3832 2086 vero

2236 2144 2405 2197 eaque
2449 2128 2699 2197 gravior,
2756 2136 2810 2180 ut
2849 2124 3187 2180 Photiuianm
3238 2127 3511 2180 haereseos
3568 2134 3832 2196 prmtextn

2239 2236 2434 2274 novam
2470 2220 2871 2289 promulgarent
2901 2218 3023 2272 fidei
3065 2218 3330 2272 ecthesim
3352 2256 3368 2281 ,
3412 2232 3517 2286 qua
3548 2232 3646 2286 per
3687 2218 3834 2271 cuni-

2237 2314 2386 2367 culus
2414 2312 2691 2367 Nic-acuum
2721 2310 2915 2380 dogma
2956 2309 3322 2365 deSIrnerent.
3374 2309 3648 2364 Ecthesim
3697 2309 3835 2363 illam

2236 2406 2433 2460 deinde
2464 2404 2692 2469 recitat,
2722 2402 3117 2458 fraudulentam
3142 2443 3157 2465 ,
3194 2402 3504 2455 hacreticam
3526 2443 3540 2465 ,
3577 2409 3631 2455 et
3660 2400 3836 2455 verbis

2238 2499 2635 2555 blandientibus
2660 2513 2870 2553 veneno
2897 2497 3155 2551 interiore
3181 2504 3551 2564 przrgnanletn
3580 2505 3757 2559 vocat,
3780 2507 3840 2548 ac

2236 2594 2308 2648 ita
2337 2600 2738 2661 comparatam,
2770 2600 2827 2644 ut
2854 2604 2960 2646 uno
2983 2588 3286 2658 eodemque
3315 2595 3617 2652 contextu,
3664 2586 3844 2641 Photi-

2238 2702 2365 2740 nnm
2401 2685 2648 2752 ejiccret,
2681 2683 3033 2738 Athanasium
3067 2696 3219 2736 reum
3248 2691 3453 2751 ageret,
3474 2690 3528 2734 et
3557 2680 3724 2734 fidem
3755 2679 3844 2735 Ni-

2237 2793 2439 2831 creuam
2472 2784 2761 2830 everteret.
2808 2775 2937 2829 Eam
2970 2774 3132 2829 etiam
3164 2788 3285 2827 cum
3312 2771 3527 2827 Niczcna
3558 2771 3674 2827 fide
3700 2786 3843 2825 com-

2239 2877 2428 2937 parat,
2480 2877 2536 2923 ut
2568 2867 2667 2921 hac
2717 2868 2830 2936 ipsa
2877 2864 3101 2920 alterius
3133 2864 3420 2918 falsitatem
3453 2864 3837 2927 demonstret,

2238 2972 2397 3033 atque
2429 2962 2545 3016 lucc
2588 2961 2663 3015 ait
2701 2977 2714 3014 :
2764 2959 2906 3014 Nam
2944 2975 3058 3029 qua:
3110 2957 3251 3026 apud
3319 2955 3553 3009 Nicceam
3602 2956 3840 3010 ordinata

2238 3066 2346 3120 est,
2379 3056 2529 3122 plena
2556 3065 2707 3124 atque
2733 3052 2960 3124 perfecta
2984 3062 3059 3105 est
3079 3092 3093 3116 ,
3126 3061 3172 3104 et
3204 3048 3438 3103 omnibus
3467 3049 3703 3118 undique
3730 3048 3845 3117 qui-

609 3140 968 3211 HierOnymns
1014 3140 1221 3194 duobus
1270 3140 1322 3194 in
1383 3141 1515 3197 locis
1562 3142 1758 3197 faCtum
1826 3144 2035 3212 attigit,
2078 3145 2131 3198 in
2159 3130 2203 3193 Ο
2238 3148 2329 3199 bus
2360 3146 2606 3217 adrepere
2647 3143 2875 3198 haeretici
2916 3144 3110 3209 solent,
3142 3140 3366 3194 aditibus
3410 3141 3726 3202 observatis,
3770 3141 3844 3192 itt-

536 3233 806 3289 Chronico
850 3235 1058 3288 scilicet
1104 3243 1159 3288 et
1192 3236 1242 3287 in
1292 3234 1427 3288 libro
1458 3235 1525 3289 de
1554 3235 1921 3305 Scriptoribns
1954 3238 2136 3292 Eccle-

537 3328 771 3382 siasticis
806 3346 817 3380 :
847 3343 910 3382 ac
957 3328 1131 3397 primo
1178 3327 1293 3381 hzcc
1319 3329 1431 3382 ait:
1466 3328 1668 3383 Liberio
1708 3330 1761 3384 in
1792 3332 2031 3385 exsilium
2072 3331 2135 3386 ob

541 3422 694 3487 fidem
744 3432 884 3474 traso
913 3463 929 3489 ,
981 3438 1155 3476 omnes
1177 3425 1487 3494 juraverunt
1518 3422 1786 3493 (Romani
1830 3425 2014 3482 clerici
2040 3424 2056 3497 )
2084 3435 2136 3478 ut

541 3514 742 3565 nullum
772 3514 932 3566 alium
978 3516 1323 3583 susciperent;
1354 3532 1527 3570 verum
1570 3534 1684 3570 cum
1714 3516 1869 3574 Felix
1896 3520 1958 3571 ab
1986 3520 2139 3573 Aria-

541 3607 621 3659 nis
643 3606 825 3673 fuisset
844 3608 895 3661 in
908 3609 1249 3662 sacerdotium
1266 3611 1588 3679 substitutus,
1616 3615 1823 3679 plurimi
1842 3617 2139 3688 periurave-

540 3709 695 3764 runt,
755 3708 800 3752 et
845 3709 954 3770 post
978 3717 1170 3754 annum
1196 3718 1311 3755 cum
1337 3701 1508 3757 Felice
1534 3708 1680 3777 ejecti
1703 3716 1822 3760 sunt
1846 3748 1860 3773 ,
1890 3709 2009 3776 quia
2052 3708 2140 3763 Li-

543 3791 711 3845 berius
739 3792 894 3846 ttedio
926 3794 1085 3848 victus
1112 3794 1304 3862 exsilii,
1329 3806 1373 3848 et
1399 3797 1451 3849 in
1480 3797 1720 3849 haeretica
1748 3799 1996 3866 pravitate
2021 3799 2140 3851 sub-

541 3884 764 3935 scribens
798 3882 1014 3936 Romam
1034 3887 1178 3953 quasi
1206 3888 1363 3939 victor
1401 3888 1685 3955 ingreditur
1716 3886 1811 3957 (b).
1846 3888 2137 3945 Posteriori
2174 3954 2177 3957 _

544 3973 664 4025 loco
699 3992 710 4024 :
745 3973 1179 4027 Fortunatianum
1226 3977 1626 4044 Aquileiensem
1671 3979 2018 4034 detestabilem
2047 3981 2141 4035 ha-

543 4064 650 4116 beri
674 4066 870 4119 asserit
898 4108 910 4129 ,
942 4066 1080 4136 quod
1112 4066 1371 4121 Liberium
1401 4068 1651 4123 Romamn
1681 4071 1819 4125 urbis
1843 4073 2139 4144 episc0punt

550 4172 641 4225 pro
670 4157 773 4224 ﬁde
800 4158 853 4211 in
880 4159 1118 4212 exsilium
1155 4170 1466 4231 pergentem,
1498 4162 1691 4229 primus
1717 4164 2049 4231 sollicitavit,
2082 4182 2142 4219 ac

544 4249 717 4319 fregit,
746 4258 789 4301 et
816 4250 884 4302 ad
911 4252 1334 4319 subscriptionem
1360 4252 1609 4309 haereseos
1639 4256 1895 4325 compulit
1919 4256 2015 4329 (c).

562 4408 565 4409 ν
616 4339 851 4395 Hilarius
896 4343 1058 4396 etiam
1101 4342 1297 4398 Liberii
1330 4345 1536 4423 lapsum
1580 4348 1659 4402 his
1703 4359 2005 4404 memorat:
2036 4351 2143 4420 pri-

545 4447 632 4487 mo
660 4442 847 4489 contra
871 4432 1271 4505 Constantium,
1304 4438 1391 4492 tibi
1424 4437 1537 4494 haec
1565 4441 1639 4494 ait
1671 4458 1682 4492 :
1720 4439 1928 4495 Vertisti
1959 4443 2142 4498 deinde

2239 3240 2463 3295 violabili
2493 3240 2623 3293 inter
2654 3238 2865 3293 Patrem
2894 3248 2938 3293 et
2966 3236 3158 3291 Filium
3179 3246 3386 3291 (eterna:
3416 3236 3641 3289 unitatis
3670 3233 3847 3290 solidi-

2242 3343 2341 3387 tate
2364 3335 2677 3387 connectitur
2711 3350 2729 3387 :
2761 3334 2868 3387 haec
2894 3348 3011 3385 vero
3040 3331 3371 3397 simplicitate
3410 3329 3713 3393 blanditur,
3739 3329 3846 3400 pri-

2242 3443 2378 3479 mum
2401 3441 2636 3479 asserens
2664 3441 2755 3478 nos
2780 3425 2851 3477 ita
2881 3422 3116 3488 credere,
3145 3423 3285 3493 quod
3326 3422 3457 3475 absit
3486 3437 3517 3474 a
3544 3424 3794 3491 quopiam
3829 3435 3849 3473 :

2241 3532 2475 3576 cmterum
2523 3519 2935 3574 Occidentalium
2985 3518 3143 3586 ﬁdes,
3195 3516 3521 3589 Evangelicis
3565 3516 3848 3569 constituta

2242 3616 2519 3679 doctrinis,
2567 3614 2777 3667 Patrem
2804 3615 2857 3667 in
2897 3609 3066 3676 Filio,
3107 3608 3303 3664 Filium
3332 3610 3609 3677 conﬁtetur
3652 3610 3707 3662 in
3742 3605 3848 3661 Pa-

2244 3719 2349 3772 tre,
2380 3707 2589 3761 Patrem
2634 3707 2946 3777 ingenitum,
2996 3703 3043 3757 F
3047 3706 3191 3757 ilium
3221 3704 3503 3758 substantia
3532 3701 3841 3757 arternitatis

2241 3811 2520 3862 teternam,
2560 3799 2613 3851 id
2642 3809 2713 3852 est
2745 3808 2800 3851 ut
2832 3796 3037 3850 Patrem
3067 3813 3297 3864 semper,
3330 3797 3401 3849 ita
3429 3806 3472 3849 et
3497 3793 3545 3848 F
3548 3796 3703 3849 ilium
3725 3809 3853 3848 sent-

2243 3910 2331 3965 per
2355 3894 2406 3945 in
2444 3890 2629 3955 Patre,
2658 3902 2703 3943 et
2742 3903 2915 3944 natum
2947 3891 3009 3944 de
3038 3889 3146 3943 Deo
3177 3906 3283 3944 esse
3307 3931 3321 3953 ,
3353 3900 3395 3942 et
3426 3890 3479 3941 in
3516 3904 3572 3941 eo
3618 3904 3850 3956 semper,

2243 3983 2306 4037 de
2344 3999 2440 4052 quo
2482 3994 2584 4049 est,
2632 3999 2741 4036 esse
2769 4000 2786 4036 :
2817 3993 2871 4036 at
2914 3998 3029 4036 vero
3078 3984 3186 4035 haec
3213 3996 3491 4047 PERFIDIA,
3524 3997 3632 4033 non
3682 3979 3809 4049 ﬁdes
3833 4019 3848 4043 ,

2246 4076 2412 4130 Deum
2444 4091 2508 4129 ex
2540 4073 2646 4128 Deo
2674 4074 2878 4141 dicens,
2913 4085 2958 4127 et
3006 4076 3401 4146 primogenitum
3438 4073 3809 4125 commendans
3835 4111 3851 4136 ,

2245 4181 2289 4226 et
2335 4170 2605 4225 Trinitatis
2653 4187 2834 4223 nomen
2880 4170 3185 4233 instituens,
3218 4168 3358 4221 virus
3403 4183 3552 4219 suum
3596 4167 3692 4219 sub
3744 4180 3851 4217 mo-

2246 4268 2409 4321 destia
2454 4267 2708 4337 religiosa:
2737 4264 3109 4319 moderationis
3156 4263 3400 4316 occultat.
3452 4263 3579 4316 Post
3613 4263 3737 4316 lucc
3782 4259 3847 4314 ad

2246 4356 2599 4413 Athanasium
2630 4357 2776 4411 venit
2805 4396 2818 4419 ,
2850 4367 3011 4426 atque
3035 4370 3157 4410 emn
3187 4354 3432 4422 ejusdem
3460 4352 3699 4406 Nicn'nm
3720 4351 3841 4405 fidei

2246 4459 2520 4505 auctorem
2552 4491 2563 4513 ,
2592 4464 2655 4503 ac
2686 4448 2952 4502 vindicem
2981 4448 3308 4502 acerrimum
3340 4443 3558 4499 laudat.
3602 4443 3677 4497 ob
3707 4459 3853 4497 cam-

543 4545 701 4599 usque
730 4529 799 4582 ml
834 4528 1052 4583 Romam
1084 4530 1271 4585 bellum
1298 4544 1461 4598 tuum,
1496 4534 1730 4606 eripuisti
1764 4535 1908 4589 illinc
1948 4537 2142 4608 episco-
2167 4525 2218 4584 D
2245 4561 2348 4615 que
2376 4558 2593 4598 causam
2636 4542 2704 4595 ab
2746 4539 2991 4607 Arianis,
3026 4539 3175 4594 falsis
3220 4537 3657 4593 accusationibus
3689 4552 3853 4591 vexa-

545 4640 699 4689 pum:
733 4623 820 4690 Et,
852 4623 916 4678 oh
947 4635 994 4677 te
1022 4626 1291 4680 miserunt!
1315 4628 1401 4697 qui
1429 4629 1599 4681 nescio
1627 4638 1794 4680 utrum
1827 4631 2022 4700 majore
2048 4629 2145 4681 int-

544 4715 729 4784 pietate
758 4717 1079 4787 relegat'cris,
1108 4736 1259 4785 quam
1287 4718 1539 4772 remiseris
1570 4719 1672 4792 (ά).
1707 4718 1840 4772 Tum
1872 4718 2066 4774 deinde
2090 4720 2142 4773 in

547 4807 859 4876 fragmentis
880 4851 895 4876 ,
926 4826 1033 4880 quo
1058 4812 1174 4865 loco
1201 4812 1497 4865 Romanum
1523 4811 1668 4867 hunc
1694 4814 1997 4881 pontificem
2028 4828 2145 4867 sus-

545 4910 755 4971 ceptam
789 4919 815 4954 a
856 4918 913 4957 se
945 4902 1295 4959 Sirmiensem
1330 4905 1486 4959 fidem
1533 4906 1860 4961 scribentem
1886 4948 1901 4972 ,
1935 4918 2145 4977 aposta-

548 5008 651 5052 tam
688 5008 882 5066 vocat,
913 5009 1074 5069 atque
1105 5001 1415 5054 anathemati
1440 5000 1563 5067 dat,
1595 5002 1754 5057 verba
1795 5016 1900 5055 non
1939 5000 2138 5067 affero,

548 5108 667 5163 qum.
697 5090 923 5146 inferius
954 5094 1326 5161 opportuniori
1372 5093 1491 5147 [oon
1520 5092 1794 5147 recitanda
1825 5108 1853 5145 a
1887 5107 1971 5146 me
1994 5101 2139 5146 sunt.

622 5186 679 5241 Si
726 5185 909 5253 itaque
954 5184 1200 5241 Liberius
1250 5184 1443 5239 haeresi
1474 5185 1859 5254 subscripsisse
1903 5184 2139 5252 dicitur,

547 5278 799 5333 secundae
827 5288 1033 5333 tantum
1062 5277 1343 5334 Sirmiensi
1378 5277 1623 5331 formula:
1654 5278 2041 5347 subscripsisse
2067 5278 2144 5331 vi-

548 5371 665 5426 deri
692 5383 901 5441 poleSl;
934 5388 1056 5427 nam
1105 5372 1253 5443 prior
1290 5387 1409 5442 qua:
1438 5371 1489 5425 iu
1519 5369 1749 5425 concilio
1786 5380 1971 5423 contra
2002 5368 2145 5424 Pho-

552 5461 720 5519 tinum
783 5478 1085 5523 convocato
1141 5467 1474 5539 promulgata
1525 5464 1739 5531 fuerat,
1792 5463 1998 5519 Hilario
2044 5466 2145 5535 ipsi

625 5601 704 5675 (α)
737 5603 800 5659 Ν.
834 5606 923 5660 tt.

653 5680 705 5753 bl
736 5678 814 5753 ᾼά
841 5680 1057 5753 Olympo
1085 5683 1213 5742 383-

655 5749 705 5830 ς)
739 5751 816 5812 De
847 5749 1029 5821 s.‘s.',
1056 5769 1176 5831 cap.
1207 5755 1299 5817 97.

2248 4647 2358 4691 tum
2386 4679 2400 4702 ,
2445 4650 2476 4690 a
2524 4635 2830 4690 Sardicensi
2865 4650 2990 4688 vero
3023 4631 3230 4705 synodo
3262 4628 3566 4685 absolutum
3614 4629 3853 4699 probat,

2250 4728 2525 4798 productis
2579 4726 2821 4796 ejusdem
2876 4727 3102 4798 synodi,
3156 4740 3219 4779 ac
3268 4722 3511 4793 pluribus
3560 4737 3591 4775 a
3647 4720 3859 4775 Liberio

2247 4821 2465 4889 scriptis
2486 4826 2612 4874 ante
2652 4819 2900 4873 exsilium
2935 4819 3132 4873 litteris
3162 4817 3259 4889 (ε).
3296 4820 3362 4870 At
3394 4815 3544 4870 illum
3576 4824 3859 4885 postremo

2250 4912 2364 4965 lucc
2393 4910 2594 4973 omnia,
2627 4927 2747 4981 quae
2777 4919 2902 4964 ante
2932 4910 3179 4965 exsilium
3206 4909 3288 4964 vel
3318 4916 3582 4979 gesserat,
3619 4907 3705 4961 vel
3733 4922 3861 4975 prn-

2248 5006 2510 5068 miserat,
2546 5004 2595 5058 iu
2630 5003 2829 5060 exsilio
2859 5004 3093 5073 positum
3122 5003 3261 5058 fluxa
3283 5002 3475 5055 fecisse
3497 4999 3665 5063 dolet,
3689 5010 3861 5066 atque

2250 5101 2352 5154 hoc
2384 5109 2439 5154 ut
2470 5099 2713 5161 evincat,
2757 5097 2945 5151 recitat
2976 5097 3124 5151 illam
3155 5096 3219 5149 ad
3262 5094 3601 5157 Orientales,
3636 5102 3691 5148 et
3720 5093 3860 5147 alte-

2248 5206 2362 5245 ram
2390 5190 2457 5245 ad
2484 5188 2764 5246 Ursacium
2814 5198 2869 5243 et
2928 5187 3204 5243 Valentem
3250 5187 3318 5243 ab
3347 5201 3414 5242 eo
3444 5185 3699 5255 scriptam
3733 5183 3861 5252 epi-

2248 5282 2355 5336 stnl
2375 5297 2464 5334 sm.

2325 5374 2452 5442 Ejus
2483 5374 2645 5444 igitur
2686 5373 2750 5429 ad
2783 5372 3087 5429 Orientales
3118 5371 3398 5444 epistolae,
3437 5384 3501 5426 ac
3534 5370 3607 5425 illi
3646 5367 3861 5438 adjecta

2256 5466 2441 5523 Hilarii
2490 5467 2652 5524 verba
2687 5466 2963 5524 recitanda
2992 5480 3134 5522 nunc
3162 5480 3191 5520 a
3236 5480 3324 5521 me
3364 5473 3525 5534 sunt,
3576 5477 3695 5535 quae
3734 5476 3859 5517 rem

2444 5601 2765 5753 $1333.13.
2795 5674 2957 5749 4.15,.
2984 5673 3039 5734 θ.
