4138 6178
405 232 515 287 285

1796 232 2333 293 PROLEGOMENA.

3608 239 3717 299 2‘36

400 346 671 403 definiunt
708 362 719 399 :
764 344 839 403 ait
866 345 1047 416 itaque
1076 343 1346 413 Liberius,
1378 355 1431 400 ut
1456 346 1632 402 sciatis
1654 362 1731 401 me
1758 363 1876 402 vero
1906 348 2009 417 ﬁde
2035 350 2083 408 A
2113 358 2159 403 et
2185 350 2503 419 coepiscopis
2530 352 2739 419 nostris,
2782 350 3025 418 Valente,
3075 354 3290 410 Ursacio
3338 334 3387 410 et
3427 355 3712 411 Germim‘o.

400 441 544 512 loqui
561 482 575 500 ,
601 437 886 507 Dominus,
914 450 961 493 et
986 440 1147 506 frater
1170 455 1309 494 meus
1331 440 1617 492 communis
1647 438 2006 509 Deiimphilus,

398 550 487 604 qut
518 534 763 604 dignatus
790 542 863 586 est
891 548 987 604 pro
1015 549 1111 586 sua
1133 532 1475 586 benevolentia
1503 533 1659 602 ﬁdem
1706 541 1922 587 vestram
1960 544 2008 587 et

400 628 712 685 catholicam
738 643 995 698 exponere
1016 667 1030 691 ,
1064 641 1177 696 qua:
1198 624 1381 681 Sirmii
1412 644 1440 678 a
1483 627 1718 698 pluribus
1763 626 2008 696 fratribus

400 731 452 774 et
479 721 793 790 coepiscopis
815 720 1004 774 nostris
1028 729 1268 783 tractata,
1297 722 1527 789 exposita
1557 731 1601 773 et
1628 732 1864 789 suscepta
1893 729 1964 774 est
1988 736 2008 775 :

402 815 472 870 ad
502 831 563 869 ea
592 831 717 869 vero
744 814 982 870 Hilarius
1015 814 1157 870 illiCo
1189 814 1303 868 hinc
1326 813 1549 868 adnotat
1582 832 1593 868 :
1631 812 1753 868 Ilazc
1783 822 1854 867 est
1891 830 2008 885 per-

406 908 536 977 ﬁdia
562 906 752 961 Ariona
783 906 883 977 (α).
921 904 1276 962 Sirmiensem
1317 906 1497 977 itaque
1520 945 1535 969 ,
1567 921 1726 976 quam
1760 905 2007 960 Liberius

404 1007 717 1068 susceperat
745 998 903 1052 fidem
921 1041 933 1063 ,
963 998 1197 1052 Hilarius
1218 1040 1232 1064 ,
1260 1009 1315 1052 ut
1340 999 1493 1052 vides
1521 998 1792 1069 perﬁdiam
1815 1006 2003 1052 vocat:

398 1100 455 1145 at
479 1107 601 1161 quae
633 1092 855 1161 perﬁdia
884 1091 987 1146 hoc
1018 1091 1139 1146 loco
1165 1090 1367 1147 Hilario
1393 1099 1475 1146 est.
1497 1133 1511 1156 ,
1539 1090 1855 1147 Sirntiensis
1879 1106 2001 1155 una,

397 1196 459 1239 ut
490 1186 765 1253 vidimus,
805 1195 992 1242 contra
1039 1185 1330 1241 Photinum
1364 1186 1497 1241 ﬁdes
1527 1197 1644 1249 est;
1690 1186 1830 1241 hanc
1859 1187 2001 1239 enim

394 1277 492 1335 ille
520 1290 867 1346 exsecratur,
919 1282 1059 1335 lianc
1089 1295 1211 1335 cum
1251 1279 1470 1336 Nicmna
1519 1288 1831 1351 comparat,
1865 1279 2004 1335 hanc

394 1374 571 1441 ipsam
596 1371 814 1427 Liberio
846 1373 1168 1443 exprobrat;
1194 1388 1312 1427 eam
1339 1372 1517 1443 itaque
1540 1372 1789 1427 Liberius
1816 1386 2002 1426 susce-

396 1476 573 1536 perat,
609 1466 815 1521 Hilario
834 1475 993 1522 teste.
1043 1468 1120 1521 Ad
1164 1465 1281 1521 hinc
1327 1468 1490 1537 igitur
1520 1467 1741 1522 minime
1772 1468 2004 1522 advertit

393 1559 665 1623 animum,
692 1560 783 1628 qui
812 1559 959 1628 prior
992 1559 1182 1615 Hilarii
1212 1560 1507 1629 fragmenta
1535 1559 1586 1613 in
1622 1560 1793 1613 lucem
1819 1569 2002 1629 protu-

395 1651 485 1716 lit,
518 1650 601 1705 vir
632 1649 980 1705 doctissimus
1016 1650 1269 1708 Nicolaus
1316 1651 1492 1706 Faber
1514 1692 1528 1716 ,
1576 1660 1631 1705 et
1665 1650 1711 1705 si
1742 1652 1830 1719 qtti
1876 1660 2003 1707 sunt

2114 440 2262 496 lianc
2291 442 2471 512 itaque
2498 458 2600 499 nec
2628 443 2863 499 Hilarius
2892 460 2957 501 eo
2986 446 3107 501 loco
3136 448 3419 516 eXprimit,
3450 463 3553 503 nec
3577 463 3605 501 a
3629 447 3720 502 Li-

2112 535 2264 590 berio
2293 547 2598 606 susceptam
2624 538 2893 593 exsecrari
2922 539 3121 606 potuit,
3154 540 3248 593 sed
3281 540 3533 595 alteram.

2185 628 2419 694 Deinde,
2472 630 2516 683 si
2565 641 2709 683 recte
2755 632 3033 696 advertas,
3087 631 3209 685 ﬁdei
3258 647 3416 701 quam
3466 632 3715 689 Liberius

2111 732 2424 791 susceperat
2456 722 2895 786 cooscribendte,
2926 739 3098 792 neque
3126 723 3345 778 Hosium
3366 765 3381 789 ,
3415 739 3589 794 neque
3612 726 3715 781 Po-

2111 816 2358 875 tamium,
2386 829 2562 883 neque
2590 814 2925 870 Germinium
2959 829 3252 881 praesentes
3280 816 3447 871 fuisse
3479 817 3712 874 Hilarius

2110 905 2203 959 ait.
2239 904 2351 959 Cur
2388 922 2515 961 vero
2552 921 2647 962 eos
2679 908 3017 971 reticuisset,
3053 909 3095 961 si
3126 908 3417 963 secundam
3450 910 3713 966 Sirmien-

2109 1012 2222 1051 seni
2252 997 2541 1052 formulam
2571 1014 2637 1053 eo
2680 1000 2799 1053 loco
2820 1002 3118 1069 exagitaret
3145 1042 3159 1065 ,
3190 1015 3349 1069 quam
3382 1001 3505 1054 alibi
3533 1004 3599 1056 ab
3644 1004 3709 1060 iis

2107 1094 2467 1161 conscriptam
2498 1094 2617 1148 ait?
2642 1092 2817 1151 Aliam
2844 1094 3026 1163 itaque
3050 1104 3174 1149 tunc
3195 1094 3585 1163 designaverit.
3616 1113 3710 1152 ne-

2108 1199 2260 1239 cesse
2287 1196 2371 1239 est
2397 1227 2409 1248 ,
2443 1184 2795 1241 Sirmiensem
2823 1187 3034 1241 scilicet
3070 1187 3267 1240 editam
3300 1197 3485 1241 contra
3528 1189 3713 1244 Photi-

2108 1293 2271 1343 num,
2305 1278 2391 1330 cui
2424 1278 2603 1332 nullus
2632 1294 2697 1332 ex
2730 1278 2795 1332 iis
2825 1277 2995 1337 adfuit
3027 1290 3258 1347 :gcoutra
3288 1296 3416 1333 vero
3450 1280 3711 1336 Sirmien-

2106 1370 2148 1423 si
2170 1410 2183 1429 ,
2207 1385 2366 1438 quam
2386 1370 2633 1425 Liberius
2655 1380 2999 1439 susceperat,
3028 1372 3261 1441 perlidiaa
3278 1374 3707 1440 conscribendze,

2108 1461 2461 1525 Theodorum,
2504 1462 2791 1530 Basiliam,
2829 1473 2873 1516 et
2920 1464 3253 1525 Eudoxium,
3302 1465 3441 1520 idem
3473 1466 3710 1523 Hilarius

2105 1556 2342 1612 adfuisse
2374 1558 2569 1612 asserit
2598 1576 2610 1613 :
2638 1568 2723 1625 at,
2750 1558 2794 1612 si
2821 1558 2890 1613 de
2913 1557 3193 1614 Sirtniensi
3223 1561 3456 1615 secunda
3481 1562 3713 1615 formula

2108 1648 2220 1704 lucc
2260 1650 2556 1720 intelligas,
2592 1650 2877 1705 falsiSsitna
2912 1660 3077 1717 sunt;
3127 1652 3391 1721 siquidem
3428 1654 3572 1723 prior
3597 1655 3705 1721 jam

392 1744 522 1809 alii,
554 1744 643 1815 qui
690 1745 754 1799 iis
785 1743 971 1799 Hilarii
1018 1744 1197 1799 verbis
1218 1786 1233 1810 ,
1284 1744 1574 1800 secundum
1614 1742 1844 1813 exprimi
1876 1742 1994 1799 Sir-
2029 1736 2074 1797 Β
2102 1746 2352 1810 obierat,
2390 1744 2479 1798 alii
2509 1760 2643 1799 vero
2668 1745 2776 1799 duo
2805 1745 2960 1815 longe
2985 1747 3246 1800 aberant:
3282 1745 3397 1799 lure
3422 1747 3708 1801 manifesto

397 1836 656 1890 miensem
694 1835 979 1890 formulam
1011 1844 1236 1905 putant:
1283 1852 1349 1890 an
1382 1851 1514 1891 vero
1563 1835 1650 1890 ille
1694 1850 1811 1890 eam
1853 1834 1998 1891 desi—

396 1943 559 1998 gnare
586 1926 687 1984 hoc
718 1927 836 1982 loco
871 1926 1071 1997 potuit,
1101 1927 1169 1983 de
1192 1944 1295 1999 qua
1322 1943 1494 1998 neque
1516 1944 1637 1983 cum
1664 1928 1781 1981 htec
1802 1926 2002 1982 scribe-

401 2031 517 2088 ret,
546 2037 715 2091 neque
745 2029 859 2074 toto
889 2020 1312 2092 fragmentorum
1346 2036 1543 2091 opere,
1587 2029 1678 2075 aut
1708 2035 1868 2089 agere
1901 2034 2000 2073 un-

400 2130 562 2185 quam
584 2157 598 2179 ,
625 2126 715 2170 aut
746 2131 813 2170 ne
833 2115 1075 2185 cogitare
1104 2114 1320 2185 quidem
1355 2117 1499 2168 visus
1524 2114 1645 2169 est?
1672 2113 1867 2168 Verum
1900 2128 1999 2168 nec

398 2207 656 2277 optimam
678 2251 690 2270 ,
720 2218 779 2262 ut
809 2208 937 2261 mibi
965 2207 1181 2262 videtur
1201 2249 1215 2274 ,
1247 2208 1366 2276 ejus
1395 2206 1665 2275 pontiﬁcis
1708 2207 1775 2259 ali
1806 2205 2000 2260 harrcsi

398 2301 696 2355 extricandi
718 2302 982 2355 rationem
1008 2302 1223 2363 ineunt,
1253 2301 1343 2365 qui
1369 2315 1461 2352 eas
1475 2297 1663 2352 Hilarii
1689 2298 2000 2367 interjectas

394 2398 814 2464 annotationes,
874 2410 973 2467 pro
1027 2393 1358 2459 adscititiis,
1418 2392 1773 2456 adulterinis,
1838 2399 1998 2461 atque

393 2489 567 2543 aliena
599 2502 765 2543 manu
806 2486 1023 2542 insertis
1049 2486 1284 2549 habent;
1316 2483 1582 2553 siquidem
1614 2498 1735 2537 cum
1784 2482 1890 2537 illa:
1930 2481 1995 2535 ad

390 2578 749 2635 Sirmieusem
778 2620 793 2643 ,
841 2593 1001 2647 quam
1042 2578 1129 2631 hic
1174 2575 1415 2646 pontifex
1458 2580 1773 2642 susceperat
1799 2574 1993 2640 ﬁdem,

393 2687 495 2727 nos
520 2673 674 2741 quasi
703 2686 865 2726 manu
891 2670 1122 2735 ducant,
1148 2683 1365 2724 causam
1393 2667 1530 2721 hanc
1570 2682 1666 2735 pro
1709 2680 1776 2720 eo
1821 2666 1996 2734 potius

389 2764 666 2819 conficere
692 2762 995 2818 videantur.
1020 2759 1129 2817 Cur
1157 2774 1286 2816 vero
1312 2758 1450 2813 idem
1477 2758 1711 2811 Hilarius
1734 2758 1999 2812 Sirmien-

391 2869 506 2911 sem
533 2864 719 2909 contra
749 2853 1037 2909 Photinum
1062 2851 1222 2907 ﬁdem
1245 2892 1259 2916 ,
1285 2865 1446 2920 quam
1473 2851 1522 2902 in
1557 2849 1694 2903 libro
1724 2848 1791 2903 de
1816 2847 1994 2918 Syno-

391 2948 479 3004 dis
500 2946 821 3002 catholicam
849 2944 1093 3010 censuit,
1118 2942 1366 2996 Arianam
1394 2940 1668 3009 per/idiom
1699 2939 1785 2993 hic
1814 2947 1990 3005 vocet,

392 3042 568 3096 dicam
610 3040 736 3095 alibi
784 3059 795 3093 :
829 3054 970 3094 nunc
994 3038 1139 3094 enim
1181 3051 1297 3091 rem
1346 3037 1485 3090 hanc
1511 3034 1630 3088 aliis
1657 3034 1993 3104 argumentis

388 3132 721 3188 conﬁrmare
746 3145 930 3203 pergo.

385 3246 415 3309 §
451 3244 536 3296 lli.
564 3272 624 3309 g-
648 3244 772 3309 Item
806 3242 1286 3309 Hilariilestirnonia
1315 3240 1649 3290 extenduntur
1686 3251 1774 3302 pro
1810 3240 1997 3289 consti-

455 3307 637 3358 tuenda
660 3303 919 3357 Sirmiensi
934 3304 1035 3368 ﬁde
1057 3318 1085 3354 a
1108 3305 1308 3354 Liberio
1330 3309 1571 3363 suscepta.

468 3412 545 3465 Ex
588 3412 775 3467 eadem
820 3412 979 3481 igitur
1009 3410 1238 3481 epistola
1258 3452 1272 3475 ,
1304 3409 1463 3463 [idem
1494 3408 1637 3461 illam
1666 3416 1927 3477 praeterea
1964 3423 1993 3464 a

382 3504 629 3575 pluribus
662 3502 917 3558 fratribus
946 3510 1001 3556 et
1021 3500 1355 3571 coepiscopis
1383 3508 1682 3565 tractatam,
1710 3507 1757 3553 et
1786 3501 1993 3568 exposi-

383 3606 497 3649 tam
525 3596 694 3651 fuisse
735 3595 1104 3665 intelligimus.
1147 3594 1259 3649 Hoc
1300 3594 1473 3662 ipsum
1525 3592 1757 3651 Hilarius
1798 3591 1995 3646 conﬁr-

383 3698 540 3757 mat,
573 3689 861 3759 episcopos
900 3688 1037 3742 duos
1080 3702 1240 3757 supra
1278 3687 1466 3756 viginti
1496 3698 1823 3740 enumerans
1870 3684 1995 3739 huic

381 3782 795 3841 conscribendas
823 3790 1138 3852 praesentes.
1166 3780 1463 3835 PEBFIDIAII
1494 3788 1666 3831 autem
1693 3777 1836 3846 apud
1877 3775 1996 3831 Sir-

383 3881 549 3933 mium
581 3877 923 3948 descriptam,
966 3891 1121 3946 quant
1166 3874 1289 3928 dicit
1328 3872 1563 3927 Liberius
1608 3871 1915 3926 catholicam
1960 3887 1994 3924 a

383 3970 702 4041 Demophilo
732 3969 826 4022 sibi
853 3968 1161 4039 expositam,
1196 3966 1246 4020 hi
1273 3978 1390 4019 sunt
1421 3966 1509 4035 qui
1539 3964 1993 4034 conscripserunt:

384 4063 709 4129 Narcissus,
763 4060 1098 4125 Theodorus,
1142 4058 1402 4125 Basilius,
1457 4058 1762 4122 Eudoxius,
1806 4056 1995 4112 Demo-

382 4157 597 4227 philus,
631 4154 936 4223 Cecr0pius,
974 4154 1215 4210 Siluanus
1236 4195 1251 4219 ,
1285 4152 1562 4218 Ursacius,
1596 4151 1816 4215 Valens,
1856 4150 1994 4204 Eva-

380 4249 567 4320 grius,
596 4244 858 4317 Hyrenius
877 4287 891 4313 ,
919 4245 1341 4313 Exuperantius,
1374 4242 1710 4297 Terentianus
1729 4283 1743 4307 ,
1774 4241 1987 4310 Bassus,

381 4336 748 4403 Gaudentius,
801 4336 1167 4401 Macedonius,
1216 4334 1458 4400 Marcus,
1514 4334 1722 4401 Aetius,
1775 4332 1987 4401 Julius,

382 4431 696 4496 Severinus,
731 4431 1031 4500 Simplicius
1059 4440 1103 4483 et
1133 4428 1345 4495 Junior,
1375 4443 1549 4482 omnes
1582 4427 1830 4489 lueretici.
1858 4427 1988 4481 Mss.

2104 1846 2355 1892 constant
2379 1852 2448 1892 ex
2470 1836 2815 1893 Theodoreto
2837 1878 2851 1901 ,
2886 1838 3190 1893 Sozomeno
3214 1880 3228 1900 ,
3271 1846 3328 1891 et
3359 1839 3663 1907 Epiphanio
3687 1880 3704 1904 ,

2104 1946 2239 2001 quos
2270 1932 2439 1986 laetor
2468 1931 2751 1985 consulere
2799 1930 2914 1999 ipse
2963 1930 3161 1997 poterit
3209 1928 3317 2000 (b),
3367 1946 3430 1985 ac
3477 1930 3706 1985 Petavio

2106 2034 2364 2095 przctetea
2418 2026 2467 2077 in
2521 2024 2989 2079 dissertationibus
3039 2025 3106 2077 de
3156 2022 3441 2079 Sirtuiensi
3493 2023 3704 2095 synodo

2102 2129 2289 2171 contra
2322 2114 2631 2169 Photinutn.
2667 2113 2779 2168 Hoc
2820 2114 2994 2182 ipsum
3026 2114 3093 2167 de
3126 2114 3377 2170 Narcisso
3421 2124 3477 2169 et
3507 2114 3708 2169 Cecro-

2104 2208 2192 2276 pio
2222 2204 2479 2260 altirmari
2508 2206 2647 2260 forte
2680 2212 2864 2274 posset
2890 2222 2902 2257 :
2932 2204 3073 2258 hunc
3104 2206 3247 2259 enim
3279 2206 3421 2259 inter
3452 2220 3547 2260 eos
3573 2205 3708 2273 legi-

2103 2315 2253 2362 mus,
2285 2314 2423 2369 quns
2453 2297 2718 2368 Georgius
2740 2298 3078 2353 Laodiceuus
3110 2298 3337 2366 epistola
3366 2312 3462 2352 sua
3496 2299 3703 2353 excita-

2103 2393 2222 2456 bat.
2256 2404 2312 2447 ut
2342 2394 2464 2448 fidei
2486 2434 2501 2459 ,
2537 2392 2806 2457 Eudoxii,
2841 2404 2896 2448 et
2924 2394 3065 2446 Aetii
3092 2392 3279 2447 fraude
3315 2393 3559 2460 pereunti
3591 2408 3705 2447 ma-

2103 2492 2223 2540 ture
2254 2494 2595 2541 succurreret
2642 2485 2739 2556 (c).
2781 2485 2933 2542 Alter
2965 2501 3090 2540 vero
3134 2486 3186 2541 in
3233 2486 3363 2540 sede
3407 2500 3505 2540 sua
3550 2496 3703 2541 tran-

2100 2581 2318 2649 quillam
2351 2580 2545 2649 agebat
2576 2580 2772 2645 vitam,
2822 2596 2945 2635 cum
2975 2580 3159 2634 Basilii
3189 2565 3463 2650 Aucj'rani
3493 2595 3659 2651 opera
3686 2621 3702 2646 ,

2099 2686 2161 2725 ac
2192 2671 2536 2739 Imperatoris
2562 2672 2716 2739 jussu
2743 2670 3033 2726 litereticos
3058 2671 3182 2726 illos
3207 2670 3491 2724 Antiochia
3523 2672 3705 2741 pulsos

2100 2763 2264 2818 fuisse
2293 2764 2561 2818 intellexit
2588 2762 2690 2833 (d).
2721 2762 2882 2817 Fides
2914 2762 3002 2816 illa
3036 2772 3311 2832 postremo
3334 2803 3347 2827 ,
3378 2777 3536 2830 quam
3573 2778 3708 2833 pon-

2100 2854 2228 2910 tifex
2275 2855 2631 2923 probaverat,
2680 2870 2747 2910 ac
2794 2855 3029 2909 Hilarius
3078 2856 3348 2924 perﬁdiam
3394 2866 3585 2922 vocat,
3637 2857 3706 2914 ab

2102 2946 2448 3001 Orientalibus
2479 2947 2784 3017 Conscripta
2818 2947 3020 3012 fuerat,
3050 2946 3142 3016 qui
3168 2947 3422 3002 Sirmium
3454 2963 3707 3003 accesse-

2097 3048 2218 3093 rant
2248 3040 2463 3094 Photini
2485 3039 2775 3109 dejiciendi
2806 3041 2986 3108 specie
3007 3081 3022 3105 ,
3053 3049 3107 3092 at
3136 3055 3353 3106 revera,
3385 3050 3440 3094 ut
3473 3038 3709 3093 Athana-

2016 3126 2061 3188 C
2097 3135 2234 3188 sium
2270 3136 2463 3190 iterum
2497 3138 2624 3188 sede
2655 3135 2960 3203 pellerent,
2991 3149 3051 3188 ac
3083 3134 3355 3189 Nicamam
3386 3134 3546 3188 fidem
3575 3148 3704 3187 con-

2099 3226 2382 3282 vellerent.
2411 3228 2482 3283 At
2510 3227 2824 3282 Sirtuiensis
2854 3226 3086 3281 secunda
3114 3227 3337 3279 ltil‘tttttltt
3387 3226 3520 3279 solis
3551 3226 3707 3279 Occi-

2099 3320 2401 3374 dentalibus
2429 3332 2608 3375 ortum
2655 3320 2817 3375 debet
2866 3339 2879 3375 :
2924 3319 3047 3373 hinc
3092 3318 3367 3372 Eudoxius
3409 3319 3593 3373 statim
3640 3333 3705 3374 ac

2098 3410 2245 3464 illam
2278 3412 2345 3464 ab
2388 3411 2555 3465 HOalO
2599 3413 2880 3481 probatam
2913 3409 3081 3464 fuisse
3139 3409 3431 3475 intellexit,
3483 3409 3705 3465 Ursatio

2097 3514 2150 3559 et
2181 3502 2391 3558 Valenti
2424 3504 2627 3573 gratias
2656 3504 2798 3573 egit,
2830 3504 2971 3573 qttod
3002 3517 3188 3557 eorum
3220 3503 3522 3559 ministerio
3552 3501 3705 3555 Occi-

2098 3599 2322 3652 dentales
2368 3606 2516 3653 recte
2562 3600 2766 3653 sentire
2795 3606 3072 3665 cmperant
3104 3597 3199 3669 (ε).
3237 3597 3366 3651 [iam
3401 3597 3579 3666 itaque
3612 3595 3703 3650 lli-

2098 3690 2302 3754 larius,
2346 3705 2445 3744 nec
2491 3689 2557 3743 iis
2586 3688 2766 3743 verbis
2789 3689 3088 3759 exprimit,
3134 3703 3232 3743 nec
3280 3689 3331 3742 in
3377 3695 3559 3742 mente
3608 3687 3704 3741 lia-

2096 3782 2279 3837 buisse
2307 3781 2477 3837 videri
2508 3790 2704 3851 potest.

2168 3873 2344 3930 Unum
2377 3873 2565 3939 video,
2596 3874 2737 3944 quod
2765 3873 2903 3929 forte
2933 3872 3130 3941 opponi
3165 3872 3369 3942 possit,
3400 3886 3522 3926 esse
3550 3870 3699 3926 sciti-

2096 3976 2218 4029 cet,
2269 3976 2464 4035 prreter
2494 3965 2638 4019 illam
2672 3981 2793 4035 qua:
2845 3965 3133 4020 Pliotinum
3180 3964 3417 4034 dejecit,
3464 3980 3527 4017 ac
3571 3963 3701 4017 sede

2097 4057 2336 4127 expulit,
2370 4057 2529 4111 aliam
2558 4057 2909 4111 Sirmiensent
2952 4057 3217 4129 synodum
3252 4072 3393 4111 anno
3423 4056 3528 4111 549
3569 4071 3700 4109 con-

2094 4160 2369 4221 gregatam
2387 4191 2400 4215 ,
2422 4165 2452 4203 a
2479 4150 2699 4205 Petario
2717 4152 3103 4206 etConstautio
3121 4157 3492 4215 memoratam,
3515 4165 3700 4219 quam-

2095 4257 2255 4312 quam
2274 4240 2493 4297 Petavio
2517 4240 2945 4297 Occidentalium
2963 4241 3372 4296 Catholicorum
3395 4283 3408 4308 ,
3435 4240 3702 4295 Constan-

2094 4334 2170 4388 tio
2200 4349 2329 4388 vero
2348 4376 2361 4399 ,
2391 4350 2453 4390 ac
2478 4350 2683 4405 nupera
2705 4335 3192 4390 ecclesiasticorum
3218 4344 3494 4389 auctorum
3519 4334 3701 4389 Histo-

2096 4428 2189 4481 ria:
2214 4427 2475 4497 Scriptori
2500 4470 2513 4495 ,
2541 4427 2864 4482 Arianorum
2891 4428 3247 4481 Orientalium
3287 4428 3356 4482 sit
3384 4445 3394 4479 :
3428 4429 3556 4494 Ejus
3603 4428 3700 4496 igi-

380 4523 606 4579 codices
627 4540 653 4575 a
678 4522 911 4576 Baronio
935 4522 1217 4576 memorati
1240 4521 1371 4574 alios
1402 4519 1564 4574 etiam
1589 4518 1825 4573 adfuisse
1853 4518 1991 4572 iudi-
2020 4521 2067 4581 D
2095 4527 2181 4574 tur
2202 4535 2324 4575 esse
2343 4520 2603 4588 scriptum
2634 4519 2735 4573 hoc
2757 4519 2821 4572 de
2843 4518 2946 4572 fide
2967 4518 3271 4584 decretum,
3292 4518 3434 4587 quod
3460 4517 3697 4573 Hilarius

381 4627 548 4680 cant,
596 4626 649 4669 at
676 4614 1029 4671 Sirmiensem
1067 4613 1356 4669 secundam
1382 4611 1665 4666 formulam
1713 4621 1819 4665 tres
1849 4610 1989 4666 dun-

382 4718 538 4765 taxat
566 4709 848 4780 episcopos
871 4709 1154 4766 Ursaeium
1183 4708 1410 4774 scilicet,
1442 4706 1745 4772 Valentem,
1773 4715 1827 4760 et
1854 4704 1991 4761 Ger-

381 4802 647 4865 minium;
678 4801 724 4854 si
757 4816 887 4856 vero
904 4801 1201 4855 Potamium
1234 4809 1287 4855 et
1312 4800 1532 4854 llosium
1559 4798 1757 4853 addere
1789 4799 1989 4866 placet,

379 4891 451 4946 ad
479 4908 749 4946 summum
780 4894 1017 4963 quinque
1040 4893 1432 4962 conscripsisse
1458 4901 1670 4946 constat
1702 4907 1714 4943 :
1751 4890 1989 4945 Hilarius

383 4985 633 5055 profecto
673 5003 768 5041 eos
793 4988 1069 5042 dumtaxat
1105 4988 1304 5057 ubique
1346 4985 1638 5053 exprimit,
1672 4999 1845 5055 neque
1890 5001 2025 5039 un--

383 5096 549 5151 quam
585 5080 805 5150 plures:
841 5082 944 5136 hoc
990 5080 1164 5150 ipsum
1211 5091 1475 5150 prteterea
1514 5077 1705 5133 eadem
1750 5075 1985 5131 formula

386 5175 477 5229 his
516 5176 698 5232 verbis
740 5174 982 5230 indicat:
1022 5174 1148 5228 Cum
1187 5174 1434 5228 nonnulla
1468 5183 1735 5243 putaretur
1773 5188 1880 5226 esse
1926 5172 1988 5226 de

388 5271 498 5339 ﬁde
521 5270 819 5341 disceptatio
841 5312 856 5337 ,
882 5270 1152 5342 diligenter
1194 5269 1367 5323 omnia
1396 5268 1538 5338 apud
1569 5267 1819 5323 Sirmium
1850 5277 1988 5320 trac-

391 5373 501 5417 tata
524 5374 643 5418 sunt
666 5372 710 5417 et
735 5364 967 5417 discussa
984 5404 999 5430 ,
1032 5362 1361 5433 prtesentibus
1385 5363 1719 5417 sanctissimis
1741 5362 1986 5430 fratribus

464 5523 541 5653 ξι)
574 5525 735 5651 5Apud
783 5524 969 5581 Const.
1003 5523 1161 5597 epist.
1192 5526 1297 5592 11,
1345 5533 1401 5583 et
1445 5524 1614 5581 Hilar.
1666 5524 1857 5596 fragm.
1909 5523 1983 5605 6,

384 5613 538 5741 η’(ἷῖ
574 5613 1003 5751 :l'itlL'l‘lleodor.
1028 5670 1166 5751 ,_lib.
1196 5684 1417 5751 n_,_cap.
1448 5669 1553 5751 l3;
1587 5668 1837 5740 Βοίβην..
1884 5666 1977 5729 lib.

384 5758 470 5819 ιγ,
494 5756 614 5825 cap.
648 5743 755 5823 13;
786 5743 1022 5825 Epiph.,
1052 5743 1184 5805 hear.
1219 5745 1309 5823 75.

2092 4615 2283 4668 recitat
2313 4613 2396 4669 his
2426 4612 2605 4667 verbis
2637 4627 2955 4679 extircssum
2984 4630 2996 4663 :
3030 4610 3343 4679 Proﬁtetnur
3388 4610 3519 4664 enim
3566 4610 3695 4665 ita:

2096 4705 2267 4761 Unum
2296 4706 2497 4776 quidem
2531 4706 2808 4777 ingenitum
2847 4721 2953 4759 esse
2980 4703 3146 4757 Deum
3177 4703 3390 4757 Patrem
3410 4747 3422 4768 ,
3455 4714 3502 4758 et
3539 4720 3697 4757 unum

2090 4803 2297 4857 unicum
2328 4806 2439 4872 ejus
2468 4802 2663 4858 Filium
2683 4844 2697 4866 ,
2732 4800 2897 4856 Deum
2925 4818 2986 4855 ex
3028 4798 3137 4854 Deo
3157 4840 3172 4864 ,
3222 4800 3389 4854 lumen
3419 4817 3481 4854 ea;
3508 4799 3698 4854 lumine

2093 4898 2483 4967 primogenitum
2535 4897 2699 4951 omnis
2750 4895 3047 4961 Creaturw,
3073 4904 3145 4949 .et
3197 4896 3400 4949 tertium
3452 4895 3696 4949 addentes

2095 4989 2350 5059 Spiritum
2381 5001 2612 5045 sanctum
2651 4990 2745 5060 (Ῑ).
2790 4991 3131 5061 Proindeque
3164 4990 3309 5044 illam
3343 5006 3502 5060 quam
3536 4989 3694 5044 Libe-

2093 5084 2204 5138 rius
2229 5084 2497 5152 suscepit,
2525 5084 2684 5138 ﬁdem
2708 5084 3069 5155 conscriptam
3093 5084 3162 5138 ab
3192 5085 3290 5137 hac
3312 5082 3518 5152 synodo
3546 5094 3689 5146 esse,

2092 5186 2251 5245 atque
2274 5176 2340 5231 ab
2366 5177 2432 5231 iis
2460 5177 2731 5247 episcopis
2754 5221 2767 5240 ,
2798 5193 2933 5247 quos
2977 5177 3070 5233 ille
3097 5175 3370 5245 exprimit.
3404 5171 3688 5236 Profecto,

2090 5268 2232 5338 quod
2262 5271 2453 5323 attinet
2484 5270 2548 5324 ad
2598 5270 2698 5325 hoc
2728 5270 3025 5326 Sirmiense
3062 5268 3349 5323 concilium
3377 5306 3391 5328 ,
3438 5265 3689 5321 Petavius

2093 5379 2317 5435 magnos
2340 5364 2681 5420 adversarios
2711 5365 2874 5420 habet
2915 5383 2927 5418 :
2977 5378 3161 5418 verum
3192 5359 3451 5432 quidquid
3492 5359 3559 5415 de
3591 5359 3690 5415 hac

2168 5524 2246 5596 (ε)
2286 5523 2503 5596 Sozom.
2524 5565 2536 5589 ,
2567 5524 2660 5596 lib.
2696 5540 2747 5578 tv
2769 5564 2782 5587 ,
2815 5537 2933 5593 cap.
2967 5521 3054 5577 l5.

2163 5592 2242 5667 (tt)
2283 5595 2510 5651 Philost.
2533 5637 2547 5660 ,
2582 5594 2675 5650 lib.
2707 5611 2824 5661 vin,
2855 5592 2974 5667 cap.
3010 5592 3097 5650 10.

2187 5675 2237 5736 e)
2281 5670 2525 5741 Sozom.,
2556 5672 2651 5732 lib.
2682 5691 2768 5743 tv,
2797 5690 2917 5743 cap.
2949 5673 3038 5733 η.

2190 5745 2234 5817 f)
2276 5743 2445 5804 Hilar.
2481 5745 2615 5825 frag.
2648 5748 2703 5817 2,
2734 5764 2790 5807 n.
2815 5749 2908 5807 21,
2962 5787 2967 5792 Α
