4138 6178
419 189 528 248 287

1601 192 1921 252 SANCTUS
1958 191 2287 253 DAMASUS
2323 194 2526 253 PAPA.

3636 206 3744 265 288

422 313 521 373 lite
567 315 677 387 sit,
722 330 881 387 quam
914 328 1019 370 non
1068 312 1204 368 facio
1237 325 1446 379 meam;
1497 312 1643 383 quod
1685 312 2023 367 conﬁdenter
2049 315 2100 374 A
2127 314 2253 368 ritas
2281 315 2553 387 legentium
2586 324 2738 387 atque
2787 316 3111 373 indoctorum
3142 320 3451 393 simplicitas
3479 330 3581 377 tam
3610 325 3740 380 mol-

424 425 647 475 assero,
698 409 832 465 illud
885 415 1003 472 est,
1058 405 1263 459 nullum
1314 403 1498 461 Sirmii
1552 414 1799 459 coactum
1858 404 2029 460 videri

426 518 593 575 posse
622 499 976 557 Orientalium
1008 496 1331 552 Arianorum
1380 498 1669 553 concilium
1702 513 1846 553 anno
1894 498 1985 553 illo
2010 539 2025 565 ,

427 603 589 664 atque
608 601 732 647 ante
753 590 1069 646 Constantis
1092 590 1322 646 obitum.
1353 589 1438 646 An
1459 606 1590 646 vero
1617 591 1915 662 imperator
1940 592 2030 646 ille

426 687 481 743 in
512 686 655 743 Urbe
680 684 893 754 imperii
921 684 1043 748 sui,
1076 699 1140 739 ac
1166 684 1279 740 suis
1312 700 1446 755 pene
1477 685 1576 740 sub
1602 685 1774 741 oculis
1806 684 1881 757 (ιι)
1912 701 2034 754 pas-

426 795 521 837 sus
548 792 803 847 umquam
830 777 989 832 fuerit
1015 778 1133 847 cogi
1161 777 1426 849 synodum
1453 820 1466 843 ,
1498 794 1601 849 qua
1630 777 1843 833 Nicena
1875 776 2029 845 fides,

427 875 585 944 cujus
639 871 817 927 fuerat
864 881 1127 941 perpetuo
1187 880 1386 938 tenax,
1438 881 1813 938 everteretur,
1871 881 2033 941 atque

429 966 760 1023 Athanasius
791 965 895 1019 sibi
939 978 1132 1029 carus,
1181 978 1245 1018 ac
1289 978 1440 1018 suam
1473 963 1526 1019 in
1568 964 1791 1018 tutelam
1840 964 2035 1019 merito

430 1066 682 1128 receptus
699 1098 714 1120 .
737 1058 867 1113 sede
890 1057 1085 1112 iterum
1112 1056 1491 1113 exturbaretur
1506 1099 1521 1125 ,
1553 1056 1715 1127 idque
1736 1056 1804 1111 ab
1826 1057 2036 1126 episco-

432 1150 517 1222 pis
551 1150 652 1205 sub
686 1150 990 1205 Constantii
1020 1149 1225 1205 ditione
1253 1150 1475 1220 positis.
1510 1166 1739 1221 quorum
1772 1160 2035 1219 praeterea

433 1242 651 1299 fraudes
671 1284 688 1310 ,
722 1244 1073 1313 animumque
1103 1258 1131 1296 a
1161 1257 1221 1297 se
1259 1256 1508 1297 aversum
1536 1242 1791 1297 noverat?
1824 1246 1903 1296 An
1934 1242 2039 1297 hoc

435 1350 627 1393 eorum
655 1346 956 1406 temporum
986 1334 1187 1404 politian
1211 1344 1319 1387 tum
1343 1332 1487 1387 civili
1504 1374 1518 1396 ,
1544 1344 1654 1387 tum
1677 1333 1839 1387 etiam
1868 1333 2043 1387 eccle-

438 1428 673 1484 siastica:
695 1426 1037 1484 consonum?
1063 1427 1131 1480 At
1158 1428 1300 1481 enim
1330 1425 1492 1481 verba
1520 1424 1635 1491 illa,
1664 1440 1785 1495 quae
1808 1424 2041 1479 Hilarius

440 1522 665 1587 recitat,
697 1520 897 1576 frustra
930 1533 1143 1591 quaeras
1168 1518 1222 1573 in
1253 1516 1563 1583 Sirmiensi,
1590 1534 1618 1570 a
1650 1532 1753 1587 qua
1779 1517 2042 1572 Photinus

442 1612 683 1668 funditus
714 1623 941 1669 eversus
975 1625 1031 1668 et
1080 1610 1324 1681 dejectus
1349 1619 1464 1676 est,
1495 1609 1725 1681 synodo.
1770 1608 1884 1665 Hoc
1913 1626 2043 1667 vero

2130 406 2264 460 libus
2303 407 2577 479 principiis
2637 409 2918 480 intercepta
2954 421 3111 476 esset,
3156 429 3260 465 uno
3304 412 3579 484 eodemque
3620 415 3739 469 sub-

2130 502 2426 569 scriptionis
2458 501 2643 557 elicita:
2687 520 2934 573 assensu,
2980 507 3033 559 in
3074 506 3291 561 Plautini
3332 511 3738 564 animadversio-

2132 612 2268 662 nem,
2296 597 2350 650 in
2376 596 2649 652 Athanasii
2668 601 2961 665 reatum,in
2993 601 3380 656 damnationem
3408 604 3533 672 ﬁdei
3565 605 3743 659 catho-

2133 688 2249 742 lica:
2275 689 2601 744 transiretur.
2635 690 2731 745 Hic
2762 691 2925 761 igitur
2952 692 3263 749 Sirmiensis
3293 695 3453 767 hujus
3483 699 3745 753 adversus

2135 781 2423 838 Photinum
2459 785 2677 839 concilii
2714 801 2934 854 scopus.
2974 787 3108 842 Acta
3138 804 3266 845 vero
3305 805 3392 845 res
3421 790 3537 848 haac
3569 792 3744 847 Atha-

2135 876 2289 930 nasio
2320 876 2435 931 sedi
2464 878 2705 947 sumjam
2738 880 3007 944 restituto,
3040 895 3103 935 ac
3131 881 3425 938 Constante
3453 884 3747 956 Magnentii

2137 966 2327 1023 fraude
2384 971 2653 1024 exstincto
2699 989 2717 1047 ί
2763 972 2808 1025 si
2864 972 3045 1042 itaque
3075 974 3400 1030 Athanasius
3449 992 3591 1032 anno
3639 979 3747 1037 549

2137 1071 2370 1117 exeunte
2398 1064 2780 1119 Alexandriam
2812 1066 2994 1121 redire
3021 1070 3109 1121 vix
3143 1070 3351 1139 potuit,
3391 1079 3447 1124 ut
3476 1072 3570 1125 viri
3599 1073 3748 1128 cele-

2140 1155 2265 1211 bres
2308 1169 2531 1211 censent
2551 1198 2565 1220 ,
2600 1173 2662 1213 ac
2691 1174 2864 1229 nuper
2890 1160 3097 1228 oppido
3142 1162 3535 1218 demonstravit
3563 1165 3644 1219 \‘il‘
3673 1166 3745 1221 cl.

2140 1247 2202 1303 P.
2236 1248 2473 1304 Thomas
2506 1251 2836 1307 Mamachius
2887 1250 3270 1310 Casanatensis
3320 1256 3636 1327 theologus,
3684 1259 3753 1314 de

2145 1341 2373 1397 Ratione
2400 1344 2729 1414 Temporum
2763 1346 3252 1404 Athanasianorum
3278 1352 3442 1421 epist.
3474 1353 3498 1408 1
3538 1362 3594 1407 ct
3615 1354 3681 1420 ὃς
3706 1354 3751 1408 si

2144 1435 2412 1491 Constans
2442 1437 2755 1507 imperator,
2796 1439 3052 1495 Januario
3084 1442 3328 1510 ineunte,
3359 1444 3552 1515 Sergio
3583 1453 3638 1500 et
3668 1445 3759 1500 Ni-

2143 1528 2391 1599 griniano
2418 1544 2561 1585 coss.
2586 1573 2600 1596 ,
2630 1532 2789 1601 periit
2814 1574 2827 1595 ,
2858 1533 2901 1585 si
2945 1532 3013 1586 ab
3043 1548 3152 1587 uno
3196 1534 3286 1588 illo
3315 1535 3618 1605 eodemque
3644 1536 3760 1591 Sir-

2148 1623 2341 1676 miensi
2366 1624 2598 1677 concilio
2644 1624 2695 1677 id
2744 1635 2955 1691 actum,
3007 1636 3064 1680 ut
3112 1642 3217 1680 una
3267 1628 3666 1698 subscriptione
3706 1632 3759 1684 in

442 1720 545 1776 ego
574 1720 711 1776 nego
742 1722 755 1759 :
782 1704 1074 1775 siquidem,
1109 1705 1153 1759 si
1184 1705 1420 1758 animum
1447 1704 1583 1759 bene
1612 1703 2045 1770 advertas,llila-
2076 1702 2125 1762 Β
2152 1714 2369 1770 Photini
2409 1717 2932 1772 animadversionem
2959 1760 2973 1785 ,
3007 1719 3058 1772 in
3091 1719 3372 1775 Athanasii
3401 1730 3530 1776 tunc
3560 1722 3612 1776 in
3662 1736 3759 1775 sua

442 1798 584 1852 rium
608 1799 903 1853 sententias
929 1798 1106 1867 potius
1128 1797 1452 1868 compendio
1475 1797 1858 1867 exscripsisse.
1885 1813 2045 1868 quam

444 1888 607 1944 verba
640 1888 753 1960 ipsa
776 1929 791 1955 ,
821 1904 1048 1959 quarum
1092 1898 1271 1945 tamen
1309 1898 1517 1959 partem
1548 1888 1781 1960 aliquam
1810 1889 2044 1957 retinet,

443 1981 653 2038 referre
684 1982 922 2039 voluisse
952 1984 1122 2040 dices.

517 2075 801 2131 Cxeterum-
826 2076 1032 2131 nullum
1069 2075 1253 2131 Sirmii
1284 2090 1406 2131 esse
1435 2076 1678 2146 potuisse
1722 2076 2050 2131 Arianorum

446 2166 835 2233 Orientalium,
867 2167 1092 2239 ejusque
1132 2168 1262 2223 anni
1290 2167 1609 2231 concilium,
1644 2168 1973 2224 Athanasius
2000 2178 2055 2225 et

445 2260 687 2317 Hilarius
713 2262 1053 2331 apertissime
1086 2260 1336 2330 probant.
1370 2260 1565 2316 Narrat
1589 2260 1681 2315 ille
1701 2302 1716 2325 ,
1748 2262 1800 2314 in
1832 2260 2052 2316 historia

448 2352 774 2409 Arianorum
802 2352 870 2407 ad
907 2350 1204 2407 Monachos
1235 2351 1343 2426 (b),
1377 2367 1565 2422 pacem
1605 2351 1750 2406 illam
1788 2368 2053 2407 summam

447 2462 513 2503 ac
542 2448 887 2502 concordiam
929 2462 1049 2518 quae
1080 2445 1384 2502 Ecclesiam
1416 2448 1724 2501 universam
1770 2455 2059 2515 exceperat

450 2556 515 2597 ac
540 2542 821 2613 complexa
848 2542 1057 2608 fuerat,
1090 2556 1213 2595 cum
1246 2540 1364 2596 sedi
1394 2555 1506 2595 suae
1532 2540 1817 2594 restitutus
1845 2540 2055 2594 fuisset.

449 2633 589 2690 Tum
630 2649 758 2689 vero
796 2648 892 2688 cur
922 2633 1161 2704 disrupta
1197 2633 1318 2699 illa,
1369 2648 1433 2687 ac
1478 2633 1649 2687 turbae
1696 2631 1803 2685 illae
1846 2631 2056 2701 gravis-

451 2730 635 2793 sima},
669 2746 789 2799 quia:
819 2732 1075 2800 deinceps
1102 2730 1248 2784 illam
1276 2738 1570 2794 vexarunt,
1604 2729 1797 2783 iterum
1830 2738 2055 2794 exortae,

451 2821 595 2878 hanc
623 2821 780 2878 affert
815 2838 1032 2877 causam
1060 2844 1073 2879 :
1107 2822 1235 2877 Haec
1264 2839 1381 2877 cum
1412 2822 1679 2886 audirent,
1712 2829 1758 2876 et
1797 2823 2061 2890 conspice-

452 2926 564 2970 rent
586 2915 849 2969 sententia:
873 2914 1177 2969 Eusebianos
1195 2917 1541 2981 Inereseosque
1560 2930 1874 2969 successores
1892 2912 2060 2966 Leon-

453 3009 585 3071 tius,
621 3008 906 3077 Georgius,
948 3009 1199 3074 Acacius,
1241 3006 1574 3071 Theodorus,
1624 3005 1931 3071 Narcissus,
1972 3006 2059 3073 qui

2154 1810 2394 1865 Ecclesia
2426 1811 2646 1879 pacilice
2688 1813 2897 1881 agentis
2924 1820 3164 1880 reatum,
3216 1820 3375 1883 atque
3408 1813 3460 1867 in
3494 1813 3617 1868 fidei
3660 1813 3758 1868 Ni-

2152 1917 2318 1958 caeum
2345 1901 2746 1958 damnationem
2778 1903 2858 1958 ire
2881 1919 3069 1959 omnes
3097 1916 3342 1974 possent;
3375 1904 3517 1959 aliud
3545 1920 3759 1975 quaeras

2155 2002 2364 2064 tempus
2394 1994 2571 2065 atque
2602 2010 2801 2049 annum
2837 2011 3061 2052 necesse
3090 2006 3194 2064 est,
3224 1999 3287 2051 iis
3314 1999 3559 2065 profecto
3590 2014 3758 2069 agen-

2155 2085 2238 2141 dis
2264 2087 2731 2142 accommodatum
2751 2129 2766 2155 ,
2810 2104 2971 2159 quam
3000 2090 3089 2160 qui
3121 2091 3251 2146 viris
3281 2090 3388 2145 illis
3416 2089 3645 2147 eruditis
3685 2092 3761 2146 vi-

2157 2194 2250 2235 SUS
2277 2188 2378 2236 εει.

2157 2316 2180 2379 §
2213 2314 2299 2366 IV.
2326 2342 2387 2351 -—
2413 2316 2587 2379 Agitur
2624 2316 2687 2365 de
2716 2317 2892 2366 haeresi
2919 2314 3194 2373 Demonhili
3226 2317 3438 2369 Beroea:
3479 2320 3528 2368 in
3555 2319 3762 2371 Thracia

2223 2380 2465 2439 episcopi,
2508 2392 2722 2445 cumque
2762 2381 3120 2429 Semiarianum
3145 2389 3390 2445 perpetuo
3413 2380 3566 2432 fuisse
3594 2384 3764 2445 proba-

2220 2448 2320 2503 tur,
2340 2448 2490 2503 atque
2530 2444 2819 2490 acerrimum
2853 2444 3143 2492 Arianorum
3168 2443 3502 2494 adversarium
3527 2443 3621 2495 :au
3643 2457 3764 2495 cou-

2221 2503 2333 2554 cilio
2355 2504 2653 2554 Ariminensi
2676 2504 2757 2554 hic
2781 2505 3031 2557 adfuerit?

2233 2630 2517 2684 Postremo
2544 2630 2896 2686 Sirmiensem
2922 2646 2950 2684 a
2980 2646 3039 2686 se
3062 2642 3369 2702 susceptam
3398 2632 3577 2699 fidem,
3608 2644 3762 2690 antea

2162 2721 2262 2776 sibi
2293 2737 2321 2775 a
2357 2722 2677 2792 Demophilo
2704 2724 3005 2792 expositam
3051 2723 3216 2779 fuisse
3264 2725 3509 2780 Liberius
3540 2729 3760 2793 asserit;

2161 2814 2304 2884 quod
2336 2830 2402 2870 ne
2429 2815 2623 2869 mirmn
2655 2814 2826 2869 videri
2858 2817 3059 2884 possit,
3094 2816 3330 2871 Hilarius
3356 2816 3508 2883 facit,
3542 2819 3632 2888 qui
3655 2818 3765 2874 Oc-

2161 2906 2460 2961 cidentalcs
2502 2914 2699 2976 praeter
2739 2922 2897 2961 unam
2942 2907 3252 2973 Nicmnam,
3296 2909 3534 2979 reliquas
3572 2926 3767 2965 omnes

2163 3001 2392 3069 scriptas
2441 2999 2575 3054 fides
2620 3015 2817 3068 magno
2861 3000 2953 3054 Dei
3005 3000 3269 3055 beneficio
3312 3002 3590 3073 ignorasse
3631 3004 3767 3057 scri-

452 3101 510 3155 in
553 3101 751 3172 synodo
793 3099 1152 3173 (Sardicrnsi)
1201 3101 1422 3169 depositi
1450 3100 1865 3168 exauctoratique
1890 3109 2053 3163 erant,
2083 3098 2127 3159 C
2161 3094 2238 3148 bit
2271 3091 2371 3165 (ά).
2404 3094 2787 3164 Inquirendum
2819 3094 2983 3165 igitur
3011 3112 3153 3151 nunc
3183 3106 3292 3162 est,
3321 3113 3387 3151 an
3416 3098 3770 3167 DemOphilus

455 3210 642 3265 magno
688 3194 889 3265 pudore
934 3193 1386 3260 suﬂundebantur.
1440 3193 1636 3247 Deinde
1683 3210 1797 3246 cum
1837 3192 2063 3246 viderent

457 3296 653 3342 tantum
685 3306 801 3342 cum
833 3288 1118 3344 Athanasio
1144 3288 1436 3343 animorum
1462 3304 1788 3353 consensum,
1817 3297 1864 3341 et
1887 3304 2064 3357 pacem

454 3382 677 3453 agitari,
725 3392 862 3435 metu
904 3382 1196 3450 invidiaque
1225 3382 1367 3435 anxii
1399 3382 1560 3451 fuere,
1593 3388 1641 3433 et
1668 3379 1806 3447 quod
1851 3387 1923 3432 tot
1954 3380 2063 3449 epi-

453 3476 598 3546 scopi
627 3491 743 3528 cum
763 3474 1051 3530 Athanasio
1086 3476 1494 3530 communionem
1535 3477 1795 3545 foverent,
1840 3484 1887 3529 et
1925 3474 2064 3543 quod

457 3566 819 3638 formidarent,
844 3581 899 3621 ut
926 3584 1055 3639 quos
1078 3568 1180 3636 ipsi
1201 3567 1531 3637 deceperant,
1558 3584 1589 3621 a
1612 3585 1663 3622 se
1689 3568 1986 3638 deﬁcerent,
2018 3579 2063 3621 et

456 3656 578 3711 huic
596 3660 943 3725 unanimitati,
966 3659 1413 3731 communionique
1427 3676 1535 3714 sese
1556 3660 1920 3732 adjungerent,
1944 3676 2066 3713 nere

457 3750 596 3822 quod
632 3755 865 3822 futurum
905 3752 1192 3819 videbatur,
1232 3753 1296 3807 de
1324 3769 1497 3807 eorum
1537 3753 1716 3806 haeresi
1755 3752 1940 3820 ubique
1985 3751 2066 3819 fa-

458 3858 603 3895 mosa
652 3842 944 3912 triumphus
988 3855 1245 3913 ageretur.
1296 3841 1674 3897 Constantium
1724 3840 1907 3910 itaque
1960 3855 2064 3894 una

460 3948 649 3989 omnes
677 3935 936 4000 adivisse,
965 3945 1125 4005 atque
1154 3935 1305 3989 illum
1330 3946 1519 3989 contra
1552 3935 1914 4004 Magnentium
1943 3947 2069 4004 pro-

462 4035 739 4095 perantem
784 4026 1044 4080 adversus
1090 4025 1442 4081 Athanasium
1490 4027 1567 4081 ira
1611 4025 1807 4081 iterum
1855 4025 2067 4080 inflam-

458 4130 638 4172 masse
666 4116 883 4184 scribit,
916 4117 1078 4186 idque
1124 4118 1386 4173 malorum
1418 4118 1662 4174 omnium
1709 4132 1829 4187 quae
1870 4118 2065 4174 deinde

457 4218 643 4264 secuta
694 4217 850 4273 sunt,
902 4209 1113 4264 initium
1164 4208 1282 4265 fuit.
1331 4210 1570 4267 Hilarius
1597 4219 1811 4283 autem,
1852 4220 1910 4265 ut
1946 4226 2065 4279 quae

459 4310 586 4357 tunc
613 4302 946 4373 agitaverant
981 4303 1210 4358 consilia
1241 4303 1455 4360 effectui
1484 4302 1699 4369 darent,
1725 4303 1908 4360 Sirmii
1944 4302 2067 4359 illos

457 4396 812 4464 convenisse,
850 4398 1049 4452 asserit
1081 4396 1154 4469 (c)
1198 4396 1432 4452 homines
1460 4406 1630 4452 mente
1658 4396 1887 4462 calidos,
1926 4397 2068 4467 inge-

2164 3186 2425 3251 Arianus,
2459 3201 2525 3241 an
2573 3186 2946 3242 Semiarianus
2989 3198 3165 3256 esset,
3216 3204 3334 3243 cum
3382 3188 3632 3243 Liberius
3672 3189 3773 3243 Be-

2164 3295 2308 3335 roeae
2338 3281 2634 3345 exsularct,
2661 3295 2723 3335 ac
2754 3292 2929 3335 utram
2961 3281 3210 3337 hmresim
3243 3292 3353 3336 tum
3395 3297 3461 3337 eo
3492 3291 3766 3352 tempore,

2166 3381 2277 3426 tum
2307 3372 2466 3426 etiam
2495 3371 2752 3441 deinceps
2782 3371 3057 3441 professus
3080 3373 3172 3427 sit.

2238 3464 2393 3519 Illum
2428 3466 2605 3535 itaque
2635 3480 2757 3520 cum
2788 3464 3056 3531 Eudoxio,
3097 3465 3338 3521 Martirio
3369 3480 3432 3520 ac
3460 3465 3773 3521 Macedonio

2165 3560 2526 3632 Μακρόστιχον
2556 3560 2833 3630 formulam
2862 3558 2929 3612 ad
2956 3557 3332 3613 Occidentales
3356 3559 3605 3613 attulisse
3636 3559 3767 3629 legi-

2168 3666 2307 3714 mus,
2338 3660 2498 3719 atque
2523 3666 2554 3705 e
2587 3650 2973 3707 Mcdiolanensi
3004 3652 3236 3707 concilio
3263 3653 3409 3705 iratis
3439 3653 3625 3706 animis
3650 3668 3775 3707 cum

2168 3742 2330 3797 sociis
2357 3742 2599 3809 exivisse,
2645 3744 2783 3813 quod
2815 3744 2927 3797 Arii
2955 3745 3256 3799 sententiam
3287 3746 3581 3800 Itwreticam
3627 3747 3776 3799 dam-

2166 3851 2291 3889 nare
2318 3836 2589 3889 noluerant
2623 3836 2716 3907 (ε).
2752 3838 2820 3892 At
2859 3853 2977 3892 eam
3026 3836 3333 3903 formulam,
3366 3839 3409 3893 si
3438 3839 3533 3909 qui
3572 3840 3770 3894 attule-

2168 3938 2311 3993 rant,
2346 3930 2558 3984 sincere
2584 3930 2999 3998 profitebantur,
3030 3930 3327 3986 Orthodoxi
3360 3932 3542 4001 specie
3575 3936 3768 3987 saltem

2169 4021 2339 4076 videri
2376 4031 2662 4091 poterant;
2701 4022 2967 4091 siquidem
3001 4023 3125 4077 illos
3161 4025 3249 4094 qui
3277 4025 3454 4078 dicunt
3488 4023 3688 4078 Filium
3716 4042 3780 4079 ea:

2168 4131 2229 4169 eo
2257 4114 2393 4185 quod
2423 4131 2522 4168 non
2547 4124 2677 4179 erat,
2711 4125 2798 4168 aut
2829 4131 2892 4168 ea:
2921 4116 3026 4168 alia
3048 4116 3358 4181 substantia,
3386 4133 3488 4171 non
3517 4126 3685 4170 autem
3717 4134 3782 4171 ea:

2170 4207 2300 4277 Deo,
2346 4218 2435 4263 aut
2465 4219 2664 4279 tempus
2690 4208 2996 4279 aliquando,
3041 4219 3128 4262 aut
3156 4210 3398 4263 swculum
3436 4210 3631 4281 fuisse,
3662 4227 3782 4263 cum

2172 4318 2273 4355 non
2298 4312 2552 4369 exstaret,
2584 4319 2677 4373 pro
2702 4303 2889 4356 alienis
2914 4302 3167 4357 habebant
3186 4320 3218 4356 a
3249 4314 3424 4357 sancta
3451 4313 3498 4357 et
3526 4304 3783 4358 catholica

2175 4392 2409 4449 Ecclesia
2442 4396 2534 4467 (ί).
2570 4395 2872 4450 Eudoxium
2904 4394 3094 4449 saltem
3123 4411 3189 4449 ex
3221 4394 3543 4450 Arianorum
3565 4404 3785 4449 senten-

454 4487 542 4541 nio
571 4489 816 4553 subtiles,
862 4489 1046 4543 militia
1075 4492 1361 4560 pertinaces
1383 4531 1397 4553 ,
1426 4489 1744 4544 occasionem
1770 4488 2059 4542 revolvendi
2091 4486 2138 4545 υ
2167 4488 2235 4541 tia
2266 4487 2331 4541 ad
2359 4503 2475 4551 eos,
2502 4488 2591 4557 qui
2625 4487 2986 4543 hontteusium
3010 4489 3363 4555 asserebant,
3403 4490 3554 4545 lectis
3583 4488 3784 4556 Asterii

456 4582 589 4650 ejus,
617 4581 753 4649 quod
775 4581 1047 4637 Athanasii
1073 4584 1392 4638 absolutione
1415 4582 1725 4637 dissolutum
1755 4582 1944 4647 fuerat,
1968 4584 2061 4652 ju-

458 4672 584 4725 dicii
615 4675 940 4743 quaesivisse,
985 4675 1232 4731 scribens
1254 4717 1267 4741 ,
1312 4684 1369 4729 ut
1394 4684 1651 4727 mortuam
1688 4672 1751 4727 de
1780 4670 2063 4726 Athanasio

459 4767 573 4836 ipso
592 4766 708 4835 jam
741 4778 967 4835 tempore
992 4771 1355 4838 quaestionem,
1387 4777 1434 4821 et
1464 4767 1686 4821 veritatis
1713 4765 1920 4839 judicio
1945 4782 2068 4818 con-
2110 4812 2115 4819 .

460 4860 755 4927 sepultam,
804 4861 859 4912 in
908 4861 1163 4929 publicam
1213 4860 1619 4914 recordationem
1673 4874 1805 4913 nova
1856 4857 2068 4912 Photini

461 4969 621 5008 causa
646 4952 910 5006 excitaret.
958 4950 1145 5005 Fidem
1177 4961 1437 5021 prmterea
1483 4952 1664 5018 illam,
1706 4951 1859 5021 cujus
1900 4966 2067 5021 pauca

463 5046 626 5101 verba
658 5046 849 5111 attuli,
897 5053 1023 5099 tunc
1052 5046 1171 5099 illos
1200 5047 1508 5101 condidisse
1538 5047 1613 5100 ait
1632 5088 1646 5109 ,
1679 5061 1839 5116 quam
1866 5045 2072 5099 haereti-

464 5156 598 5205 cam,
616 5138 1191 5210 fraudulentam,verbis
1215 5138 1596 5192 blandientibus
1614 5154 1803 5191 veneno
1828 5138 2072 5192 interiore

466 5230 717 5298 su/iusam
747 5247 811 5286 ac
840 5240 1115 5301 postremo
1144 5245 1432 5285 esurimus
1474 5237 1661 5295 vocat,
1694 5238 1751 5282 ut
1783 5245 1899 5282 cum
1927 5244 2072 5282 secu-

542 5356 617 5427 (a)
657 5355 1044 5427 Constantem,
1099 5356 1168 5411 27
1220 5357 1379 5423 Maii,
1436 5354 1699 5427 Litnenio
1729 5362 1784 5410 et
1826 5352 2073 5427 C_ata_lin_o

471 5422 853 5513 Eoss.,_Sirmii
892 5429 1030 5513 ει.
1062 5428 1277 5513 IllyriCo
1312 5422 1617 5513 9359ch
1646 5425 1907 5513 Chronol.
1934 5422 2069 5513 (19ᾷῖ

470 5498 682 5624 Thteoidz;
729 5514 793 5554 ac
833 5516 900 5555 ex
938 5496 1165 5559 Libanio
1208 5496 1370 5559 orat:
1389 5502 1444 5572 5,
1476 5498 1856 5558 Tillemoutius
1885 5496 2079 5569 probat

474 5588 538 5624 ιτ
569 5608 582 5622 .
689 5610 702 5623 .

474 5588 582 5631 ⁸1⁵1».
614 5588 702 5624 ‘10.

550 5639 635 5785 (ὁ)
663 5641 793 5710 Cap.
825 5640 899 5698 28
927 5657 1049 5698 cum
1078 5660 1232 5719 seqq.

560 5711 610 5785 (c
672 5710 834 5782 Frag.
863 5712 921 5781 2,
953 5729 1011 5768 n.
1037 5713 1130 5766 21.

560 5710 635 5785 (c)
672 5710 834 5782 Frag.
863 5712 921 5781 2,
953 5729 1011 5768 n.
1037 5713 1130 5766 21.

2170 4580 2323 4637 libris
2357 4583 2665 4645 transiisse,
2715 4597 2779 4636 ac
2805 4592 3083 4652 postremo
3118 4582 3186 4637 ad
3218 4584 3515 4639 Anomteos
3555 4597 3779 4637 revoca-

2172 4681 2284 4728 tum
2319 4672 2715 4744 Philostorgius
2744 4675 2932 4730 scribit
2967 4674 3065 4747 (g).
3107 4674 3307 4730 Omnes
3346 4684 3607 4744 praeterea
3656 4686 3787 4729 c’on-

2173 4764 2303 4819 cilio
2345 4764 2626 4820 Sirmiensi
2678 4776 2866 4822 contra
2918 4767 3205 4821 Photinum
3254 4766 3574 4834 adfuerunt,
3621 4777 3784 4839 atque

2177 4872 2339 4913 unam
2370 4871 2559 4912 omnes
2581 4858 2783 4913 idcirco
2805 4859 2964 4914 fidem
2990 4859 3217 4927 professi
3238 4868 3387 4926 sunt,
3416 4860 3463 4915 si
3493 4875 3599 4915 non
3621 4860 3782 4915 aliam

2177 4966 2311 5005 voce
2353 4962 2731 5017 asscruerunt,
2766 4951 2924 5006 aliam
2966 4961 3145 5007 mente
3176 4955 3498 5009 sententiam
3543 4955 3788 5009 retinue-

2178 5052 2327 5100 runt.
2356 5044 2440 5099 Ab
2467 5045 2710 5114 ejusdem
2758 5046 2973 5101 concilii
3020 5054 3266 5117 tempore
3317 5048 3385 5101 ad
3433 5048 3786 5103 Sirmiensem

2178 5153 2348 5209 usque
2378 5139 2671 5194 secundam
2701 5139 3017 5207 formulam,‘
3050 5142 3248 5195 nullam
3281 5141 3442 5195 aliam
3475 5141 3648 5211 palam
3677 5142 3785 5196 sal-

2180 5240 2312 5298 tem,
2338 5231 2478 5286 inter
2508 5230 2792 5287 litereticos
2825 5233 3094 5289 invectam
3124 5234 3450 5289 sententiam
3486 5233 3651 5289 fuisse
3681 5233 3788 5289 sci-

2252 5357 2334 5427 (d)
2378 5356 2454 5411 De
2477 5356 2607 5426 Syn.
2639 5373 2760 5427 cap.
2792 5359 2882 5414 65.

2255 5429 2327 5514 te)
2368 5429 2614 5514 [tiberim
2659 5429 2711 5485 in
2757 5432 2915 5501 epist.
2961 5430 3031 5487 ad
3081 5430 3365 5490 Constant.
3412 5429 3556 5503 apud
3599 5427 3783 5487 Coust.

2186 5501 2345 5572 epist.
2374 5500 2428 5557 4.
2796 5500 2803 5501 ί

2260 5571 2331 5717 ἓῙ)
2370 5574 2526 5658 Sper.
2561 5573 2651 5630 lib.
2685 5590 2745 5640 ιι,
2773 5589 2893 5647 cap.
2926 5574 3015 5633 19.

2286 5647 2341 5717 g)
2383 5646 2502 5704 Lib.
2534 5662 2608 5715 tv,
2634 5662 2756 5717 cap.
2779 5647 2835 5704 4.

2286 5647 2341 5718 g)
2383 5646 2502 5704 Lib.
2534 5662 2608 5715 tv,
2634 5662 2756 5719 cap.
2779 5647 2835 5704 4.
