4138 6178
338 224 453 281 989

1747 217 2287 280 PROLEGOMENA.

3554 230 3664 287 290

338 354 463 392 mus
493 355 505 391 :
536 336 736 407 prodiit
762 334 974 407 primis,
1005 342 1063 391 ut
1089 349 1189 407 ego
1214 341 1366 407 puto,
1393 334 1521 390 anni
1546 334 1651 391 558
1679 337 1957 391 mensibus
1985 342 2037 405 Α
2064 333 2278 388 scribit:
2301 330 2777 406 ConstantinOpolis
2805 335 3003 390 dudum
3031 335 3179 391 habet
3200 334 3586 411 DemOphilum,
3606 357 3669 395 ac

342 446 404 483 ea
450 431 787 499 blasphemia
818 445 913 500 per
955 428 1237 484 Ursacium
1260 470 1275 493 ,
1310 428 1590 483 Valentem
1611 469 1624 494 ,
1655 439 1709 483 et
1740 428 1954 484 Germi-

341 522 525 587 uium;
582 532 639 576 at
696 521 1077 591 Demophilum
1138 520 1314 588 ipsum
1367 520 1434 575 iis
1488 535 1611 577 sese
1668 522 1958 589 aliquando

340 617 589 685 junxisse
612 616 858 686 nuspiam
884 615 1137 685 legimus,
1161 614 1274 668 sive
1296 629 1417 669 cum
1441 629 1503 668 ea
1522 616 1827 684 conscripta
1851 626 1956 681 est,

347 712 463 767 sive
506 726 625 765 cum
672 694 919 765 aliorum
953 710 1158 780 aliquot
1200 709 1577 779 episcoporum
1612 725 1872 777 numero,
1907 717 1963 764 et

351 817 644 867 consensu,
676 814 835 857 aucta
867 802 1122 871 deinceps
1154 801 1272 855 fuit.

428 898 508 953 Ob
552 899 734 954 turbas
779 897 975 953 deinde
1017 908 1187 963 ortas,
1235 912 1378 951 anno
1416 897 1720 968 insequenti
1766 898 1967 952 Arimi-

358 991 537 1045 nensis
562 989 806 1061 synodus
831 998 1017 1044 coacta
1046 995 1131 1043 est
1157 1006 1169 1042 :
1206 990 1348 1054 huic,
1376 990 1419 1044 si
1447 990 1678 1055 Socrati,
1710 1006 1772 1045 ac
1799 991 1967 1047 Sozo-

353 1098 512 1137 meno
541 1083 819 1137 credimus
850 1080 951 1153 (α),
986 1080 1338 1151 Demophilus
1365 1081 1538 1135 adfuit
1562 1098 1685 1136 cum
1720 1081 1966 1148 Ursacio,

354 1174 606 1239 Valente,
634 1174 933 1239 Germinio,
959 1180 1015 1227 et
1045 1173 1195 1238 Caio,
1223 1182 1385 1243 atque
1407 1173 1474 1227 iis
1505 1174 1559 1228 in
1594 1175 1809 1229 Patrum
1839 1190 1971 1229 con-

353 1282 512 1322 sessu
544 1268 759 1321 tertiam
801 1266 1230 1335 prOponenlibus
1278 1267 1633 1322 Sirmiensem
1683 1267 1969 1323 formulam

358 1370 474 1415 tum
504 1361 940 1415 succenturialus
966 1368 1072 1424 est,
1110 1369 1218 1412 tum
1249 1360 1318 1414 ob
1344 1375 1462 1414 eam
1492 1376 1707 1415 causam
1740 1377 1861 1416 cum
1886 1376 1974 1416 so-

359 1455 457 1509 ciis
488 1453 839 1508 anathemate
869 1452 1175 1507 damnatus.
1223 1451 1480 1507 Socrates
1516 1470 1578 1507 ac
1640 1453 1975 1509 Sozomenus

362 1547 477 1601 hare
522 1547 826 1601 hauserunt
852 1562 914 1600 ex
942 1545 1241 1599 Athanasio
1287 1544 1385 1614 (b),
1429 1561 1588 1615 quem
1638 1555 1815 1601 tamen
1863 1563 1976 1602 ma-

363 1656 523 1711 gnum
552 1654 617 1693 ac
641 1638 1043 1693 sanctissimum
1072 1639 1360 1707 praesulem
1391 1654 1584 1693 vereor
1628 1656 1692 1692 ne
1716 1639 1978 1695 memoria

2063 426 2126 479 de
2156 426 2247 479 illo
2282 426 2491 497 quidem
2533 428 2871 482 simulacrum
2913 430 3175 497 quoddam
3223 440 3375 486 rectae
3418 431 3575 501 ﬁdei,
3619 442 3668 487 et

2064 518 2270 586 pietatis
2314 518 2377 572 ab
2435 520 2671 574 omnibus
2719 521 3111 576 advenientibus
3159 540 3357 578 summa
3412 541 3670 580 consensu

2055 611 2323 680 jactatur;
2355 612 2487 666 adeo
2512 620 2571 665 ut
2599 614 2754 667 etiam
2776 613 3084 669 dissidentes
3114 616 3334 670 civitatis
3358 627 3530 686 partes
3551 635 3673 673 coa-

2066 704 2258 758 luerint
2304 707 2356 759 in
2405 723 2603 773 unum,
2633 716 2786 777 atque
2834 724 2896 762 ea:
2938 709 3119 762 vicinis
3157 710 3399 765 nonnulli
3443 710 3672 784 episcopi

2067 802 2483 871 conjunctionem
2510 801 2738 871 amplexi
2761 802 2863 855 sint
2892 798 2986 872 (e).

2140 891 2246 946 Sed
2279 908 2377 947 cur
2419 895 2755 963 argumentis
2801 895 3006 949 utimur
3038 895 3091 950 in
3140 912 3200 952 re
3231 898 3513 954 manifesta
3565 914 3674 956 non

2070 986 2439 1039 necessariis?
2491 986 2627 1041 Nam
2673 1004 2793 1058 quae
2833 988 3136 1059 Demophili
3166 994 3437 1046 sententia
3490 993 3674 1060 fuerit,

2071 1075 2424 1149 intelligimus
2469 1094 2533 1133 ex
2581 1080 2882 1151 fragmento
2929 1082 3202 1152 quodam,
3250 1083 3393 1153 quod
3442 1099 3512 1140 ex
3556 1086 3678 1155 ejus

2072 1171 2481 1226 commentariis
2511 1171 2912 1243 Philostorgius
2959 1176 3208 1244 excepit,
3256 1176 3450 1235 Suidas
3496 1187 3677 1233 autem

2074 1267 2331 1330 servavit,
2356 1267 2487 1322 etad
2514 1283 2611 1322 nos
2634 1270 2953 1324 transmisit.
2971 1271 3290 1342 Aitilaque:
3321 1271 3495 1327 Filius
3519 1274 3682 1329 solius

2076 1355 2254 1411 Patris
2278 1358 2539 1413 voluntate
2554 1360 2753 1429 genitus
2777 1369 2867 1426 est,
2894 1362 3006 1415 sine
3030 1371 3277 1432 tempore,
3294 1372 3340 1417 et
3364 1365 3476 1420 sine
3493 1366 3680 1434 medio,

2078 1462 2131 1505 ut
2146 1456 2418 1524 jussorum
2445 1452 2621 1507 Patris
2662 1456 2893 1510 minister
2922 1456 2988 1509 sit
3031 1468 3079 1511 et
3110 1457 3339 1527 famulus
3363 1456 3462 1531 (f),
3495 1459 3550 1514 in
3586 1459 3687 1515 mi-

2079 1546 2305 1601 nisterio
2348 1547 2778 1615 dispensationis
2824 1564 2887 1604 ac
2925 1550 3317 1620 redemptionis
3358 1554 3596 1619 scilicet,
3629 1561 3691 1609 ut

2083 1637 2295 1691 videtur
2325 1638 2390 1692 iis
2418 1639 2713 1709 explicare,
2745 1657 2864 1710 quae
2887 1642 3293 1711 subsequuntur
3314 1646 3496 1701 verbis
3525 1664 3538 1701 :
3574 1645 3689 1702 hinc

366 1735 677 1789 deseruerit
722 1734 777 1788 in
818 1734 956 1789 libro
1000 1734 1067 1787 de
1097 1732 1356 1803 Synodis,
1400 1740 1458 1787 ut
1485 1749 1607 1787 eum
1653 1733 1895 1789 deseruit
1927 1735 1978 1787 in
2012 1752 2060 1812 Β
2087 1734 2257 1799 enim,
2291 1734 2336 1787 si
2367 1735 2617 1790 conferas
2640 1750 2761 1790 cum
2793 1738 3005 1805 prolixa
3049 1740 3386 1795 Antiochena
3434 1740 3690 1805 formula,

369 1830 597 1900 cpistola
622 1828 689 1882 ad
719 1827 900 1894 Afros,
932 1828 1019 1881 ubi
1047 1827 1350 1881 Eudoxium
1378 1842 1592 1897 quoque
1616 1828 1755 1882 inter
1777 1843 1871 1883 eos
1896 1843 1984 1883 re-

372 1935 581 1990 ('enset,
610 1924 701 1995 qui
740 1923 1065 1977 Ariminensi
1093 1921 1301 1993 synodo
1330 1920 1638 1987 adfuerant,
1664 1938 1727 1977 ac
1752 1922 1984 1991 depositi

378 2029 504 2074 sunt
533 2038 545 2071 ;
574 2035 697 2073 nam
749 2018 1068 2073 Beroeensis
1117 2016 1434 2086 episcopus,
1487 2017 1577 2087 qui
1623 2016 1985 2071 Orientalibus

380 2111 768 2167 accensebatur
797 2152 813 2179 ,
863 2125 964 2165 nec
1018 2109 1211 2163 adesse
1258 2108 1331 2162 illi
1363 2109 1593 2163 concilio
1636 2110 1840 2179 potuit,
1887 2124 1989 2163 nec

379 2215 641 2274 prazterea
670 2203 908 2273 deponi,
943 2202 1205 2273 siquidem
1236 2201 1583 2257 Constantius
1611 2201 1989 2256 Occidentales

382 2297 611 2352 Arimini
638 2298 899 2352 collectos
930 2297 1162 2363 superbe
1198 2307 1476 2362 vetuerat,
1509 2311 1578 2350 ne
1610 2295 1739 2365 quid
1768 2296 1991 2349 omnino

381 2399 571 2446 contra
601 2390 906 2444 Orientales
936 2390 1225 2458 episcmios
1253 2399 1587 2453 statuerent;
1619 2389 1734 2444 ιιωο
1762 2403 1889 2444 vero
1910 2396 1994 2443 est

383 2484 545 2547 ratio,
578 2497 677 2537 cur
704 2484 821 2550 ejus
842 2480 1056 2537 concilii
1080 2524 1093 2545 ,
1119 2498 1237 2550 qua:
1263 2490 1553 2551 supersunt
1577 2492 1717 2544 acta,
1744 2494 1807 2535 ac
1831 2496 1994 2551 syno-

384 2577 525 2632 dicce
544 2575 825 2645 epistolae,
857 2590 1083 2645 quarum
1113 2576 1406 2629 auctoritas
1438 2574 1632 2644 potiori
1666 2572 1907 2627 habenda
1941 2572 1995 2626 in

389 2672 567 2743 pretio
596 2680 715 2735 est,
755 2668 1064 2735 Ursacium,
1100 2667 1394 2733 Valentem,
1426 2667 1742 2721 Germinium
1763 2708 1778 2733 ,
1813 2664 1998 2720 Caium

389 2776 435 2819 et
481 2764 827 2828 Auxentium,
868 2761 1096 2816 Arianos
1138 2770 1264 2816 tunc
1297 2760 1504 2832 synodo
1550 2770 1843 2829 praesentes
1887 2776 2001 2814 me-

392 2865 606 2911 morant
635 2854 941 2919 dumtaxat,
970 2861 1026 2908 et
1050 2852 1192 2907 inter
1213 2852 1489 2922 depositos
1510 2853 1771 2916 referunt,
1806 2851 2001 2906 Demo-

394 2951 526 3022 phili
572 2965 704 3005 vero
751 2963 950 3003 nomen
1004 2947 1249 3017 nuspiam
1308 2946 1619 3014 exprimunt
1658 2960 1670 2997 :
1714 2944 1805 3014 qui
1857 2944 2000 2999 enim

394 3045 681 3099 absentem
711 3058 775 3096 ac
801 3042 957 3110 longe
980 3039 1049 3093 ab
1079 3055 1145 3095 eo
1170 3039 1290 3095 loco
1320 3039 1550 3108 positum
1582 3051 1883 3092 memorare
1909 3050 2004 3105 po-

358 3140 375 3151 ‘
395 3134 672 3191 tuissent?

476 3228 623 3284 Actis
649 3226 841 3282 iisdem
869 3224 1167 3280 auctoritas
1196 3222 1410 3279 accedit
1435 3239 1500 3278 ex
1529 3222 2001 3278 testimonioHila-

400 3323 497 3387 rii,
516 3323 604 3392 qui
628 3321 680 3373 in
708 3326 936 3374 tractatu
957 3326 1145 3372 contra
1170 3314 1631 3378 Auxentium,eos
1654 3329 1844 3369 omnes
1866 3316 2006 3369 inter

399 3416 517 3472 Arii
550 3412 788 3482 Spiritus
826 3411 1073 3467 hzeredes
1111 3418 1389 3473 numerat,
1439 3407 1582 3461 hunc
1630 3422 1759 3461 vero
1790 3408 2006 3462 silentio

402 3508 654 3578 prreterit
686 3504 790 3577 (c);
822 3515 983 3574 atque
1014 3506 1155 3557 hunc
1186 3503 1348 3557 etiam
1379 3500 1635 3556 omittunt
1662 3500 2006 3555 Marcellinus

402 3609 463 3654 et
503 3598 798 3653 Faustinus
846 3596 1180 3667 presbyteri,
1230 3610 1349 3649 cum
1392 3592 1624 3647 Arianos
1654 3592 1788 3647 alios
1819 3608 2011 3649 recen-

404 3704 567 3759 sent,
603 3693 691 3761 qui
724 3690 1051 3745 Ariminensi
1082 3687 1258 3744 eidem
1290 3688 1523 3742 concilio
1557 3697 1853 3757 praesentes
1895 3686 2013 3742 fue-

402 3796 560 3844 runt.
599 3785 737 3854 Quid
764 3799 894 3839 vero
921 3790 1183 3853 prmterea
1203 3823 1217 3847 ,
1258 3782 1398 3852 quod
1426 3780 1615 3836 decem
1642 3781 1715 3835 illi
1745 3779 2007 3851 cpisc0pi,

407 3882 503 3952 qui
537 3880 603 3933 ad
646 3877 1034 3947 Imperatorem
1060 3874 1310 3930 confeCta
1340 3873 1551 3945 synodo
1583 3872 1744 3943 legati
1774 3872 2010 3939 fuerant,

408 3992 479 4032 ac
508 3974 703 4030 Nicaea:
742 3974 795 4027 in
823 3970 1054 4026 Thracia
1087 3967 1420 4038 prawaricati
1463 3967 1659 4022 deinde
1688 3975 1848 4034 sunt,
1891 3981 2013 4020 cum

412 4072 601 4142 priora
640 4065 855 4123 concilii
893 4073 1012 4121 acta
1043 4061 1452 4126 rescinderent,
1485 4074 1547 4114 ac
1575 4060 2014 4113 communionem

419 4163 675 4225 Ursacio,
742 4159 982 4223 Valenti,
1052 4154 1353 4216 Germinio,
1405 4161 1461 4208 et
1514 4150 1638 4206 Caio
1697 4150 2017 4205 nominatim

413 4258 796 4318 restituerent,
824 4251 1073 4308 eumdem
1098 4246 1475 4319 DemOphilum
1495 4244 1608 4298 alto
1634 4242 1854 4298 silentio
1883 4257 2022 4312 prae-

419 4346 726 4403 terierunt?
756 4347 835 4398 An
867 4356 998 4397 vero
1026 4341 1245 4411 gravius
1275 4338 1367 4392 ille
1399 4342 1746 4406 peccaverat,
1776 4340 1835 4387 ut
1871 4331 2022 4386 omni

420 4437 651 4496 omnino
683 4436 837 4490 venia
876 4431 1015 4503 apud
1047 4433 1265 4501 ignaros
1294 4428 1417 4482 illos
1448 4429 1736 4495 episc0pos
1769 4423 2023 4494 indignus

2087 1839 2182 1879 seu
2237 1840 2361 1880 cum
2414 1825 2697 1881 Sirmieusi
2747 1836 2933 1882 contra
2992 1828 3283 1885 Photinum
3335 1831 3545 1903 synodo
3588 1831 3691 1904 (g),

2090 1931 2250 1970 unam
2283 1918 2639 1988 eamdemque
2684 1922 3007 1976 sententiam
3040 1923 3330 1995 utrobique
3374 1940 3692 1996 expressam

2090 2012 2296 2077 videas,
2322 2010 2514 2066 Filium
2542 2012 2752 2068 scilicet
2780 2016 3021 2084 genitum
3045 2016 3159 2071 sola
3188 2017 3466 2073 voluntate
3491 2019 3690 2087 Patris,

2092 2105 2209 2158 sine
2234 2114 2499 2174 tempore,
2532 2106 2652 2160 sine
2683 2106 2882 2174 medio,
2916 2116 2979 2162 ut
3006 2108 3152 2163 Patri
3211 2110 3604 2182 obsequeretur
3630 2127 3697 2170 ac

2093 2197 2344 2253 minister
2367 2209 2549 2264 esset,
2594 2199 2809 2256 Patrem
2840 2216 2969 2257 vero
2998 2218 3105 2258 non
3133 2204 3433 2260 subSIantia
3464 2216 3697 2276 tantum,

2095 2291 2189 2345 sed
2222 2301 2275 2345 et
2298 2293 2622 2348 auctoritate
2654 2293 2871 2350 Patrem
2893 2336 2908 2362 ,
2939 2312 3096 2366 quam
3131 2312 3295 2368 porro
3318 2301 3699 2359 auctoritatem

2097 2381 2176 2436 sic
2197 2383 2485 2452 explicavit
2515 2384 2771 2453 Hilarius,
2805 2395 2865 2442 ut
2887 2387 3021 2443 nihil
3043 2391 3341 2461 mqualitati
3365 2392 3700 2464 detraheret,

2098 2475 2221 2545 quia
2255 2476 2470 2545 pietatis
2511 2478 2777 2547 subjectio
2826 2497 2931 2534 non
2970 2490 3057 2537 est
3100 2486 3357 2540 essentia:
3386 2486 3700 2559 diminutio,

2101 2583 2201 2623 nec
2228 2570 2504 2639 religionis
2530 2570 2771 2627 officium
2799 2574 3121 2645 degenerem
3153 2577 3283 2635 fecit
3319 2591 3563 2637 naturam
3598 2582 3702 2655 (It).

2102 2658 2238 2713 llinc
2263 2659 2403 2716 idem
2430 2661 2826 2734 Philostorgius
2851 2667 3226 2737 Demophilum
3258 2670 3457 2741 ipsum,
3484 2685 3540 2729 ut
3563 2676 3708 2733 solet

2102 2765 2293 2808 omnes
2322 2768 2352 2808 a
2383 2769 2478 2809 sua
2521 2765 2665 2810 secta
2699 2758 2943 2825 alienos,
2990 2763 3200 2832 carpit,
3234 2766 3378 2835 quod
3409 2768 3705 2827 lutulentus

2106 2844 2324 2911 flueret,
2382 2846 2526 2916 quod
2562 2849 2740 2903 omnia
2781 2860 2943 2921 atque
2969 2854 3336 2911 ecclesiastica
3362 2858 3707 2928 potissimum

2106 2935 2355 3007 dogmata
2412 2940 2808 3008 confunderet,
2868 2943 3270 3017 misceretquc,
3328 2963 3391 3003 ac
3445 2950 3705 3024 denique,

2107 3030 2250 3100 quod
2283 3029 2627 3087 Eunomiauis
2672 3037 2972 3105 gravissime
3012 3040 3247 3110 infensus
3273 3045 3593 3114 gravissimis
3624 3064 3712 3103 eos

2108 3124 2264 3177 malis
2289 3122 2527 3191 olfecerit.
2550 3127 2638 3198 (i).
2673 3128 2785 3185 lloe
2813 3146 2942 3186 vero
2970 3135 3363 3203 testimonium,
3394 3155 3519 3194 cum
3551 3157 3713 3211 aper-

2110 3216 2376 3270 tissimum
2406 3226 2462 3272 et
2490 3218 2854 3276 decretorium
2909 3224 3001 3289 sit,
3032 3240 3193 3282 nemo
3219 3227 3341 3296 jure
3360 3229 3712 3303 dubitaverit,

2110 3309 2237 3376 quin
2283 3309 2634 3377 DcmOphilus
2677 3311 3048 3369 Semiarianus
3096 3327 3357 3388 perpetuo
3402 3319 3600 3389 fuerit,
3650 3339 3715 3381 ac

2114 3399 2242 3468 quin
2295 3408 2556 3467 pratterea
2612 3402 2790 3470 illam,
2845 3422 3006 3476 quam
3064 3412 3276 3468 sincere
3334 3414 3711 3487 profitebatur,

2123 3491 2284 3546 ﬁdem
2318 3491 2534 3548 Liberio
2562 3496 2741 3551 exsuli
2773 3500 3106 3568 exposuerit.

2110 3648 2136 3712 §
2169 3647 2229 3697 ν.
2255 3676 2316 3723 ᾗ
2340 3649 2448 3723 Quo
2470 3664 2699 3723 “annonae
2735 3667 2911 3723 mense
2943 3657 3227 3723 Sirmiensis
3264 3660 3567 3723 blasphemia
3603 3677 3723 3715 con-

2174 3714 2451 3783 scripta,_et
2470 3714 2725 3783 in_(_}alli_as
2748 3719 2893 3783 missa
2919 3721 3073 3768 videri
3099 3722 3283 3783 pOssit‘?
3308 3714 3465 3772 Variae
3491 3738 3549 3774 ea
3572 3714 3637 3776 de
3661 3714 3717 3777 re

2174 3778 2436 3851 sententiae
2480 3775 2743 3851 :ililarius
2781 3780 3013 3851 affertur,
3060 3775 3114 3832 ei
3162 3783 3470 3849 explicatur,
3513 3775 3722 3851 ejusque

2180 3839 2462 3887 testimonio
2489 3843 2824 3890 controversia
2847 3842 3099 3893 definitur.

2191 3956 2304 4013 lloc
2325 3959 2489 4013 etiam
2522 3959 2651 4015 mihi
2685 3964 2963 4034 proposui,
3007 3973 3067 4020 ut
3093 3977 3465 4038 perscrutarer
3490 3971 3721 4043 diligen-

2123 4050 2250 4116 tius,
2282 4067 2390 4120 quo
2415 4068 2559 4107 anno
2592 4062 2649 4109 et
2702 4066 2950 4127 tempore
2979 4058 3294 4119 Sirmiensis
3326 4064 3444 4122 haec
3472 4067 3727 4139 blasphe-

2124 4144 2231 4199 mia
2278 4148 2479 4217 scripta
2526 4148 2692 4203 videri
2739 4156 2942 4220 possit,
2997 4169 3061 4211 ac
3107 4158 3229 4227 quis
3276 4159 3475 4216 deinde
3524 4164 3727 4229 exitus.

2124 4238 2442 4309 fructusque
2476 4240 2595 4311 ejus
2640 4241 2836 4309 fuerit;
2883 4246 3151 4315 siquidem
3202 4250 3285 4306 his
3314 4253 3477 4309 etiam
3512 4254 3640 4324 fiet,
3673 4264 3733 4313 ut

2124 4348 2313 4389 eorum
2346 4344 2647 4404 temporum
2680 4336 2922 4395 historia:
2948 4342 3148 4412 aliquid
3176 4345 3311 4399 lucis
3341 4348 3583 4404 accedat.

2198 4426 2479 4496 Plerisque
2508 4426 2692 4499 itaque
2725 4430 2906 4498 placet
2937 4447 3082 4489 anno
3109 4435 3215 4490 557
3253 4439 3409 4493 malis
3440 4441 3646 4497 artibus
3678 4442 3737 4500 in

422 4548 555 4588 esse
575 4528 927 4585 censeretur?
953 4527 1170 4581 Certum
1204 4523 1383 4591 itaque
1414 4530 1698 4589 ratumque
1727 4520 1799 4573 sit
1829 4518 2024 4573 Demo-
2051 4539 2106 4600 Β
2134 4523 2307 4579 lucem
2335 4523 2651 4591 obtrusam;
2682 4533 2736 4580 at
2757 4527 2845 4581 vix
2874 4538 2977 4593 est,
3008 4533 3098 4601 qui
3120 4532 3355 4603 aliquam
3383 4549 3495 4590 sua:
3523 4538 3737 4608 opinio-

424 4625 637 4699 pltiillm
693 4618 1019 4675 Ariininensi
1073 4614 1303 4670 concilio
1367 4628 1472 4667 non
1524 4610 1785 4665 adfuisse.
1843 4610 2025 4677 Quaeri

428 4732 614 4777 tamen
638 4718 739 4773 hoc
769 4717 889 4770 loco
915 4719 1120 4784 posset,
1136 4727 1233 4766 cur
1251 4709 1393 4764 nulla
1424 4708 1475 4762 in
1499 4706 1834 4763 Seleuciensi
1860 4705 2028 4761 etiam

430 4812 668 4887 synodo,
695 4811 783 4865 cui
827 4811 1119 4879 imperator
1148 4803 1453 4860 Orientales
1481 4815 1671 4855 omnes
1696 4799 1888 4854 adesse
1911 4800 2031 4868 jus-

430 4914 614 4967 serat,
664 4900 909 4971 ejusdem
941 4902 1145 4955 mentio
1191 4895 1297 4951 sit?
1346 4897 1429 4949 An
1477 4891 1615 4947 forte
1648 4891 1717 4946 ab
1747 4891 1812 4946 iis
1864 4890 2035 4945 turbis

436 5000 630 5054 abesse
661 4995 891 5050 maluit?
925 4998 1003 5048 An
1032 4994 1208 5064 potius
1242 4990 1380 5044 inter
1403 4988 1526 5042 illos
1550 4993 1772 5043 centum
1800 4993 1854 5039 et
1882 4985 2041 5055 quin-

436 5107 547 5163 que
590 5088 1006 5145 llommusiauos
1052 5086 1121 5139 ab
1165 5081 1368 5137 llilario
1408 5077 1487 5151 (d)
1526 5086 1895 5142 memoratos,
1943 5075 2040 5132 sed

442 5183 679 5254 fugitans
701 5180 1003 5253 jurgiorum
1028 5177 1163 5232 fuit?
1192 5173 1488 5243 Utrumque
1512 5172 1624 5226 fieri
1658 5169 1814 5225 facile
1844 5169 2037 5238 patuit,

444 5275 717 5348 siquidem
750 5272 983 5329 Basilius
1018 5269 1244 5340 Magnus
1283 5266 1363 5320 sic
1393 5264 1545 5319 illum
1574 5262 1761 5318 animo
1788 5260 2041 5317 affectum

523 5458 602 5529 (α)
642 5455 762 5529 Lib.
793 5468 862 5519 ιι,
888 5466 1006 5529 cap.
1030 5450 1119 5515 37;
1157 5449 1247 5529 lib.
1274 5459 1499 5529 tv,.c_ap.
1530 5443 1621 5529 με.

525 5512 602 5599 ἰώ
648 5527 765 5599 μὶ).
801 5512 867 5578 tle
892 5512 1168 5599 Sy'nnca’p.
1196 5520 1252 5583 9,
1284 5512 1459 5599 cpi-st;
1476 5514 1545 5570 ad
1571 5528 1691 5584 cap.
1723 5512 1777 5567 3.

531 5590 602 5671 (ι’)
648 5597 767 5671 11η).
810 5590 984 5671 contr.
1027 5590 1321 5671 Attx._eap.
1354 5591 1408 5644 6.

557 5661 613 5740 ά)
652 5666 1057 5740 Οιιηιιη-(ξοηει.
1089 5680 1144 5740 _n_.
1178 5661 1266 5715 12.

557 5678 613 5740 d)
652 5678 838 5723 Contr.
869 5678 1057 5719 uousu
1090 5680 1144 5717 n.

531 5678 604 5815 le)
641 5739 800 5796 Tom.
836 5736 925 5805 lll,
955 5750 1042 5806 ep.
1075 5734 1167 5791 48.

2131 4618 2215 4673 nis
2244 4618 2506 4673 rationem
2539 4617 2811 4689 proferat,
2849 4631 3047 4691 praeter
3075 4623 3296 4681 Petrum
3327 4627 3733 4703 Coustantium,

2135 4710 2225 4780 qui
2254 4708 2443 4764 llilarii
2472 4711 2793 4767 auctoritate
2816 4712 2984 4769 utitur
3004 4715 3068 4769 ad
3089 4714 3399 4775 Gallicanos
3427 4723 3739 4795 episcopos,

2137 4802 2223 4873 qui
2257 4817 2375 4856 eam
2408 4803 2947 4871 damnaverant,lnec
2971 4810 3297 4867 scribentis:
3333 4813 3546 4871 Vicistis
3577 4819 3736 4887 enim,

2142 4891 2381 4961 Fratres,
2406 4911 2523 4948 cum
2565 4899 2762 4968 ingenti
2808 4901 2933 4968 ﬁdei
2976 4903 3357 4975 gratulatione,
3401 4918 3451 4964 et
3487 4912 3745 4981 geminam

2143 4989 2322 5041 habuit
2370 4990 2551 5044 illaesa:
2597 4994 2924 5049 conscientiae
2971 5007 3152 5053 vestra:
3194 5001 3361 5055 honor
3398 5003 3651 5074 gloriam,
3681 5003 3747 5058 de

2142 5080 2436 5151 integritate
2468 5081 2664 5137 scilicet
2699 5086 3058 5156 conscientiaz,
3104 5101 3152 5146 et
3179 5093 3243 5145 de
3272 5094 3494 5163 exempti
3518 5095 3747 5149 auctori-

2146 5180 2268 5227 tate.
2304 5172 2446 5227 Nam
2486 5174 2608 5240 fidei
2658 5189 2838 5233 vestra:
2881 5180 3266 5251 imperturbata:
3308 5184 3449 5253 fama
3493 5187 3747 5254 quosdam

2150 5262 2492 5321 Orientalium
2534 5268 2808 5341 episcopos
2842 5288 2956 5326 sero
2993 5273 3104 5342 iam
3130 5276 3400 5330 commovit
3428 5277 3498 5331 ad
3525 5278 3744 5351 aliquem

2258 5444 2303 5521 ῖὶ
2343 5445 2498 5521 ἂι)υά
2529 5445 2939 5521 Vales-“Hea,
2972 5458 3101 5503 tom.
3129 5449 3220 5519 nt,
3256 5468 3306 5521 p.
3341 5453 3467 5512 553,

2352 5514 2490 5601 gari;
2522 5517 2573 5580 1,
2615 5517 2669 5581 5,
2698 5516 2918 5601 25.37;
2960 5520 3164 5593 Ancyr.
3204 5514 3361 5583 conc.
3386 5542 3508 5585 can.
3538 5533 3627 5601 i7,
3659 5535 3748 5596 18.

2255 5587 2312 5654 Ιι)
2336 5588 2428 5657 γΟθ
2458 5588 2590 5657 Syn.
2623 5601 2743 5656 cap.
2771 5589 2860 5644 79.

2254 5658 2294 5726 ἱ)
2328 5656 2449 5714 Lib.
2481 5656 2557 5725 ix,
2589 5671 2707 5718 cap.
2733 5657 2789 5713 9.
