4138 6178
483 248 588 310 391

1637 239 1950 304 SANCTUS
1986 220 2313 302 atauus
2347 241 2549 300 pars.

3692 244 3803 304 293

484 366 733 436 pudorem
763 364 969 418 nutritte
1013 361 1296 426 hereseos,
1339 371 1389 415 et
1432 359 1624 413 auditis
1668 361 1764 426 iis,
1798 373 1912 427 qute
1939 356 2082 427 apud
2110 369 2162 430 Α
2192 357 2390 424 Quadis
2417 368 2465 413 et
2492 356 2747 412 Sarmatis
2773 352 3031 421 redeunti;
3051 359 3165 409 tum
3190 352 3311 410 haec
3332 352 3487 411 addit
3512 370 3527 410 :
3558 355 3643 410 Ita
3671 373 3795 411 con-

486 456 736 512 Sirmium
762 456 1052 523 conscripta
1074 453 1372 520 impiissime
1399 454 1606 524 fuerant
1624 493 1638 517 ,
1669 452 2083 522 irreligiosorum

482 551 721 605 audaciae
767 549 1071 619 quibusdam
1101 549 1319 602 decretis
1365 547 1791 602 contradixerunt
1834 547 1933 620 (a).
1982 546 2085 602 De-

484 656 655 711 creta,
688 660 806 714 qua:
845 644 1078 698 Hilarius
1105 653 1409 709 memorat,
1443 643 1535 697 illa
1569 652 1716 710 sunt,
1751 658 1869 711 qua:
1899 642 2083 713 Ancy-

436 726 439 729 5
484 752 614 791 rana
664 737 903 808 synodus
950 738 1410 806 promulgaverat.
1464 736 1602 791 Hinc
1649 737 1724 789 ait
1769 735 1909 789 idem
1941 734 2086 789 Cou-

483 829 746 883 SIantius:
786 828 866 881 Ea:
892 828 1086 883 Hilarii
1108 830 1271 883 verbis
1297 845 1357 881 ea
1388 831 1521 882 inter
1550 829 1710 893 hanc,
1746 826 2083 882 Gallicanam

482 921 712 986 scilicet,
744 930 792 975 et
818 920 1147 991 Ancyranam
1172 923 1426 991 synodum
1459 920 1600 973 debet
1627 919 1939 972 intercedere
1956 926 2082 971 tent-

482 1014 625 1083 poris
654 1030 836 1077 mora,
888 1023 946 1066 ut
991 1014 1253 1067 commode
1298 1013 1522 1081 potuerit
1570 1012 1715 1065 illius
1765 1011 1989 1081 formula
2030 1011 2084 1063 in

485 1106 687 1161 Gallias
729 1108 1023 1177 deportari,
1069 1107 1252 1161 deinde
1300 1106 1689 1160 Gallicanorum
1726 1106 2083 1176 episcoporum

482 1200 751 1254 convocari
792 1199 1051 1271 synodus,
1086 1200 1240 1269 hujus
1267 1199 1470 1253 decreta
1501 1201 1552 1251 in
1589 1200 1767 1252 Asiam
1812 1198 1881 1250 ad
1928 1196 2083 1251 Hila-

482 1292 638 1351 rium,
669 1300 715 1345 et
745 1291 807 1343 ab
840 1290 1048 1344 Hilario
1086 1291 1153 1343 ad
1187 1290 1475 1345 Orientales
1515 1292 1755 1361 perferri,
1783 1292 1871 1361 qui
1903 1289 2083 1344 Gallo—

481 1401 596 1438 rum
611 1385 842 1455 exemplo
855 1386 1062 1439 excitati
1083 1383 1408 1455 Ancyranam
1425 1385 1682 1455 synodum
1702 1384 1961 1454 coegerint
1979 1382 2053 1455 (b)
2065 1423 2078 1436 .

482 1474 598 1531 Non
653 1491 791 1531 unus
848 1486 1027 1531 tamen
1086 1486 1170 1531 est
1234 1476 1619 1541 Constantius,
1677 1476 1767 1545 qui
1828 1476 1969 1531 hanc
2028 1476 2081 1529 in

482 1568 789 1624 Gallicanos
840 1569 1125 1638 episcopos
1176 1568 1405 1639 gloriam
1468 1568 1755 1633 conferat,
1811 1568 2079 1636 siquidem

482 1659 863 1715 Tillemontius
905 1663 985 1716 sic
1034 1661 1293 1715 llilarium
1326 1659 1616 1729 intelligit,
1661 1670 1721 1715 ut
1773 1660 2079 1715 Orientales

2186 451 2332 521 tigit,
2366 459 2421 504 ut
2464 466 2580 504 cum
2610 466 2701 521 ego
2729 450 3052 504 ditnicassem
3082 487 3098 514 ,
3129 446 3219 502 ille
3246 449 3415 502 solum
3446 449 3542 503 iter
3565 451 3788 519 fecisset,

2185 557 2233 602 et
2260 564 2374 601 cum
2416 544 2541 601 Istri
2572 547 2761 601 accolis
2791 547 3008 615 paciﬁce
3049 546 3337 601 collocutus
3365 554 3517 611 esset,
3552 563 3651 601 non
3681 564 3789 618 ego,

2186 642 2277 695 sed
2301 642 2392 695 ille
2415 642 2761 713 triumpharet
2789 640 2891 709 (ά).
2929 638 3082 693 Nunc
3112 653 3240 693 vero
3268 654 3391 694 cum
3421 640 3669 709 praelium
3692 642 3794 694 Ar-

2183 734 2527 804 gentinense,
2553 734 2620 787 ab
2647 748 2793 789 anno
2818 733 2923 788 557
2948 732 3218 786 removeri
3243 731 3385 786 haud
3413 732 3607 802 possit,
3634 740 3795 803 atque

2185 840 2330 880 anno
2360 826 2452 879 illo
2475 840 2569 894 per
2602 824 2874 890 Illyricum
2903 824 3258 879 Constantius
3285 826 3389 879 iter
3412 824 3627 890 fecerit,
3660 824 3796 880 nihil

2186 916 2414 984 impedit
2458 917 2746 985 quominus
2778 916 3037 973 Sirmium
3066 916 3356 971 commodo
3400 916 3696 983 accedere,
3731 931 3795 972 ac

2184 1010 2591 1064 conscribendas
2628 1010 2874 1063 formulae
2923 1008 3116 1063 adesse
3146 1010 3396 1078 potuerit.
3428 1009 3614 1080 Neque
3657 1024 3795 1065 vero

2184 1118 2320 1171 opus
2348 1110 2465 1167 est,
2492 1100 2639 1172 quod
2672 1100 2917 1155 nonnulli
2949 1100 3176 1165 faciunt,
3210 1109 3266 1154 ut
3298 1101 3676 1169 imperatorem
3705 1102 3793 1156 in-

2184 1197 2351 1249 vitum
2382 1209 2443 1247 ac
2496 1193 2852 1263 defatigatum
2882 1208 2948 1248 ex
2980 1193 3201 1265 Illyrico
3251 1193 3446 1248 iterum
3476 1208 3787 1251 revocemns

2187 1290 2577 1351 Mediolanum,
2600 1288 2892 1344 Decembri
2921 1301 3132 1351 mense,
3155 1301 3263 1357 quo
3293 1288 3440 1358 leges
3471 1287 3523 1341 in
3551 1301 3613 1342 ea
3640 1286 3787 1343 Urbe

2186 1381 2339 1435 (latas
2384 1382 2611 1450 legimus
2633 1422 2646 1444 ,
2679 1387 2843 1451 atque
2882 1395 3005 1434 eum
3037 1378 3232 1433 deinde
3265 1380 3331 1432 18
3370 1380 3618 1449 ejusdem
3660 1381 3748 1435 die
3772 1421 3786 1446 ,

2189 1472 2370 1527 Sirmii
2414 1485 2603 1525 rursus
2631 1482 2932 1525 statuamus
2954 1478 3234 1525 vacantem
3268 1469 3620 1540 publicationi
3661 1472 3793 1525 alia-

2188 1580 2306 1617 rum
2341 1563 2517 1633 legum
2550 1562 2646 1633 (e).
2678 1563 2859 1619 Facile
2883 1562 3027 1618 enim
3053 1562 3201 1616 illum
3223 1564 3293 1616 ab
3318 1562 3420 1617 hoc
3446 1563 3795 1617 incommodo

2189 1656 2502 1720 liberamus,
2536 1656 2582 1710 si
2610 1671 2729 1709 cum
2764 1654 3019 1710 Reinesio
3046 1653 3114 1725 (f)
3142 1654 3491 1709 librariorum
3520 1656 3792 1724 imperitia

480 1752 765 1821 episc0pos
797 1759 1139 1823 Ancyranam
1170 1752 1318 1806 illam
1346 1751 1613 1822 synodum
1644 1753 1893 1822 coegisse
1924 1752 2071 1816 velit,
2106 1753 2155 1813 Β
2184 1747 2385 1803 factum
2416 1748 2687 1814 dicamus,
2715 1756 2774 1802 ut
2803 1747 3062 1803 Mediana:
3088 1758 3180 1802 aut
3201 1749 3524 1818 compendio
3548 1751 3788 1818 scriptae,

480 1855 763 1913 postquam
804 1861 922 1899 eam
968 1846 1359 1914 blasphemiam
1404 1844 1456 1898 in
1488 1844 1681 1900 Galliis
1716 1844 2075 1914 proscriptam

476 1936 646 1992 fuisse
679 1940 1075 1995 intellexerant.
1122 1939 1390 1994 Caeterum
1423 1938 1552 2009 quin
1582 1937 1843 1994 Gallicani
1885 1953 2075 1992 eorum

478 2037 781 2098 temporum
813 2030 1088 2100 episcopi,
1135 2031 1459 2085 sanetissimi
1490 2030 1734 2099 profecto
1764 2044 1829 2084 ac
1858 2030 2077 2084 doctis-

473 2123 597 2177 simi
628 2123 850 2188 fuerint,
880 2133 934 2177 et
960 2138 991 2176 a
1034 2125 1144 2177 Deo
1173 2124 1441 2185 concessi,
1474 2133 1532 2176 ut
1576 2122 1735 2177 ﬁdem
1768 2132 2071 2189 tuerentur,

474 2230 635 2269 nemo
665 2215 975 2284 negaverit:
1009 2230 1110 2283 ego
1132 2214 1298 2268 etiam
1328 2215 1573 2269 concedo
1620 2214 1853 2269 libenter
1894 2217 2074 2285 plures

473 2307 644 2360 fuiSse
677 2307 777 2360 hoc
804 2306 996 2361 eodem
1026 2307 1259 2372 sacculo,
1290 2322 1355 2361 ac
1384 2321 1507 2361 esse
1540 2321 1682 2361 nunc
1716 2307 1879 2361 etiam
1910 2308 1973 2362 D.
2004 2308 2071 2361 υ.

473 2397 544 2452 Μ.
578 2397 842 2453 beneﬁcio
865 2440 879 2462 ,
910 2398 1000 2467 qui
1034 2408 1303 2453 tantorum
1350 2398 1568 2453 Patrum
1604 2399 1701 2453 ﬁlii
1732 2409 1786 2454 et
1829 2400 2073 2455 bmredes

472 2490 697 2561 gloriam
719 2490 997 2557 auxerint;
1024 2502 1077 2544 at
1103 2490 1244 2545 forte
1268 2506 1373 2545 non
1397 2506 1459 2546 ea
1491 2498 1577 2545 est
1603 2491 1793 2545 Ililarii
1824 2491 1925 2545 hoc
1954 2492 2073 2547 loco

472 2598 660 2648 mens,
702 2599 859 2651 quam
910 2583 1290 2637 Tillemontius
1340 2592 1395 2638 et
1442 2582 1793 2638 Constantius
1845 2592 2067 2653 putant:

472 2689 647 2742 neque
675 2676 824 2729 enim
849 2675 939 2730 ille
964 2676 1274 2731 Gallicanos
1297 2677 1585 2746 episcopos
1609 2676 1810 2741 laudat,
1840 2676 1984 2746 quod
2018 2678 2070 2731 in

472 2767 779 2821 revocanda
842 2780 897 2823 et
952 2768 1258 2823 damnanda
1326 2767 1615 2823 Sirmiensi
1665 2769 1766 2823 hac
1815 2769 2066 2835 formula,

468 2860 723 2930 exetttplo
748 2876 848 2916 suo
877 2859 1247 2918 Orientalibus
1271 2875 1521 2917 auctores
1546 2862 1747 2917 fuerint
1769 2904 1782 2927 ,
1814 2871 1872 2917 ut
1900 2863 2066 2931 enim,

470 2968 598 3007 mox
626 2952 835 3019 dicam,
871 2969 935 3008 ex
966 2953 1173 3009 Hilario
1204 2956 1321 3024 ipso
1364 2956 1464 3009 hoc
1512 2954 1702 3009 faISum
1734 2955 1899 3010 fuisse
1939 2971 2069 3010 con-

468 3055 613 3101 stat:
642 3046 737 3101 sed
767 3045 911 3115 quod
953 3047 986 3101 ii
1017 3058 1250 3102 servata:
1282 3056 1544 3117 perpetuo
1574 3058 1739 3103 rectae
1768 3049 1890 3103 ﬁdei
1925 3048 2067 3102 fama

2182 1849 2278 1895 aint
2319 1843 2715 1911 exscriptorum
2748 1842 3020 1911 imperitia
3052 1841 3408 1897 Mediolanum
3438 1843 3785 1898 successerit.

2182 1933 2315 1987 Erat
2336 1933 2480 1988 enim
2504 1933 2751 1989 Mediana
2773 1934 2946 2002 locus,
2970 1936 3087 1990 sive
3106 1936 3487 2005 imperatorum
3510 1951 3785 2002 recessus,

2179 2031 2347 2083 tertio
2376 2043 2406 2082 a
2438 2028 2631 2083 Naisso
2683 2029 2863 2099 lapide
2887 2071 2901 2095 ,
2930 2029 3147 2099 imperii
3177 2030 3609 2085 Valentinianum
3643 2029 3790 2084 inter

2184 2132 2239 2177 et
2276 2121 2553 2177 Valentem
2583 2122 2853 2177 divisione
2873 2122 3125 2177 celebris.
3158 2123 3309 2178 Hanc
3337 2136 3466 2179 vero
3492 2123 3789 2178 correctio-

2182 2228 2304 2267 nem
2337 2213 2546 2268 facilius
2595 2214 2756 2270 etiam
2804 2215 3129 2285 probaturus
3160 2218 3295 2283 erit,
3327 2217 3418 2287 qui
3470 2232 3653 2273 secum
3700 2232 3787 2273 re-

2181 2313 2374 2373 putet,
2430 2306 2612 2360 habita
2660 2307 2871 2363 itineris
2943 2324 3008 2363 ac
3082 2309 3423 2362 mansionum
3457 2310 3666 2364 ratione
3697 2311 3783 2364 vix

2178 2398 2297 2452 ﬁeri
2330 2400 2590 2467 potuisse,
2626 2410 2684 2454 ut
2734 2401 3063 2470 imperator,
3095 2404 3185 2472 qui
3217 2401 3250 2457 6
3290 2410 3344 2456 et
3386 2403 3419 2456 7
3472 2403 3783 2458 Decembris

2177 2492 2464 2546 Mediolani
2520 2494 2747 2563 agebat,
2805 2495 2872 2549 18
2903 2494 3147 2564 ejusdem
3196 2495 3400 2549 mensis
3439 2496 3528 2551 die
3554 2537 3570 2565 ,
3606 2496 3781 2566 publi-

2176 2583 2365 2638 candis
2415 2582 2468 2638 in
2520 2585 2803 2639 Sirmiensi
2858 2584 2993 2641 urbe
3044 2586 3252 2655 legibus
3282 2597 3520 2643 vacaret.
3550 2589 3702 2656 Quod
3734 2591 3778 2645 si

2176 2675 2259 2729 lex
2291 2676 2355 2729 Η
2387 2675 2455 2730 de
2488 2675 2741 2748 Episcop.
2777 2718 2791 2743 ,
2843 2692 2964 2747 quae
3008 2677 3176 2734 Felici
3232 2680 3475 2735 Romano
3523 2684 3782 2754 episcopo

2172 2766 2488 2821 inscribitur
2512 2811 2527 2834 ,
2561 2784 2668 2823 non
2701 2768 3025 2836 Mediolani,
3064 2769 3161 2826 sed
3208 2769 3470 2827 Mediana!
3496 2773 3618 2827 data
3660 2785 3783 2841 est,

2174 2856 2422 2913 Liberius
2450 2868 2684 2916 exeunte
2721 2876 2865 2916 anno
2906 2862 3011 2917 557
3042 2862 3281 2916 nondum
3325 2862 3533 2918 Beroea
3569 2864 3779 2920 disces-

2173 2962 2337 3018 serat,
2372 2968 2434 3007 ac
2464 2955 2745 3023 pristinam
2777 2957 3143 3011 constantiam
3181 2957 3481 3022 dimiserat,
3511 2958 3780 3029 siquidem

2173 3060 2295 3099 eum
2328 3046 2636 3114 pontilicem
2664 3087 2679 3112 ,
2709 3048 2890 3101 statim
2922 3063 2986 3102 ac
3020 3048 3219 3104 cedere
3248 3049 3395 3103 visus
3425 3059 3507 3104 est
3532 3091 3547 3116 ,
3577 3051 3644 3105 ad
3678 3051 3783 3107 im-

469 3138 794 3205 eﬁ‘ecerant,
827 3148 887 3194 ut
924 3140 1229 3195 Orientales
1259 3145 1475 3194 nutritae
1508 3158 1536 3194 a
1578 3157 1638 3196 se
1670 3142 1943 3197 hareseos
1968 3143 2067 3196 ali-
2096 3141 2143 3206 C
2177 3147 2475 3205 perillorem
2501 3137 2733 3203 venisse,
2768 3139 2836 3193 ab
2861 3154 3033 3210 eoque
3051 3141 3158 3194 sedi
3179 3156 3287 3195 sua:
3307 3142 3595 3195 restitutum
3621 3145 3782 3214 fuisse

467 3232 684 3301 quando
729 3233 957 3302 puderet
997 3252 1010 3287 :
1060 3249 1183 3303 qua:
1232 3234 1475 3302 profecto
1520 3242 1775 3287 constans
1824 3232 1964 3287 fama
2013 3242 2072 3287 ut

470 3324 626 3380 facile
658 3340 752 3393 per
771 3323 1051 3380 Orientem
1077 3325 1170 3379 diu
1195 3332 1356 3379 antea
1380 3326 1579 3394 spargi,
1610 3336 1769 3393 atque
1795 3325 1861 3378 ad
1882 3340 2068 3379 earum

467 3417 865 3487 provinciarum
912 3418 1200 3488 episcopos
1251 3417 1379 3471 ferri
1430 3418 1621 3485 potuit,
1653 3416 1729 3470 ita
1773 3416 1938 3471 etiam
1976 3417 2069 3472 diu

466 3519 623 3564 antea
670 3525 765 3564 eos
796 3510 942 3578 ipsos
970 3511 1034 3563 ad
1082 3510 1346 3579 pudorem
1380 3510 1600 3564 nutrita:
1631 3512 1903 3565 bmreseos
1947 3526 2071 3580 per-

466 3604 701 3657 movisse
729 3602 1012 3667 debuerat,
1040 3616 1200 3671 quem
1231 3610 1409 3656 tamen
1440 3602 1615 3671 palam
1644 3601 1889 3656 fecerunt
1913 3601 2070 3656 dum-

466 3706 773 3762 taxat,cum
792 3702 1005 3766 captata
1029 3694 1360 3750 Eudoxiana:
1378 3695 1731 3765 blasphemia:
1756 3699 2066 3759 occasione,

462 3789 627 3844 editis
669 3789 969 3859 Ancyrauis
999 3786 1411 3843 deﬁnitionibus
1434 3826 1449 3855 ,
1486 3786 1759 3841 haereseos
1791 3788 2064 3840 infamiam

464 3882 695 3935 alienam
741 3897 772 3934 a
817 3896 877 3935 se
918 3880 1099 3933 facere
1150 3880 1251 3932 visi
1299 3889 1445 3932 sunt.
1496 3879 1631 3931 llinc
1680 3893 1810 3931 vero
1862 3877 1961 3942 ﬁt,
2010 3886 2069 3930 ut

463 3973 623 4035 ratio,
642 3972 711 4023 ob
725 3986 885 4040 quam
908 3970 1259 4024 Constantius
1278 3969 1425 4023 illam
1445 3970 1628 4023 retulit
1650 3968 1717 4022 ad
1743 3984 1942 4022 annum
1961 3971 2066 4024 557

462 4062 703 4118 nondum
753 4074 1096 4130 provectum,
1124 4062 1261 4116 baud
1291 4063 1425 4116 satis
1450 4061 1627 4117 Snlida
1661 4062 1833 4118 videri
1863 4064 2056 4131 possit.

536 4155 637 4221 Qui
694 4169 825 4209 vero
880 4154 1026 4208 illam
1079 4168 1220 4207 anno
1267 4153 1372 4209 358
1424 4155 1785 4222 conscriptam
1841 4166 2064 4224 putant,

464 4248 567 4303 hoc
616 4247 957 4317 pntissimum
1008 4245 1360 4301 fundamento
1407 4248 1684 4312 nituntur,
1734 4248 1880 4316 quod
1923 4248 2063 4301 Con-

463 4342 730 4406 stantius,
760 4340 850 4410 qni
895 4340 1017 4393 huic
1056 4339 1465 4394 conscribendze
1505 4338 1703 4394 adfuit.
1738 4354 2065 4409 quamquam

462 4452 605 4489 anno
651 4433 755 4488 557
805 4443 1040 4490 exeunte
1087 4434 1262 4498 Maio,
1310 4432 1481 4487 Roma
1528 4433 1806 4502 digressus
1855 4435 1961 4500 sit,
2012 4443 2069 4489 ut

2175 3246 2385 3283 scimus.
2445 3278 2450 3282 .

2246 3323 2359 3379 Cur
2391 3326 2572 3395 itaque
2616 3328 2958 3397 eorum,qui
3001 3342 3119 3383 eam
3166 3328 3521 3385 Sirmiensem
3571 3330 3781 3387 formu-

2175 3416 2281 3471 lam
2308 3418 2481 3487 primo
2503 3428 2595 3473 aut
2615 3420 2787 3475 altero
2809 3422 3139 3476 menseanni
3165 3421 3272 3477 558
3290 3423 3544 3493 scriptam
3563 3434 3775 3495 putant,

2173 3516 2498 3568 sententiam
2544 3530 2647 3585 ego
2696 3517 2965 3571 veriorem
3018 3518 3322 3574 existimem
3352 3561 3367 3587 ,
3400 3519 3525 3576 facit
3576 3521 3781 3590 duplex

2177 3607 2363 3663 llilarii
2394 3610 2792 3675 testimonium,
2828 3610 3058 3666 alterum
3106 3612 3158 3666 in
3192 3613 3334 3668 libro
3382 3613 3452 3669 de
3499 3613 3731 3684 Synodis
3758 3656 3777 3681 ,

2172 3701 2401 3755 alterum
2442 3702 2495 3756 in
2527 3718 2691 3771 opere
2736 3715 2923 3760 contra
2968 3705 3371 3765 Constantium.
3418 3707 3549 3763 Nam
3597 3709 3779 3779 primo

2172 3792 2314 3857 loco,
2347 3811 2467 3849 cum
2500 3794 2811 3852 Gallicanos
2840 3799 3128 3870 episcopos
3154 3800 3221 3855 de
3250 3801 3552 3874 Ancyranze
3573 3802 3773 3873 synodi

2173 3886 2581 3943 delinitionibus
2626 3890 2891 3947 certiores
2949 3891 3192 3961 faceret,
3247 3894 3361 3949 lucc
3410 3895 3486 3949 ait
3524 3912 3537 3947 :
3572 3894 3634 3947 Et
3664 3896 3779 3949 [nec

2171 3978 2374 4046 quidem
2401 4021 2413 4042 ,
2448 3982 2636 4051 fratres
2671 3984 2964 4037 charissimi
2989 4025 3002 4049 ,
3031 3985 3197 4039 omnis
3226 4000 3340 4053 qua!
3385 3986 3522 4040 edita
3550 3996 3620 4041 est
3646 3986 3778 4054 fidei

2172 4071 2407 4125 doctrina
2435 4089 2527 4145 per
2553 4090 2746 4140 paucos
2768 4078 2928 4146 juxta
2964 4078 3313 4132 universitatis
3340 4081 3543 4132 modum
3584 4078 3775 4133 Orien-

2173 4163 2321 4225 tales,
2355 4177 2452 4217 snn
2477 4179 2561 4216 ms
2592 4179 2725 4219 IPSIS
2764 4181 2932 4221 more
2957 4182 3145 4221 uissus
3195 4170 3377 4237 quibus
3409 4185 3495 4223 vos
3522 4170 3775 4242 ingestam

2173 4255 2405 4309 Ittvresim
2436 4258 2737 4327 respuistis,
2777 4260 3025 4325 emersit;
3065 4263 3213 4333 cujus
3244 4261 3563 4329 exponenda
3588 4279 3647 4315 ea
3672 4263 3775 4331 fuit

2170 4348 2324 4411 ratio,
2348 4348 2485 4417 quod
2506 4350 2659 4403 unius
2678 4352 2979 4405 substantia;
3004 4352 3264 4406 silentium
3285 4352 3647 4406 decernebatur
3665 4352 3770 4424 (g).

2173 4437 2334 4494 Hisce
2365 4443 2545 4510 itaque
2568 4443 2749 4497 verbis
2781 4485 2795 4510 ,
2841 4460 2961 4513 qua:
2996 4446 3237 4512 profecto
3282 4447 3583 4503 decretoria
3619 4455 3768 4513 sunt,

464 4530 516 4583 in
570 4528 841 4599 Illyricum
909 4528 1228 4593 festinaret,
1280 4536 1459 4581 tamen
1516 4542 1616 4582 nec
1668 4526 1876 4581 Italiam
1932 4528 2143 4594 teli-1)
2174 4533 2462 4587 manifesto
2492 4535 2832 4605 liquet,nno
2878 4552 3083 4608 prope,
3116 4539 3418 4609 eodemque
3445 4550 3689 4610 tempore
3741 4554 3775 4594 a

463 4620 669 4688 quisse,
702 4635 801 4674 nec
831 4619 1087 4674 Sirmium
1128 4628 1257 4674 ante
1299 4627 1603 4687 postremos
1628 4619 1749 4686 ejus
1777 4621 1903 4673 anni
1944 4618 2065 4675 dies

464 4714 762 4767 accessisse
792 4711 1060 4773 videatur,
1092 4727 1213 4767 cum
1248 4712 1396 4779 leges
1437 4710 1732 4765 habeamus
1759 4712 1827 4765 ab
1857 4727 1922 4766 co
1956 4711 2069 4766 Me-

466 4803 662 4857 diolani
712 4805 867 4858 datas
898 4807 987 4859 die
1032 4806 1065 4860 4
1092 4816 1148 4860 et
1179 4804 1212 4859 6
1260 4803 1577 4859 Decembris
1628 4806 1832 4859 mensis
1861 4804 1956 4875 (ε),
2012 4817 2068 4861 at

466 4894 584 4949 lucc
612 4910 827 4965 quoque
854 4896 990 4950 ratio
1024 4896 1161 4950 baud
1186 4896 1511 4951 difficultate
1543 4906 1718 4951 vacat.
1748 4899 2065 4954 Ammianus

465 4989 609 5045 enim
658 4988 997 5047 Marcellinus
1029 5030 1044 5053 ,
1081 4988 1225 5045 Urbe
1251 5004 1397 5059 agre
1429 4990 1619 5046 relic1a
1646 5032 1660 5056 ,
1710 4992 1761 5045 in
1795 4992 2064 5063 Illyricum

466 5084 736 5155 festinasse
783 5081 1165 5150 imperatorem
1215 5083 1442 5147 scribit,
1487 5090 1548 5137 ut
1604 5083 1909 5149 Quadorum
1940 5125 1955 5151 ,
2012 5094 2068 5142 et

468 5175 830 5233 Sarmatarum
873 5186 1051 5231 motus
1093 5184 1468 5245 compesceret
1499 5194 1512 5229 :
1548 5178 1834 5233 Ammiano
1858 5179 2068 5235 accedit

464 5266 707 5325 Julianus
734 5312 749 5337 ,
782 5268 875 5340 qui
920 5268 1384 5324 Chnodomarium
1439 5270 1821 5337 Argentinensi
1875 5271 2069 5340 pralio

468 5372 705 5432 captum,
735 5364 911 5418 statim
958 5362 1278 5419 Constantio
1322 5361 1536 5417 misisse
1563 5361 1658 5430 ait,
1686 5366 2009 5420 commodum
2040 5382 2068 5421 e

566 5601 616 5675 ὁ)
655 5601 951 5675 adriouad
980 5604 1144 5675 llilar.
1178 5604 1246 5659 de
1274 5602 1433 5675 Syn.,
1469 5618 1591 5674 cap.
1624 5603 1711 5659 ll.

562 5672 1020 5747 c)ACod._Theod.
1048 5675 1085 5747 ξ.
1115 5675 1150 5729 5
1175 5675 1243 5730 de
1272 5672 1474 5745 Maian,
1498 5672 1553 5732 et
1580 5675 1615 5729 I.
1654 5676 1719 5730 14
1745 5674 1816 5732 de
1845 5673 2049 5747 Episc.,

538 5529 617 5744 go;
658 5532 734 5587 De
759 5531 891 5603 Syn.
925 5549 979 5587 n.
1008 5534 1062 5591 5.

566 5605 592 5655 b
655 5601 853 5657 Adnot.
883 5603 951 5658 ad
980 5604 1061 5658 llil

562 5690 587 5726 c
629 5672 1020 5744 ACodLTbeod.
1049 5675 1061 5726 l

467 5754 522 5801 et
549 5741 600 5799 l.’
620 5741 654 5799 9
680 5741 748 5797 de
772 5741 927 5797 Cors.
970 5744 1101 5811 pub.

2169 4624 2466 4680 Gallicanis
2494 4638 2548 4680 et
2589 4630 2888 4699 Ancyranis
2914 4632 3215 4701 episcopis,
3248 4632 3537 4688 anathema
3566 4633 3769 4687 dictum

2171 4714 2349 4771 eidem
2379 4718 2565 4774 fuisse.
2611 4720 2669 4775 Si
2696 4736 2829 4776 vero
2858 4722 2908 4777 id
2938 4723 3007 4778 ab
3050 4723 3353 4795 Ancyranis
3400 4724 3598 4780 factum
3646 4724 3774 4780 fuis-

2172 4824 2235 4863 se
2307 4810 2512 4865 scimus
2568 4813 2669 4867 sub
2733 4814 2928 4869 festum
3000 4815 3285 4873 Paschatis
3322 4861 3337 4886 ,
3386 4820 3531 4888 quod
3581 4818 3771 4874 incidit

2171 4915 2317 4957 anno
2378 4902 2475 4957 illo
2518 4904 2572 4958 in
2633 4905 3013 4963 duodecimam
3078 4910 3286 4980 Aprilis
3312 4952 3327 4977 ,
3369 4911 3562 4967 eodem
3604 4912 3771 4967 etiam

2172 5008 2359 5049 mense
2386 4994 2441 5049 id
2470 5010 2499 5048 a
2539 4995 2836 5053 Gallicanis
2875 5002 3177 5069 praestitum
3220 5003 3392 5058 videri
3438 5004 3625 5068 debet;
3659 5017 3769 5072 quo

2169 5088 2474 5155 argumenti
2497 5104 2693 5158 genere
2708 5090 3029 5146 Sirmondns
3050 5095 3237 5158 utitur,
3263 5102 3325 5149 ut
3345 5097 3637 5167 synodum,
3663 5110 3769 5165 qua

2167 5179 2525 5236 Sirmiensem
2576 5197 2697 5237 eam
2730 5184 3149 5254 blasphemiam
3179 5188 3487 5245 damnatam
3538 5205 3567 5244 a
3596 5189 3766 5245 Gallis

2170 5281 2322 5343 putat
2344 5313 2359 5338 ,
2399 5274 2589 5329 eodem
2621 5290 2786 5346 prope
2816 5286 3063 5349 tempore
3087 5282 3373 5336 collectam
3418 5282 3612 5338 merito
3640 5296 3766 5337 cen-

2167 5375 2302 5420 seat.
2334 5366 2601 5433 Quantum
2633 5382 2766 5423 vero
2800 5372 3061 5441 temporis
3102 5375 3341 5443 spatium
3386 5373 3764 5430 intercurrisse

2262 5532 2316 5600 d)
2347 5531 2833 5609 prat._ad_Atben.
2859 5551 2914 5609 ρ.
2936 5536 3074 5609 279,
3092 5538 3239 5609 edit.
3270 5540 3474 5609 Spanh.

2260 5608 2308 5695 ej
2432 5603 2910 5695 =i’rAdeml:3rog.ltlnlil.
2938 5616 2996 5666 et
3018 5602 3151 5665 [27
3181 5611 3251 5667 de
3278 5602 3473 5683 A'ppel.

2262 5676 2306 5745 ί)
2348 5676 2523 5745 epist.
2553 5676 2648 5739 27,
2676 5693 2730 5745 p.
2763 5676 2886 5732 tu.

2265 5744 2320 5816 9)
2361 5744 2437 5801 De
2462 5744 2595 5817 Syn.
2617 5786 2631 5814 ,
2655 5744 2711 5802 n.
2737 5747 2828 5804 28.
