4138 6178
349 284 455 340 κω

1756 282 2270 345 PROLEGOMENA
2285 332 2297 348 .

3558 299 3665 358 904

340 400 543 472 potuit,
570 406 633 455 ut
666 398 836 469 impla
864 400 982 457 haec
1008 400 1239 456 formula
1265 414 1296 457 a
1324 399 1464 465 loco,
1499 400 1588 457 ubi
1614 402 1815 472 scripta
1844 412 1948 468 est,
1980 413 2029 473 Α
2058 423 2201 462 anno
2232 408 2337 465 555
2368 420 2718 481 congregata.
2764 411 2895 468 Nam
2930 420 3064 468 metu
3117 414 3278 484 plebis
3304 416 3522 486 prppria
3552 418 3667 484 pia-

343 494 400 548 in
431 492 639 550 Gallias
668 494 877 550 deferri
908 494 1136 564 posset?
1164 494 1295 547 Nam
1314 492 1499 547 statim
1530 510 1593 548 ac
1614 509 1676 549 ea
1706 508 1950 565 accepta,

343 597 400 642 et
423 586 731 657 signiﬁcata
764 598 869 654 est,
903 587 1141 644 Hilarius
1172 588 1483 643 damnatam
1513 588 1681 644 fuisse
1713 590 1914 644 indicat
1940 609 1953 645 :

347 678 429 751 (α)
462 686 541 735 An
571 696 705 736 vero
734 683 939 738 mensis
970 683 1132 737 unius
1167 683 1401 753 spatium
1431 683 1652 737 minime
1682 683 1957 738 sufticiens

348 775 556 841 fuerit,
589 776 826 833 Ursacio
857 778 1196 845 potissimum
1222 787 1274 831 et
1306 777 1532 831 Valente
1561 776 1953 844 adnitentibus,

348 879 413 923 ut
453 884 515 925 ea
546 884 707 939 quam
740 869 1008 924 citissime
1052 869 1513 925 transmitteretur
1536 870 1559 922 ?
1586 869 1773 939 Itaque
1804 882 1957 924 extra

349 964 582 1032 primum
612 973 706 1018 aut
733 965 966 1019 alterum
988 963 1116 1019 anni
1144 963 1387 1033 ejusdem
1422 978 1664 1019 mensem
1698 963 1959 1018 collocari

352 1057 441 1109 vix
483 1056 707 1126 poterit.

422 1152 670 1205 Alterum
718 1149 910 1207 Hilarii
964 1151 1332 1209 testimonium
1356 1194 1373 1215 ,
1403 1150 1519 1204 hmc
1557 1150 1676 1219 ejus
1721 1150 1788 1205 ad
1815 1149 1959 1205 Con-

342 1247 615 1298 stantium
648 1244 806 1298 verba
846 1243 1198 1313 suppeditant
1230 1263 1242 1298 :
1282 1243 1488 1298 Incerto
1532 1243 1667 1296 enim
1698 1242 1960 1297 doctrina—

342 1350 464 1388 rum
492 1343 642 1389 uento
664 1352 1003 1405 vagamur....
1034 1334 1157 1390 1am
1206 1353 1325 1391 vero
1371 1334 1593 1404 proximi
1624 1335 1745 1388 anni
1786 1335 1957 1402 ﬁdes,

346 1431 479 1501 quid
512 1434 637 1503 jam
682 1430 745 1483 de
770 1431 1129 1485 immutatione
1167 1448 1269 1484 non
1296 1430 1493 1484 habet?
1523 1427 1758 1481 Primum
1783 1468 1798 1493 ,
1850 1443 1963 1498 qua:

348 1523 693 1578 homceusium
719 1524 948 1578 decernit
973 1529 1151 1579 taceri.
1196 1524 1427 1594 Sequens
1459 1540 1642 1577 rursus
1669 1565 1683 1589 ,
1711 1538 1828 1593 gnte
1867 1522 1964 1575 ho-

355 1618 628 1671 mteusium
658 1616 888 1670 decernit
911 1626 959 1671 et
981 1618 1250 1686 pra'dicat.
1315 1615 1579 1681 Tertium,
1623 1631 1739 1683 qua:
1786 1613 1965 1668 Usium

346 1713 653 1781 simpliciter
682 1728 714 1764 a
763 1709 1009 1766 Patribus
1055 1721 1425 1781 prcesumptam
1458 1726 1547 1780 per
1583 1709 1961 1779 indulgentiam

2062 501 2179 553 cula
2196 517 2302 553 non
2332 503 2444 555 ausi
2472 508 2704 573 proferre
2725 546 2737 569 ,
2770 508 3041 576 epistolam
3087 508 3181 561 sub
3212 509 3540 579 imperatoris
3571 526 3669 563 no-

2060 595 2196 647 mine
2226 596 2471 650 miserunt
2494 639 2507 660 ,
2536 600 2674 651 omni
2706 602 2957 668 pravitate
2982 602 3222 671 refertam
3247 644 3260 670 ,
3296 617 3363 656 eo
3396 603 3627 657 consilio
3651 645 3667 671 ,

2059 694 2115 738 ut
2135 686 2180 738 si
2207 703 2265 739 ea
2290 690 2449 756 aequis
2476 690 2689 743 auribus
2711 692 2936 761 populus
2972 694 3250 762 reciperet,
3285 710 3505 749 rusum
3536 710 3671 751 AUC-

2060 791 2334 832 TORITATE
2362 780 2536 849 cupita
2561 784 2809 851 referrent
2850 784 2978 837 :sin
3025 786 3174 840 aliter
3214 788 3391 856 fuisset
3434 798 3667 858 excepta,

2062 870 2229 922 omnis
2255 870 2448 923 invidia
2475 882 2604 925 esset
2643 874 2696 925 in
2725 890 2860 943 rege,
2892 885 2938 927 et
2968 877 3080 945 ipsa
3102 879 3256 929 etiam
3287 880 3523 945 veniatis,
3550 881 3671 949 quia

2062 963 2215 1016 etiam
2262 972 2369 1016 tum
2418 965 2810 1020 catechumenus
2862 978 3238 1021 sacramentum
3306 970 3427 1035 ﬁdei
3490 974 3669 1027 merito

2062 1056 2320 1109 videretur
2348 1058 2577 1125 potuisse
2602 1060 2801 1112 nescire
2844 1057 2947 1129 (d).
2990 1060 3066 1113 Ex
3100 1059 3203 1115 hoc
3251 1072 3429 1115 autem
3482 1061 3670 1119 Severi

2064 1147 2184 1203 loco
2228 1148 2484 1219 intelligis
2512 1151 2701 1216 etiam,
2734 1150 2860 1221 quid
2890 1151 3097 1206 Hilario
3122 1154 3214 1217 sit,
3248 1155 3467 1223 publica:
3493 1166 3671 1209 aucto-

2062 1243 2234 1297 ritatis
2261 1246 2535 1314 professio.

2136 1336 2243 1391 Sed
2270 1346 2325 1390 et
2353 1337 2455 1390 alia
2489 1346 2573 1391 est
2597 1352 2761 1393 causa
2782 1380 2797 1407 ,
2828 1354 2927 1393 cur
2949 1354 3010 1393 ea
3044 1340 3269 1394 l'ormula
3294 1355 3400 1395 non
3433 1340 3627 1413 synodi
3651 1382 3665 1406 ,

2066 1437 2161 1481 aut
2179 1424 2581 1497 episcoporum,
2608 1430 2701 1485 sed
2728 1446 2833 1486 uno
2858 1441 3065 1485 tantum
3089 1432 3433 1502 imperatoris
3452 1435 3672 1489 nomine

2067 1522 2234 1575 missa
2280 1522 2449 1576 videri
2495 1532 2763 1592 oporteat.
2816 1524 2873 1579 Si
2919 1526 3063 1579 enim
3114 1525 3336 1579 llosium
3395 1527 3671 1595 excipias,

2067 1616 2252 1671 creteri
2278 1627 2510 1686 quatuor
2538 1659 2553 1685 ,
2602 1634 2737 1687 quos
2767 1618 3007 1675 Hilarius
3057 1621 3201 1674 illius
3228 1632 3479 1675 auctores
3509 1622 3674 1676 fuisse

2069 1711 2285 1772 asserit,
2338 1721 2489 1766 extra
2525 1712 2779 1767 Ecclesim
2806 1714 3244 1768 communionem
3276 1714 3490 1769 fuerant
3524 1733 3535 1767 :
3569 1716 3672 1770 hoc

346 1816 583 1859 excusat.
604 1803 955 1866 Postremum,
978 1819 1094 1873 qua:
1120 1820 1223 1857 non
1246 1814 1481 1867 excusat,
1512 1802 1601 1855 sed
1624 1801 1832 1855 damnat
1859 1800 1956 1871 (ὁ).
1991 1822 2040 1882 Β
2068 1801 2260 1856 saltem
2307 1803 2375 1856 de
2402 1804 2627 1858 Ursacio
2668 1814 2723 1860 et
2762 1805 2992 1860 Valente
3033 1805 3173 1861 Galli
3228 1808 3468 1877 episcopi
3520 1815 3674 1862 certo

351 1900 640 1955 Scribebat
670 1899 763 1955 ille
790 1897 1264 1967 Constantinpoli
1290 1900 1519 1968 positus,
1550 1912 1693 1951 anno
1718 1896 1826 1951 559
1848 1896 1958 1965 jam

355 2008 529 2062 prope
554 2001 791 2047 exeunte
816 2033 831 2057 ,
859 2000 953 2045 aut
990 1992 1165 2046 altero
1210 1991 1320 2060 jam
1369 1992 1608 2044 ineunte.
1653 1988 1789 2042 Huic
1830 2001 1961 2041 vero

360 2086 625 2156 proximus
675 2098 815 2139 unus
871 2092 986 2149 est,
1019 2084 1109 2153 qui
1167 2091 1570 2153 praecesserat,
1619 2096 1793 2134 annus
1826 2098 1838 2132 :
1874 2079 1963 2134 hic

354 2177 523 2249 igitur
550 2177 835 2232 Sirmiensi
867 2176 1219 2242 blasphemize
1238 2216 1253 2238 ,
1278 2189 1341 2228 ac
1371 2190 1490 2243 qua:
1516 2174 1641 2226 huic
1670 2170 1961 2226 contraria:

356 2282 475 2336 est,
502 2271 811 2342 Ancyrauaa
851 2269 1059 2324 ecthesi
1099 2278 1278 2322 ortum
1308 2267 1570 2330 dederat;
1604 2280 1737 2335 quas
1763 2263 1961 2318 deinde

354 2366 614 2421 formulas
631 2363 773 2418 haud
790 2363 964 2417 multo
985 2361 1439 2432 postSirmiensis
1460 2360 1638 2424 tertia,
1657 2374 1775 2427 qua:
1798 2358 1961 2411 usiam

353 2469 597 2526 excusat,
633 2474 703 2512 ac
730 2458 932 2513 deinde
976 2456 1339 2513 Seleueiensis
1377 2455 1768 2509 Acaciattorum
1790 2493 1806 2518 ,
1840 2466 1961 2519 qua}

352 2556 549 2611 deinde
572 2570 709 2609 nova
738 2554 1038 2624 appendice
1063 2550 1541 2619 Constantinopoli
1572 2549 1640 2603 ab
1671 2549 1737 2602 iis
1760 2548 1958 2603 donata

352 2655 458 2710 est,
484 2661 547 2700 ac
576 2647 746 2700 asiam
772 2655 959 2713 aperte
985 2645 1226 2711 damnat,
1261 2642 1565 2697 subsecutae
1595 2650 1745 2695 sunt.

423 2738 729 2800 Monstrum
784 2740 966 2807 itaque
1010 2738 1150 2801 hoc,
1182 2736 1310 2806 quin
1341 2736 1523 2789 statim
1572 2748 1635 2787 ac
1680 2733 1732 2786 iu
1786 2731 1958 2785 lucem

354 2832 574 2902 prodiit,
608 2831 662 2884 in
690 2830 896 2886 Gallias
927 2830 1151 2885 missum
1183 2828 1381 2891 fuerit,
1411 2827 1657 2881 dubitare
1690 2840 1789 2879 nos
1819 2823 1959 2879 haud

350 2926 539 2979 sinunt
565 2924 804 2979 Hilarius
831 2933 886 2980 et
916 2922 1265 2979 Phtebadius.
1298 2922 1367 2976 At
1398 2936 1521 2976 cum
1554 2920 1821 2985 Hilarius,
1854 2934 1960 2973 non

351 3031 382 3070 a
410 3015 622 3087 synodo
646 3057 661 3082 ,
696 3032 816 3083 quae
848 3016 996 3069 nulla
1027 3015 1200 3069 fuerat
1226 3056 1240 3078 ,
1286 3029 1393 3068 non
1427 3013 1495 3067 ab
1524 3012 1827 3083 episc0pis,
1864 3010 1959 3065 sed

352 3118 557 3163 tantum
591 3126 654 3162 ex
684 3107 894 3175 Oppido
937 3108 1213 3162 Sirmiensi
1252 3108 1464 3160 missum
1514 3105 1697 3170 dicat,
1732 3120 1838 3157 non
1868 3104 1963 3156 oh-

2066 1904 2373 1949 statuerant
2426 1895 2518 1966 (e).
2570 1896 2931 1961 Quamobrem
2986 1900 3132 1953 omni
3179 1915 3303 1954 cum
3343 1902 3668 1956 orthodoxis

2066 1987 2336 2057 episcopis
2361 1988 2650 2042 interdicto
2683 2005 2775 2057 per
2802 2004 3039 2043 canones
3068 1991 3367 2044 litterarum
3394 2007 3668 2048 commer-

2065 2080 2173 2146 cio,
2208 2095 2317 2134 non
2374 2090 2492 2135 erat
2533 2096 2630 2134 cur
2670 2082 2775 2135 illis
2811 2094 3075 2137 consueto
3122 2098 3276 2138 more
3315 2098 3379 2138 ac
3407 2084 3477 2138 de
3506 2083 3670 2140 rebus

2065 2174 2131 2225 ad
2156 2171 2318 2227 ﬁdem
2352 2174 2749 2242 pertinentibus
2776 2175 2962 2229 Ariani
2988 2176 3063 2229 illi
3088 2176 3385 2231 scriberent
3411 2193 3425 2242 ;
3457 2193 3671 2248 unaque

2068 2264 2183 2318 haec
2210 2273 2494 2335 supererat
2523 2268 2629 2333 via,
2652 2282 2754 2336 qua
2780 2269 2943 2321 etiam
2970 2268 3049 2321 nsi
3075 2276 3205 2322 sunt
3227 2310 3241 2331 ,
3278 2279 3333 2323 ιιι
3382 2270 3668 2324 formulam

2066 2372 2093 2409 a
2123 2358 2446 2412 Constantio
2502 2359 2641 2413 mitti
2692 2374 2756 2415 ac
2800 2376 2895 2429 per
2936 2361 3285 2428 magistratus
3337 2362 3669 2433 promulgari

2066 2462 2364 2517 curarent,
2401 2454 2544 2523 quod
2586 2454 2876 2524 aliquando
2917 2470 2945 2507 a
2996 2454 3317 2511 Constantio
3344 2456 3540 2511 factum
3593 2458 3673 2511 le-

2066 2548 2261 2616 gimus.
2319 2545 2596 2616 Siquidem
2628 2560 2749 2600 cum
2781 2546 2850 2601 de
2877 2546 3175 2601 Athanasio
3204 2548 3470 2617 agebatur
3495 2590 3508 2613 ,
3555 2565 3671 2602 ma-

2065 2637 2365 2706 gistratibus
2414 2639 2730 2704 scripserat,
2783 2646 2840 2691 et
2904 2638 3159 2691 mulctatn
3218 2638 3667 2705 denuntiaverat,

2067 2734 2168 2786 nisi
2200 2736 2318 2800 quis
2352 2733 2585 2802 propria:
2612 2734 2848 2786 civitatis
2873 2732 3186 2801 episcopqu
3216 2732 3478 2787 adversus
3515 2732 3667 2788 illum

2066 2823 2380 2877 subscriber:
2406 2824 2654 2894 coegisset
2682 2822 2769 2894 (f).
2799 2825 2929 2892 Qua:
2962 2838 3083 2877 cum
3110 2823 3181 2876 ita
3216 2824 3346 2887 sint,
3394 2824 3668 2893 paradoxa

2068 2916 2198 2970 mihi
2226 2917 2438 2971 videtur
2459 2933 2646 2971 eorum
2677 2918 2943 2971 sententia
2972 2957 2985 2981 ,
3020 2918 3108 2984 qui
3130 2916 3485 2972 Siriniensem
3516 2918 3664 2971 illam

2068 3010 2460 3077 blasphemiam
2490 3009 2805 3081 syuodicam
2838 3009 3112 3079 appellant
3136 3052 3149 3073 ,
3178 3017 3341 3079 atque
3367 3008 3421 3063 in
3449 3008 3663 3079 synodo

2066 3102 2342 3158 conditam
2374 3102 2704 3168 aiunt,cum
2737 3110 2997 3171 praeterea
3030 3116 3130 3156 nec
3156 3106 3535 3171 episcoporum
3570 3118 3671 3156 nu-

350 3216 516 3257 scure
572 3202 714 3256 viam
761 3200 999 3269 indicat,
1032 3215 1134 3268 qua
1190 3200 1414 3253 missum
1457 3197 1653 3252 fuerat.
1703 3196 2031 3271 Ursaciusc
2069 3209 2251 3249 merus
2307 3195 2385 3249 rei
2436 3203 2599 3249 tanta:
2648 3193 2969 3249 delinieudie
3012 3194 3355 3249 necessarius
3392 3192 3665 3261 adfuerit,

351 3295 520 3365 igitur
546 3304 599 3348 et
634 3293 830 3348 Valens
858 3334 871 3357 ,
906 3308 1088 3347 rerum
1128 3291 1333 3345 domini
1380 3306 1500 3345 cum
1534 3299 1737 3356 essent,
1767 3290 1962 3359 Magis-

352 3384 517 3439 triani
559 3399 655 3438 seu
703 3383 904 3452 publici
935 3383 1177 3437 cursoris
1208 3398 1373 3452 opera
1397 3382 1478 3435 usi
1506 3390 1665 3445 sdnt,
1688 3396 1755 3435 eo
1781 3380 1961 3435 consi-

348 3478 453 3543 lio,
491 3487 552 3532 ut
577 3477 865 3532 celerrime
896 3475 1023 3530 ferri
1056 3484 1281 3545 posset,
1308 3491 1372 3529 ae
1403 3484 1662 3544 prasterea
1696 3483 1755 3527 ut
1784 3472 1959 3541 impe-

345 3574 552 3629 ratoris
574 3587 772 3627 nomen
798 3582 852 3624 et
874 3571 1174 3641 jussionem
1200 3585 1309 3639 pra:
1330 3584 1391 3623 se
1412 3568 1596 3633 ferret,
1620 3583 1727 3637 quo
1750 3566 1961 3621 facilius

350 3668 730 3736 reciperetur:
755 3664 1138 3735 Magistrianos
1168 3663 1313 3718 enim
1345 3665 1411 3716 ad
1435 3676 1627 3731 magna
1658 3661 1959 3730 principum

348 3759 679 3831 perferenda
729 3757 980 3813 mandata
1029 3756 1233 3811 electos
1260 3754 1626 3811 Gothofredus
1666 3754 1958 3819 observat,

349 3851 607 3921 atqueiis
636 3852 709 3906 uti
741 3849 796 3904 in
834 3850 995 3904 rebus
1047 3848 1303 3903 Ecclesia:
1349 3846 1729 3916 perturbandis
1758 3886 1773 3912 ,
1814 3844 1961 3900 Con-

349 3946 560 4002 stantio
587 3945 729 3999 haud
769 3945 1044 3999 insuetum
1091 3942 1293 4007 fuisse,
1336 3956 1402 3996 ex
1431 3940 1776 3995 Theodoreto
1806 3940 1963 3994 colli-

350 4040 534 4109 gitnus
556 4036 654 4109 (c).
685 4036 798 4090 llac
824 4051 951 4091 vero
972 4044 1076 4098 est,
1096 4034 1237 4103 quod
1264 4034 1405 4088 idem
1434 4031 1669 4087 Hilarius
1689 4032 1797 4086 alio
1820 4032 1961 4097 loco,

353 4141 522 4199 atque
553 4128 636 4184 his
662 4129 844 4184 verbis
874 4128 1114 4197 apertius
1143 4126 1377 4192 explicat
1410 4142 1423 4178 :
1454 4125 1616 4177 Antea
1642 4126 1695 4177 in
1744 4124 1965 4178 obscuro

351 4224 582 4292 atquein
604 4222 812 4292 angulis
840 4221 1096 4276 Dominus
1119 4218 1387 4283 Christus,
1422 4217 1517 4272 Dei
1548 4234 1661 4272 esse
1684 4217 1965 4272 secundum

353 4326 600 4370 naturam
631 4314 775 4385 ﬁlius
797 4315 1109 4386 negabatur,
1136 4322 1183 4367 et
1213 4312 1444 4366 essentia:
1499 4311 1652 4375 ἔπορε
1703 4320 1961 4379 paternas,

354 4408 613 4477 accepisse
642 4423 762 4459 cum
809 4407 928 4459 aliis
954 4402 1216 4458 Creaturis
1255 4402 1319 4456 de
1351 4419 1453 4456 non
1480 4401 1796 4455 exstantibus
1823 4416 1961 4471 prae-

353 4501 643 4554 dicabatur.
698 4500 763 4552 At
800 4515 915 4553 vero
947 4514 1079 4551 nunc
1125 4511 1363 4551 rusticas
1405 4508 1801 4549 AUCTORI'I‘A’NS
1830 4508 1963 4547 PRO-

2070 3307 2169 3345 nec
2190 3290 2461 3362 synodicae
2491 3289 2560 3345 de
2591 3304 2743 3344 more
2772 3298 2865 3343 aut
2905 3290 3120 3357 scripta:
3146 3330 3160 3351 ,
3188 3296 3280 3341 aut
3327 3288 3507 3341 missae
3548 3287 3670 3342 fue-

2068 3385 2209 3449 rint,
2243 3398 2342 3437 nec
2391 3383 2425 3437 ii
2456 3382 2781 3445 convocati,
2815 3382 3010 3451 quibus
3041 3378 3334 3435 accedendi
3366 3379 3458 3449 jus
3501 3389 3621 3435 erat
3655 3396 3669 3435 :

2067 3489 2399 3544 quamquam
2426 3475 2471 3527 si
2504 3474 2785 3527 fortuitum
2816 3473 2988 3539 illum,
3018 3488 3081 3526 ac
3110 3481 3361 3541 quatuor,
3385 3484 3479 3527 aut
3511 3472 3672 3541 quin-

2068 3582 2173 3635 que
2212 3566 2591 3635 episCoporum
2638 3565 3039 3619 clandestinum
3084 3579 3435 3634 congressum
3480 3563 3675 3635 synodi

2068 3658 2310 3722 nomine,
2346 3657 2655 3726 editumque
2683 3658 2752 3710 ab
2780 3672 2847 3711 eo
2899 3656 3186 3710 formulam
3227 3658 3542 3727 synodicam
3570 3670 3673 3724 ap-

2069 3753 2269 3822 pellare
2322 3751 2562 3806 volueris
2596 3792 2611 3815 ,
2648 3751 2870 3805 minime
2916 3765 3314 3819 repugnarem.
3375 3765 3445 3804 eo
3492 3760 3674 3803 tamen

2068 3862 2266 3914 sensu,
2299 3863 2408 3917 quo
2464 3846 2793 3900 Sardicense
2842 3845 3131 3899 concilium
3182 3845 3401 3914 scripsit
3458 3845 3677 3899 Ariauos

2067 3940 2323 3994 uenientes
2361 3938 2639 3994 Sardicam
2668 3952 2765 4008 per
2796 3938 3014 4007 singula
3068 3936 3185 3991 loca
3228 3936 3456 4006 synodos
3483 3936 3677 3991 fecisse

2069 4034 2216 4089 inter
2255 4048 2351 4098 se,
2389 4041 2445 4087 et
2494 4033 2773 4102 pactiones
2815 4046 2938 4087 cum
2994 4030 3527 4085 interminatiouibus
3558 4070 3572 4094 ,
3621 4036 3678 4083 ut

2069 4127 2294 4183 omnino
2340 4127 2626 4181 venientes
2667 4125 2945 4180 Sardicam
2976 4123 3043 4177 ad
3076 4123 3339 4193 judicium
3388 4138 3495 4176 non
3521 4135 3678 4176 acce-

2069 4220 2299 4285 derent,
2347 4234 2519 4289 neque
2544 4219 2599 4272 in
2653 4231 2819 4272 unum
2868 4230 2990 4271 cum
3049 4226 3238 4271 sancta
3279 4214 3490 4286 synodo
3538 4230 3675 4270 con-

2069 4316 2359 4378 venirent,
2440 4327 2504 4368 ea
2583 4326 2718 4365 voce
2782 4309 3124 4381 peculiares,
3198 4307 3677 4376 elaudestinosque

2071 4422 2259 4462 eorum
2281 4413 2581 4459 conventus
2608 4403 2923 4470 exprimens
2950 4400 3048 4473 (g).

2141 4500 2248 4557 Sed
2280 4510 2335 4553 ut
2366 4500 2431 4553 ad
2463 4500 2764 4553 institutum
2797 4498 3016 4553 redeam
3038 4537 3055 4563 ,
3096 4512 3421 4566 quamquam
3458 4496 3571 4550 hinc
3601 4495 3670 4551 ab

355 4608 611 4649 rassms
662 4592 873 4646 haeresis
926 4606 1299 4660 prorumpens.
1349 4589 1402 4641 id
1434 4587 1572 4657 quod
1614 4597 1764 4641 antea
1786 4587 1965 4656 furtim
1992 4607 2048 4669 ι)
2072 4609 2140 4649 eo
2171 4592 2393 4648 minime
2432 4606 2653 4663 prorsus
2685 4597 2941 4645 extranea
2972 4590 3104 4655 sint,
3138 4591 3317 4643 statim
3349 4605 3413 4644 ac
3445 4588 3675 4644 formula

355 4686 704 4747 mussitabat,
738 4700 874 4737 nunc
918 4700 1023 4737 non
1069 4682 1206 4736 clam
1250 4680 1433 4735 victria:
1460 4682 1782 4751 gloriabatur
1810 4695 1828 4732 :
1856 4689 1969 4732 tum

354 4777 558 4832 deinde
588 4775 873 4831 Ursacium
905 4785 960 4832 et
991 4775 1271 4830 Valentem
1302 4774 1467 4830 veluti
1494 4774 1786 4845 impietatis
1810 4774 1971 4841 hujus

357 4879 621 4924 auctores
643 4884 899 4937 arguens,
930 4870 1251 4939 fefellerunt,
1284 4869 1400 4936 ait,
1431 4870 1752 4939 ignorantem
1773 4882 1967 4936 regem,

354 4974 416 5015 ut
431 4964 581 5017 istius
596 4963 733 5016 modi
747 4963 979 5033 perﬁdia:
995 4962 1148 5029 fidem
1170 4961 1317 5015 bellis
1328 4970 1603 5031 occupatus
1618 4970 1892 5029 exponeret
1913 4966 1964 5013 et

354 5056 604 5109 credendi
617 5059 840 5125 formam
858 5053 1107 5108 Ecclesiis
1141 5054 1367 5108 nondum
1389 5063 1718 5125 regeneratus
1744 5067 1969 5123 expone-

355 5158 461 5213 ret;
489 5148 612 5203 hinc
631 5150 783 5203 enim
809 5149 1018 5219 colligis
1044 5163 1151 5203 uno
1172 5146 1350 5202 omnia
1374 5145 1717 5217 imperatoris
1748 5144 1970 5199 nomine

361 5250 494 5297 tunc
524 5254 741 5312 peracta
767 5240 955 5297 fuisse.
988 5242 1100 5297 Hac
1128 5242 1319 5298 eadem
1350 5242 1426 5296 illi
1452 5240 1659 5305 fraude,
1687 5256 1807 5310 qua:
1824 5238 1967 5295 male

358 5334 586 5400 cecidit,
610 5336 692 5390 usi
708 5338 921 5391 fuerant
950 5334 1255 5391 latrocinali
1274 5334 1327 5389 in
1347 5332 1968 5405 Mediolauensisynodo

440 5504 518 5575 (α)
561 5504 636 5559 De
666 5504 826 5575 sm,
858 5519 913 5558 η.
945 5504 1002 5558 s.

436 5574 519 5645 (b)
562 5576 679 5630 Lib.
710 5574 747 5631 ξι
770 5576 894 5630 adv.
921 5576 1113 5631 Const.
1146 5590 1200 5630 η.
1234 5574 1289 5630 5.

443 5646 527 5773 (ιζ
650 5648 711 5703 Ε.
748 5650 783 5701 l.
811 5663 869 5730 t_t,
897 5662 1019 5773 cap,
1052 5647 1107 5700 3.

443 5717 500 5773 [d
565 5719 752 5773 better.
780 5717 943 5773 Hist..
998 5719 1107 5773 lb.‘

435 5715 527 5856 ἑά)
565 5719 752 5801 sever.
780 5717 943 5805 Hist,
967 5715 1072 5774 lib.
1106 5731 1163 5783 tt,
1194 5733 1254 5773 η.
1284 5715 1413 5772 460.

463 5787 517 5859 s)
552 5788 657 5843 Htl.
689 5787 759 5845 de
788 5793 946 5859 Sym,
980 5805 1036 5844 η.
1066 5788 1121 5853 2,
1153 5797 1205 5844 et
1236 5787 1423 5845 Contr.
1452 5788 1640 5845 Const.
1666 5803 1723 5844 η.
1749 5787 1805 5844 2.

826 5803 946 5859 ya.,
980 5805 1036 5844 η.
1066 5803 1121 5853 2,
1153 5803 1205 5844 et
1236 5803 1423 5845 uontr.
1452 5803 1596 5845 bons

2076 4688 2193 4743 haec
2223 4687 2393 4742 Gallis
2440 4685 2712 4756 episcopis
2780 4682 3022 4739 nuntiata
3080 4698 3144 4737 ac
3194 4681 3496 4753 signiﬁcata
3549 4690 3674 4748 est,

2076 4782 2253 4851 palam
2286 4780 2509 4849 rejecta,
2543 4782 2719 4847 palam
2748 4777 3002 4833 damnata
3032 4774 3135 4830 fuit
3160 4794 3172 4830 :
3196 4791 3263 4829 au
3294 4791 3422 4830 vero
3452 4775 3678 4831 collecta

2075 4876 2319 4947 synodo,
2356 4884 2413 4929 ut
2438 4873 2760 4930 Sirmondus
2791 4882 2999 4937 censet,
3034 4886 3100 4929 au
3135 4884 3263 4924 vero
3291 4868 3681 4925 circumeunti-

2076 4968 2176 5022 bus
2205 4968 2583 5036 episcoporum
2619 4966 2836 5028 litteris,
2867 4975 2924 5019 ut
2957 4964 3073 5019 fieri
3105 4964 3267 5018 etiam
3313 4965 3510 5033 potuit,
3545 4959 3680 5016 nihil

2074 5060 2302 5113 interest
2344 5073 2612 5128 qumrere.
2661 5057 2814 5111 Nunc
2860 5070 3029 5123 vero,
3079 5072 3189 5127 quo
3233 5054 3441 5110 recidat
3480 5051 3676 5113 oratio,

2074 5150 2201 5205 vide
2226 5168 2238 5203 :
2284 5149 2331 5204 si
2362 5164 2480 5203 eam
2508 5163 2650 5203 anno
2677 5149 2780 5205 557
2809 5150 3068 5219 scriptam
3095 5148 3321 5211 asseris,
3345 5146 3389 5199 si
3414 5142 3681 5197 Constan-

2074 5243 2133 5297 tii
2165 5242 2490 5297 auctoritate
2523 5242 2916 5314 promulgatam
2964 5256 3027 5294 ac
3059 5238 3336 5294 sull‘ultam
3369 5235 3549 5299 vides,
3579 5248 3680 5288 cur

2074 5333 2209 5389 nihil
2256 5346 2436 5389 actum
2465 5333 2533 5389 ab
2562 5333 2657 5389 illo
2686 5333 2895 5390 interea
2944 5331 3041 5386 fuit
3081 5338 3269 5384 contra
3310 5335 3681 5396 repugnantes

2153 5504 2226 5577 (f)
2268 5502 2467 5577 athan.
2501 5500 2568 5554 ad
2600 5500 2747 5577 solit.
2783 5514 2837 5570 p.

2154 5567 2232 5647 (ῤ’)
2276 5575 2349 5647 Et:
2403 5567 2851 5647 interpretatione
2879 5568 3068 5647 Hilarii
3116 5569 3305 5647 fragm.
3344 5586 3397 5624 u.
3426 5567 3460 5622 7
3499 5582 3678 5647 gratae

2081 5640 2224 5716 apu'd
2254 5642 2607 5719 Athanasium
2636 5660 2648 5697 :
2688 5648 2781 5719 ιᾳὶ
2810 5641 3117 5719 ‘pro‘psvor
3140 5640 3291 5719 Siti;
3322 5647 3411 5703 τὴν
3440 5641 3680 5719 Sapit-eris

2082 5713 2214 5775 κᾶτὰ
2238 5719 2433 5779 τόπους
2460 5713 2704 5778 συνόδους
2734 5713 2996 5774 ὶποιόῧντὸ
3025 5714 3153 5793 πρὸς
3185 5714 3419 5777 ἕαυτοῦς.
