4138 6178
505 270 615 328 295
1382 304 1383 307 η
1536 340 1551 344 ‘
1677 265 1992 325 SANCTUS
2032 266 2358 327 DAMASUS
2397 269 2597 331 PAPA.
3706 295 3813 353 296

504 385 835 457 episcopos?
876 382 1110 439 llilarius
1140 380 1384 451 profecto
1412 380 1638 437 Ursacio
1679 390 1734 437 et
1764 382 1975 437 Valenti
2006 398 2101 436 ex-
2132 391 2187 449 Α
2212 386 2516 444 rniliaribus
2548 397 2755 447 tantum
2788 392 3019 463 Ursacii,
3057 396 3322 469 Valentis,
3351 410 3406 459 et
3430 403 3691 466 Germinii
3717 412 3811 469 lit.

504 480 751 550 probrat,
778 476 918 544 quod
948 492 1011 530 ea
1042 474 1406 545 promulgata,
1430 474 1869 531 contradicentes
1895 479 2106 547 episco-

504 586 603 641 pos
639 570 705 625 ad
736 569 985 624 exsilium
1018 576 1331 637 coegerant.
1375 566 1661 635 Coegerunt
1692 570 1829 623 enim
1870 587 1992 637 nos,
2031 570 2106 625 ait

503 662 617 729 ille,
641 662 710 715 ad
728 660 1039 715 voluntatem
1064 658 1362 726 exsulandi,
1391 660 1515 714 dum
1537 660 1815 731 impietatis
1837 662 2106 731 imponunt

504 756 857 810 necessitatem
889 754 907 824 ζ
911 756 986 825 α).

576 850 646 904 At
675 848 808 903 viris
837 848 946 903 illis
975 848 1042 904 ad
1074 864 1290 905 omnem
1330 849 1611 905 audaciam
1631 892 1645 918 ,
1698 851 2107 907 crudelitatem-

502 957 608 1014 que
638 942 863 1012 paratis,
896 956 1003 997 non
1030 942 1338 1006 consilium,
1363 958 1472 998 non
1506 943 1742 1010 animus,
1768 945 1861 999 scd
1892 954 2105 1015 tempus

503 1032 696 1089 defuit.
739 1032 872 1088 Nam
901 1033 1146 1089 confecta
1196 1033 1399 1089 interea
1430 1036 1718 1106 Ancyrana
1749 1034 1990 1105 synodus
2018 1044 2105 1090 est

502 1125 723 1181 ineunte
768 1124 941 1193 Aprili
994 1140 1221 1193 mense,
1270 1142 1391 1197 quae
1436 1125 1791 1197 Sirmicnsem
1846 1126 2102 1196 blasphe-

505 1220 671 1275 miam
718 1220 819 1274 sub
858 1219 1171 1275 Eudoxiana
1225 1218 1421 1274 haeresi
1471 1196 2098 1275 latentem'conlixerat.

501 1312 688 1384 Legati
719 1314 808 1384 qui
836 1314 904 1368 ab
935 1312 1029 1367 illa
1057 1311 1125 1367 ad
1155 1310 1530 1367 Constantium
1560 1311 1812 1377 fuerant,
1863 1312 2096 1367 Basilius

502 1408 862 1478 Ancyranus,
916 1406 1163 1461 Eleusius
1215 1414 1270 1460 et
1317 1405 1679 1471 Eustathius,
1732 1421 1795 1459 ac
1843 1405 2100 1461 Sirmium

504 1499 727 1556 ineunte
759 1498 897 1553 Maio
926 1496 1213 1553 commodo
1243 1496 1503 1551 accedere
1555 1504 1879 1566 potuerant,
1935 1497 2105 1566 impe-

454 1662 461 1665 ξ
504 1600 741 1646 ratorem
792 1606 823 1645 a
872 1590 1038 1661 priori
1110 1588 1381 1643 sententia
1435 1587 1781 1656 depulerunt.
1850 1588 2102 1644 Ursacius

504 1684 651 1755 ipse.
683 1683 881 1739 Valens
922 1697 985 1737 ac
1013 1680 1323 1737 Germinius
1353 1681 1671 1735 Constantio
1702 1681 1959 1751 obsequi,
1990 1682 2103 1736 Sir-

2212 482 2342 537 teris
2366 525 2381 551 ,
2438 486 2583 555 quod
2612 502 2707 542 eos
2736 504 2843 544 non
2872 491 3061 547 lateret
3086 534 3103 560 ,
3144 495 3300 565 cujus
3324 510 3473 555 esset
3516 505 3683 560 animi
3722 508 3807 564 vir

2208 578 2508 644 pessimus,
2540 594 2994 655 communemque
3021 602 3143 644 sese
3175 589 3377 649 habere
3405 610 3527 651 cum
3557 598 3649 653 illo
3675 616 3801 657 cau-

2208 681 2354 722 sam:
2382 669 2508 726 hinc
2533 671 2625 728 ille
2653 690 2790 730 unus
2814 678 3015 746 gratias
3035 681 3142 751 egit
3172 681 3397 739 Ursacio
3421 686 3545 755 ipsi,
3572 690 3803 762 Valenti,

2207 773 2272 813 ac
2326 759 2636 831 Germinio,
2687 767 2827 836 quod
2871 785 3050 824 eorum
3108 771 3400 831 Ministerio
3454 759 3808 842 Occidentales

2212 860 2346 906 recte
2390 856 2579 909 sentire
2610 870 2927 928 ceperant;
2992 863 3214 920 Hosium
3248 882 3366 924 eam
3411 869 3807 941 blaSpbemiam

2210 944 2449 1013 proﬁteri
2481 959 2724 1005 coactum
2759 953 2822 1006 iis
2852 955 3032 1011 verbis
3059 959 3410 1028 exprimens:
3442 964 3520 1035 (c)
3548 980 3716 1039 atquc
3744 971 3805 1038 ii,

2206 1040 2401 1107 quibus
2420 1042 2691 1111 rescribit,
2712 1054 2771 1099 ut
2792 1047 2961 1114 vides,
2988 1058 3099 1105 tres
3123 1063 3249 1107 sunt
3269 1055 3564 1115 dumtaxat.
3597 1062 3806 1130 Quarto

2207 1131 2554 1190 Constantius
2578 1136 2771 1193 hrcresi
2797 1154 2894 1209 per
2916 1142 3141 1213 legatos,
3164 1147 3254 1216 qui
3271 1146 3488 1222 Ancyra
3513 1168 3799 1225 venerant,

2206 1224 2435 1282 indicata
2464 1270 2478 1293 ,
2533 1239 2641 1284 tum
2674 1243 2962 1289 novatores
2993 1239 3187 1293 exsilio
3218 1241 3535 1313 damnavit,
3559 1246 3800 1315 Aetium,

2206 1319 2412 1376 scilicet
2441 1364 2454 1389 ,
2500 1323 2802 1381 Eudoxium
2833 1344 2895 1384 ac
2924 1331 3103 1386 socios
3131 1372 3146 1398 ,
3202 1342 3314 1389 tum
3347 1338 3567 1407 scriptis
3608 1342 3803 1399 litteris

2205 1411 2572 1471 Antiochcnos
2619 1423 2864 1486 monuit,
2915 1438 2982 1478 ne
3024 1427 3417 1497 promulgatam
3456 1432 3510 1485 in
3543 1431 3803 1491 Encceniis

2206 1502 2365 1559 fidem
2400 1506 2717 1564 dcsercrent
2750 1529 2761 1563 :
2812 1521 2969 1583 atque
3011 1524 3067 1569 ut
3098 1516 3473 1576 Eudoxianam
3518 1524 3796 1594 haeresim,

2202 1596 2414 1660 impiam
2434 1640 2449 1664 ,
2498 1616 2681 1655 novam
2719 1620 2780 1655 ac
2809 1621 2923 1660 sero
2954 1622 3017 1661 ex
3051 1610 3244 1664 erroris
3275 1610 3515 1669 barathro
3550 1632 3798 1674 emersam

2203 1704 2615 1748 exsecrarentur
2636 1694 2737 1767 (ιι).
2770 1699 2850 1750 Αη
2883 1713 3012 1753 vero
3038 1700 3128 1756 ille
3159 1712 3265 1758 tam
3298 1705 3583 1775 impudens
3612 1709 3791 1782 fuerit,

503 1778 764 1832 miensem
795 1774 1078 1830 formulam
1098 1773 1332 1843 eiurare,
1366 1779 1527 1844 atque
1543 1772 1882 1843 Ancyranatn
1915 1775 2101 1829 ecllle-
2130 1777 2178 1837 B
2206 1792 2265 1838 ut
2297 1786 2411 1841 lucc
2439 1797 2662 1857 ageret,
2709 1800 2765 1844 et
2792 1793 3054 1848 scriberet
3080 1835 3094 1861 ,
3146 1798 3189 1850 si
3221 1813 3281 1853 ea
3311 1772 3539 1857 formula
3574 1772 3797 1873 probata

501 1869 604 1923 sim
634 1909 650 1936 ,
704 1884 825 1938 qua:
864 1877 990 1922 tunc
1053 1867 1397 1938 promulgata
1446 1876 1570 1934 est,
1638 1867 1879 1937 profiteri
1923 1868 2100 1922 coacti

502 1967 648 2015 sunt.
699 1960 833 2015 llinc
865 1959 971 2014 illis
1000 1973 1193 2013 omnes
1239 1959 1469 2014 nocendi
1522 1961 1673 2014 nervi
1726 1971 1989 2029 repente,
2036 1975 2100 2015 ac

502 2062 702 2123 prteter
731 2066 950 2107 omnem
982 2054 1477 2120 exspectationem,
1525 2054 1720 2108 succisi
1769 2063 1911 2108 sunt.
1963 2054 2096 2108 Rem

501 2153 723 2199 narrant
755 2144 990 2198 Hilarius
1012 2184 1028 2209 ,
1056 2144 1312 2199 Socrates
1344 2160 1407 2199 ac
1436 2145 1771 2201 Sozomenus
1791 2188 1807 2213 ,
1851 2148 1940 2217 qui
1970 2162 2098 2201 con-

501 2238 602 2293 suli
632 2247 875 2308 possunt.
923 2239 1005 2291 An
1037 2252 1144 2293 non
1176 2238 1327 2293 vides
1356 2247 1541 2309 aperta
1571 2242 1749 2295 omnia
1774 2285 1788 2309 ,
1833 2253 1885 2297 et
1916 2243 2095 2311 plana,

500 2344 565 2386 ac
590 2330 733 2400 quod
764 2330 1003 2386 Hilarius
1032 2330 1128 2397 ait,
1166 2331 1350 2386 Gallos
1377 2343 1432 2386 et
1461 2332 1779 2403 Ancyranos
1811 2333 2098 2403 episcopos

500 2438 609 2479 uno
657 2438 827 2494 pr0pe
892 2423 1194 2492 eodemque
1268 2432 1512 2494 tempore
1564 2424 1898 2494 impietatem
1947 2427 2095 2481 illam

499 2515 827 2585 damnasse,
872 2527 930 2572 ut
974 2518 1318 2573 verissimum
1362 2519 1475 2572 sit?

570 2609 677 2665 Sed
709 2625 995 2681 pergamus
1023 2611 1101 2666 rei
1129 2651 1143 2675 ,
1186 2610 1254 2666 de
1284 2626 1387 2681 qua
1419 2610 1630 2681 agitur,
1666 2610 1841 2667 lucem
1873 2611 2089 2667 all‘erre.

496 2702 673 2771 Quaeri
712 2702 875 2771 igitur
907 2712 1112 2772 potest,
1158 2719 1227 2757 an
1259 2718 1320 2758 ea
1350 2702 1583 2758 formula
1612 2704 1753 2759 sicut
1780 2706 1831 2758 in
1861 2704 2089 2772 Gallias,

498 2794 571 2849 ita
613 2795 779 2850 missa
825 2796 879 2850 in
906 2794 1180 2852 Orientem
1226 2796 1431 2863 fuerit,
1480 2813 1543 2852 ac
1576 2799 1959 2868 promulgata?
2002 2799 2094 2855 Sic

495 2887 744 2943 nonnulli
777 2894 966 2959 putant
997 2905 1010 2942 :
1055 2887 1305 2959 equidem
1339 2889 1483 2944 haud
1515 2889 1675 2945 facile
1702 2896 2087 2959 concesserim,

498 2981 780 3039 Ursacium
805 3023 822 3051 ,
855 2981 1165 3049 Valentem,
1195 2982 1532 3037 Germinium
1561 2994 1617 3039 et
1644 2984 1946 3040 Potamium
1976 2985 2093 3055 ejus

495 3085 746 3131 auctores
769 3115 785 3143 ,
837 3074 1215 3129 Occidentales
1243 3090 1365 3129 cum
1396 3086 1619 3143 essent,
1675 3092 1740 3132 ac
1767 3088 2090 3133 camerarum

2206 1887 2361 1931 antea
2388 1894 2417 1933 a
2443 1896 2502 1935 se
2529 1883 2735 1949 fuerat,
2769 1884 2814 1938 si
2844 1901 2939 1955 per
2965 1886 3240 1944 Orientem
3270 1894 3599 1965 promulgata
3635 1896 3796 1968 jussu

2204 1986 2302 2026 suo
2347 1988 2409 2028 ac
2449 1976 2741 2046 cncyclicis
2770 1979 3148 2049 episcoporum
3182 1983 3401 2051 litteris,
3437 1998 3494 2043 ut
3522 1993 3797 2060 recipere-

2205 2066 2447 2132 tur?At,
2482 2067 2714 2137 inquies,
2745 2075 2918 2141 potuit
2945 2089 3006 2129 ea
3049 2078 3292 2144 privatim
3325 2096 3388 2136 ac
3437 2082 3797 2145 familiaribus

2202 2160 2448 2228 cpiStolis
2477 2164 2684 2233 vulgari
2711 2184 2723 2219 :
2762 2168 2889 2237 quid
2922 2185 3049 2224 vero
3078 2171 3205 2227 hinc
3245 2174 3515 2246 colliges?
3565 2186 3644 2236 An
3675 2199 3794 2239 eam

2205 2263 2485 2323 propterea
2523 2258 2875 2329 Deumphilus
2899 2271 3051 2318 certo
3082 2266 3332 2322 viderat?
3356 2269 3439 2325 An
3466 2271 3625 2329 fidem
3658 2294 3796 2347 prce-

2201 2350 2373 2412 terea,
2399 2362 2555 2417 quam
2587 2349 2724 2405 fama
2757 2360 2983 2420 tantum,
3010 2371 3072 2411 ac
3102 2356 3305 2415 incerta
3330 2378 3463 2419 voce
3488 2366 3794 2425 clanculum

2202 2450 2475 2505 protusam
2505 2454 2816 2511 acceperat,
2868 2461 2967 2501 nec
2994 2447 3126 2503 satis
3158 2464 3496 2522 perspectam
3540 2458 3792 2531 habebat,

2200 2542 2473 2622 exponere
2499 2530 2717 2589 Liberio
2751 2538 2965 2605 potuit?
2992 2542 3187 2598 Contra
3217 2560 3344 2601 vero
3371 2550 3668 2622 Ancyrattm
3699 2554 3795 2610 de-

2200 2620 2489 2689 finitiones,
2516 2628 2711 2696 quibus
2734 2629 3070 2689 Antiochena
3099 2646 3153 2691 et
3182 2620 3501 2696 Sirmicnsis
3526 2647 3795 2714 expositio

2197 2729 2455 2786 expresse
2482 2722 2796 2777 coolirmata
2826 2734 2939 2792 est,
2974 2730 3326 2800 promulgata:
3356 2738 3539 2791 statim
3572 2738 3792 2796 fuerant

2198 2811 2493 2881 encyclicis
2536 2813 2604 2867 de
2651 2831 2803 2872 more
2849 2818 3087 2876 litteris:
3133 2823 3483 2884 ConSIantius
3534 2840 3794 2900 praetcrea

2199 2901 2318 2956 illas
2371 2912 2496 2959 tunc
2542 2908 2789 2965 obtinere
2840 2915 2983 2969 solas
3031 2916 3272 2985 jusserat
3324 2922 3419 2993 (ε).
3474 2924 3575 2980 Vix
3628 2928 3792 2997 igitur

2197 2996 2354 3090 aliam
2387 2999 2454 3051 ab
2483 3015 2567 3060 ea.
2597 3018 2717 3071 qua:
2748 3013 2875 3060 tunc
2904 3009 3214 3078 obtinebat,
3247 3013 3404 3070 fidem
3439 2996 3792 3090 Demophilus

2196 3087 2415 3144 Liberio
2441 3094 2759 3158 exposuisse
2792 3099 2988 3166 potuit.

492 3174 733 3228 omnium
764 3172 1127 3228 Ecclesiarum
1156 3188 1427 3228 consensu
1457 3185 1737 3242 carerent,
1771 3175 1926 3229 tidem
1959 3190 2086 3245 pro-
2118 3171 2162 3233 C
2268 3178 2394 3235 Haec
2433 3191 2609 3237 autem
2639 3200 2759 3240 cum
2789 3188 2859 3242 ita
2903 3205 2964 3245 se
2992 3190 3265 3262 habeant,
3308 3198 3532 3258 minime
3564 3217 3790 3263 necesse

494 3268 741 3339 posuisse
781 3269 1055 3339 propriam
1093 3266 1458 3323 Orientalibus
1485 3309 1499 3334 ,
1554 3278 1613 3323 ut
1653 3268 1718 3324 iis
1746 3269 1906 3323 etiam
1936 3284 2088 3324 com-

496 3363 676 3418 munis
704 3371 852 3419 eSset
874 3403 889 3428 ,
934 3377 999 3418 ac
1030 3363 1402 3433 promulgasse
1428 3404 1442 3429 ,
1484 3372 1543 3417 ut
1570 3364 1638 3417 ab
1666 3363 1914 3418 omnibus
1946 3364 2090 3418 velut

490 3462 699 3511 certum
765 3456 1228 3525 constitutumque
1271 3454 1466 3524 dogma
1528 3456 1885 3525 reciperetur.
1938 3455 2089 3510 Hanc

493 3564 625 3604 vero
642 3548 969 3603 sententiam
1003 3547 1142 3612 haec,
1171 3548 1225 3601 ni
1251 3547 1431 3615 fallor,
1456 3559 1718 3618 praeterea
1740 3550 2087 3604 conlirmant.

490 3642 677 3698 Primo
706 3640 851 3714 quod
881 3641 1149 3713 Georgius
1174 3641 1517 3698 Laodicenus
1546 3643 1599 3697 in
1632 3643 1849 3709 litteris,
1884 3659 2004 3713 quae
2032 3645 2086 3697 in

490 3733 779 3807 Ancyrana
844 3734 1055 3806 synodo
1117 3738 1358 3791 recitata:
1414 3746 1578 3804 sunt,
1645 3753 1809 3792 unum
1875 3748 2083 3791 tantum

489 3828 707 3884 Aetium
760 3836 816 3884 et
855 3826 1158 3883 Eudoxium
1213 3827 1441 3883 haeresis
1494 3840 1623 3883 tunc
1668 3838 1801 3883 orta:
1835 3844 2086 3885 anetores

487 3920 600 3976 dat.
643 3922 896 3977 Secundo
931 3921 1074 3991 quod
1103 3922 1334 3976 Basilius
1364 3925 1686 3991 Ancyranus
1730 3921 1781 3975 in
1810 3923 2086 3993 encyclica

485 4027 558 4068 ex
587 4012 795 4083 synodo
825 4027 856 4066 a
883 4026 944 4067 se
972 4012 1153 4067 habita
1180 4052 1195 4079 ,
1224 4010 1421 4081 scripta
1448 4054 1462 4078 ,
1505 4022 1615 4067 tum
1646 4028 1739 4068 eos
1770 4015 2085 4085 perstringit

485 4105 807 4173 dumtaxat,
836 4112 970 4173 {tum
1009 4120 1141 4161 vero
1180 4122 1247 4162 ex
1285 4106 1624 4178 Illyricorum
1668 4109 1863 4163 nuntiis
1891 4108 1965 4182 (b)
1993 4125 2083 4165 ac-

484 4199 696 4271 cepisse
724 4214 782 4255 se
822 4199 1045 4263 scribit,
1099 4201 1392 4269 perniciem
1444 4200 1593 4256 illam
1646 4201 1810 4257 latius
1858 4218 2082 4275 serpere

486 4292 878 4364 propagarique
902 4332 918 4358 ,
965 4291 1033 4346 ad
1064 4291 1232 4347 instar
1263 4292 1518 4349 fertoenti
1553 4312 1566 4348 :
1618 4309 1737 4350 eam
1776 4294 1944 4366 igitur
1973 4312 2078 4351 non

483 4388 735 4443 viderant
761 4388 1066 4442 Orientales
1093 4428 1107 4455 ,
1158 4402 1260 4443 nec
1290 4387 1377 4442 illa
1420 4388 1488 4443 iis
1517 4388 1569 4443 in
1599 4389 1734 4445 locis
1764 4391 1978 4461 vulgata
2013 4391 2080 4447 de

483 4466 635 4539 more
662 4481 856 4537 fuerat.
884 4480 1072 4537 Tertio
1099 4496 1203 4538 non
1233 4498 1333 4554 ego
1356 4483 1615 4555 dilfiteor,
1649 4484 1775 4554 quin
1805 4486 2076 4550 Eudoxio,

2193 3281 2294 3337 est,
2327 3282 2385 3327 ut
2413 3274 2614 3331 diutius
2643 3279 2899 3335 immorer
2929 3282 2981 3336 in
3012 3285 3308 3343 refellendo
3340 3290 3591 3362 Dupinio,
3625 3308 3790 3368 atque

2192 3380 2461 3437 anonymo
2489 3372 2781 3439 scriptore,
2809 3375 2899 3441 qui
2931 3376 3214 3445 aninium
3244 3380 3400 3436 nobis
3433 3384 3628 3441 iterum
3664 3405 3789 3457 pro-

2192 3459 2374 3528 posuit
2396 3460 2596 3529 elapsis
2633 3465 2789 3518 annis
2818 3466 2869 3519 in
2897 3465 3157 3524 Gallicam
3190 3471 3425 3543 linguam
3454 3492 3786 3538 conversnm

2190 3552 2290 3605 sub
2321 3554 2475 3608 titulo
2509 3552 2776 3610 Tractatus
2814 3559 2876 3611 de
2922 3560 3270 3618 ecclesiastica
3314 3576 3363 3620 et
3402 3571 3644 3625 aemulari
3691 3590 3787 3643 po-

2191 3653 2370 3699 testate
2399 3645 2489 3714 (Γ).
2536 3646 2637 3712 Qui
2688 3649 2860 3717 primo
2893 3651 3271 3723 Dcmopbilum
3319 3660 3460 3716 inter
3486 3664 3784 3722 Anommos

2188 3738 2523 3792 conlidentcr
2567 3740 2848 3810 collocat,
2904 3743 3102 3802 deinde
3156 3749 3426 3820 duplicem
3480 3770 3510 3809 a
3569 3756 3784 3814 Liberio

2187 3826 2450 3897 signatam
2474 3828 2758 3887 formulam
2779 3837 3033 3904 somniat,
3053 3842 3283 3897 alteram
3312 3845 3519 3901 scilicet
3538 3849 3779 3918 Beroeaa,

2188 3934 2415 3991 eamque
2442 3925 2696 3981 Ariauam
2727 3936 2915 3996 totam,
2947 3943 3109 4004 atque
3136 3937 3521 3996 Anomuzorum
3553 3955 3781 4001 senten-

2189 4015 2276 4070 tim
2302 4016 2693 4076 conforrnatam
2720 4065 2735 4091 ,
2786 4025 3009 4082 alteram
3041 4045 3170 4085 vero
3198 4033 3382 4089 Sirmii
3411 4078 3423 4099 ,
3475 4052 3542 4093 eo
3588 4055 3783 4111 nempe

2184 4110 2368 4164 animo
2393 4156 2406 4177 ,
2459 4115 2799 4186 consilioque
2823 4160 2838 4185 ,
2888 4130 2945 4175 ut
2970 4121 3036 4177 de
3068 4125 3235 4192 priori
3282 4127 3369 4182 illa
3400 4129 3625 4188 Beroea:
3650 4110 3782 4189 sub-

2185 4204 2389 4273 scripta
2444 4221 2566 4262 sese
2615 4220 2911 4281 purgaret,
2960 4215 3340 4290 vulgatamque
3378 4224 3522 4293 quod
3583 4225 3778 4282 Filium

2186 4296 2328 4352 Patri
2359 4299 2676 4357 dissimilem
2725 4307 3000 4375 professus
3040 4322 3221 4378 esset,
3263 4313 3459 4370 famam
3490 4317 3781 4387 dissiparet

2182 4390 2323 4460 apud
2355 4392 2613 4449 Basilium
2646 4400 2988 4469 Ancyranum
3016 4412 3352 4477 caeterosque
3381 4407 3773 4478 Semiarianos,

2183 4486 2272 4554 qui
2327 4488 2392 4541 ad
2457 4489 2831 4549 Constantium
2905 4495 3087 4552 Sirtnii
3143 4511 3392 4569 agentem
3446 4504 3606 4575 legati
3664 4508 3779 4561 luc-

476 4577 568 4648 qui
618 4583 870 4633 reccnter
910 4575 1265 4632 Antiochense
1314 4576 1430 4632 sedi
1480 4576 1815 4647 irrepserat,
1857 4578 2074 4649 cognita
2103 4562 2158 4623 D
2183 4586 2304 4631 rant
2331 4577 2433 4649 (g).
2481 4580 2611 4648 Quae
2638 4585 2783 4639 enim
2815 4586 2958 4643 dicta
2990 4606 3019 4643 a
3054 4606 3140 4645 me
3169 4562 3434 4650 hactenus
3458 4635 3473 4662 ,
3497 4562 3563 4651 et
3591 4596 3779 4667 dispu-

470 4666 633 4724 fuerit
657 4685 672 4724 :
700 4676 757 4723 at
786 4668 877 4724 uni
906 4666 1152 4723 Eudoxio
1183 4668 1540 4739 significatam
1572 4669 1866 4735 contendo,
1895 4685 1958 4725 ac
1984 4673 2067 4726 fa-

552 4806 604 4876 (a
673 4806 746 4859 De
774 4804 905 4876 Syn.
935 4820 1058 4875 cap.
1086 4806 1179 4861 78.

552 4877 603 4943 (ὁ
668 4877 729 4930 Οἱ
755 4878 855 4931 ἀπὸ
881 4883 982 4933 τῶν
1003 4879 1136 4933 κατὰ
1156 4899 1179 4931 τ

552 4946 599 5072 56
664 4947 953 5001 Sozomen.
989 4950 1079 5002 lib.
1116 4964 1179 5012 tv,

614 5018 632 5072 l
676 5020 892 5072 Sozom.
926 5018 1022 5072 lib.
1054 5034 1125 5072 Iv.
1159 5035 1179 5072 ε

548 4877 628 4955 ψ)
668 4877 729 4955 9i.
755 4878 855 4931 ἀπὸ
881 4879 1136 4955 “cavata-rd:
1156 4879 1216 4932 τὸ
1242 4877 1486 4955 ιλλυρυςόν
1512 4878 1932 4955 ἀπαγγέλλουσιν.

574 4947 624 5018 c)
664 4947 953 5001 Sozomen.
989 4950 1079 5002 lib.
1116 4964 1185 5012 tv,
1219 4947 1458 5018 cap.'|2.

676 5020 892 5077 Sozom.
926 5018 1022 5073 lib.
1054 5034 1125 5084 tv,
1159 5035 1277 5088 cap.
1314 5021 1401 5076 1⁸5.

578 5090 627 5158 e)
668 5092 794 5146 Soz.
828 5090 921 5145 lib.
953 5105 1024 5155 Iv,
1053 5104 1173 5158 cap.
1204 5091 1295 5145 M.

574 5160 842 5236 [)‘Trailé
871 5160 939 5215 de
969 5160 1017 5214 la
1049 5162 1331 5236 puissance
1358 5162 1767 5236 ecclésiastique
1820 5177 1874 5222 et
1929 5176 2067 5223 tem-

473 5233 705 5305 porelle,
747 5246 1059 5291 loccxxvu.
1094 5248 1159 5305 pp.
1194 5233 1317 5305 713.

545 5306 622 5380 (g)
664 5306 731 5380 (Ie
773 5305 897 5380 n’est
923 5303 1172 5380 ⁵ρᾳελςὶΔ
1197 5304 1245 5356 le
1275 5304 1375 5380 lien
1419 5305 1743 5380 {examiner
1797 5310 1964 5377 quelle
1991 5322 2063 5365 est

473 5374 610 5430 cette
654 5378 876 5447 formate
898 5374 1065 5447 deici
1095 5376 1128 5429 ὰ
1155 5375 1374 5444 laquelle
1413 5375 1452 5428 il
1495 5378 1765 5430 sattscrivit
1789 5374 1817 5445 ;’
1850 5381 1888 5433 il
1931 5398 2061 5437 noue

384 5468 413 5497 ς
472 5448 618 5520 sufﬁt
645 5446 741 5518 que
768 5452 839 5501 les
868 5446 1073 5520 ancient
1111 5450 1247 5520 aieat
1292 5447 1615 5520 rassuréfque
1654 5448 1705 5501 la
1751 5453 1969 5520 formule
1998 5454 2059 5507 de

473 5516 550 5584 [oi
577 5518 609 5569 ὰ
638 5516 855 5590 laqtielle
904 5518 941 5590 il
970 5519 1239 5572 souscrit'it
1271 5519 1392 5572 élait
1417 5516 1701 5590 rhérétiquc,
1733 5516 1776 5574 et
1810 5523 1936 5590 qu’il
1966 5542 2061 5590 ap-

473 5602 668 5662 proava
726 5588 1050 5662 l‘Arianisme
1083 5629 1113 5662 ί.
1161 5631 1175 5645 .
1223 5630 1236 5644 .
1282 5628 1297 5643 .
1360 5589 1638 5662 υνάἰιιειινε
1692 5593 1742 5644 ια
1800 5588 2053 5662 formate,

467 5658 595 5734 qu'il
623 5660 1031 5734 avrtit_souscrite
1057 5661 1184 5734 dans
1215 5677 1306 5715 son
1329 5661 1456 5734 exii,
1484 5660 1556 5715 lui
1583 5663 1715 5715 avuit
1740 5658 1820 5718 at
1847 5658 2058 5734 présenl

461 5730 521 5785 ιε
572 5745 667 5801 par
694 5728 1017 5797 Dénwphite,
1052 5733 1237 5799 arieu;
1267 5742 1317 5787 et
1342 5732 1437 5788 elle
1460 5735 1584 5788 était
1612 5734 1656 5787 si
1686 5736 1790 5805 fort
1822 5728 2052 5807 arienne,

2176 4680 2286 4729 tata
2315 4688 2439 4732 sunt
2464 4718 2480 4744 ,
2529 4694 2591 4733 ac
2619 4696 2738 4751 qua:
2770 4693 3034 4751 praeterea
3063 4702 3251 4745 rursus
3278 4690 3506 4747 dicenda
3544 4702 3773 4760 resumi,

2215 4815 2294 4868 u’a
2352 4816 2623 4871 l‘occasion
2666 4820 2729 4895 de
2748 4831 2886 4895 cette
2918 4828 3282 4895 souscription,
3302 4830 3376 4885 les
3398 4831 3582 4887 Ariens
3606 4834 3774 4890 dirent

2207 4898 2470 4967 tatttement
2488 4962 2499 4976 ⁸
2532 4907 2648 4976 que.
2672 4892 2855 4976 Licere
2884 4899 3022 4976 aitait
3048 4892 3396 4976 iecorum—par
3422 4921 3480 4958 sa
3504 4908 3773 4976 souscrip-

2177 4961 2286 5040 tioit
2333 4977 2434 5040 gae
2482 4961 2693 5040 le‘Fi‘ls
2723 4967 2844 5040 était
2887 4968 3243 5024 dissentblnble
3279 4961 3313 5025 ἆ
3347 4991 3439 5028 sou
3488 4974 3661 5040 Pére;
3708 4961 3774 5034 ’τε

2176 5034 2265 5115 εζᾳὶ
2294 5031 2493 5115 obliger:
2524 5033 2594 5115 les
2624 5034 2967 5115 Sémiariens,
2993 5042 3166 5109 quand
3195 5041 3375 5098 Libére
3411 5051 3487 5115 [ut
3525 5031 3708 5102 reprim
3739 5031 3772 5102 ἃ

2177 5100 2427 5191 ξὶνιηίςΙί,
2462 5103 2784 5191 ὰλᾊιρραῃεν
2826 5110 2859 5160 ὰ
2885 5100 3056 5191 signer
3081 5100 3525 5191 _une__profes'sian
3558 5100 3771 5191 de

2175 5172 2306 5246 (laris
2351 5173 2570 5246 laqttelle
2600 5172 2639 5228 il
2665 5172 3033 5235 reconnoissait
3073 5183 3119 5237 le
3174 5172 3287 5240 Fila
3313 5172 3589 5243 s'embluble
3616 5172 3769 5246 ei.

2176 5241 2327 5296 Pere.
2362 5241 2471 5329 cur
2499 5243 2680 5329 bibere
2709 5249 3031 5329 δίαιτα-ἀειμν-
3070 5256 3170 5326 [οἱς
3193 5273 3212 5310 :
3256 5258 3307 5311 la
3336 5241 3607 5329 premiére,

2171 5330 2265 5399 seu
2291 5315 2393 5399 σείς
2412 5356 2444 5399 ,⁸
2477 5333 2578 5399 uite
2597 5315 2819 5399 farinu'le
2847 5321 2910 5375 de
2959 5325 3031 5389 [oi
3070 5315 3184 5399 'tout
3213 5328 3246 5382 ὰ
3276 5315 3367 5396 {ait
3396 5315 3626 5397 arienne,
3671 5315 3770 5399 que

2164 5382 2473 5454 DémOpltile
2503 5388 2579 5441 lui
2597 5382 2867 5458 ‘présenta,
2911 5382 2967 5447 et.
2987 5397 3140 5458 aprés
3171 5399 3209 5451 il
3237 5382 3767 5459 écrivitauroﬁrierﬁt:

2163 5465 2334 5544 tauxl.
2370 5498 2383 5511 .
2422 5500 2433 5510 .
2470 5498 2482 5511 .
2514 5464 2660 5544 citant
2683 5465 2880 5544 enauite
2904 5469 3180 5544 rappele
3216 5470 3467 5544 Sirmich,
3498 5474 3569 5527 les
3599 5476 3766 5544 depu-

2163 5530 2237 5581 tés
2282 5528 2352 5613 da
2382 5533 2577 5613 conc‘ile
2611 5533 2864 5613 d‘Ancyre
2896 5575 2909 5613 ί
2946 5528 3014 5613 ξξ
3039 5540 3356 5611 l’obligérent
3394 5528 3466 5600 de,
3492 5528 3765 5613 signer'iurn

2160 5602 2349 5686 Efﬂuet}
2375 5600 2463 5686 (ira
2491 5604 2737 5686 formate:
2764 5600 2826 5686 tle
2880 5608 2998 5686 foi_._
3042 5622 3087 5664 et
3117 5600 3207 5686 def
3225 5600 3562 5669 reconnaitre'
3587 5634 3685 5686 que
3714 5600 3765 5672 Ie

2159 5665 2275 5757 ξ’ςιδ
2302 5673 2423 5725 était
2451 5665 2726 5757 sérnbluble
2753 5679 2785 5731 ὰ
2809 5665 2900 5757 seu
2931 5665 3085 5757 Rere.
3138 5665 3557 5757 castitas}

2159 5748 2305 5797 ménc
2350 5756 2595 5816 rapporte
2636 5757 2764 5803 cette
2806 5748 3053 5822 Itistoire,
3103 5763 3152 5810 et
3189 5773 3247 5811 sa
3282 5748 3505 5817 relation
3533 5770 3608 5816 est
3632 5777 3759 5816 con-
