4138 6178
332 292 445 346 297

1718 288 2246 349 l’llOLEGOMliNA.

3537 306 3641 361 398

330 411 519 473 aperte
546 402 954 466 demonstrant,
1004 403 1321 472 Dupinium,
1353 419 1472 474 qua:
1500 420 1789 475 numquam
1820 409 1927 463 fue-
1961 419 2005 475 Α
2038 424 2133 462 cur
2177 410 2227 462 iu
2273 410 2466 467 litteris
2513 411 2577 465 ad
2619 412 2918 469 Orientales
2967 416 3184 485 scriptis
3210 460 3223 481 ,
3269 420 3419 486 [idem
3462 422 3562 475 sibi
3607 438 3635 475 a

330 508 481 562 ruut,
517 495 657 551 facta
694 507 896 552 temere
923 498 1283 559 comminisci,
1316 497 1572 568 falsisque
1602 516 1664 553 ea
1692 504 1937 557 testimo-

332 590 438 643 niis
460 588 809 655 confirmare,
840 598 897 643 ut
929 587 1133 654 fucum,
1162 598 1323 658 prout
1344 588 1504 655 Solet,
1529 590 1716 645 lectori
1752 590 1933 651 faciat.

334 724 365 787 §
398 723 483 773 Vl.
500 723 841 789 —Bei_totius
863 738 889 773 a
913 722 1124 789 Liberio
1134 732 1292 789 gestae
1312 725 1780 789 seriesiexpouitur,
1810 728 1940 789 ejus.

403 787 580 850 quead
605 787 905 850 Orientales,
934 797 987 836 et
1022 787 1080 835 ad
1109 785 1359 836 Ursaciuin
1394 797 1447 835 et
1473 785 1731 837 Valentem
1764 785 1940 839 litterae

406 848 723 910 explicantur.
752 849 987 911 Exposita
1018 851 1093 898 rei
1126 856 1240 898 tunc
1263 857 1420 910 gestae
1445 854 1605 899 series
1628 852 1939 901 conﬁrmatur

406 914 691 975 auctoritate
706 911 983 969 Sozomeui,
1004 918 1152 975 atque
1165 912 1344 974 Acacii,
1370 911 1674 975 aliorumque
1702 913 1940 963 Constan-

406 974 599 1035 tinoiioli
624 980 1037 1036 congregatarum
1061 974 1351 1023 Arianorum
1376 974 1652 1024 testimonio
1675 988 1771 1024 non
1796 984 1941 1025 antea

404 1038 677 1086 observato.

408 1144 539 1209 Quae
591 1143 771 1213 itaque
817 1143 1079 1198 hactenus
1134 1142 1275 1197 dicta
1306 1183 1319 1206 ,
1364 1152 1419 1198 et
1467 1142 1738 1211 disputata
1783 1158 1812 1197 a
1856 1158 1942 1199 me

333 1244 480 1299 sunt,
502 1250 628 1289 cum
670 1251 787 1305 qute
814 1244 1060 1305 suscepta
1088 1252 1116 1289 a
1146 1234 1361 1290 Liberio
1385 1234 1518 1290 ﬁdes
1548 1234 1731 1301 fuerit,
1762 1244 1943 1290 osten-

335 1326 469 1381 dunt
493 1366 511 1392 ,
546 1336 657 1381 tum
691 1343 819 1383 vero
848 1338 1014 1383 totam
1043 1344 1222 1382 rerum
1252 1338 1527 1396 gestarum
1558 1330 1753 1383 seriem
1786 1329 1944 1383 facile

329 1420 441 1490 jam
488 1421 878 1492 pervidendam
921 1422 1177 1477 offerunt.
1222 1422 1453 1477 Basilius
1496 1423 1678 1493 igitur,
1701 1422 1941 1477 coiifecta

334 1515 620 1582 Ancyraua
666 1514 874 1585 synodo
898 1555 913 1579 ,
951 1531 1014 1570 ac
1042 1516 1389 1570 Paschalibus
1420 1513 1561 1570 forte
1611 1515 1822 1581 diebus,
1874 1517 1942 1570 ad

339 1604 721 1677 imperatorem
755 1608 1026 1679 profectus
1064 1619 1148 1664 est
1187 1608 1371 1666 Sirmii
1405 1619 1693 1679 agentem;
1727 1626 1901 1681 eoque
1928 1653 1941 1677 ,

338 1706 399 1754 ut
426 1700 575 1766 dixi,
610 1702 898 1771 pervenire
930 1701 1092 1758 facile
1134 1702 1308 1771 potuit
1357 1704 1578 1757 ineunte
1625 1702 1811 1757 Maio:
1857 1718 1946 1758 res
1992 1693 1994 1695 ’

2044 500 2351 570 Demophilo
2406 506 2693 573 expositam
2741 521 2800 561 se
2849 509 3125 575 suscipere
3202 510 3447 567 Liberius
3521 513 3634 579 ait,

2043 594 2145 650 hac
2173 613 2297 650 vero
2332 598 2398 653 de
2432 615 2490 653 re
2534 601 2741 655 nullum
2776 601 2827 653 iu
2858 604 2976 655 aliis
3006 604 3070 655 ad
3103 603 3380 659 Ursaciuiu
3416 606 3589 675 ipsum
3618 650 3633 674 ,

2041 700 2093 741 et
2126 687 2403 745 Valentem
2434 697 2488 745 et
2534 692 2868 748 Germiuium
2900 695 3168 763 exaratis,
3220 698 3441 753 verbum
3490 699 3636 754 fece-

2043 778 2131 831 rit.
2160 780 2290 847 Quis
2325 782 2465 837 euim
2500 783 2623 837 hinc
2668 801 2773 839 non
2805 786 3015 847 videat,
3059 805 3180 842 cum
3213 790 3353 844 idem
3389 791 3636 849 Liberius

2044 884 2137 923 eas
2171 870 2375 926 litteras
2420 883 2709 941 exararet,
2759 892 2918 930 unam
2952 876 3119 932 fuisse
3166 895 3352 934 eorum
3392 884 3634 938 omnium
3708 862 3717 871 ’

2046 958 2246 1025 ﬁdem,
2302 964 2628 1035 missamque
2680 967 2902 1033 proinde
2968 977 3251 1038 utramque
3304 974 3586 1041 epistulam
3618 1017 3633 1042 ,

2045 1063 2327 1124 postquam
2358 1056 2550 1110 Valens
2575 1100 2588 1123 ,
2623 1056 2882 1114 UrSacius
2912 1071 2967 1114 et
2991 1060 3301 1117 Germinius
3342 1065 3641 1136 Aueyrana:

2045 1146 2237 1216 synodi
2266 1147 2668 1203 deﬁnitiOnibus
2698 1151 3153 1221 subscripserunt.
3204 1155 3456 1226 nullaque
3501 1158 3641 1213 inter

2047 1252 2139 1291 eos
2167 1279 2180 1303 ,
2221 1246 2275 1293 et
2319 1238 2620 1296 Orientales
2664 1242 2903 1298 exterior
2945 1242 2996 1299 in
3048 1247 3329 1301 sententiis
3371 1246 3640 1305 discordia

2048 1344 2169 1384 esse
2201 1330 2518 1385 videbatur?

2120 1421 2271 1477 Nunc
2311 1438 2439 1477 vero
2482 1424 2767 1480 videndum
2814 1443 2841 1480 a
2883 1428 3035 1483 nobis
3064 1440 3178 1495 est,
3219 1431 3345 1501 quid
3392 1432 3642 1491 Liberius

2049 1515 2219 1583 egerit
2247 1558 2260 1581 ,
2300 1525 2584 1587 postquam
2630 1520 2888 1575 Sirmium
2938 1526 3188 1578 accessit.
3230 1526 3560 1583 Athanasius
3585 1539 3642 1585 et

2049 1607 2317 1674 Hilarius,
2358 1621 2417 1665 ut
2454 1612 2603 1680 dixi,
2643 1615 2773 1670 nihil
2826 1618 3066 1687 profecto
3108 1622 3458 1691 exprimunt,
3501 1626 3641 1695 quod

2053 1717 2149 1755 nos
2187 1703 2305 1771 ejus
2333 1705 2407 1759 rei
2436 1704 2669 1762 dilucide
2703 1709 2935 1765 scientes
2964 1712 3141 1767 faciat.
3174 1715 3430 1773 Socrates
3453 1720 3520 1774 de
3552 1721 3643 1775 hu-

336 1794 489 1848 illuru
522 1810 651 1849 suas
679 1796 792 1865 pari
829 1796 1106 1869 celeritate
1125 1838 1138 1861 ,
1167 1812 1231 1851 ac
1256 1796 1515 1851 felicitate
1544 1796 1845 1853 confecisse
1877 1815 1939 1853 ex
1977 1810 2019 1871 Β
2046 1792 2132 1861 ius
2158 1797 2428 1864 pontiﬁcis
2459 1799 2608 1868 lapsu
2629 1801 2759 1856 nihil
2779 1806 2999 1859 omnino
3026 1808 3501 1880 attigit;siquidem
3532 1813 3642 1868 Ru-

341 1887 549 1943 llilario
577 1897 634 1944 et
673 1890 978 1945 Sozomeuo
1028 1889 1229 1944 scimus
1258 1907 1270 1943 :
1306 1905 1429 1944 nam
1459 1890 1773 1945 Siriuiensis
1799 1892 1941 1946 blas-

342 1981 557 2050 phemia
605 1981 860 2051 abrogata
907 1992 959 2036 et
1004 1980 1343 2037 Antiochena
1387 1981 1441 2035 in
1484 1982 1754 2036 Euemuiis
1812 1981 1944 2037 ﬁdes

343 2072 540 2126 iterum
567 2072 880 2127 conﬁrmata
910 2083 1025 2137 est;
1064 2072 1311 2127 Ursaeius
1355 2082 1615 2142 przeterea
1661 2083 1716 2127 et
1746 2073 1944 2129 Valens

342 2166 585 2237 ejusdem
622 2168 975 2239 blasphemiae
1002 2179 1253 2224 auctores
1281 2170 1640 2238 ignorantiam
1673 2169 1897 2238 professi
1924 2214 1940 2240 ,

340 2272 706 2326 revocarunt,
747 2261 889 2331 quod
939 2260 1219 2327 fecerant,
1264 2261 1623 2316 Antiocheam
1668 2272 1721 2317 et
1766 2264 1945 2334 Ancy-

338 2369 485 2409 ranaa
510 2353 715 2409 ecthesi
740 2353 1081 2409 subscribere
1109 2354 1280 2409 coacti
1306 2372 1318 2407 :
1347 2354 1625 2409 Eudoxius
1647 2364 1701 2409 et
1722 2357 1939 2424 Aetius,

336 2446 540 2517 aliique
583 2445 854 2501 manifesti
899 2444 1016 2515 ejus
1064 2445 1356 2515 impietatis
1401 2454 1701 2501 sectatores
1728 2448 1943 2503 exsules

341 2538 466 2593 facti
497 2556 508 2590 :
539 2538 795 2593 Basiliaui
839 2538 1074 2609 denique
1101 2538 1333 2595 victores
1363 2538 1615 2594 universa
1644 2540 1759 2594 loca
1789 2556 1944 2610 pera-

338 2642 567 2703 grarunt
588 2675 603 2699 ,
633 2640 692 2687 ut
717 2631 1052 2687 homwusium
1083 2632 1197 2688 sive
1227 2636 1562 2705 Ancyranam
1596 2632 1751 2688 ﬁdem
1774 2676 1789 2700 ,
1823 2648 1942 2702 qua:

338 2728 525 2781 eadem
562 2742 684 2780 cum
726 2725 1009 2781 Sirmiensi
1042 2736 1159 2794 est,
1192 2727 1575 2782 confirmarent
1622 2724 1721 2799 (a).
1755 2725 1943 2782 Nullus

339 2819 520 2891 itaque
546 2820 763 2886 dubito,
795 2819 920 2890 quin
955 2819 1163 2874 litteras
1192 2836 1596 2891 quaquaversus
1625 2822 1766 2877 illico
1793 2837 1941 2893 spar-

336 2914 390 2984 gi
414 2915 722 2970 curaverint
747 2956 762 2981 ,
793 2916 989 2985 quibus
1009 2915 1248 2985 episcOpi
1278 2932 1467 2971 oumes
1491 2931 1585 2985 per
1615 2915 1892 2971 Orientem
1923 2957 1938 2983 ,

336 3018 500 3077 atque
531 3008 569 3061 ii
595 3009 976 3078 potissimum,
1024 3010 1114 3080 qui
1162 3010 1516 3066 Siriuiensem
1563 3009 1721 3065 ﬁdem
1772 3010 1938 3079 proﬁ-

337 3101 619 3169 tebantur,
650 3116 714 3156 ea
746 3100 815 3156 de
851 3116 911 3156 re
940 3102 1200 3156 certiores
1231 3102 1422 3156 fierent
1447 3144 1461 3167 ,
1490 3117 1627 3172 quos
1660 3102 1801 3158 inter
1832 3102 1935 3158 De-

2050 1886 2226 1952 ﬁuus,
2257 1905 2414 1957 quem
2457 1893 2703 1962 sequitur
2748 1894 3102 1966 plerumque,
3147 1900 3246 1954 hac
3291 1901 3359 1955 de
3406 1920 3464 1958 re
3506 1906 3641 1959 nihil

2045 1978 2175 2033 certi
2201 1990 2535 2049 compertum
2566 1998 2625 2039 se
2654 1984 2906 2042 habuisse
2935 1990 3123 2043 scribit
3151 1989 3244 2062 (c).
3278 1992 3429 2048 Unus
3459 1996 3641 2066 itaque

2043 2068 2374 2128 Sozomenus
2411 2084 2689 2143 superest,
2723 2078 2811 2147 qui
2841 2088 3006 2149 geste
3049 2090 3175 2136 tunc
3205 2083 3281 2138 rei
3324 2089 3641 2143 memoriam

2045 2163 2342 2218 transmisit
2369 2165 2434 2219 ad
2464 2178 2739 2235 posteros,
2770 2176 2931 2239 atque
2960 2171 3108 2226 illam
3140 2173 3278 2228 adeo
3307 2158 3663 2244 descriptam

2044 2265 2325 2322 accurate,
2359 2267 2418 2310 ut
2451 2273 2666 2313 omnem
2694 2260 2916 2315 omnino
2950 2263 3206 2329 pudorem
3236 2268 3451 2324 exuisse
3479 2288 3643 2339 opor-

2046 2354 2190 2415 teat,
2225 2349 2315 2417 qui
2355 2349 2474 2419 ejus
2505 2352 2606 2406 hoc
2645 2350 2697 2405 in
2731 2352 2873 2408 facto
2895 2357 3271 2412 auctoritatem
3305 2361 3457 2430 sequi
3483 2362 3637 2429 nolit.

2045 2438 2197 2494 Illum
2229 2440 2407 2512 itaque
2438 2457 2620 2513 opera:
2651 2446 2879 2513 pretium
2909 2455 2993 2501 est
3033 2460 3088 2501 ut
3114 2449 3416 2507 audiamus.

2122 2531 2279 2587 Haud
2305 2535 2462 2588 multo
2493 2546 2604 2602 post
2632 2533 2923 2605 Imperator
2948 2539 3010 2592 ab
3041 2540 3165 2593 urbe
3197 2540 3358 2595 Roma
3390 2544 3641 2601 Sirmium

2044 2640 2315 2693 reversus,
2369 2643 2483 2680 cum
2534 2628 2886 2684 Occidentales
2941 2632 3164 2703 episcOpi
3220 2634 3527 2705 legationem
3572 2639 3639 2692 ad

2044 2720 2216 2789 ipsum
2268 2721 2560 2787 misissent,
2607 2722 2867 2777 Liberium
2910 2724 3091 2805 Βαναίᾳ
3126 2727 3195 2780 ad
3231 2746 3284 2782 se
3339 2732 3601 2786 accersivit
3624 2748 3641 2788 .'
3716 2768 3725 2775 ι

2044 2828 2260 2879 cumque
2287 2813 2519 2867 adessent
2563 2814 2717 2885 legati
2756 2816 3111 2889 episcoporum
3144 2819 3401 2889 Orientis,
3449 2842 3638 2879 convo-

2044 2904 2171 2957 catis
2221 2905 2603 2971 sacerdotibus,
2645 2908 2733 2977 qui
2778 2907 2831 2960 in
2871 2910 3116 2963 comitatu
3148 2922 3293 2966 erant
3320 2955 3334 2979 ,
3384 2913 3643 2971 Liberium

2044 2996 2194 3067 cazpit
2224 2999 2526 3067 compellere
2547 3040 2561 3061 ,
2595 3009 2647 3053 ut
2693 2998 2742 3052 F
2746 3001 2891 3054 ilium
2922 3000 3098 3058 Patris
3136 3022 3240 3059 non
3284 3024 3391 3061 esse
3428 3010 3647 3064 consub-

2043 3088 2333 3143 stantialcm
2373 3092 2715 3161 proﬁteretur.
2744 3092 3015 3149 Instabant
3044 3107 3214 3151 autem
3241 3140 3255 3164 ,
3290 3111 3334 3153 et
3370 3102 3645 3173 imperato-

336 3193 613 3266 moptmus
658 3194 852 3249 ,ηρνίιο
898 3193 1261 3248 numerandus
1291 3205 1375 3249 ρει
1399 3234 1415 3261 ,
1456 3195 1579 3264 quia
1624 3209 1731 3249 ηοη
1781 3196 1938 3264 longe
1964 3197 2010 3259 ρ
2044 3199 2150 3237 rem
2176 3184 2361 3237 adhoc
2388 3185 2749 3254 impellebant,
2785 3187 3047 3257 Basilius,
3084 3191 3381 3248 Eustathius
3406 3206 3455 3249 et
3492 3198 3641 3252 Eleu-

334 3288 559 3351 aberat,
601 3303 666 3343 ac
708 3287 991 3344 Sirmiensi
1036 3288 1212 3343 eidem
1257 3288 1378 3342 ﬁdei
1410 3288 1819 3343 conscribendas
1846 3287 1943 3342 ad-

333 3380 546 3445 fuerat,
576 3396 805 3451 eamque
831 3391 890 3434 ut
919 3380 1183 3444 vidimus,
1213 3396 1338 3436 cum
1386 3380 1737 3435 Semiariauis
1764 3379 1941 3450 palam

332 3473 711 3546 proﬁtebatur.
748 3474 874 3529 llazc
906 3490 1034 3529 vero
1069 3475 1251 3529 omnia
1282 3490 1403 3529 cum
1438 3473 1529 3527 ille
1560 3472 1777 3527 Liberio
1804 3488 1944 3543 prae-

332 3581 465 3622 sens
496 3576 811 3633 narrasset,
856 3578 1017 3636 atque
1058 3564 1422 3635 explicasset,
1456 3565 1723 3630 obtinuit,
1755 3574 1810 3617 ut
1852 3563 1945 3620 ille

330 3658 528 3714 exsilio
557 3658 854 3723 fractus,et
878 3656 1039 3714 Urbis
1062 3656 1357 3712 reviseuda:
1386 3656 1637 3726 cupidus,
1660 3655 1727 3710 ad
1754 3654 1947 3711 Orien-

333 3752 473 3807 tales
518 3752 826 3815 scriberet,
869 3751 959 3821 qui
1011 3752 1062 3804 in
1111 3751 1366 3806 comitatu
1414 3761 1609 3814 erant,
1660 3761 1713 3806 et
1758 3766 1939 3805 rerum

330 3842 474 3913 apud
526 3843 912 3911 imperatorem
957 3843 1300 3912 potiebantur
1327 3883 1341 3907 ,
1392 3842 1648 3896 Basilium
1691 3843 1934 3911 scilicet,

332 3943 392 3989 ut
424 3934 763 4004 Nicephorus
792 3935 1025 4003 explicat
1050 3975 1065 4001 ,
1094 3934 1319 4005 ejusque
1340 3934 1519 3990 socios
1549 3935 1645 4006 (ὁ).
1671 3934 1782 3991 Nec
1809 3952 1941 3990 vero

333 4028 663 4081 sententiam
694 4026 833 4081 hanc
862 4042 1035 4082 meam
1063 4038 1308 4082 evertere
1331 4027 1568 4089 videtur,
1601 4030 1745 4097 quod
1798 4027 1940 4083 idem

332 4118 575 4187 pontifex
605 4117 832 4174 Ursacio
867 4120 1064 4183 etiam,
1108 4126 1165 4173 et
1203 4117 1418 4173 Valenti
1463 4117 1780 4188 scripserit,
1822 4119 1935 4175 Sir-

334 4210 565 4265 miensis
631 4210 748 4279 ejus
794 4211 1144 4281 blasphemiae
1185 4211 1494 4267 auctoribus
1554 4222 1608 4267 et
1654 4210 1937 4268 asserturi-

334 4302 439 4357 bus
464 4321 476 4355 :
504 4318 624 4357 cum
646 4302 791 4359 enim
819 4303 975 4358 istam
1004 4314 1127 4358 tunc
1149 4302 1183 4358 ii
1210 4312 1586 4369 rerucassent,
1610 4313 1661 4358 et
1688 4302 1934 4358 eamdem

334 4410 459 4449 cum
494 4394 723 4461 Basilio,
754 4395 1072 4465 cucterisque
1114 4394 1461 4451 Semiarianis
1489 4394 1647 4450 ﬁdem
1695 4394 1936 4465 proﬁteri

333 4487 507 4542 coacti
542 4486 805 4554 fuissent,
838 4487 982 4542 nulla
1046 4495 1164 4543 erat
1213 4496 1398 4556 aperta
1449 4489 1586 4542 ratio
1647 4501 1745 4542 cur
1791 4486 1935 4542 idem

334 4584 611 4653 pontifex,
653 4582 743 4653 qui
781 4582 1148 4639 Orientalibus
1189 4582 1524 4651 scripserat,
1563 4597 1749 4637 eorum
1781 4581 1936 4637 Occi-

328 4675 628 4733 dentalium
658 4677 852 4743 etiam,
886 4692 1114 4747 quorum
1138 4692 1329 4748 magna
1362 4687 1479 4732 erat
1501 4678 1641 4746 apud
1671 4678 1934 4733 Constan-

329 4771 465 4825 tium
493 4772 665 4841 gratia
687 4812 701 4835 ,
732 4784 795 4825 ac
821 4770 1010 4825 eadem
1041 4779 1166 4824 tunc
1192 4786 1313 4825 cum
1346 4769 1559 4825 c;cteris
1590 4768 1752 4837 ﬁdes,
1785 4786 1934 4826 com-

329 4864 646 4919 muniouem
678 4862 923 4934 refugere
967 4863 1263 4919 debuisset.
1297 4862 1433 4917 Hinc
1470 4878 1597 4919 vero
1636 4862 1891 4933 intelligis
1912 4903 1927 4930 ,

326 5048 496 5118 [orate
523 5063 630 5101 una:
654 5048 863 5101 anciens
893 5057 1212 5102 monuments
1254 5048 1382 5101 dans
1417 5046 1489 5099 les
1514 5043 1623 5098 Fra
1662 5052 1821 5097 ments
1863 5042 1927 5098 de

326 5119 398 5172 S.
438 5117 639 5172 Hilaire
668 5159 682 5172 .
718 5159 730 5171 .
768 5159 780 5171 .
814 5120 938 5172 Haec
966 5122 1237 5172 exscripta
1266 5134 1333 5172 ex
1364 5117 1592 5172 Dissert.
1701 5113 1729 5172 ἐ
1757 5115 1812 5170 5.

325 5113 398 5175 Β.
419 5117 639 5190 ,Hilaire
668 5159 682 5173 .
718 5159 730 5171 .
768 5159 780 5171 .
814 5120 938 5175 Haec
966 5122 1237 5190 exscripta
1266 5134 1333 5174 ex
1364 5117 1592 5172 Dissert.
1622 5113 1677 5183 5,
1701 5113 1729 5185 §
1757 5115 1812 5170 5.

405 5189 487 5260 (a)
529 5190 756 5262 Pbilust.
788 5191 880 5246 lib.
913 5207 985 5256 tv,
1006 5206 1124 5262 Cap.
1152 5189 1208 5247 9.

407 5263 488 5333 (rb)
528 5260 752 5333 l‘liceph.
782 5261 876 5315 lib.
907 5279 962 5316 1x
991 5304 1003 5328 ,
1036 5260 1154 5333 cap.
1188 5262 1278 5320 37.

415 5332 485 5403 (c)
526 5332 645 5386 Lib.
676 5348 732 5399 t,
760 5349 877 5402 cap.
900 5334 991 5386 27.

406 5401 488 5474 (d)
533 5403 684 5458 Hunc
707 5401 991 5460 Sonmeni
1020 5404 1234 5469 locum,
1263 5403 1467 5460 nefarie
1490 5411 1667 5458 tamen
1690 5401 1938 5474 falsatum

321 5474 621 5544 exscripsit
653 5474 932 5530 Graculus
957 5477 1067 5539 ille,
1087 5477 1240 5542 cujus
1267 5486 1438 5530 exstat
1472 5476 1633 5527 variis
1656 5474 1707 5527 in
1743 5473 1933 5527 biblio-

328 5547 509 5600 thecis
532 5546 816 5615 rhripsodia
839 5546 1085 5617 qtuedain
1110 5549 1212 5601 sub
1233 5550 1496 5603 ementito
1516 5545 1687 5598 Photii
1716 5546 1936 5610 patriar-

323 5617 445 5691 cha!
476 5618 726 5691 nomine.
755 5632 818 5673 ac
845 5621 946 5672 sub
988 5618 1090 5672 huc
1133 5619 1286 5691 titulo
1322 5638 1333 5668 :
1360 5619 1653 5691 Συναγῳγαὶ
1693 5618 1780 5669 καὶ
1802 5618 1935 5691 cirro-

324 5688 511 5752 δεὶξεις
555 5689 781 5764 ἀκριϐῶς
812 5690 1187 5762 συνειλεγμέναι
1211 5689 1267 5745 ἔκ
1307 5712 1361 5745 τε
1400 5687 1697 5764 συνὸδικὼγ,
1727 5689 1814 5740 καὶ
1853 5687 1936 5764 ἱσξ

321 5768 545 5836 τορικῶν
566 5760 911 5836 γρᾳφῶνᾼπσρί
940 5760 1262 5836 ἐπισκόπων,
1292 5766 1377 5816 καὶ
1413 5760 1827 5836 μητοοπολιτῶνᾼ,
1856 5760 1937 5812 καὶ

319 5831 517 5887 λοιπῶν
566 5831 752 5907 Eripere
774 5831 1054 5908 ἁνάγκαίων
1075 5877 1088 5901 ,
1121 5831 1573 5893 Ἐκκλησιαοίτικών
1607 5834 1935 5905 ζητημάτων.

861 5930 1135 5990 Parnm"
1202 5927 1373 5989 XIII.

1965 4643 2016 4703 D

2044 3275 2151 3328 sius
2178 3317 2193 3340 ,
2225 3277 2311 3346 qui
2342 3279 2605 3347 pra’cipua
2644 3280 2788 3347 apud
2826 3282 2995 3348 ipsum
3024 3285 3326 3338 auctoritate
3362 3287 3644 3357 pollebant.

2052 3370 2153 3437 Qui
2179 3387 2297 3423 cum
2344 3387 2439 3437 ea,
2481 3388 2596 3441 qua:
2640 3385 2817 3427 contra
2865 3374 3090 3429 Paulam
3133 3378 3563 3449 Samosatenam,
3598 3394 3649 3437 et

2044 3472 2223 3515 contra
2269 3461 2550 3517 Photinum
2596 3466 2890 3534 episc0pum
2924 3468 3105 3522 Sirmii
3148 3469 3353 3526 decreta
3398 3473 3646 3543 fuerant,

2048 3570 2108 3607 ac
2134 3566 2381 3623 prmterea
2406 3557 2527 3623 ﬁdei
2554 3560 2831 3627 formulam
2859 3564 2910 3613 in
2941 3561 3261 3617 dedicatione
3290 3565 3646 3623 Antiochensis

2046 3648 2272 3704 basilica’
2297 3649 2486 3704 editam
2513 3693 2527 3715 ,
2568 3651 2621 3704 in
2666 3668 2823 3705 unum
2854 3663 2973 3707 tunc
3004 3654 3234 3709 libellum
3265 3660 3602 3731 conjecissent
3630 3704 3643 3727 ,

2046 3743 2257 3810 perinde
2287 3744 2435 3812 quasi
2462 3743 2671 3813 quidam
2694 3745 2787 3797 sub
2810 3745 3011 3799 obtentu
3041 3747 3273 3802 vocabuli
3309 3753 3648 3808 consubstan-

2043 3839 2181 3893 tialis
2222 3842 2486 3910 propriam
2531 3839 2767 3895 hwresim
2808 3842 3038 3898 stabilire
3081 3859 3423 3914 conarentur,
3467 3850 3647 3917 e/I'cce—

2046 3941 2162 3986 runt
2200 3942 2254 3985 ut
2298 3931 2530 3987 Liberius
2571 3943 2618 3987 et
2662 3935 3008 4000 Athanasius,
3044 3936 3339 3993 Alexander
3363 3981 3378 4007 ,
3411 3941 3647 3998 Severia-

2044 4042 2140 4080 nus
2177 4036 2224 4079 et
2266 4024 2508 4080 Crescens
2547 4025 2738 4096 Africa:
2776 4029 3007 4096 episc0pi
3054 4030 3101 4083 ei
3155 4033 3393 4101 formula:
3431 4051 3645 4091 consen-

2044 4120 2213 4173 tirent.
2238 4118 2613 4174 Consenserunt
2645 4121 2836 4190 pariter
2871 4120 3120 4178 Ursacius
3145 4135 3192 4179 et
3217 4125 3511 4184 Germinius
3534 4132 3643 4199 epi-

2042 4227 2230 4285 scopus
2281 4212 2503 4278 Sirmii,
2565 4223 2612 4267 et
2664 4213 2855 4269 Valens
2894 4214 3131 4282 Marsae,
3180 4230 3227 4273 et
3269 4234 3517 4293 quotquot
3580 4243 3645 4281 ea:

2047 4304 2269 4359 Orientis
2297 4304 2526 4376 partibus
2553 4304 2766 4360 aderant
2791 4308 3035 4378 episcOpi.
3067 4309 3174 4364 Sed
3201 4320 3246 4365 et
3267 4317 3641 4385 confessionem

2041 4418 2074 4453 a
2102 4398 2305 4453 Liberio
2349 4398 2569 4452 vicissim
2612 4412 2984 4469 susceperunt,
3025 4419 3128 4471 qua
3158 4421 3242 4459 eos
3268 4447 3282 4471 ,
3316 4409 3405 4474 qui
3440 4406 3640 4465 Filium

2041 4492 2329 4547 substantia
2353 4500 2400 4544 et
2440 4508 2531 4561 per
2561 4495 2731 4545 omnia
2766 4491 2914 4547 Patri
2957 4494 3178 4550 similem
3209 4514 3311 4552 non
3352 4517 3460 4556 esse
3501 4521 3641 4559 asse-

2040 4594 2248 4649 rerent,
2287 4582 2480 4636 alienos
2527 4583 2588 4636 ab
2620 4580 2852 4637 Ecclesia
2882 4588 3246 4652 pronuntiabat
3293 4589 3490 4661 (d).....
3536 4594 3636 4651 llis

2044 4695 2133 4749 per
2182 4678 2372 4749 legatos
2421 4674 2828 4729 Occidentalium
2871 4680 3158 4749 confectis,
3206 4682 3486 4745 imperator
3527 4686 3635 4745 Ra-

2041 4786 2177 4823 niam
2212 4767 2459 4823 redeundi
2490 4777 2787 4837 potestatem
2815 4769 2953 4839 fecit.
2991 4770 3326 4842 Scripseram
3354 4778 3509 4835 etiam
3530 4783 3640 4855 epi-

2040 4861 2226 4932 scopi,
2275 4860 2363 4929 qui
2420 4859 2671 4915 Sirmium
2727 4871 3065 4916 convenerant
3111 4864 3182 4918 ad
3229 4864 3500 4941 Felicem,
3549 4878 3637 4947 qui

2695 5040 2989 5117 Ἐρώτησις.

2106 5113 2183 5170 Ἐν
2216 5117 2388 5175 ποίοις
2413 5116 2667 5187 φαίνονται
2700 5113 3039 5193 πὲπραχὸτες
3069 5120 3115 5175 οἱ
3140 5120 3373 5194 Ῥωμαῖοι
3410 5130 3633 5204 adpetivi-

2032 5204 2170 5261 ογωςς

2696 5257 3003 5333 Ἀπόκρισις.

2112 5329 2224 5387 Ἐπὶ
2251 5333 2603 5412 ιίωνᾳτᾳντξου
2632 5329 2864 5412 Λιϐἐριοζ
2895 5332 2921 5386 ὁ
2947 5332 3138 5412 Ῥὡμῃς
3164 5337 3295 5412 μετᾴ
3321 5346 3410 5412 τήν
3447 5343 3499 5398 ἐκ
3539 5358 3632 5412 τῆς

2044 5404 2324 5482 ρπερορίας
2362 5402 2601 5458 ὲπὰνοδον
2621 5443 2635 5468 ,
2669 5411 2731 5482 cf:
2755 5400 2818 5482 ’ἐγ
2849 5400 3131 5482 ’Λνῖξολέεὶᾳ
3160 5400 3415 5482 ἐκτεθείσῃ
3458 5400 3633 5477 «rei;

2038 5462 2302 5551 ἐγγρἀῷως
2334 5494 2607 5559 coeperas?
2630 5487 2643 5500 ο
2678 5462 2729 5525 ἐῖν
2751 5475 2893 5559 μέρει
2922 5472 2976 5559 δὲ
3007 5462 3276 5546 bicolor/ian
3324 5462 3632 5559 “signa;

2039 5542 2625 5621 ὲᾷἇιὸξιτσίαγτοῂΒοισὶλειός
2654 5562 2706 5621 τι
2731 5542 3051 5621 ,ὁριλζνκύραέ
3074 5588 3082 5606 ,
3118 5542 3204 5601 xui
3250 5542 3522 5621 Εὐστᾶθιος
3547 5542 3639 5619 isis.-

2043 5612 2307 5678 ϐαάτεὶας.
2335 5614 2487 5696 {1178‘
2497 5620 2594 5686 μὴν
2621 5617 2707 5665 καὶ
2731 5612 3006 5676 Ἐλεύήσειὸς
3029 5612 3636 5696 ἀποκηρύττονσάπᾷ’τοπξς

2040 5691 2267 5775 μὴκατὰ
2292 5683 2459 5773 πάντῖοι
2823 5692 3083 5775 ξῷθῐξατρί
3125 5683 3211 5747 τόὗ
3236 5696 3348 5752 Υἱὸν
3378 5683 3635 5775 Melior-ra}:

2041 5756 2126 5821 uoti
2144 5769 2236 5821 τῆς
2261 5760 2520 5820 κοινωνίας
2542 5756 2594 5813 δὲ
2625 5759 2787 5813 αὐτῶν
2813 5760 2870 5812 οὐ
2893 5756 3177 5819 sciat-atros.

2965 5911 3045 5978 10
