4138 6178
490 252 596 309 299

1679 252 1994 312 SANCTUS
2034 252 2355 324 DAMASUS
2393 255 2593 314 PAPA.
2648 311 2653 320 .

3688 267 3797 325 300

485 375 594 420 lum
629 366 874 421 Romamn
910 362 1159 420 Ecclesia:
1188 364 1493 435 prwsidebot
1516 405 1530 429 ,
1559 374 1604 418 et
1631 367 1698 419 ad
1728 367 1920 421 clerum
1949 368 2088 438 ejus-
2113 376 2163 435 Α
2191 385 2514 440 quamquam
2539 371 2761 428 inclinat
2787 372 3019 440 animus,
3051 382 3106 430 ut
3133 375 3354 432 credam
3394 375 3461 434 iis
3491 379 3667 437 verbis
3695 398 3794 438 ex-

491 461 607 514 dem
652 460 871 513 ciuitatis
896 500 911 526 ,
953 467 1005 510 ut
1047 457 1308 511 Liberium
1361 458 1716 526 susciperent,
1757 468 1905 530 atque
1945 461 2091 515 ambo

492 553 827 623 apostolicae:
871 549 1039 603 sedem
1088 549 1467 619 gubernarent,
1517 559 1565 602 et
1610 551 1766 604 simul
1805 552 2092 606 sacerdotio

491 648 822 714 fungerentur
852 640 1039 710 absque
1069 641 1178 694 ulla
1205 640 1525 695 dissensione
1549 641 1649 712 (a).
1681 642 1807 697 Ilaec
1835 642 2094 699 Sozome-

490 751 594 790 nus
624 752 637 788 :
681 745 736 789 at
771 751 906 805 quos
938 734 1187 790 Valesius
1212 776 1227 803 ,
1257 735 1410 805 cujus
1459 736 1906 808 interpretatione
1935 746 2055 792 utor
2075 779 2089 804 ,

493 825 918 882 Occidentalium
959 827 1150 898 legatos
1200 826 1251 879 in
1297 826 1532 881 medium
1575 815 1801 896 statuit,
1842 830 2090 901 equidem

494 919 675 974 nullos
704 918 870 974 fuisse
898 931 1065 990 puto:
1111 918 1376 988 siquidem
1407 916 1654 973 Griecuni
1703 919 1926 976 verbum
1968 941 2094 997 πρε-

493 1010 703 1077 σϐεύω,
748 1019 858 1065 tum
902 1024 998 1065 eos
1043 1008 1331 1082 exprimit,
1375 1010 1467 1080 qui
1521 1009 1682 1081 legati
1728 1011 1878 1066 missi
1925 1021 2090 1079 sunt,

496 1118 607 1161 ttnu
636 1121 731 1161 eos
754 1104 1075 1174 quandoque
1094 1143 1111 1170 ,
1145 1103 1235 1173 Qui
1265 1117 1362 1174 pro
1390 1103 1497 1158 alio
1527 1105 1908 1172 deprecatores
1939 1121 2092 1160 acce-

494 1199 666 1254 dunt:
702 1199 805 1255 hoc
832 1199 1024 1252 saltem
1055 1212 1217 1254 sensu
1251 1197 1465 1268 Langus
1505 1197 1796 1268 Nicephori
1827 1199 2094 1269 interpres

491 1310 555 1349 ac
591 1293 794 1348 Fronto
824 1291 1050 1346 Dircaeus
1076 1306 1264 1345 vocem
1289 1291 1436 1345 illam
1469 1298 1798 1360 acceperunt
1824 1291 1922 1365 (ὁ).
1957 1291 2094 1346 For-

492 1386 829 1439 tunatianum
857 1382 1016 1453 igitur
1037 1381 1439 1453 Aquileienscm
1457 1423 1472 1446 ,
1497 1397 1660 1453 quem
1694 1382 1938 1439 Liberius
1968 1398 2092 1438 cum

493 1478 690 1534 litteris
734 1477 800 1532 ad
846 1457 1225 1545 imperatorem
1280 1476 1536 1539 miserat,
1571 1477 1672 1530 hoc
1704 1475 1825 1530 loco
1871 1488 1972 1546 ego
2000 1476 2096 1531 de-

493 1572 761 1642 signatum
800 1569 1076 1640 intelligo,
1120 1578 1280 1638 atque
1320 1569 1466 1638 ipsos
1510 1568 1670 1622 etiam
1716 1567 2000 1624 Ursaeium
2041 1578 2096 1624 et

494 1663 776 1719 Valentem
804 1704 818 1728 ,
857 1678 992 1732 quos
1022 1661 1114 1716 ille
1142 1661 1242 1717 sibi
1280 1660 1630 1729 devinxerat,
1672 1670 2008 1732 ceterosque
2040 1662 2092 1716 in

2195 463 2357 533 primi
2384 465 2620 520 studium
2651 466 2805 530 illud,
2861 482 2967 537 quo
3010 468 3424 538 allaboravcrat,
3461 479 3521 527 ut
3545 474 3679 529 iisin
3713 476 3794 532 lo-

2194 556 2274 610 cis
2304 560 2605 628 Ancyranaa
2635 558 2980 615 deﬁnitiones
3011 562 3388 630 reciperentur
3411 606 3424 629 ,
3455 575 3617 636 atque
3645 567 3791 621 Ano-

2193 649 2318 702 moei
2351 649 2758 705 damnarentur.
2793 650 2989 718 Qumro
3022 652 3222 726 itaque,
3255 655 3528 728 siquidem
3575 656 3680 713 hoc
3728 659 3794 715 ad

2195 741 2503 796 institutum
2538 740 2794 814 pertinet,
2820 758 3064 814 quaenam
3120 743 3350 814 fuerant,
3382 763 3504 818 qua:
3538 748 3798 808 Ecclesiae

2196 831 2458 886 Iterumne
2483 832 2630 888 haud
2663 834 2868 904 pridem
2898 836 3263 906 contigerant,
3289 848 3450 912 atque
3479 840 3662 897 eidem
3692 843 3798 896 Ba-

2195 927 2318 982 silio
2344 928 2574 988 Aeacius,
2603 928 2764 983 veluti
2797 931 3004 992 auctori
3036 932 3334 1003 praecipuo,
3364 935 3578 992 crimini
3609 937 3798 994 vertit.

2196 1020 2447 1091 Plerique
2479 1037 2614 1086 rem,
2652 1023 2818 1077 veluti
2859 1023 2910 1078 in
2942 1024 3178 1080 obscuro
3230 1033 3479 1096 positam,
3534 1030 3799 1084 intactam

2197 1125 2559 1185 praetereunt;
2595 1115 2972 1173 'I‘illetnontius
3001 1133 3150 1184 vero,
3181 1120 3334 1191 cujus
3378 1122 3509 1182 nihil
3560 1123 3798 1194 diligen-

2197 1211 2327 1273 tiam
2353 1209 2506 1279 fugit,
2534 1210 2842 1280 suspicatur
2880 1211 2984 1267 hoc
3026 1212 3146 1268 loco
3199 1214 3397 1270 Felicis
3439 1217 3796 1273 intrusionetn

2199 1301 2445 1368 indicari,
2477 1314 2639 1374 atque
2659 1309 2777 1374 ejus
2799 1305 2878 1360 rei
2904 1305 3117 1376 culpam
3145 1307 3196 1362 in
3226 1308 3482 1364 Basilium
3505 1311 3576 1366 ab
3602 1313 3799 1367 Aeaeio

2196 1393 2482 1452 transferri
2508 1396 2608 1470 (ά).
2654 1398 2722 1454 At
2761 1413 2860 1452 cur
2904 1399 3132 1454 Aeacius
3173 1399 3371 1457 Felicis
3399 1403 3799 1459 ordinationem

2199 1484 2400 1552 Basilio
2424 1488 2754 1556 exprobrare
2777 1488 2968 1557 potttit,
3005 1490 3161 1560 cujus
3192 1491 3307 1561 ipse
3337 1493 3628 1548 Mediolani
3672 1511 3796 1550 cum

2198 1577 2408 1634 czcteris
2431 1578 2648 1634 Arianis
2677 1580 3051 1638 Constantium
3093 1584 3378 1654 possidens
3399 1585 3493 1657 (ε),
3526 1587 3574 1641 si
3605 1587 3799 1643 Hiero-

2199 1686 2363 1744 nymo
2411 1673 2723 1742 credimus,
2775 1687 2964 1732 auctor
3018 1677 3354 1748 potissimum
3411 1696 3474 1735 ac
3522 1691 3802 1751 promotor

492 1757 751 1811 comitatu
781 1764 906 1810 tunc
938 1754 1142 1824 positos
1168 1771 1181 1806 :
1213 1770 1388 1824 neque
1417 1753 1563 1809 enim
1597 1754 1777 1810 brevis
1807 1769 1958 1809 mora
1997 1770 2091 1824 pa-

2201 1766 2420 1823 fuerat?
2450 1770 2560 1840 Ego
2583 1787 2709 1826 vero
2739 1774 2928 1838 miror,
2959 1788 3058 1829 cur
3087 1775 3269 1830 nullus
3299 1792 3458 1832 unam
3483 1777 3649 1844 illam,
3677 1795 3802 1850 qua:

495 1847 760 1909 tiebatur,
800 1853 859 1900 ut
899 1859 1037 1914 quos
1083 1843 1226 1898 mitti
1267 1860 1360 1914 per
1393 1844 1734 1899 Vincentium
1777 1845 2092 1917 Capuanum

491 1953 559 1994 ex
589 1936 878 2007 Campania
911 1936 1052 1992 idem
1087 1936 1330 2008 pontifex
1375 1946 1652 2008 Optaverat
1675 1980 1689 2003 ,
1735 1949 1857 1994 tunc
1901 1937 2094 2004 adesse

493 2017 793 2098 potuerint.

564 2123 728 2178 Vides
760 2125 937 2194 itaque
967 2122 1242 2178 Liberium
1273 2123 1455 2177 Basilii
1485 2137 1649 2193 opera
1681 2125 1749 2179 ab
1777 2123 1980 2180 exsilio
2008 2139 2094 2180 re-

491 2225 774 2281 vocatum,
821 2223 1103 2284 postquam
1135 2214 1487 2270 Sirmiensem
1531 2214 1686 2269 ﬁdem
1720 2232 1779 2271 se
1825 2216 2096 2286 recepisse

491 2313 826 2378 scripserat:
863 2305 1058 2361 deinde
1093 2321 1253 2373 vero,
1289 2315 1574 2378 postquam
1607 2307 1782 2362 cidem
1821 2307 1943 2362 ﬁdei
1970 2323 2092 2364 cum

495 2401 637 2457 Afris
664 2401 865 2470 aliquot
896 2399 1165 2469 episcopis
1187 2400 1365 2469 reipsa
1392 2400 1798 2470 subscripsisset
1823 2443 1836 2467 ,
1867 2401 2093 2456 Romam

491 2493 693 2557 eundi,
743 2507 1005 2564 suamque
1048 2491 1346 2563 recipiendi
1390 2491 1574 2547 sedem
1620 2502 1885 2562 potestate
1923 2492 2095 2550 dona-

492 2597 626 2644 tum.
659 2586 792 2642 Cum
817 2582 996 2641 autem
1023 2585 1132 2651 ille,
1179 2586 1467 2640 Anastasio
1508 2593 1667 2653 teste,
1720 2602 1778 2641 ιιι
1815 2602 1943 2641 ηοιι.
1984 2589 2094 2646 Au-

492 2679 632 2752 gusti
662 2677 860 2735 Urbem
895 2678 1168 2748 ingressus
1209 2677 1318 2744 sit,
1361 2676 1616 2733 Sirmium
1663 2679 1956 2744 accessisse
2001 2678 2097 2734 de-

489 2773 609 2830 buit
651 2774 703 2827 in
731 2771 891 2828 Junio
924 2775 1142 2838 mense,
1176 2771 1449 2841 rebusque
1477 2787 1542 2827 eo
1564 2771 1674 2842 jam
1703 2772 1921 2828 labente
1967 2787 2097 2828 con-

491 2867 682 2932 fectis,
729 2866 973 2920 Romano
1012 2863 1190 2919 itineri
1241 2878 1302 2919 se
1341 2863 1577 2918 dedisse.
1609 2863 1802 2918 Omnia
1845 2879 2006 2929 vero,
2049 2862 2097 2920 si

491 2959 571 3014 sic
609 2959 841 3027 accipias
864 2999 877 3018 ,
912 2955 1012 3009 sibi
1043 2965 1189 3011 recte
1234 2954 1512 3009 cohaerent
1546 2973 1557 3007 :
1595 2971 1714 3008 nam
1759 2955 2096 3011 clandestina

494 3050 707 3106 Ursacii
727 3092 741 3116 ,
774 3059 828 3103 et
860 3047 1104 3102 Valentis
1140 3047 1366 3102 formula
1387 3089 1401 3112 ,
1435 3047 1630 3102 Basilio
1659 3049 1908 3117 instante,
1937 3049 2096 3104 abro-

2199 1878 2324 1919 sese
2343 1873 2539 1934 sponte
2566 1865 2744 1933 offert,
2769 1883 2952 1923 veram
2975 1884 3193 1924 causam
3219 1871 3474 1943 attigerit,
3499 1888 3801 1944 eorumque

2199 1957 2485 2012 verborum
2525 1959 2632 2014 vim
2678 1972 2869 2029 aperte
2925 1963 3294 2031 explicuerit:
3347 1964 3416 2020 iis
3454 1966 3598 2020 enim
3653 1966 3798 2021 haud

2198 2048 2430 2106 obscure
2468 2066 2754 2120 expressas
2799 2054 3150 2124 intelligimus
3198 2055 3496 2113 seditiones
3539 2058 3682 2124 illas,
3737 2075 3801 2114 ac

2199 2143 2338 2199 forte
2365 2145 2526 2200 etiam
2557 2145 2759 2212 caedes,
2793 2163 2930 2217 quas
2958 2146 3235 2215 Socrates,
3261 2165 3324 2205 ac
3357 2150 3713 2218 Sozomenus,
3741 2161 3797 2207 et

2199 2255 2389 2310 preces
2419 2240 2712 2296 Marcellini
2736 2251 2791 2296 et
2819 2240 3065 2298 FauStini
3091 2254 3414 2310 memorant,
3441 2244 3628 2299 Bonna:
3654 2254 3800 2301 ortas

2200 2345 2258 2390 et
2289 2341 2653 2404 perpetratas,
2707 2351 2831 2392 cum
2863 2336 3038 2402 Felix,
3063 2354 3223 2406 quem
3261 2339 3494 2394 Aeacius
3518 2343 3796 2405 evexerat,

2199 2428 2331 2484 sede
2357 2429 2721 2498 expelleretur
2748 2430 2964 2485 Liberio
2991 2431 3228 2498 reduce;
3259 2447 3554 2502 earumque
3592 2431 3648 2486 in
3682 2432 3799 2488 cul-

2200 2535 2324 2590 pam
2350 2531 2598 2576 vocatum
2646 2537 2712 2578 eo
2754 2523 2875 2578 loco
2926 2522 3094 2580 fuisse
3143 2525 3421 2590 Basiliam,
3463 2527 3662 2596 quippe
3708 2528 3800 2596 qui

2199 2628 2362 2676 unus,
2393 2628 2462 2669 ac
2490 2615 2794 2684 pracipuos
2831 2617 3002 2670 fuerat
3033 2617 3152 2687 ejus
3181 2617 3454 2686 pontiﬁcis
3503 2617 3799 2673 reducendi

2200 2715 2412 2762 auctor.
2440 2705 2595 2773 Quod
2626 2707 2672 2761 si
2699 2708 2944 2763 Liberius
2985 2709 3169 2764 Basilii
3196 2710 3438 2779 ejusdem
3491 2726 3657 2780 opera
3702 2711 3802 2767 Be-

2199 2812 2314 2853 rtea
2345 2807 2603 2854 evocatus
2625 2809 2729 2863 est,
2762 2800 2806 2854 si
2841 2799 2961 2855 fidei
3012 2801 3080 2856 ab
3124 2816 3190 2856 eo
3223 2800 3516 2872 propositae
3560 2803 3797 2858 subseri-

2201 2891 2329 2962 psit,
2363 2891 2407 2946 si
2447 2891 2514 2946 iis
2545 2891 2738 2948 deinde
2768 2893 3036 2949 confectis
3077 2894 3192 2949 sedi
3240 2910 3355 2950 suae
3383 2897 3664 2950 restitutus
3692 2904 3800 2962 est,

2201 2985 2408 3040 nullum
2439 2985 2697 3056 deinceps
2724 2986 2958 3043 futurum
2982 3003 3108 3048 esse
3136 2998 3284 3058 puto,
3313 2990 3405 3060 qui
3425 2990 3494 3046 de
3512 2990 3801 3047 Sirmiensi

2202 3074 2540 3146 blasphemia
2575 3077 2698 3135 huic
2729 3081 2969 3150 pontiﬁci
3001 3081 3149 3136 litem
3170 3090 3408 3149 moveat,
3441 3083 3543 3137 nisi
3576 3084 3676 3138 sibi
3708 3101 3804 3136 an-

492 3153 670 3215 gatur,
699 3157 760 3196 ac
774 3141 1086 3197 Sirmieusis
1111 3148 1299 3194 contra
1329 3140 1614 3194 Photinum
1646 3143 1881 3248 ecthesis
1904 3143 2096 3197 iterum
2127 3145 2173 3210 C
2204 3176 2292 3226 ma
2316 3140 2660 3239 βαθυπεθὲ
2693 3140 2814 3228 θξηη
2843 3173 3008 3229 fuisse
3059 3190 3088 3227 ³
3147 3175 3346 3231 “Nino
3386 3140 3799 3248 bropugmtam,

496 3237 866 3310 promulgatur
906 3235 1042 3289 Maio
1083 3234 1322 3289 nondum
1370 3243 1621 3304 provecto
1653 3251 1668 3291 :
1710 3234 1954 3290 Liberius
1987 3249 2094 3290 non

494 3331 655 3402 longe
685 3329 884 3384 absens
925 3344 956 3383 a
989 3326 1309 3396 Dctnophilo
1353 3328 1649 3395 expositam
1681 3328 1906 3399 suscipit
1935 3327 2096 3398 idque

497 3424 700 3479 Basilio
728 3428 1015 3494 Ancyrauo
1039 3461 1057 3489 ,
1090 3421 1318 3492 aliisque
1347 3421 1712 3478 Orientalibus
1740 3423 1792 3475 in
1835 3421 2097 3477 comitatu

495 3515 685 3587 positis
738 3515 1017 3570 denuntiat
1067 3514 1132 3568 iis
1199 3529 1331 3582 quas
1390 3520 1685 3569 memoravi
1736 3514 1951 3570 litteris.
2012 3513 2096 3571 Ab

497 3610 691 3666 exsilio
720 3609 900 3679 itaque
946 3616 1202 3662 evocatur
1229 3605 1295 3659 ad
1324 3607 1705 3676 imperatorem
1731 3652 1744 3672 ,
1790 3623 1852 3663 ac
1893 3608 2051 3664 ﬁdem
2079 3649 2099 3680 ,.

493 3719 654 3775 quam
697 3716 757 3758 se
801 3699 1107 3772 suscepisse
1144 3698 1390 3766 dixerat,
1438 3701 1640 3770 scripto
1669 3700 1984 3772 professus,
2027 3700 2097 3756 ad

495 3797 680 3853 sedem
731 3810 882 3851 suam
913 3793 1222 3849 revertitur.
1253 3792 1439 3861 Neque
1482 3795 1626 3849 enim
1682 3795 1957 3864 negaverit
1998 3794 2095 3848 ali-

495 3889 614 3961 quis
634 3932 646 3956 ,
671 3889 799 3958 quin
833 3887 948 3941 htec
973 3886 1152 3942 omnia
1181 3885 1442 3940 trimestri
1470 3887 1647 3955 spatio
1671 3885 1786 3940 ﬁeri
1811 3885 2096 3941 commode

533 3979 785 4035 otucrint.

533 3997 785 4035 omermt.

495 3997 529 4052 Ρ
569 4071 835 4126 Caeterum
859 4082 967 4122 non
995 4080 1133 4120 unus
1156 4064 1493 4121 Sozomenus
1537 4065 1760 4136 hujusce
1811 4068 1887 4122 rei
1939 4070 2092 4125 testis

499 4174 615 4228 est;
639 4161 906 4232 siquidem
935 4175 1042 4214 non
1074 4159 1306 4212 obscuro
1333 4158 1512 4213 Acacii
1544 4159 1892 4215 Cresaticnsis
1945 4165 2096 4220 testi-

499 4255 684 4311 monio
709 4253 1118 4308 confirmantur.
1146 4248 1345 4305 Fuerat
1374 4249 1465 4306 ille
1494 4267 1614 4306 cum
1644 4253 1854 4306 caeteris
1876 4268 1940 4320 ex
1967 4252 2097 4310 faece

497 4349 717 4414 Ariona,
751 4347 838 4418 qui
874 4343 1050 4400 Usiam
1079 4360 1106 4397 a
1135 4343 1242 4398 ﬁde
1272 4344 1623 4414 rejiciendam
1646 4355 1970 4415 statuerant,
2001 4347 2096 4402 dc-

493 4445 703 4515 positus
733 4437 1130 4495 iuSeleuciensi
1161 4437 1368 4510 synodo
1398 4453 1430 4492 a
1456 4437 1808 4494 Semiarianis
1842 4439 1981 4496 Usta:
2009 4455 2094 4496 as-

494 4537 794 4594 sertoribus
826 4532 958 4589 :scd
988 4532 1239 4588 Acaciani
1270 4533 1430 4603 paulo
1462 4541 1584 4602 post
1613 4532 1886 4599 fortiores,
1916 4543 1972 4589 ut
1997 4550 2091 4604 par
2125 4541 2172 4601 D

495 4629 764 4685 referrent
818 4627 870 4680 in
943 4624 1246 4678 latrocinali
1313 4624 1913 4693 Coostautioopolitano
1962 4641 2094 4680 cou-

493 4734 679 4786 ventu,
725 4719 1180 4776 Semiarianorum
1233 4716 1396 4771 duces
1448 4716 1669 4771 sedibus
1720 4718 2088 4785 expulerunt:

492 4811 637 4886 quod
659 4827 780 4866 cum
808 4811 931 4878 jure
959 4811 1148 4864 fecisse
1175 4807 1346 4861 videri
1372 4809 1586 4874 vellent,
1630 4808 1719 4863 ubi
1770 4810 1836 4864 de
1888 4811 2090 4868 Basilio

494 4901 783 4975 Ancyrano
815 4912 998 4971 agunt,
1037 4900 1132 4952 has
1162 4915 1282 4954 cum
1319 4900 1590 4953 nonnullis
1632 4901 1754 4955 aliis
1806 4918 2092 4973 expresse-

490 5009 614 5059 runt
641 5008 853 5057 causas,
877 4991 1012 5061 quod
1033 4989 1259 5055 scilicet,
1298 4987 1517 5066 Illyriis,
1557 4990 1706 5046 Italis
1734 5004 1780 5047 et
1810 4995 1952 5065 Afris
1979 4995 2089 5049 dis-

488 5093 632 5157 sidii,
658 5100 703 5144 et
730 5084 982 5140 tumultus
1010 5099 1165 5146 causa
1212 5084 1502 5153 exstitisset,
1535 5095 1776 5148 eteorum
1820 5105 1934 5157 qua:
1984 5087 2088 5142 Ec-

484 5189 656 5244 clesite
693 5182 942 5237 Romana:
972 5176 1326 5245 contigerant,
1381 5188 1562 5230 auctor
1616 5183 1787 5247 fuerat
1840 5179 1934 5250 (c).
1978 5178 2090 5234 Cur.

485 5279 650 5351 igitur
687 5272 911 5346 Illyriis,
941 5268 1088 5323 Italis
1125 5275 1181 5322 et
1223 5266 1366 5334 Afris
1419 5268 1627 5338 dissidii
1667 5311 1681 5332 ,
1723 5280 1776 5323 et
1825 5273 2084 5346 tumultus

482 5383 644 5425 causa
699 5367 786 5421 ille
833 5363 998 5437 fuisse
1042 5360 1252 5432 dicatur
1282 5401 1298 5428 ,
1353 5375 1455 5430 ego
1505 5359 1728 5416 minime
1789 5362 2080 5435 inquiram,

557 5528 635 5678 ill
660 5527 1306 5678 filigligiiii’a‘f‘sp,
1324 5599 1413 5678 ξιτ,

560 5667 631 5744 (ε)
658 5670 872 5746 ξυῑοηέ·
899 5667 994 5746 ,"b-
1031 5667 1250 5746 ιῩ,-,εειιιὲ
1277 5672 1347 5734 24
1374 5689 1387 5724 ε
1417 5675 1508 5746 leti
1533 5670 1797 5746 διχονοίας
1827 5680 1910 5734 καὶ
1948 5682 2074 5736 aede

482 5736 621 5803 σιῷξ
640 5736 799 5797 αἴτιος
831 5739 1021 5808 ἐγένετο
1052 5736 1303 5813 ἰλλυροξς,
1349 5747 1434 5800 καὶ
1464 5736 1694 5816 itala-Ec,
1735 5752 1818 5804 καὶ
1845 5747 2072 5826 Ἀφροῖς,

426 5995 488 6045 πὶ

2201 3273 2578 3336 pra'tereaque
2622 3265 3022 3335 Constantium,
3057 3271 3144 3338 qui
3167 3269 3297 3325 huic
3323 3269 3400 3325 rei
3427 3271 3648 3341 agendae
3667 3288 3797 3341 prae-

2202 3368 2341 3425 erat,
2375 3361 2466 3430 qtti
2492 3362 2886 3417 Antiochenam
2912 3362 3221 3429 formulam,
3270 3363 3492 3419 retineri
3537 3365 3798 3434 jusserat,

2201 3451 2293 3519 qui
2323 3450 2650 3519 Eudoxium,
2691 3462 2856 3522 atque
2895 3453 3110 3508 Aetium
3155 3455 3395 3524 ejusdem
3450 3455 3805 3526 blasphemia:

2203 3557 2300 3612 per
2339 3543 2614 3600 Orientem
2645 3545 2812 3601 duces
2842 3547 3219 3613 mulctaverat,
3241 3549 3661 3619 quiV‘alentem,
3699 3549 3804 3604 Ur-

2202 3636 2409 3692 sacium
2438 3646 2493 3692 et
2517 3635 2852 3693 Germinium
2909 3651 3186 3709 coegerat,
3233 3653 3290 3695 ut
3336 3657 3455 3696 eam
3500 3643 3799 3712 ejurarent,

2201 3729 2537 3799 permisisse,
2564 3738 2622 3785 ut
2650 3731 2927 3787 Romanus
2958 3734 3203 3802 pontifex
3246 3735 3393 3790 illam
3425 3735 3614 3790 eodem
3669 3747 3806 3790 tem-

2204 3838 2337 3892 pore
2362 3822 2745 3889 confirmaret;
2779 3825 2963 3879 mirari
2993 3826 3176 3896 itaque
3214 3827 3364 3882 haud
3387 3829 3520 3882 satis
3580 3843 3802 3897 possum

2201 3929 2450 3984 praeceps
2472 3930 2658 3970 eorum
2687 3916 2972 3986 judicium,
3025 3921 3114 3989 qui
3141 3934 3266 3974 eum
3300 3928 3406 3974 tam
3439 3921 3596 3991 longe
3621 3921 3808 3977 adsint-

2203 4005 2272 4062 αι)
2293 4016 2454 4061 atate
2477 4017 2754 4077 gestarum
2781 4025 2986 4075 rerum,
3017 4011 3318 4079 Liberium,
3340 4013 3482 4084 quod
3511 4028 3672 4069 nemo
3704 4029 3800 4070 ve-

2203 4105 2380 4152 terum
2406 4101 2731 4169 scriptorum
2763 4117 2930 4157 ausus
2959 4112 3064 4168 est,
3108 4104 3432 4175 subscriptus
3485 4105 3802 4161 Sirmiensis

2203 4193 2458 4249 secunda:
2499 4194 2742 4251 formulae
2765 4213 2917 4253 reum
2946 4213 3106 4268 agere
3129 4201 3382 4269 potuerit.

2198 4401 2227 4467 §
2256 4401 2365 4452 VII.
2389 4431 2448 4440 —
2473 4405 2686 4472 Quaestio
2704 4405 3067 4472 afl‘illemontio
3085 4410 3291 4472 primum
3316 4410 3562 4471 proposita
3603 4411 3800 4459 excuti-

2265 4473 2372 4515 tur:
2397 4479 2458 4516 an
2482 4468 2676 4517 Scilicet
2702 4467 2928 4520 Liberius
2950 4467 3253 4528 horndusium
3296 4467 3392 4520 non
3409 4467 3420 4471 ’
3437 4473 3697 4521 reticuerit
3717 4485 3802 4521 so-

2258 4527 2379 4598 lum,
2403 4531 2674 4598 sedetiam
2707 4532 3043 4598 damnaverit?
3067 4533 3316 4598 Rationes,
3342 4535 3406 4583 ob
3428 4547 3552 4598 quas
3586 4539 3798 4596 scriptor

2261 4588 2697 4658 ille'tloetissimus
2740 4596 3001 4658 ancipitem
3037 4609 3091 4644 se
3139 4588 3392 4658 ostendit,
3444 4588 3804 4658 imponuntur.

2257 4653 2560 4702 Sozomenus
2597 4653 2860 4704 adducitur
2892 4670 2979 4717 pro
3004 4659 3182 4707 veriori
3206 4653 3474 4719 sententia,
3505 4653 3557 4707 et
3582 4653 3801 4708 illustre;

2259 4720 2337 4762 tur
2361 4730 2372 4764 :
2397 4729 2456 4778 an
2480 4729 2564 4776 pro
2587 4723 2724 4765 certo
2747 4719 2810 4765 sit
2837 4720 3131 4778 habendum,
3159 4720 3461 4770 damnat-isse
3485 4721 3799 4770 homousium

2257 4777 2490 4844 synodum
2536 4779 2910 4844 Antiochenam,
2952 4795 3062 4844 qua:
3088 4783 3249 4831 habita
3285 4781 3376 4830 fuit
3400 4791 3569 4831 contra
3591 4782 3797 4831 Paulum

2257 4836 2642 4889 Samosatenum.
2671 4836 2907 4894 Hilariusf
2927 4836 2981 4892 et
3000 4843 3249 4893 Victorius
3274 4844 3402 4894 haud
3429 4854 3570 4896 recte
3591 4858 3618 4893 a
3640 4844 3802 4895 Tille-

2257 4902 2442 4949 montio
2462 4905 2649 4964 accepti
2676 4904 2967 4966 afferuntur,
2993 4914 3046 4955 et
3069 4907 3402 4969 explicantur.

2264 5099 2413 5156 Hanc
2438 5101 2828 5158 dubiuitionem
2862 5106 3043 5162 nullus
3092 5107 3147 5162 in
3207 5108 3445 5164 medium
3490 5108 3799 5164 adduxerat

2190 5201 2320 5246 ante
2333 5191 2861 5266 Tillemontium,qui
2891 5213 3009 5253 eam
3036 5200 3208 5269 primo
3241 5201 3545 5271 proposuit,
3573 5216 3697 5257 cum
3726 5202 3795 5258 de

2188 5283 2402 5337 Arianis
2434 5296 2640 5352 ageret,
2690 5298 3068 5362 versatamque
3108 5294 3159 5348 in
3211 5305 3497 5365 utramque
3551 5305 3784 5365 partem,

2188 5384 2465 5444 postremo
2490 5378 2889 5449 inexplicatam,
2919 5383 3125 5440 deserit
3148 5386 3400 5454 doctiori,
3451 5399 3510 5442 ut
3569 5389 3660 5443 ille
3693 5403 3795 5458 pro

2193 5547 2288 5636 καί
2302 5552 2555 5636 ialm“
2569 5548 2836 5632 ,Ῥωμαίων
2864 5561 2955 5636 “535.”
2971 5555 3261 5636 ἐκκληξίοςν
3281 5561 3610 5636 quaeaut-iv-

2271 5614 2458 5700 l(d\)nDe
2489 5614 2681 5700 Ariani;
2703 5633 2832 5680 tom.
2875 5614 2960 5697 VI,
2993 5617 3102 5700 art.
3122 5614 3213 5698 3—8.

2266 5685 2343 5774 (ξε),
2363 5688 2859 5774 δυιιεςείρδίξριιιιῃ
2889 5685 3008 5754 cum
3032 5685 3246 5774 ueteris
3273 5714 3398 5760 tunc
3412 5705 3787 5767 habitolatroo

2183 5757 2347 5812 cinali
2374 5757 2629 5832 concilio‘.
2665 5764 2786 5823 Vid.
2826 5769 2944 5842 Bar.
2979 5787 3108 5830 ann.
3141 5757 3569 5846 δδέίῆῡῶζέίε
