4138 6178
335 214 448 280 50!

336 337 603 412 singulari
615 350 712 392 sua
741 332 1005 390 modestia
1033 330 1230 403 inquit,
1254 329 1602 400 rirodiguam
1628 330 1728 403 (a).

416 433 528 488 Cur
551 446 681 487 vero
711 429 790 483 sic
815 425 1160 489 dubitaverit,
1194 423 1396 478 faciunt
1432 426 1545 478 hth
1573 438 1770 491 pauca,
1822 438 1943 493 quae

335 531 452 599 jam
493 527 719 582 recitata
749 529 901 588 sunt,
931 517 1216 576 Sozomeni
1247 518 1410 572 verba
1435 536 1446 569 :
1474 517 1774 571 Convocatis
1803 515 1945 570 Con-

341 621 579 676 stantius
603 618 976 683 sacerdotibus,
1005 617 1094 686 qui
1122 617 1175 670 in
1203 614 1460 670 Comitatu
1483 622 1649 676 erant,
1687 611 1945 666 Liberium

346 715 506 782 capit
549 711 868 781 compellere.
920 718 975 761 ut
1015 706 1214 761 Filium
1240 705 1417 759 Patris
1443 721 1546 760 uou
1576 719 1700 758 esse
1726 700 1948 756 consub-

348 807 643 861 stantialem
694 803 1042 874 proﬁteretur.
1091 799 1371 869 Siquidem
1405 814 1465 853 ea
1495 798 1572 852 sic
1622 796 1838 864 accipit,
1889 802 1946 850 ut

349 898 626 954 Liberium
663 895 862 950 nedum
911 892 1177 948 homousii
1223 890 1615 960 professionem
1665 887 1944 952 deserere,

349 1009 544 1049 verum
573 991 731 1046 etiam
758 987 892 1042 illud
926 987 1100 1057 palam
1131 985 1380 1039 damnare
1408 1000 1436 1036 a
1470 980 1795 1036 Constantio
1821 994 1945 1034 coa~

344 1095 494 1141 ctum
521 1094 691 1152 putet.
716 1081 849 1136 Erat
875 1092 1005 1133 vero
1024 1091 1208 1141 causa,
1239 1085 1296 1130 ut
1319 1074 1646 1142 suspicatur,
1693 1087 1789 1126 cur
1839 1071 1941 1126 im»

343 1187 567 1250 perator
597 1174 653 1230 id
682 1174 864 1230 vellet.
897 1171 1029 1226 Nam
1053 1171 1096 1223 si
1119 1167 1370 1230 Basilius,
1404 1167 1605 1234 aliique
1624 1164 1942 1220 Semiariaui

315 1271 402 1326 tiu
423 1269 718 1339 Ancyrano
742 1273 1013 1322 conventu
1044 1263 1169 1316 huic
1201 1260 1319 1314 voci
1366 1261 1640 1315 anathema
1673 1257 1942 1322 dixerant,

340 1365 391 1421 si
419 1361 726 1419 Constantii
745 1359 986 1416 animum
1019 1368 1147 1412 tunc
1172 1354 1541 1425 possidebant,
1593 1370 1656 1409 ac
1700 1353 1945 1408 modera-

341 1457 564 1519 bantur,
590 1454 707 1509 ﬁeri
737 1453 901 1510 etiam
927 1451 1083 1506 facile
1107 1450 1299 1520 potuit,
1359 1456 1417 1504 ut
1461 1456 1765 1514 temporum
1795 1446 1945 1502 beni-

339 1549 572 1620 gnitate,
596 1554 760 1615 atque
803 1543 1047 1613 ejusdem
1096 1540 1442 1610 imperatoris
1483 1538 1810 1594 auctoritate
1861 1536 1945 1592 usi

339 1646 475 1708 sint,
501 1653 557 1697 ut
587 1657 709 1697 eum
739 1636 1049 1710 pontiﬁcem
1078 1635 1132 1690 in
1168 1636 1306 1689 hanc
1361 1633 1686 1688 sententiam
1732 1637 1939 1700 pertra~

1737 214 2271 284 PROLEGOMENA.

1974 336 2026 394 Α
2053 330 2274 394 simum,
2308 342 2370 386 ac
2390 328 2733 388 manifestum
2755 335 2910 401 puto.
2935 329 3167 386 Constat
3193 329 3338 388 enim
3386 329 3646 389 Basiliam

3540 213 3648 274 502

2045 423 2390 495 Ancyranum
2417 421 2806 478 subscriltenda
2835 425 3189 493 pr0posuisse
3234 441 3295 480 ea
3324 442 3439 495 quae
3471 437 3651 483 contra

2047 515 2274 569 Paulum
2298 515 2713 580 Samosatcnum,
2747 525 2796 570 et
2817 527 2996 571 contra
3021 515 3306 570 Photinum
3327 519 3644 592 epist-apum,

2048 608 2229 663 Sirmii
2256 609 2458 662 decreta
2487 608 2714 678 fuerant,
2747 625 2807 662 ac
2832 619 3081 676 prteterea
3120 610 3243 677 ﬁdei
3269 611 3550 680 formulam
3592 614 3648 666 in

2047 699 2369 754 dedicatione
2391 699 2748 759 Antiochensis
2780 699 3026 755 Ecclesia:
3062 701 3272 767 editam,
3324 717 3430 756 una
3484 703 3646 760 simul

2048 795 2346 864 scriptione
2391 796 2710 862 conjuncta,
2745 803 2907 861 atque
2949 795 3096 849 aliud
3154 796 3308 851 nihil.
3340 797 3479 864 Quid
3516 815 3645 854 vero

2049 883 2172 939 hinc
2192 886 2417 954 colligas
2445 885 2587 940 haud
2613 888 2906 942 obscurum
2933 895 3036 942 est.
3069 888 3126 942 Si
3153 889 3296 942 enim
3327 887 3644 954 Sirmiensis

2046 992 2166 1038 cum
2191 977 2461 1046 adjunctis
2491 978 2959 1034 anathematismis
2985 1018 2999 1043 ,
3054 979 3099 1036 si
3154 979 3644 1050 Philippoltolitana

2047 1071 2206 1138 ﬁdes,
2231 1072 2273 1124 si
2303 1072 2636 1126 Antiochena
2661 1073 2767 1137 illa,
2804 1088 2922 1142 qurc
2941 1083 3262 1130 cmterarum
3291 1075 3550 1142 omnium,
3589 1089 3645 1132 ut

2048 1161 2121 1218 ita
2146 1162 2346 1228 dicam,
2371 1162 2491 1217 fons
2521 1172 2575 1218 et
2599 1166 2749 1233 origo
2795 1174 2878 1220 est
2908 1206 2923 1232 ,
2969 1165 3310 1222 homwusium
3359 1167 3649 1228 adstruunt

2047 1256 2346 1320 dumtaxat,
2375 1258 2699 1312 homonsium
2729 1275 2861 1314 vero
2900 1274 3228 1329 quamquam
3277 1263 3642 1330 supprimant,

2046 1350 2271 1408 minime
2299 1349 2555 1404 damnant
2580 1353 2673 1424 (ρ),
2701 1367 2798 1406 nec
2817 1351 3049 1406 Basilius
3071 1352 3262 1415 voluit,
3293 1365 3399 1408 uta
3423 1353 3644 1410 Liberio

2046 1456 2108 1496 ea
2144 1457 2245 1495 vox
2269 1441 2641 1508 damnaretur,
2670 1457 2770 1497 nec
2794 1458 2911 1500 eam
2940 1443 3218 1498 Liberium
3251 1444 3541 1501 damnasse
3564 1446 3644 1508 ri-

2047 1530 2162 1586 deri
2197 1541 2393 1602 potest,
2427 1531 2522 1588 sed
2553 1533 2696 1590 nudo
2733 1535 3025 1590 involvisse
3057 1533 3321 1602 silentio;
3370 1554 3490 1608 qua:
3541 1556 3647 1599 una

2048 1635 2166 1680 erat
2191 1627 2384 1682 oblata:
2414 1640 2475 1680 ac
2507 1627 2575 1682 ab
2598 1645 2663 1682 eo
2687 1630 3025 1686 confirmatae
3052 1628 3300 1686 formula:
3327 1632 3430 1686 vis.

340 1743 560 1796 herent.
596 1737 770 1792 Unum
795 1743 974 1789 tamen
1003 1740 1108 1792 est,
1135 1728 1280 1800 quod
1297 1728 1710 1784 'Tillemontium
1756 1740 1819 1779 ea
1870 1723 1939 1777 de
1970 1721 2014 1782 Β
2114 1717 2293 1774 Unum
2321 1727 2497 1776 tamen
2523 1719 2710 1788 video,
2743 1721 2884 1791 quod
2920 1737 2987 1776 ex
3015 1720 3319 1778 Sozatueno
3342 1723 3458 1792 ipso
3487 1721 3647 1792 objici

339 1850 407 1889 re
431 1832 649 1886 dubium
672 1828 858 1894 habet,
886 1833 1049 1894 atque
1070 1822 1204 1878 illud
1226 1833 1331 1888 est,
1363 1819 1503 1889 quod
1535 1817 1785 1880 Basilius,
1815 1817 1937 1871 alii-

339 1940 450 1995 que
472 1925 774 1992 Ancyraute
793 1917 986 1990 synodi
1015 1916 1170 1988 legati
1203 1915 1477 1967 anathema
1498 1910 1629 1966 illud
1657 1911 1796 1965 clam
1819 1924 1942 1964 esse

341 2027 599 2086 oportere
627 2021 952 2076 statuerant,
984 2017 1146 2079 atque
1180 2007 1280 2062 hoc
1302 2006 1578 2060 decretum
1616 2003 1683 2057 ab
1712 2001 1795 2068 iis,
1821 2017 1942 2071 qua:

337 2110 528 2167 Sirmii
559 2108 910 2179 promulgata:
935 2112 1080 2169 sunt,
1114 2099 1525 2157 deﬁnitionibus
1547 2105 1938 2165 expunxerant.

338 2203 603 2258 Rationes
627 2199 844 2261 deinde,
880 2211 975 2250 seu
1005 2193 1345 2262 conjecturas
1369 2190 1556 2255 affert,
1584 2189 1654 2242 ob
1685 2203 1818 2258 quas
1847 2202 1942 2241 eos

337 2303 556 2363 captata
580 2289 984 2360 opportunitate
1006 2287 1071 2340 ab
1097 2286 1344 2340 instituto
1376 2282 1470 2336 illo
1497 2279 1727 2334 consilio
1758 2291 1942 2333 reces-

339 2391 506 2450 sisse,
538 2402 599 2440 ac
628 2385 826 2441 liberas
871 2381 1048 2436 eidem
1088 2379 1400 2433 anathemati
1461 2375 1696 2428 habenas
1732 2374 1942 2427 laxasse

339 2493 568 2546 censet;
605 2482 777 2549 primo
807 2477 931 2547 quia
965 2473 1202 2529 Hilarius
1226 2470 1436 2535 scribit,
1467 2468 1773 2531 Ursacium,
1836 2466 1940 2519 Va-

337 2576 544 2631 lentem
576 2582 633 2627 et
656 2569 992 2626 Germinium
1022 2566 1091 2621 ab
1116 2565 1309 2620 eodem
1363 2561 1564 2616 Basilio
1619 2559 1938 2628 postulasse,

339 2678 404 2723 ut
430 2669 700 2738 legeretur
729 2662 956 2733 epistola
979 2661 1046 2716 de
1069 2658 1320 2713 hontousii
1349 2667 1392 2709 et
1419 2655 1685 2708 hommusii
1739 2653 1942 2722 exposi-

340 2764 710 2830 tione;quam
738 2757 882 2812 illam
915 2756 1086 2825 ipsam
1128 2768 1250 2808 esse
1297 2750 1546 2819 opinatur
1594 2749 1677 2802 vir
1725 2748 1936 2809 doctus,

337 2873 467 2928 quin
493 2857 559 2909 ab
593 2855 880 2924 Aneyraua
932 2847 1140 2920 synodo
1171 2847 1371 2916 scripta
1398 2845 1590 2907 fuerat,
1619 2842 1687 2895 ab
1707 2839 1944 2909 Epipha-

341 2951 436 3008 nio
467 2950 689 3006 recitata
719 2943 820 3018 (ὁ),
853 2958 914 2998 ac
944 2941 1286 2996 Itomaensium
1306 2951 1578 3000 asserens,
1615 2933 1941 2988 homousittm

339 3041 692 3098 anathemate
723 3035 1156 3106 proscripserat;
1188 3029 1426 3085 secundo
1462 3029 1584 3098 quia
1634 3025 1942 3081 Victorinus

2044 1807 2308 1865 adversus
2341 1810 2478 1866 banc
2509 1814 2830 1867 sententiam
2861 1812 2999 1872 forte
3031 1823 3232 1882 poSSct.
3267 1813 3566 1878 Eudoxius,
3594 1824 3654 1870 ut
3707 1837 3714 1840 -

2045 1901 2236 1958 haeresi
2271 1913 2395 1959 tunc
2425 1906 2726 1976 erumpenti
2751 1914 3008 1976 patronos
3035 1918 3340 1978 qtttereret,
3373 1907 3426 1960 in
3461 1908 3654 1976 vulgus

2044 2009 2348 2064 sparserat,
2379 1997 2652 2053 Liberium
2685 2008 2740 2052 et
2773 1997 3148 2053 Occidentales
3180 2011 3291 2052 tum
3321 1998 3648 2054 homoust’um

2044 2088 2328 2160 rejecisse,
2363 2098 2471 2143 tum
2515 2101 2773 2160 prwterea
2804 2091 3049 2145 confiteri
3085 2087 3283 2152 Filium
3322 2087 3466 2144 Patri
3498 2092 3655 2144 dissi-

2045 2181 2234 2234 milem.
2266 2180 2428 2235 Vides
2460 2181 2640 2250 itaque
2666 2183 2937 2251 bicipitem
2961 2196 3082 2236 esse
3113 2183 3462 2238 ealutuniatn.
3513 2183 3652 2250 Qttid

2043 2287 2174 2326 vero
2201 2271 2486 2327 Liberius?
2508 2271 2614 2328 Eos
2640 2275 2726 2344 qui
2756 2271 2802 2325 F
2808 2274 2956 2328 ilium
2982 2274 3267 2328 secundant
3293 2274 3653 2343 substantiam,

2044 2376 2088 2420 et
2116 2383 2204 2437 per
2234 2367 2404 2420 omnia
2441 2367 2586 2421 Patri
2608 2369 2827 2424 similem
2855 2385 2957 2423 non
2985 2385 3092 2423 esse
3117 2379 3398 2424 assererem
3416 2411 3428 2435 ,
3461 2372 3657 2426 alienos

2044 2460 2106 2524 ab
2149 2459 2383 2515 Ecclesia
2423 2463 2722 2531 pronuntiat
2757 2460 2859 2534 (ά).
2895 2461 3028 2518 Cum
3076 2463 3254 2533 itaque
3296 2478 3398 2518 una
3449 2472 3655 2519 tantum

2045 2553 2313 2609 Itontwusii
2359 2553 2694 2623 professione
2733 2571 2856 2610 eum
2901 2554 3207 2626 pontiﬁcem
3255 2569 3376 2610 sese
3427 2571 3659 2626 purgan-

2048 2653 2152 2699 tem
2188 2646 2403 2712 videas,
2434 2647 2587 2700 alteri
2627 2647 2915 2702 calumnia:
2950 2648 3113 2714 capiti
3147 2647 3287 2702 latus
3325 2649 3551 2720 praebet.
3586 2649 3659 2704 At

2046 2735 2150 2792 hoc
2171 2737 2389 2791 minime
2414 2751 2634 2792 necesse
2657 2746 2760 2804 est,
2785 2744 2846 2791 ut
2871 2737 3148 2792 dicamus:
3175 2736 3454 2792 Eudoxius
3483 2741 3652 2807 enim,

2046 2828 2136 2898 qui
2182 2837 2413 2898 utraque
2455 2843 2585 2883 voce
2623 2828 2869 2882 eamdem
2914 2828 3144 2897 exprimi
3184 2838 3238 2894 et
3285 2832 3454 2884 asseri
3496 2831 3657 2890 fidem

2047 2920 2240 2973 merito
2269 2919 2628 2991 intelligi-bat,
2663 2919 2984 2974 homousiuin
3025 2936 3178 2990 teque
3211 2936 3272 2975 ac
3316 2922 3654 2980 [tonitrus-ium

2047 3014 2477 3082 proscripserat,
2506 3023 2669 3082 atque
2700 3014 2752 3067 in
2787 3013 2907 3082 ejus
2932 3014 3172 3068 criminis
3202 3015 3515 3072 societatem
3560 3014 3655 3070 Li-

341 3150 446 3191 nos
476 3134 634 3187 docet
662 3104 892 3197 scriptas
922 3125 990 3179 ab
1012 3122 1380 3178 Orientalibus
1418 3119 1482 3172 ad
1530 3117 1688 3171 Afros
1713 3117 1938 3179 litteras,
1967 3111 2014 3174 C
2047 3104 2253 3160 beriutn
2308 3105 2442 3160 falso
2479 3107 2840 3161 advocaverat
2879 3123 2891 3158 ε
2934 3105 2987 3160 id
3029 3106 3188 3176 igitur
3231 3114 3358 3162 tunc
3394 3107 3655 3178 agebatur

341 3239 403 3283 ut
428 3226 464 3280 ii
493 3240 612 3280 cum
636 3218 1002 3277 Orientalibus
1048 3214 1317 3276 onmihns,
1352 3221 1405 3267 et
1439 3211 1582 3264 Afris
1628 3209 1760 3278 ipsis
1783 3249 1797 3273 ,
1850 3207 1940 3278 qui

340 3321 424 3376 sic
452 3324 777 3379 statuerant,
809 3310 1132 3366 homousium
1160 3307 1228 3362 ab
1260 3303 1500 3361 Ecclesia
1547 3303 1827 3372 ejicerent,
1877 3316 1942 3356 ac

341 3414 410 3470 iis
442 3411 635 3467 litteris
665 3424 770 3464 non
796 3407 1034 3461 rationes
1055 3418 1084 3455 a
1113 3417 1263 3456 sacra
1289 3399 1568 3466 Scriptura
1601 3396 1817 3464 petitas,
1844 3393 1940 3448 sed

338 3506 630 3579 jussiones,
666 3513 720 3557 et
747 3500 920 3557 minas
949 3497 1230 3565 adjunctas
1288 3493 1450 3548 fuisse
1482 3490 1630 3545 dolet
1660 3505 1675 3554 ;
1723 3504 1847 3543 nam
1894 3487 1941 3542 si

342 3614 557 3664 omnes,
589 3605 649 3652 ut
683 3595 936 3653 vidimus.
973 3592 1060 3646 uni
1089 3589 1373 3658 eidemque
1405 3585 1650 3640 formula:
1698 3599 1820 3638 cum
1855 3581 1941 3636 Li-

342 3694 500 3750 berio
521 3691 978 3758 subscripserunt,
1010 3684 1150 3737 idem
1171 3680 1415 3750 profecto
1440 3679 1506 3732 de
1531 3676 1782 3732 omnibus
1801 3675 1944 3743 judi-

341 3787 490 3842 cium
520 3798 643 3839 esse
669 3780 831 3836 debet
865 3794 878 3842 ;
909 3786 962 3831 et
992 3775 1036 3830 si
1061 3774 1177 3829 Afri
1207 3773 1446 3842 episcopi
1474 3811 1489 3837 ,
1542 3778 1597 3825 et
1637 3768 1944 3823 Orientales

345 3877 672 3933 homousium
693 3874 765 3928 ab
794 3867 1039 3926 Ecclesia
1079 3874 1208 3922 tunc
1241 3864 1622 3934 proscripsisse
1643 3862 1770 3916 dicti
1795 3869 1942 3923 sunt,

345 3971 495 4027 nulla
517 3967 698 4023 aﬁ'erri
731 3963 870 4022 ratio
894 3968 1094 4032 potest,
1117 3974 1212 4014 cur
1234 3957 1302 4012 ab
1341 3970 1407 4011 eo
1437 3954 1666 4010 crimine
1699 3952 1945 4008 Liberius

344 4063 670 4132 excipiatur.

423 4156 518 4212 Ha:
549 4156 711 4224 igitur
741 4159 867 4206 sunt
888 4163 1089 4213 causai,
1123 4145 1194 4200 ob
1214 4159 1349 4215 quas
1377 4143 1457 4197 vir
1486 4143 1578 4198 ille
1606 4140 1948 4196 accuratissi-

345 4269 472 4310 mus
502 4264 617 4306 rem
645 4249 788 4302 hanc
817 4245 868 4299 in
893 4243 1103 4298 incerto
1132 4241 1444 4307 relinquere
1477 4237 1630 4292 visus
1665 4246 1776 4300 est;
1828 4251 1946 4303 qua:

350 4355 555 4410 tamen,
595 4350 655 4397 ut
695 4343 747 4394 in
799 4345 987 4406 aperta
1044 4334 1162 4388 lucc
1211 4331 1468 4388 collocari
1524 4329 1715 4399 possit,
1774 4326 1947 4396 primo

346 4434 767 4508 disquirendum
811 4448 841 4487 a
883 4446 970 4486 me
998 4437 1123 4493 est,
1170 4425 1296 4496 quid
1334 4425 1671 4480 Sozomenus
1709 4419 1947 4477 recitatis

2043 3199 2356 3265 dumtaxat,
2390 3208 2446 3253 ut
2472 3198 2613 3254 idem
2649 3199 2888 3270 pontifex
2920 3198 3078 3260 ﬁdem
3107 3200 3428 3254 catholicam
3459 3201 3653 3257 adver-

2043 3304 2135 3346 SltS
2172 3290 2405 3345 Eudoxii
2445 3290 2602 3345 dolos
2640 3302 2941 3357 assereret,
2971 3293 3349 3362 vulgatumque
3388 3292 3654 3350 adversus

2044 3398 2104 3438 se
2128 3384 2452 3437 calumniam
2485 3400 2734 3438 eversum
2777 3385 2896 3438 iret.
2931 3384 2987 3438 Id
3018 3400 3147 3439 vero
3179 3400 3301 3440 cum
3330 3397 3512 3455 aperta
3548 3402 3652 3442 una

2045 3473 2334 3528 bommusii
2365 3473 2702 3544 professione
2743 3475 2957 3529 abunde
3015 3490 3482 3545 consequeretur,
3541 3489 3650 3538 tum

2044 3567 2181 3638 apud
2213 3567 2579 3635 Eudoxianos,
2606 3575 2717 3622 tum
2743 3568 2884 3638 apud
2917 3569 3062 3638 ipsos
3093 3571 3252 3624 etiam
3285 3568 3596 3627 Catholicos
3633 3613 3649 3638 ,

2045 3660 2237 3732 quibus
2285 3667 2412 3714 tunc
2458 3660 2715 3728 temporis
2748 3676 2849 3715 una
2881 3669 2999 3715 erat
3043 3662 3323 3732 utriusque
3352 3663 3530 3730 vocis,
3561 3679 3652 3716 ea-

2046 3751 2276 3821 demque
2314 3751 2573 3818 \'is,niltil
2617 3767 2753 3820 Opus
2791 3753 2907 3816 fuit,
2941 3763 2998 3808 ttt
3043 3756 3202 3808 etiam
3253 3755 3322 3809 de
3366 3755 3652 3811 ltotnousio

2047 3842 2249 3912 aliquid
2279 3842 2522 3906 adderet,
2553 3850 2644 3895 attt
2665 3857 2818 3898 suam
2853 3852 2976 3898 tunc
3006 3843 3274 3914 proferret
3299 3847 3648 3904 sententiam.

2047 3933 2315 3988 Caeterum
2349 3950 2468 3989 cmn
2515 3933 2784 3989 Liberium
2817 3935 3013 3989 oblata:
3063 3951 3091 3988 a
3139 3935 3494 3992 Semiarianis
3537 3938 3650 3995 for-

2049 4027 2208 4081 mula:
2230 4027 2654 4082 subscribenlem
2676 4069 2690 4092 ,
2725 4027 2993 4082 Anontmos
3022 4027 3303 4082 dumtaxat
3323 4029 3389 4083 ab
3412 4031 3654 4089 Ecclesia

2050 4118 2257 4174 alienos
2295 4120 2732 4190 pronuntiantem
2767 4121 2944 4187 vides,
2969 4131 3154 4190 aperte
3182 4123 3342 4176 etiam
3372 4124 3649 4195 intelligis,

2051 4212 2459 4280 homousianos,
2489 4223 2544 4267 et
2574 4215 2980 4270 hommusianos
3021 4216 3136 4286 pari
3172 4217 3222 4269 in
3249 4218 3421 4287 pretio
3444 4227 3499 4273 et
3530 4222 3649 4274 loco

2052 4307 2118 4361 ab
2149 4307 2240 4361 illo
2281 4308 2490 4362 habitos
2514 4350 2528 4374 ,
2554 4322 2617 4361 ac
2646 4309 2808 4362 etiam
2857 4326 2962 4362 non
2992 4309 3226 4365 obscure
3260 4313 3498 4384 eoltigis,
3530 4329 3651 4384 qua:

2050 4401 2168 4470 ejus
2197 4407 2451 4469 prieterea
2479 4400 2546 4454 de
2574 4415 2703 4456 voce
2724 4401 2836 4468 illa,
2863 4416 2983 4456 cum
3008 4401 3124 4457 hinc
3151 4413 3358 4473 ageret,
3385 4409 3650 4462 sententia

547 4527 734 4583 verbis
755 4522 1008 4585 senserit,
1041 4529 1152 4574 tum
1183 4493 1380 4572 deinde
1416 4512 1772 4584 expendenda
1817 4510 1948 4566 alla-
1972 4497 2028 4562 D
2056 4493 2234 4588 Ῐιιθγίιτ

348 4635 527 4680 tarum
549 4618 982 4688 conjecturarum
1012 4612 1112 4666 vis.
1139 4608 1292 4675 Quod
1320 4609 1501 4678 itaque
1523 4606 1718 4660 attinet
1746 4602 1812 4658 ad
1844 4602 1953 4673 pri-

345 4733 501 4774 mum
531 4723 692 4784 caput
719 4711 786 4765 de
814 4717 996 4764 mente
1020 4717 1216 4771 nempe
1246 4699 1558 4764 Sozomeni,
1607 4697 1745 4752 haud
1798 4696 1954 4766 equi-

344 4809 476 4866 dem
504 4801 800 4866 eonteudo,
830 4799 959 4870 quin
987 4793 1362 4858 Constantius,
1414 4805 1479 4845 ac
1525 4788 1850 4846 Semiariani
1877 4786 1951 4841 illi

343 4898 596 4972 episcOpi
642 4894 917 4952 Liberium
973 4883 1428 4948 sollicitaverint,
1478 4896 1547 4936 ne
1605 4880 1953 4951 proﬁteretur

348 5000 426 5068 μή
449 4990 579 5050 εἶναι
596 4992 682 5046 τὸν
711 4989 823 5044 Υἰόν
847 4992 920 5059 τῷ
949 4985 1107 5058 Hart-pl
1133 4978 1428 5068 innodato».
1571 4973 1800 5042 quaestio
1845 4978 1948 5068 est,

347 5064 478 5159 quae
494 5088 568 5141 sit
590 5085 782 5140 horum
813 5078 1102 5134 verborum
1128 5072 1227 5134 vis,
1255 5086 1324 5125 an
1356 5065 1565 5123 scilicet
1587 5073 1830 5134 apertam
1857 5064 1953 5118 ho-

348 5157 550 5236 monsii
582 5170 1008 5233 execrationem,
1033 5181 1100 5220 an
1125 5163 1324 5218 nudum
1371 5160 1490 5228 ejus
1546 5157 1818 5212 silentium
1858 5170 1952 5209 ex-

347 5277 585 5350 petitum
613 5269 850 5327 inferant
877 5283 893 5330 ;
920 5272 1084 5333 atque
1111 5260 1341 5354 hocego
1384 5260 1493 5310 tota
1529 5295 1544 5318 ,
1591 5267 1751 5322 quam
1809 5249 1950 5354 idem

344 5372 691 5428 Sozomenus
718 5371 922 5425 narrat,
951 5353 1079 5411 facti
1106 5353 1247 5408 serie
1278 5358 1428 5404 recte
1458 5357 1746 5416 perpensa,
1781 5353 1952 5397 veris-

455 5536 510 5604 a)
539 5532 755 5588 Tillem.
775 5568 790 5592 ,
826 5528 892 5582 de
922 5524 1107 5583 Arion.
1135 5519 1186 5592 ᾗ.
1220 5515 1310 5580 74,
1339 5522 1396 5570 et
1427 5513 1477 5567 in
1508 5519 1621 5568 not.
1649 5509 1738 5565 57.

429 5536 508 5680 lt)
533 5601 805 5680 tier-31
963 5665 1045 5680 ,η
1233 5660 1344 5680 ._
1397 5657 1462 5680 η,
1521 5671 1551 5680 _
1608 5650 1714 5680 mn

451 5601 508 5660 fil
542 5604 684 5658 Hccr.
717 5601 805 5654 75.

454 5650 508 5740 Ei
912 5666 977 5721 ad
1006 5660 1363 5740 Epiplt._lt:tcr.
1397 5657 1492 5740 73,
1521 5671 1574 5724 p.
1791 5720 1803 5738 '

431 5605 484 5680 (ft
542 5605 684 5658 Hccr.
717 5605 805 5654 i5.
1089 5664 1100 5674 ⁸
1643 5661 1662 5680 Β

454 5695 481 5732 c
533 5675 658 5730 Vid.
693 5670 876 5725 Pet-av.
912 5666 977 5721 ad
1006 5663 1200 5734 Eptph.
1233 5660 1363 5714 hacr.
1397 5657 1486 5719 73,
1521 5671 1574 5724 p.
1607 5650 1735 5740 ξω.
1791 5720 1803 5738 '

431 5605 519 5823 {1})
548 5748 762 5801 Stizom.
797 5741 890 5796 lib.
929 5754 1000 5803 tv,
1032 5751 1149 5806 cap.
1181 5733 1245 5788 15
1274 5747 1287 5784 :
1320 5729 1394 5784 Ἐν
1431 5731 1574 5803 μέρει
1603 5725 1654 5782 oi
1674 5725 1757 5780 καὶ
1783 5721 1960 5794 ομολο-

2136 4586 2241 4643 Sed
2268 4595 2328 4640 ut
2352 4585 2416 4641 ad
2446 4601 2589 4653 eam,
2613 4589 2744 4640 cuia
2779 4587 2994 4643 Liberio
3023 4587 3384 4660 subscriptum
3416 4591 3650 4650 vidimus

2059 4677 2345 4733 formulam
2375 4688 2672 4734 revertatur
2701 4679 2895 4747 oratio,
2924 4681 2990 4733 ah
3021 4678 3243 4735 eruditis
3270 4687 3551 4755 quaeritur,
3585 4702 3652 4743 an

2059 4773 2154 4826 illa
2186 4783 2307 4828 tunc
2338 4782 2533 4843 tempo:
2551 4773 2596 4828 is
2627 4789 2693 4827 ex
2729 4773 2940 4844 integro
2980 4776 3307 4846 composita,
3337 4787 3392 4832 et
3425 4794 3654 4849 prouisa

2061 4867 2252 4936 fuerit,
2288 4884 2354 4922 an
2392 4884 2541 4936 vero,
2573 4883 2694 4939 qua:
2722 4867 2830 4938 jam
2865 4870 3180 4935 exstabant,
3213 4869 3550 4929 Antiochena
3597 4876 3654 4932 iu

2061 4962 2328 5017 Encwniis
2356 5004 2369 5028 ,
2397 4973 2451 5016 et
2490 4962 2801 5017 Sirmiensis
2834 4963 3026 5017 iterum
3074 4964 3360 5034 exscripta:
3399 4967 3655 5036 simplici-

2060 5061 2144 5109 ter
2167 5095 2182 5121 ,
2227 5070 2437 5124 unaque
2474 5056 2787 5125 scriptione,
2812 5071 3026 5126 unoque
3052 5057 3233 5112 libello
3273 5060 3500 5127 alligata:
3532 5059 3656 5112 huic

2061 5148 2308 5204 Pontiﬁci
2337 5150 2528 5204 oblatu:
2555 5150 2680 5203 sint.
2715 5148 2821 5207 Sed
2844 5149 3120 5204 observari
3158 5150 3318 5204 debet
3350 5165 3447 5220 pro
3471 5149 3546 5202 rei
3576 5148 3659 5203 di-

2060 5239 2386 5296 lucidatione
2407 5241 2800 5298 Antiochenam
2825 5243 2875 5296 in
2902 5242 3170 5297 Encacniis
3190 5240 3371 5308 ﬁdem,
3389 5243 3655 5312 omnium,

2060 5351 2180 5406 qua:
2213 5335 2408 5391 deinde
2436 5340 2750 5406 excogitatae
2785 5346 2941 5400 sunt,
2973 5334 3366 5404 expositionum
3403 5333 3606 5390 fontem
3642 5377 3659 5404 ,

2061 5508 2174 5582 γίαν
2207 5509 2504 5580 ἐκομίσαντο
2546 5505 2690 5588 ποιρᾴ
2727 5503 2987 5588 Λιᾷερίοιυ,
3030 5503 3492 5588 diremptura-ouem
3539 5510 3662 5571 τοὺς

2061 5575 2470 5664 ἑιιρικαςτνούσιξαν
2495 5596 2548 5631 τε
2582 5575 2668 5632 xui
2705 5575 2836 5633 κατὰ
2853 5575 3041 5632 ’πάντα
3067 5575 3238 5647 ὅμοιόν
3289 5584 3362 5648 τῷ
3389 5583 3550 5654 Πατρί
3578 5582 3662 5638 τὸν

2077 5651 2186 5710 Υἱὸν
2213 5653 2599 5723 ἀποφαίνοντας.
