4138 6178
516 244 622 300 505

1691 230 2010 290 SANCTUS
2049 227 2376 290 DAMASUS
2413 230 2616 289 PAPA.

3729 237 3837 295 504

511 370 575 408 ac
623 362 840 423 typum,
863 362 927 403 ac
952 343 1239 418 quamdam
1263 343 1427 401 veluti
1468 351 1631 399 sectae
1671 359 1783 397 sua:
1820 353 2083 400 tesseram
2107 386 2121 409 ,
2152 349 2205 407 Α
2232 343 2459 399 credidit
2490 342 2807 413 simpliciter
2832 382 2846 408 ,
2878 349 2973 396 aut
3018 342 3161 413 quod
3188 343 3358 414 magis
3383 343 3579 413 placet,
3609 349 3838 407 credere

514 445 885 503 Seiniarianos
923 448 1183 511 perpetuo
1219 455 1340 493 esse
1374 439 1627 493 voluisse.
1663 438 1798 492 Hinc
1827 455 1892 493 ex
1933 440 2121 493 Antio-

514 538 703 594 cheme
735 536 893 604 hujus
926 534 1046 586 lidei
1077 533 1322 587 formulis
1343 531 1885 586 Pseudosardiccnsis
1906 532 2121 600 exposi-

515 632 590 685 tio
632 628 806 699 primo
853 625 1185 696 composita,
1217 632 1271 679 et
1305 622 1569 687 conflata,
1598 633 1706 676 tum
1750 623 1944 677 deinde
1992 638 2121 676 ana-

516 720 873 776 tltcmatismis
895 718 1155 771 adversus
1182 716 1403 771 Paulum
1432 716 1872 780 Samos:itenum,
1898 724 1952 769 et
1980 714 2119 768 Pho-

511 816 682 868 tinum
710 810 1059 882 promulgatis
1085 812 1311 863 adaucta
1344 820 1424 863 est
1453 811 1529 880 (a)
1564 827 1575 862 :
1610 808 1920 863 Sirmiensis
1951 824 2118 875 vero,

513 924 673 980 quam
722 909 823 962 hoc
853 908 973 961 loco
1018 905 1353 961 Sozomenus
1397 914 1699 970 memorat,
1734 903 2123 959 Pseudosardi—

515 1016 733 1056 censem
766 1001 912 1053 illam
956 998 1183 1062 retinet,
1214 1013 1276 1052 ac
1307 997 1419 1052 fere
1449 997 1616 1051 verbo
1660 1008 1814 1051 terms
1846 997 2119 1068 exprimit.

514 1093 571 1149 Si
602 1095 760 1163 igitur
790 1091 1103 1148 Sirmiensis
1127 1090 1261 1144 ﬁdes
1291 1089 1895 1155 Pseudosardieensem,
1926 1092 1969 1142 si
2003 1089 2120 1144 hzec

512 1186 904 1241 Antiochenam
947 1184 1228 1251 continet,
1256 1184 1299 1237 si
1345 1193 1606 1251 praeterea
1638 1181 2120 1237 anathetnatismos

512 1283 774 1337 adversus
822 1281 1236 1335 Samosatenum
1264 1320 1278 1345 ,
1310 1286 1364 1333 et
1410 1278 1697 1332 Photinum
1754 1278 2121 1346 promulgatas

512 1378 705 1432 iterum
760 1376 1026 1444 expliCat,
1060 1374 1190 1428 nihil
1224 1388 1359 1442 Opus
1402 1383 1517 1439 est,
1549 1383 1606 1427 ut
1657 1372 1963 1432 formulam.
1999 1388 2121 1442 qua:

512 1471 689 1526 oblata
713 1468 928 1523 Liberio
956 1485 984 1521 a
1028 1468 1224 1521 Basilio
1251 1478 1352 1532 est,
1385 1474 1634 1521 recenter
1661 1464 2041 1535 compositam,
2066 1475 2121 1521 et

513 1575 639 1618 tunc
673 1577 955 1631 procnsam
998 1559 1162 1614 fuisse
1192 1558 1435 1613 dicamus
1465 1575 1531 1611 ex
1573 1558 1861 1613 Sozomeni
1894 1566 2075 1613 mente
2103 1576 2117 1609 ε

509 1658 775 1729 siquidem
806 1672 910 1710 una
948 1655 1064 1709 hace
1094 1653 1409 1709 Sirmiensis
1451 1652 1583 1706 fides
1614 1654 1793 1706 omnia
1827 1652 1877 1705 in
1906 1668 1965 1707 se
2004 1652 2117 1720 ipsa

2226 439 2395 494 videri
2420 439 2608 493 voluit.
2633 438 2713 493 Ne
2726 453 2855 492 vero
2870 436 3652 508 hoccxistimerconlidentius,
3670 460 3835 513 quam

2227 547 2320 600 par
2349 542 2451 597 est,
2486 546 2732 586 asserere
2754 574 2767 597 ,
2804 530 2910 584 duo
2948 528 3185 595 faciunt;
3220 531 3455 599 primum
3488 535 3629 603 quod
3663 534 3833 605 jacta-

2224 633 2335 678 tum
2379 624 2505 678 illud
2537 624 2605 677 ab
2635 623 2699 677 iis
2728 621 3036 685 decretum,
3062 639 3171 676 non
3202 623 3582 689 Antiochense,
3615 628 3706 681 sed
3736 627 3832 683 Sa-

2224 726 2518 771 musatena:
2571 715 2780 788 synodo
2847 715 3092 769 attribuit
3132 732 3146 768 :
3197 715 3429 770 alterum
3459 758 3473 781 ,
3521 717 3666 787 quod
3714 733 3831 774 cum

2224 826 2386 880 quam
2418 811 2510 865 ille
2556 825 2774 864 causam
2805 809 2951 880 agit,
2985 808 3201 863 inviCIis
3229 810 3351 864 aliis
3386 814 3720 880 argumentis
3745 814 3838 868 ob-

2225 904 2415 967 tineat,
2450 902 2582 956 nihil
2614 918 2709 956 sua
2734 901 2940 957 referre
2966 902 3177 972 putavit
3204 918 3483 972 quaerere,
3510 920 3577 959 an
3611 921 3803 961 verum
3823 948 3836 972 ,

2224 1009 2291 1048 an
2339 994 2535 1049 falsum
2580 995 2711 1048 illud
2743 1006 2890 1050 esset
2925 994 3025 1065 (tl).
3057 996 3323 1051 Caeterum
3369 998 3413 1051 si
3441 998 3672 1069 epistola
3717 1002 3841 1056 Dio-

2226 1086 2365 1157 nysii
2391 1086 2741 1141 Alexandrini
2768 1090 2987 1142 nomine
3012 1087 3267 1159 inscripta
3294 1090 3360 1144 ad
3390 1089 3613 1146 Paulum
3641 1093 3841 1148 Samo-

2227 1191 2472 1236 satenum
2515 1197 2671 1247 vera,
2701 1197 2764 1236 ac
2807 1183 3040 1252 genuina
3095 1190 3209 1250 est,
3243 1184 3287 1237 si
3335 1200 3455 1255 qua:
3494 1186 3849 1263 Nicanorum|

2226 1276 2443 1331 Patrum
2500 1278 2719 1332 nomine
2767 1278 2818 1331 in
2866 1276 3144 1347 Ephesino
3167 1279 3403 1334 concilio
3444 1281 3665 1335 recitata
3705 1292 3834 1348 est,

2226 1371 2349 1425 fidei
2396 1373 2695 1439 expositio,
2726 1370 2793 1425 ad
2836 1371 3227 1426 Antiochenam
3260 1374 3536 1442 antiquatn
3569 1374 3836 1446 synodum

2225 1466 2481 1534 pertinet,
2516 1464 2707 1519 falsum
2745 1466 2986 1535 profecto
3010 1474 3094 1519 est
3124 1466 3449 1520 Itomousium
3476 1466 3545 1521 ab
3575 1482 3637 1522 ea
3668 1468 3838 1538 rejec-

2227 1567 2339 1611 tunt
2366 1558 2533 1613 fuisse
2558 1600 2571 1621 ,
2605 1574 2725 1613 cum
2753 1569 2985 1627 utroque
3018 1558 3135 1612 loco
3165 1569 3443 1614 asseratur
3473 1560 3603 1615 illud
3630 1562 3834 1631 apertis

2226 1652 2406 1706 verbis
2435 1653 2509 1725 (ε)
2539 1670 2551 1706 :
2577 1668 2678 1722 ego
2705 1667 2836 1707 vero
2867 1668 2971 1707 non
3006 1650 3163 1707 video
3185 1692 3200 1717 ,
3234 1668 3333 1707 cur
3358 1668 3570 1717 eorum,
3601 1654 3693 1725 qui
3718 1656 3833 1710 lucc

508 1752 780 1816 continet,
816 1759 869 1804 et
925 1747 1331 1817 complectitur,
1385 1760 1504 1814 quae
1553 1744 1642 1799 ille
1697 1745 1965 1812 exprimit.
1999 1743 2118 1797 Vim
2150 1746 2198 1806 B
2228 1763 2322 1815 pro
2366 1746 2527 1812 veris,
2570 1754 2624 1799 et
2661 1746 2910 1815 genuinis
2949 1745 3147 1799 habent
3184 1743 3539 1801 Antiocheam
3590 1746 3833 1817 ejusdem

508 1845 671 1914 igitur
718 1843 841 1897 huic
893 1842 1144 1910 scriptori
1192 1840 1459 1903 inferunt,
1488 1838 1581 1909 qui
1612 1836 1943 1891 Antiochense
1994 1836 2117 1892 fidei

506 1951 659 2001 voce,
716 1951 835 1990 eam
886 1933 1049 1990 etiam
1099 1932 1388 1987 indicatam
1438 1941 1645 2002 putant,
1677 1946 1798 2001 qua:
1852 1930 2118 1985 adversus

508 2028 658 2082 Pauli
686 2027 1027 2084 Samosateni
1074 2026 1320 2080 lueresim
1350 2025 1403 2078 in
1446 2040 1507 2078 ea
1542 2024 1678 2079 urbe
1714 2024 1841 2077 olim
1872 2023 2115 2092 promul-

500 2135 622 2194 gata
678 2124 887 2189 fuerat,
944 2136 1171 2190 eamque
1226 2117 1577 2173 Antiocheam
1629 2118 1679 2171 in
1734 2116 2027 2183 Enca’niis,
2061 2125 2118 2172 et

505 2214 779 2269 Sirmienst'
805 2214 1048 2281 junctam
1093 2212 1259 2265 fuisse
1291 2211 1602 2279 opinantur,
1630 2211 1793 2265 veluti
1832 2210 2115 2265 homousio

504 2306 822 2371 evertendo,
848 2306 940 2375 qui
969 2316 1085 2359 erat
1108 2304 1569 2359 Semiarianornm
1593 2316 1821 2359 conatus
1848 2304 2115 2374 imprimis

503 2398 795 2462 idoneam,
856 2406 910 2451 et
953 2408 1343 2467 comparatam.
1404 2395 1557 2450 Enim
1607 2412 1736 2450 vero
1780 2396 2114 2453 Sozontenus

502 2506 662 2545 unam
695 2498 900 2544 tantum
934 2490 1189 2557 exprimit
1216 2488 1603 2543 Antiochenam
1635 2488 1792 2543 ﬁdem
1822 2531 1834 2553 ,
1861 2505 1979 2543 eant
2010 2490 2116 2544 sci-

498 2583 661 2649 licet,
693 2600 811 2653 qua:
832 2581 882 2636 in
912 2580 1173 2635 Encwniis
1200 2582 1341 2635 dicta
1375 2588 1458 2635 est
1486 2597 1499 2633 :
1531 2582 1652 2651 quis
1680 2581 1841 2651 igitur
1873 2580 2113 2651 reliquus

498 2678 672 2733 veteri
694 2678 770 2732 illi
800 2676 1155 2733 Antiochena:
1177 2675 1511 2746 expositioni
1542 2675 1728 2729 locus?
1755 2674 1906 2742 Quod
1943 2677 1986 2729 si
2018 2676 2111 2729 Li-

496 2768 649 2825 berio
677 2787 736 2825 ea
764 2770 926 2825 etiam
956 2768 1226 2839 preposita
1253 2768 1417 2822 fuisse
1439 2768 1531 2834 ait,
1559 2783 1673 2837 qua?
1696 2770 1937 2822 adversus
1968 2766 2112 2821 Pau-

498 2863 605 2917 lum
634 2862 1027 2917 Samosatenum
1057 2871 1102 2915 et
1139 2860 1419 2914 I’Itotinum
1465 2861 1757 2930 episcopum
1789 2860 1971 2915 Sirmii
2017 2861 2109 2914 de-

496 2964 637 3008 creta
665 2958 890 3024 fuerant,
915 2969 1036 3006 cum
1072 2953 1405 3008 Antiochena
1452 2952 1504 3005 in
1546 2952 1821 3008 Encarniis
1848 2997 1862 3017 ,
1893 2962 1949 3008 et
1996 2953 2112 3008 Sir-

499 3048 722 3103 miensis
749 3046 981 3102 ecthesis
1011 3061 1106 3101 eos
1138 3046 1423 3101 lucreticos
1462 3048 1777 3102 nominatim
1807 3048 2063 3103 damnent
2092 3065 2106 3114 ;

2220 1838 2411 1910 synodi
2441 1839 2825 1904 monumentis,
2855 1837 3124 1893 sententia
3159 1854 3262 1891 non
3292 1838 3629 1908 przeferenda
3661 1840 3730 1895 sit
3754 1843 3835 1894 al-

2220 1932 2339 1995 teri,
2370 1947 2490 2001 qua:
2519 1939 2682 2000 negat
2715 1947 2727 1983 :
2759 1929 2873 1984 haec
2902 1930 3044 1985 enim
3070 1932 3255 2001 paucis
3279 1939 3509 1995 tantum,
3544 1931 3718 2000 iisque
3748 1932 3831 1988 le-

2217 2024 2454 2080 vissimis
2502 2024 2830 2091 conjectnris
2880 2024 3108 2089 nititur,
3155 2025 3260 2080 alia
3301 2040 3431 2080 vero
3472 2025 3831 2083 Antiochente

2218 2117 2473 2172 Ecclesiae
2509 2118 2759 2189 symbolo
2807 2117 3086 2187 congruit,
3122 2127 3286 2187 atque
3331 2127 3613 2173 auctorum
3660 2120 3728 2173 ab
3766 2135 3829 2175 ea

2218 2219 2375 2265 relate
2403 2209 2544 2264 haud
2570 2210 2727 2280 looge
2749 2209 3063 2264 distantium
3088 2210 3398 2264 testimonio
3420 2212 3824 2281 comprobatur.

2218 2303 2325 2359 Sed
2366 2304 2480 2358 haec
2526 2319 2630 2357 non
2680 2311 2764 2358 est
2802 2303 2868 2357 iis
2913 2303 2979 2358 de
3008 2304 3169 2358 rebus
3221 2303 3414 2374 agendi
3460 2304 3633 2368 locus,
3668 2321 3824 2376 quem

2218 2406 2475 2466 praeterea
2523 2396 2925 2468 prmoccupavit
2954 2396 3037 2450 vir
3063 2395 3419 2451 doctissimus
3458 2396 3681 2452 Michael
3714 2397 3828 2451 An-

2215 2490 2369 2558 gelus
2409 2489 2733 2545 Jacontellns
2784 2490 3006 2543 intimus
3036 2488 3402 2558 Cappellanus
3432 2488 3532 2545 SS.
3568 2490 3627 2543 D.
3673 2490 3736 2544 N.
3770 2491 3825 2545 in

2216 2582 2572 2636 dissertatione
2601 2582 2661 2635 de
2686 2580 2867 2635 [uereri
2896 2580 3049 2634 Pauli
3074 2581 3423 2651 Santosateni,
3450 2597 3608 2653 quam
3636 2582 3821 2659 siquis

2215 2676 2480 2739 consulat,
2512 2689 2691 2744 operte
2722 2676 2949 2744 pretium
2974 2674 3184 2729 fecerit.

2288 2769 2370 2824 Ad
2402 2768 2689 2837 epistolam
2730 2785 2871 2824 nunc
2904 2771 3061 2823 venio
3093 2786 3252 2840 quant
3286 2769 3566 2827 Valentem
3587 2812 3602 2837 ,
3658 2771 3824 2828 Ursa-

2214 2862 2355 2916 cimu
2386 2878 2439 2917 et
2461 2863 2797 2919 Germinium
2823 2863 3126 2934 postulasse
3157 2863 3393 2919 Hilarius
3421 2864 3529 2931 ait,
3557 2874 3612 2919 ut
3645 2881 3675 2919 a
3703 2865 3823 2920 Ba-

2216 2956 2338 3010 silio
2364 2956 2653 3029 Ancyrano
2686 2959 2974 3028 legeretur.
3007 2958 3137 3025 Qua:
3163 2959 3325 3013 fuerit
3352 2958 3537 3029 igitur,
3566 2974 3595 3013 a
3624 2960 3822 3031 quibus

2215 3053 2451 3119 scripta,
2492 3051 2693 3121 quidve
2740 3066 2801 3106 ea
2846 3060 3108 3117 praeterea
3153 3052 3489 3114 contineret,
3532 3052 3821 3108 obscurum

499 3155 685 3209 ocima:
704 3141 899 3196 amabo
919 3138 1272 3193 Antiocheme
1296 3139 1494 3193 veteris
1517 3139 1660 3192 illius
1682 3139 1943 3194 adversus
1960 3156 2110 3195 cunt-
2136 3129 2180 3193 (Σ
2215 3152 2294 3196 est
2327 3159 2344 3195 :
2375 3142 2477 3198 hoc
2508 3153 2709 3197 tantum
2742 3144 2809 3198 ab
2837 3143 3028 3198 eodem
3067 3143 3266 3198 Hilario
3304 3144 3657 3215 intelligimus
3680 3186 3694 3209 ,
3732 3161 3823 3201 ac-

498 3232 621 3287 dem
644 3234 1057 3289 Samosatenum
1088 3231 1277 3302 synodi
1307 3232 1629 3297 definitioni,
1650 3235 1693 3286 si
1714 3248 1834 3301 qua:
1858 3248 2109 3303 umquam

496 3326 617 3393 fuit,
648 3326 841 3381 iterum
871 3334 998 3379 tunc
1024 3322 1409 3393 depromenda:
1438 3324 1734 3378 necessitas
1756 3338 1877 3379 esse
1907 3323 2111 3393 potuit?

567 3418 676 3474 Sed
718 3434 815 3472 nec
863 3433 962 3488 ego
1016 3418 1171 3473 facile
1217 3418 1621 3481 concesserim,
1657 3416 1999 3472 homousium
2041 3418 2109 3474 ab

498 3510 835 3565 Antiochena
872 3510 1131 3565 adversus
1174 3511 1586 3565 Samosatenum
1633 3510 1844 3581 synodo
1878 3512 2105 3567 damna-

497 3618 635 3669 tum,
671 3603 1041 3674 rejectumque
1067 3604 1253 3657 fuisse.
1290 3602 1399 3658 lloc
1429 3604 1644 3673 quidem
1674 3604 1952 3660 decretum
1983 3606 2106 3678 (ne-

496 3714 602 3767 que
640 3700 784 3752 enim
818 3698 982 3767 nego)
1012 3696 1242 3750 Basilius
1283 3696 1538 3768 Magnus,
1576 3697 1677 3752 hoc
1714 3698 1951 3752 llilarius
1994 3714 2108 3755 nie-

496 3800 695 3845 morat.
726 3792 794 3844 At
837 3790 937 3842 viri
972 3788 1113 3843 docti
1154 3789 1350 3842 Basilio
1397 3797 1680 3859 opponunt
1726 3792 2103 3845 auctoritatem

496 3884 801 3944 Athanasii,
826 3899 887 3937 ac
910 3886 1147 3937 rationes
1175 3883 1310 3937 alias
1330 3882 1592 3947 afferunt,
1618 3884 1687 3936 oh
1713 3899 1845 3951 quas
1868 3899 1929 3937 ea
1952 3883 2019 3937 de
2048 3901 2105 3940 re

496 3978 695 4031 merito
729 3977 1058 4030 dubitamus.
1095 3976 1272 4027 l’ritno
1297 3975 1538 4039 scilicet,
1572 3974 1712 4044 quod
1744 3984 2011 4029 assertum
2042 3977 2107 4031 il-

497 4068 588 4121 lud
618 4066 971 4121 Antiochenze
1016 4064 1208 4136 synodi
1238 4065 1517 4119 decretum
1565 4066 1629 4118 iis
1662 4077 1956 4136 repugnat,
1983 4083 2103 4137 qua:

495 4161 657 4229 paulo
683 4168 807 4213 ante
839 4159 1101 4229 synodum
1137 4158 1275 4213 inter
1306 4169 1598 4229 utrumqtte
1627 4158 1962 4230 Dionysium,
1997 4161 2101 4215 Ro-

497 4270 715 4308 manum
745 4253 979 4319 scilicet,
1009 4261 1065 4307 et
1102 4251 1525 4307 Alexandrinum
1564 4264 1713 4323 gesta
1744 4252 1974 4310 fuerant.
2012 4256 2104 4313 Se-

496 4351 694 4416 cundo,
739 4348 885 4420 quod
922 4348 1054 4404 illud
1102 4350 1169 4403 ab
1190 4348 1440 4403 omnibus
1484 4364 1833 4419 prorsus,ne
1886 4351 2100 4408 Arianis

496 4445 714 4515 quidem
769 4442 1049 4512 exceptis,
1084 4443 1384 4511 ignoratum
1431 4441 1605 4497 fuerat
1664 4459 1833 4513 usque
1888 4444 1953 4499 ad
2004 4461 2102 4498 an-

2220 3242 2330 3287 tutn
2364 3234 2413 3288 in
2447 3250 2507 3289 ea
2537 3235 2704 3290 fuisse
2734 3237 3070 3305 potissimum
3112 3237 3181 3291 de
3208 3237 3474 3292 Itomozust'i
3495 3249 3548 3293 et
3570 3241 3825 3295 ltomonst't'

2217 3327 2552 3395 expositione.
2595 3326 2885 3397 Epistolam
2906 3370 2919 3393 ,
2946 3328 3019 3381 ait
3066 3328 3176 3395 ille,
3205 3346 3358 3398 quam
3388 3348 3419 3383 a
3450 3331 3587 3385 vobis
3625 3332 3689 3385 de
3726 3333 3822 3388 Ito-

2214 3422 2395 3475 mousii
2427 3431 2473 3474 et
2502 3420 2767 3476 ltommusii
2791 3422 3110 3489 expositione
3136 3422 3275 3491 apud
3301 3422 3550 3477 Sirmium
3569 3465 3582 3488 ,
3610 3423 3820 3490 Valens,

2218 3513 2468 3568 Ursacius
2516 3525 2562 3568 et
2599 3514 2891 3569 Germinius
2942 3526 3312 3585 poposcerunt,
3346 3519 3476 3588 legi;
3510 3518 3741 3591 intelligo
3768 3520 3822 3574 in

2211 3606 2515 3676 quibusdam
2542 3623 2645 3659 non
2691 3607 2859 3660 minus
2886 3607 3309 3677 circumspectant
3341 3624 3478 3674 esse,
3508 3628 3661 3681 quant
3693 3611 3823 3665 libe-

2210 3712 2322 3750 rant
2361 3701 2451 3769 (ι’).
2483 3697 2862 3752 TillemOnlius
2886 3698 3116 3755 Arianos
3149 3702 3292 3769 illos,
3320 3712 3375 3756 ut
3401 3703 3673 3773 legeretur
3698 3719 3825 3773 pos-

2211 3790 2411 3844 tulasse
2438 3790 2655 3859 conjicit
2678 3807 2744 3845 eo
2765 3792 3017 3858 consilio,
3048 3802 3104 3846 ut
3133 3793 3481 3860 Semiariani,
3511 3797 3599 3866 qui
3625 3796 3816 3852 eadem

2209 3880 2437 3949 epistola
2487 3882 2811 3936 ltomousium
2856 3886 3180 3939 anathemate
3232 3889 3699 3957 proscripserant,
3751 3903 3816 3945 ac

2208 3972 2406 4028 deinde
2440 3974 2538 4027 hoc
2564 3975 2839 4031 decretum
2870 3976 3008 4031 ciant
3048 3994 3241 4034 omnes
3274 3981 3606 4046 habuerant,
3635 3982 3816 4053 palam

2207 4068 2367 4121 etiam
2419 4066 2547 4121 illud
2594 4069 2887 4138 aliquando
2929 4070 3228 4137 facerc,ac
3254 4090 3443 4131 vocem
3489 4077 3632 4131 illam
3666 4078 3820 4133 dam-

2206 4175 2337 4215 nare
2367 4172 2711 4231 cogerentur.
2753 4162 2825 4217 At
2852 4165 3080 4233 epistola
3114 4165 3225 4232 illa,
3259 4184 3379 4237 quite
3412 4168 3553 4224 lecta
3584 4181 3689 4237 est,
3724 4171 3819 4225 Ito-

2205 4254 2459 4306 mousium
2486 4255 2829 4310 anathemate
2850 4264 3116 4323 notatum,
3134 4273 3238 4328 qua
3261 4259 3451 4315 saltem
3474 4261 3814 4331 conjectura,

2206 4362 2272 4401 ne
2301 4348 2475 4402 dicam
2508 4349 2717 4404 ratione
2758 4350 2951 4419 probat
2981 4350 3063 4404 vir
3084 4350 3315 4406 doctus?
3346 4354 3460 4408 Hoc
3497 4354 3820 4419 Setniariani

2203 4439 2278 4494 illi
2329 4442 2693 4510 praistiterant
2734 4442 2785 4496 in
2828 4458 2893 4498 ea
2941 4445 3239 4516 Ancyrana:
3282 4447 3475 4518 synodi
3515 4449 3815 4520 encyclica.

500 4552 625 4592 nunt
654 4537 782 4599 558.
808 4537 961 4605 cujus
994 4534 1236 4604 profecto
1280 4535 1355 4590 rei
1390 4533 1615 4589 idoneus
1645 4535 1797 4589 testis
1838 4536 2102 4592 Eusebius
2129 4520 2183 4581 D
2209 4534 2275 4587 At
2320 4534 2364 4587 si
2392 4535 2514 4604 quis
2562 4535 2819 4590 Hilarium
2870 4536 3032 4607 legat,
3058 4553 3121 4592 ac
3162 4552 3283 4593 cum
3328 4541 3516 4596 eadem
3557 4542 3817 4613 synodica

496 4630 580 4684 vir
612 4630 833 4684 infinitae
862 4628 1251 4698 propemodum
1280 4628 1549 4693 lectionis,
1582 4628 1673 4697 qui
1705 4644 1826 4681 cum
1864 4630 2101 4685 rationes

497 4738 686 4777 omnes
716 4722 933 4775 afferret
969 4722 1022 4775 in
1063 4720 1273 4790 synodo
1317 4719 1534 4773 Nicarna
1580 4719 1843 4773 adversus
1875 4721 2102 4775 homon-

493 4815 631 4868 sitnn
667 4814 987 4882 propositas,
1015 4813 1154 4867 hanc
1186 4827 1285 4867 nec
1313 4822 1575 4865 memorat
1596 4811 1930 4882 quidetn(b).
1966 4814 2102 4869 Ter-

499 4908 573 4961 tio
598 4904 832 4974 denique
855 4946 867 4969 ,
893 4904 1034 4974 quod
1073 4903 1217 4957 nullo
1257 4902 1365 4956 alio
1394 4903 1700 4957 testimonio
1733 4903 1921 4959 nititur
1946 4918 1967 4972 ,‘
1994 4906 2097 4961 nisi
2136 4916 2139 4919 ‘

496 5009 622 5053 tunc
654 4997 945 5052 viventium
985 4996 1344 5063 Arianorum,
1376 5014 1603 5067 quorum
1644 5015 1804 5054 nemo
1836 5000 2048 5070 ignorat
2078 5042 2093 5067 ,

493 5107 655 5161 quam
692 5100 939 5158 suspecta
984 5088 1118 5143 fides
1167 5088 1326 5142 fuerit
1368 5088 1461 5161 (ε).
1500 5089 1652 5157 Quod
1684 5106 1813 5145 vero
1854 5092 1919 5144 ad
1955 5091 2100 5145 Hila-

496 5187 634 5240 rium
667 5183 918 5254 pertinet,
949 5184 1153 5238 nullum
1187 5184 1238 5238 in
1265 5182 1520 5238 historica
1552 5184 1711 5253 hujus
1743 5183 1818 5238 rei
1852 5199 2098 5253 perscru-

498 5278 659 5333 tanda
684 5278 913 5333 veritate
953 5275 1190 5331 studium
1222 5275 1434 5345 posuit,
1462 5274 1555 5330 sed
1578 5275 1932 5329 Semiarianis
1964 5317 1977 5342 ,
2007 5285 2098 5333 aut

561 5460 639 5529 (a)
665 5460 789 5513 Vid.
817 5460 1013 5513 Athan.
1046 5457 1113 5513 de
1136 5457 1269 5529 Syn.
1290 5498 1302 5521 ,
1338 5473 1391 5521 p.
1428 5455 1563 5529 895,
1589 5455 1726 5524 apud
1760 5456 1888 5522 BB.;
1918 5456 2085 5511 Hilar.

494 5542 668 5582 contr.
692 5530 996 5589 CouStant..
1023 5528 1306 5583 nnm.‘23:
1341 5529 1397 5581 P.
1426 5528 1708 5582 Constant.
1746 5530 1799 5582 in
1829 5540 1941 5582 not.
1973 5529 2086 5599 [ad

494 5599 577 5655 Hii
634 5600 700 5651 tie
744 5599 871 5669 Sytt.
916 5602 1035 5659 lilt..
1072 5616 1121 5663 ι).
1156 5600 1415 5657 482.Ver.
1447 5600 1574 5653 edit.

565 5672 641 5738 (b)
661 5670 783 5744 _\’id.
810 5672 1106 5744 t‘jttszpisl.
1133 5672 1199 5727 ad
1221 5673 1419 5727 Lit-sar.
1450 5671 1588 5743 apud
1604 5671 1801 5726 Athan.
1831 5671 1899 5728 de
1923 5672 2080 5744 Syn.,

491 5752 622 5799 toni.
660 5740 697 5807 Ι,
736 5755 854 5808 pag.
888 5740 1017 5794 240.

2208 4628 2478 4691 conferat,
2510 4629 2667 4683 aliam
2711 4644 2739 4681 a
2782 4628 2990 4701 synodo
3021 4630 3276 4700 scriptam
3308 4632 3621 4702 epismlatn,
3654 4634 3817 4690 aliam

2210 4728 2336 4773 tunc
2385 4719 2553 4775 fuisse
2595 4721 2788 4775 lectam
2838 4720 2994 4776 facile
3042 4722 3460 4792 deprehendet:
3505 4725 3558 4780 in
3587 4726 3818 4796 epistola

2209 4813 2352 4867 enim
2403 4813 2703 4883 Ancyranm
2743 4812 2966 4883 synodi,
2993 4829 3112 4869 eam
3145 4831 3305 4884 quam
3346 4815 3577 4872 Hilarius
3608 4833 3819 4874 memo-

2203 4914 2305 4968 rat,
2337 4904 2609 4971 Itomousii,
2642 4915 2696 4959 et
2733 4906 2997 4961 Itomaeusii
3039 4909 3409 4972 expositionem
3448 4908 3643 4965 frustra
3668 4927 3819 4982 qua:-

2203 5015 2309 5055 ras.
2339 4998 2511 5054 Causa
2540 4999 2727 5063 etiam,
2758 5016 2855 5055 cur
2894 5015 3013 5070 qua:
3046 4999 3279 5062 Valenti.
3312 5002 3560 5067 Ursacio,
3593 5013 3649 5059 et
3674 5003 3818 5060 Ger-

2202 5093 2371 5147 minio
2402 5092 2537 5145 lecta
2565 5092 2793 5160 epistola
2824 5100 2937 5158 est,
2968 5092 3129 5148 aliam
3160 5109 3282 5150 esse
3312 5105 3592 5165 oporteret
3613 5098 3683 5153 ab
3709 5114 3774 5154 ea
3795 5142 3811 5166 ,

2200 5200 2322 5255 quze
2347 5186 2569 5253 Ancyrae
2598 5184 2797 5251 scripta
2829 5182 3026 5249 fuerat,
3057 5184 3197 5240 haud
3227 5186 3454 5241 obscura
3478 5198 3581 5242 est.

2278 5276 2431 5330 Enim
2482 5290 2611 5331 vero
2642 5274 2915 5347 Ancyrani
2958 5276 3119 5348 legati
3150 5280 3423 5333 anathema
3446 5280 3816 5353 consubstan-

2266 5458 2335 5527 (ε)
2360 5457 2480 5531 yid.
2507 5457 2692 5512 adnot.
2728 5458 2794 5514 ad
2827 5460 2991 5514 Basil.
3027 5462 3186 5531 epist.
3219 5461 3309 5525 52,
3335 5462 3465 5519 edit.
3500 5463 3605 5519 BB.

2262 5530 2343 5599 (di
2370 5529 2490 5603 Yid.
2516 5531 2582 5585 de
2611 5532 2741 5603 Sytt.
2768 5548 2919 5603 pum.
2948 5532 3007 5585 8|
3048 5529 3101 5586 et
3124 5551 3179 5586 tt.
3204 5534 3294 5590 88.

2262 5603 2336 5671 (ei
2373 5600 2565 5679 Coum,
2591 5600 2721 5658 tuin.
2767 5602 2808 5670 Ι,
2854 5620 2903 5674 p.
2942 5604 3047 5659 875
3071 5647 3086 5673 ,
3114 5612 3168 5661 et
3205 5614 3337 5665 tom.
3386 5606 3485 5674 ΙΙΙ,
3515 5621 3566 5679 p.
3610 5606 3749 5665 1502
3783 5651 3798 5677 ,

2190 5671 2328 5727 Ven.
2362 5676 2490 5726 vdit.

2260 5742 2329 5815 (Γ)
2376 5746 2449 5800 De
2480 5746 2611 5817 Syn.
2639 5762 2786 5802 num.
2820 5746 2909 5802 78.
