4138 6178
265 331 369 390 305

1657 329 2196 389 PROLEGOMENA.

3458 337 3566 396 306

266 448 370 504 tiali
398 440 599 502 dictum
621 444 760 501 clam
785 444 972 500 haberi
996 453 1247 516 oportere
1271 444 1414 500 inter
1433 459 1494 502 se
1516 452 1849 518 statuerant:
1881 453 1936 510 Α
1959 464 2161 518 scapos,
2184 465 2340 520 neque
2361 452 2528 504 solum
2551 450 2800 506 voluntati
2820 459 2940 518 tute,
2957 451 3046 505 sed
3062 451 3340 520 violentia;
3355 453 3571 509 mandas

267 551 439 598 contra
489 539 724 601 Valens,
771 536 1048 603 UrSaCius,
1089 547 1143 593 et
1171 537 1481 593 Germinius
1523 538 1856 592 homaeusium

267 637 666 699 aversabantur,
685 632 838 702 quod
869 632 999 687 nihil
1032 633 1098 687 ab
1122 632 1388 686 homousio
1417 630 1636 686 differre
1663 635 1859 687 merito

265 730 649 785 arbitrarentur
679 743 692 779 :
730 740 818 780 res
861 732 970 779 tota
1007 741 1073 779 ex
1117 724 1322 778 llilario
1349 733 1562 780 constat
1591 724 1689 794 (a).
1719 724 1858 792 Quid

266 822 425 892 igitur
471 817 791 876 Semiariani
832 816 911 871 illi
951 817 1218 882 facerent,
1259 826 1320 870 ut
1357 818 1590 870 Arianos
1626 817 1762 870 alios
1788 817 1856 870 ad

269 913 531 968 hommusii
571 911 962 981 professionem
993 911 1399 979 pertraherent;
1427 908 1699 962 anathema
1726 923 1857 964 vero

266 1006 540 1064 homousio
589 1005 825 1070 dictum,
873 1004 1013 1058 clam
1054 1017 1245 1057 omnes
1287 1017 1384 1073 pro
1421 1003 1664 1056 instituto
1695 1001 1859 1056 habe—

263 1099 556 1158 rent?Alia
587 1099 879 1153 scribenda
907 1098 975 1151 ab
1003 1098 1068 1152 iis
1097 1097 1322 1166 epistola
1357 1095 1454 1150 fuit
1476 1139 1486 1158 .
1512 1112 1615 1167 qua
1644 1096 1858 1150 homou-

260 1196 352 1259 sii,
385 1203 444 1249 et
471 1192 747 1246 homtrusii
777 1192 882 1245 vim
926 1190 1086 1244 latius
1131 1190 1492 1259 explicarent,
1533 1204 1593 1241 ac
1623 1189 1857 1244 rationes

257 1288 536 1352 aﬂerrent,
561 1301 658 1340 cur
679 1285 781 1339 hoc
811 1283 966 1338 alteri
996 1282 1388 1354 prteferendum
1415 1297 1537 1336 esse
1559 1281 1854 1336 videretur.

255 1383 374 1438 time
405 1382 591 1451 itaque
616 1380 818 1450 scripta
851 1387 1000 1443 tunc,
1029 1392 1094 1432 ac
1115 1377 1414 1446 composita
1445 1385 1558 1442 est,
1594 1374 1733 1429 hanc
1763 1375 1856 1430 lli-

256 1477 416 1532 larius
459 1475 688 1542 indicat,
718 1483 772 1527 at
813 1487 913 1528 nos
941 1472 1137 1527 frustra
1170 1486 1313 1526 nunc
1336 1469 1648 1538 qumrimus.
1682 1469 1857 1525 Czete—

254 1586 368 1628 rum
398 1567 660 1640 quidquid
690 1567 759 1623 de
787 1566 887 1620 hac
915 1565 1170 1636 epistola,
1205 1580 1324 1634 qua:
1351 1563 1564 1618 Arianis
1591 1562 1696 1617 illis
1718 1561 1852 1616 lecta

253 1677 354 1730 est,
385 1665 590 1720 dixeris
613 1705 628 1727 ,
657 1672 746 1716 aut
775 1661 982 1718 scilicet
1006 1660 1306 1726 diversam,
1333 1669 1389 1713 ιιι
1414 1657 1606 1728 opinor
1631 1671 1754 1726 ego,
1786 1655 1855 1709 il-

253 1760 349 1814 lam
373 1773 500 1813 esse
523 1757 589 1809 ab
607 1755 880 1826 encyclica
896 1752 1198 1824 Ancyranre
1220 1750 1434 1824 synodi,
1455 1761 1544 1804 aut
1569 1749 1852 1804 anathema

1963 541 2051 595 tibi
2079 542 2476 606 subscriptiones
2499 545 2768 615 Afrorum,
2793 544 2974 615 quibus
2997 544 3368 613 blasphemiam
3402 545 3568 600 Ursa-

1960 636 2028 691 cii
2068 647 2113 690 et
2162 635 2388 691 Valentis
2426 638 2888 693 condemnaverant
2914 679 2929 705 ,
2979 640 3128 694 reddi
3176 655 3195 694 :
3238 640 3570 695 renitentibus

1961 732 2327 796 comminaris,
2374 742 2421 786 et
2458 743 2772 803 postremum
2811 734 2880 786 ad
2931 733 3247 802 diripiendos
3289 734 3444 787 mi:tis
3474 731 3570 806 (ε).

1961 822 2154 892 Liquet
2187 825 2350 892 igitur
2376 840 2442 879 eo
2475 827 2810 892 potissimum
2839 833 3088 894 tempore
3115 825 3277 880 Afros
3300 826 3367 880 ab
3398 826 3569 896 impe-

1959 923 2141 972 ratore
2193 918 2357 972 variis
2400 917 2607 972 artibus
2659 919 3014 984 sollicitatos,
3059 930 3114 973 ut
3167 920 3567 976 Ariminensem

1959 1009 2243 1066 formulam
2268 1011 2782 1080 complecterentur,
2803 1026 2865 1065 ac
2885 1011 3042 1066 fidem
3072 1011 3416 1066 desererent:
3454 1012 3566 1068 fru-

1957 1113 2176 1172 straque
2206 1101 2422 1171 aliquod
2465 1104 2518 1158 in
2556 1119 2737 1158 rerum
2771 1113 2896 1158 tunc
2925 1115 3199 1174 gestarum
3230 1113 3567 1158 commenta-

1958 1195 2056 1250 riis
2082 1205 2456 1264 argumentum
2485 1211 2720 1266 quaeras,
2753 1213 2859 1267 quo
2889 1205 3016 1252 ante
3037 1196 3433 1252 Ariminensem
3460 1197 3571 1252 l'or-

1959 1287 2156 1342 mulam
2193 1288 2327 1342 lianc
2354 1287 2494 1341 .-\fris
2525 1288 2800 1356 episcopis
2828 1287 2933 1342 vim
2967 1289 3166 1344 inferre
3187 1290 3566 1345 Constantium

1957 1380 2197 1449 potuisse
2237 1379 2453 1450 probes.
2498 1379 2670 1435 Nemo
2715 1383 2877 1436 etiam
2920 1381 3237 1449 negaverit,
3266 1381 3396 1450 quin
3430 1381 3569 1436 Aca-

1956 1471 2120 1537 ciani,
2143 1473 2232 1540 qui
2261 1469 2567 1526 Constantii
2591 1473 2880 1526 attloritate
2903 1471 3285 1538 abutehaulur,
3309 1487 3376 1527 eo
3400 1473 3564 1528 etiam

1957 1572 2204 1633 tempore
2233 1562 2297 1616 ad
2320 1563 2538 1618 eosdem
2565 1564 2773 1618 litteras
2796 1565 3069 1618 communi
3095 1567 3314 1620 nomine
3341 1566 3570 1634 scriptas

1957 1657 2236 1723 miserint,
2292 1657 2487 1726 quibus
2545 1657 2614 1712 de
2666 1669 2877 1729 recepta
2921 1659 2988 1713 ab
3036 1659 3284 1714 omnibus
3334 1660 3569 1714 formula

1957 1750 2093 1821 ipsa,
2141 1760 2249 1805 tum
2283 1751 2548 1806 certiores
2579 1767 2675 1807 eos
2709 1752 2970 1817 facerent,
3006 1763 3115 1806 tum
3158 1753 3354 1810 deinde
3386 1753 3570 1808 horta-

252 1852 298 1907 in
343 1867 411 1906 ea
443 1849 644 1904 dictum
675 1847 966 1910 homousio,
997 1845 1140 1916 quod
1173 1855 1347 1898 tamen
1376 1843 1442 1896 ad
1473 1841 1742 1896 Liberium
1771 1851 1855 1895 at-
1882 1835 1930 1895 B
1960 1853 2150 1898 rentur
2181 1853 2236 1896 ιιι
2263 1843 2485 1910 reliquis
2512 1843 2839 1898 accederinl.
2869 1845 2922 1899 Si
2951 1844 3094 1899 enim
3126 1845 3387 1900 Vielorini
3412 1845 3568 1899 testi-

253 1949 400 2012 tinet,
440 1942 663 2015 perinde
695 1952 799 1998 est.
829 1941 1012 2010 Neque
1043 1940 1184 1994 enim
1219 1951 1456 2008 pra‘sens
1484 1937 1574 1992 ille
1605 1935 1704 1990 fuit
1733 1950 1855 1990 eum

251 2039 560 2110 legebatur;
599 2034 693 2090 sed
727 2044 1010 2104 postquam
1037 2048 1098 2088 ea
1125 2032 1257 2087 lecta
1283 2039 1400 2096 est,
1435 2037 1714 2099 postquam
1747 2028 1858 2082 An-

251 2147 468 2202 cyrana:
510 2128 856 2184 definitiones
900 2128 966 2180 ab
1010 2125 1234 2182 Ursacio
1264 2134 1317 2179 et
1358 2123 1584 2178 Valente
1619 2121 1858 2192 probatae

246 2223 346 2294 jam
373 2237 443 2277 ac
460 2223 812 2293 promulgata:
836 2219 1064 2286 fuerant,
1084 2217 1266 2272 Basilii
1297 2227 1420 2270 tunc
1441 2231 1619 2270 rerum
1649 2213 1859 2268 Domini

249 2331 413 2387 opera
456 2315 525 2370 ab
550 2316 878 2384 imperatore
905 2315 1107 2366 accitus
1131 2310 1386 2368 Sirmium
1413 2310 1579 2372 venit,
1609 2309 1858 2363 omnibus

251 2409 476 2475 scilicet,
503 2418 559 2461 ut
583 2407 837 2472 vidimus,
854 2404 1115 2461 confectis
1127 2403 1238 2474 jam
1258 2417 1320 2456 ae
1346 2401 1658 2470 compositis
1675 2403 1857 2468 rebus,

251 2515 308 2556 ac
331 2517 403 2558 eo
433 2508 681 2568 tempore
701 2514 808 2570 quo
830 2497 962 2552 nihil
987 2511 1210 2551 necesse
1233 2504 1351 2549 erat
1391 2501 1447 2548 ut
1473 2509 1536 2548 ea
1566 2495 1854 2563 legeretur.

253 2592 359 2649 Hoc
388 2607 528 2648 vero
557 2590 702 2659 quod
734 2591 842 2652 aio.
873 2605 940 2644 cx
971 2587 1171 2643 llilario
1203 2588 1320 2656 ipso
1351 2602 1456 2640 non
1486 2585 1712 2664 obscure
1743 2585 1858 2640 col-

255 2686 472 2756 ligitur,
514 2685 605 2756 qui
647 2699 768 2738 cum
821 2693 928 2737 tres
976 2681 1096 2735 illos
1135 2679 1411 2734 dumtaxat
1441 2679 1724 2748 episcopos
1746 2678 1862 2747 ejus

253 2780 541 2835 lectionem
567 2778 871 2848 postulasse
893 2776 1114 2842 scribat,
1137 2775 1298 2830 alium
1328 2773 1562 2839 nullum,
1581 2788 1702 2828 cum
1722 2773 1859 2828 lecta

254 2890 280 2932 a
306 2874 513 2932 Basilio
544 2885 650 2939 est,
681 2871 920 2927 adfuisse
943 2870 1160 2926 indicat.

317 2966 588 3023 Victorini
613 2965 828 3021 tandem
861 2963 1194 3030 testimonio,
1229 2963 1371 3033 quod
1401 2961 1540 3016 idem
1565 2961 1860 3016 Tillemon-

257 3063 352 3117 tius
385 3062 463 3116 'in
489 3075 644 3118 suam
675 3059 891 3114 trahere
917 3057 1239 3113 sententiam
1267 3056 1452 3110 nititur
1478 3098 1490 3119 ,
1530 3056 1664 3110 nihil
1705 3055 1864 3126 fragi-

255 3155 373 3220 lius,
405 3152 538 3207 nihil
564 3147 868 3207 obscurius.
898 3149 1024 3205 Haec
1045 3158 1170 3205 sunt
1193 3151 1311 3217 ejus
1339 3148 1622 3218 scriptoris
1650 3149 1810 3204 verba
1845 3167 1858 3203 :

1961 1936 2198 1991 monium
2233 1952 2353 1991 eum
2383 1935 2584 1991 Hilario
2613 1937 2988 2001 conferamus,
3021 1936 3175 1991 facile
3213 1937 3568 2007 intelligimus

1961 2041 2249 2100 utrumque
2290 2029 2576 2099 designare
2602 2030 2919 2099 gravissima
2951 2045 3012 2082 ca
3041 2039 3307 2098 tempora,
3340 2043 3460 2097 qua:
3493 2028 3571 2082 la-

1965 2122 2274 2177 trocinalem
2319 2121 2976 2193 Constantinopolitanam
3011 2123 3275 2194 synodum
3297 2163 3313 2187 ,
3345 2137 3446 2192 qua
3475 2137 3566 2177 ea-

1961 2215 2084 2270 dem
2119 2215 2346 2270 formula
2378 2216 2752 2282 eomprobata,
2787 2227 2840 2270 et
2875 2217 3214 2285 promulgata
3243 2223 3348 2281 est,
3373 2217 3566 2271 subse-

1961 2316 2080 2363 cuta
2109 2317 2256 2362 sunt.
2293 2307 2400 2364 Fac
2433 2318 2610 2362 tamen
2656 2309 2758 2361 hoc
2794 2307 3054 2362 Victorini
3086 2308 3205 2361 loco
3228 2306 3568 2361 Orientalium

1963 2419 2096 2458 voce
2119 2404 2374 2458 Basilium
2400 2403 2624 2474 ejusque
2658 2405 2938 2475 Aucyrana
2967 2403 3238 2471 legatione
3269 2404 3445 2457 socios
3467 2419 3567 2458 ex-

1962 2497 2155 2569 primi,
2199 2487 2537 2568 scriptasque
2560 2498 2629 2554 ab
2654 2513 2720 2553 eo
2748 2509 2875 2553 tunc
2905 2499 3067 2554 fuisse
3093 2499 3300 2553 litteras
3330 2500 3384 2552 in
3417 2496 3561 2553 Afri~

1963 2605 2082 2644 cam
2102 2633 2117 2657 ,
2137 2591 2331 2660 quibus
2359 2591 2476 2659 ejus
2507 2591 2762 2646 Ecclesia:
2793 2591 3053 2661 pne-sules
3085 2592 3138 2660 in
3167 2607 3317 2646 suam
3349 2584 3570 2646 senten-

1965 2685 2094 2739 tiam
2126 2685 2445 2754 pertrahere
2472 2684 2766 2741 Studuisset
2796 2687 3046 2755 exemplo
3081 2701 3294 2752 eorum,
3324 2685 3417 2756 qui
3443 2703 3567 2742 cum

1963 2779 2182 2836 Liberio
2210 2780 2567 2836 hommusiutn
2599 2780 2825 2849 professi
2851 2779 3101 2834 fuerant:
3132 2781 3258 2848 quid
3286 2796 3414 2835 vero
3441 2781 3569 2837 inde

1962 2873 2258 2930 conficies?
2289 2874 2368 2928 Au
2397 2872 2535 2928 forte
2565 2889 2685 2927 cum
2726 2871 2954 2929 Basilius
2997 2873 3231 2943 scripsit,
3267 2883 3318 2927 ιιι
3352 2875 3567 2928 homou-

1963 2967 2095 3022 sium
2141 2965 2473 3036 abjicerent,
2524 2965 2627 3020 hoc
2677 2967 2840 3022 etiam
2882 2965 3078 3031 voluit,
3123 2974 3180 3019 ιιι
3223 2964 3567 3020 anathemate

1965 3060 2358 3132 configeretur?
2399 3059 2457 3114 ιιι
2487 3075 2617 3114 vero
2657 3060 2878 3115 minime
2915 3073 3138 3114 necesse
3183 3069 3299 3123 est,
3325 3068 3386 3113 ut
3420 3058 3570 3114 diea-

1969 3169 2118 3215 mus,
2151 3169 2270 3207 cum
2313 3152 2456 3208 aliud
2495 3153 2718 3225 abjicere
2740 3152 2832 3216 sit,
2867 3150 3010 3205 aliud
3035 3166 3164 3204 vero
3191 3150 3458 3218 damnare,
3483 3161 3568 3205 at-

263 3237 555 3301 Orienmles
585 3242 816 3318 scribunt
843 3241 911 3295 ad
938 3241 1114 3314 Afros,
1143 3250 1197 3295 ut
1224 3242 1462 3314 ejicerent
1497 3258 1528 3293 a
1555 3251 1733 3294 sancta
1754 3239 1856 3292 Ec-
1883 3221 1928 3285 (ἶ
1962 3259 2066 3316 que
2099 3259 2260 3297 unum
2287 3286 2300 3309 ,
2340 3242 2479 3298 haud
2510 3221 2738 3297 alterum
2778 3241 2990 3296 inferat.
3033 3241 3168 3294 Rem
3210 3255 3340 3294 vero
3365 3257 3423 3294 se
3453 3241 3568 3310 ipsa

255 3339 410 3392 clesia
438 3351 747 3391 HOMOUSIUI
771 3376 786 3401 ,
829 3334 1049 3388 dicentes
1086 3348 1256 3386 secum
1285 3333 1472 3387 sentire
1497 3341 1544 3385 et
1582 3332 1736 3400 Afros
1761 3373 1774 3397 ,
1806 3342 1854 3386 et

259 3430 543 3485 Orientales
601 3444 774 3482 omnes
816 3425 912 3498 (ὁ).
944 3425 1208 3481 Incertum
1255 3426 1435 3494 itaque
1484 3432 1568 3478 est
1618 3439 1851 3494 quonam

257 3531 499 3592 tempore
549 3521 667 3576 haec
702 3520 768 3574 ad
810 3519 970 3575 Afros
997 3519 1066 3573 ab
1090 3518 1455 3574 Orientalibus
1484 3517 1679 3586 scripta
1712 3518 1851 3583 sint,

255 3629 315 3669 an
345 3615 557 3671 scilicet
582 3625 710 3670 ante
734 3612 1096 3680 Ariminense,
1122 3628 1187 3666 an
1218 3617 1346 3666 vero
1369 3619 1487 3681 post
1510 3610 1856 3666 Ariminense

255 3708 566 3774 concilium,
591 3706 818 3777 ejusque
846 3706 1218 3760 confirmatam
1243 3704 1719 3769 Constantinopoli
1749 3704 1857 3757 for-

259 3801 457 3854 mulam
492 3817 506 3853 :
550 3799 695 3854 enim
735 3812 866 3852 vero
893 3795 1007 3852 Afri
1033 3795 1241 3865 aliquot
1266 3793 1502 3865 episc0pi
1531 3793 1856 3848 homousinm

259 3892 336 3949 bis
357 3893 628 3963 abjecisse
654 3889 822 3946 videri
849 3897 1108 3961 possunt;
1141 3888 1312 3958 primo
1335 3902 1455 3942 eum
1481 3887 1723 3941 Liberius
1745 3886 1858 3941 Sir-

259 3989 520 4043 miensetn
574 3986 838 4042 eethesim
880 3985 1154 4056 professus
1197 3989 1314 4047 est,
1373 3991 1431 4035 ιιι
1471 3981 1736 4048 vidimus;
1768 3995 1856 4035 se-

257 4082 438 4137 cundo
466 4097 589 4136 cum
613 4095 644 4135 a
679 4079 866 4150 legatis
894 4075 1254 4133 Aritninensis
1292 4075 1504 4130 concilii
1531 4073 1859 4129 Arianorum

260 4177 490 4231 formula
509 4185 722 4244 recepta
746 4184 830 4230 est
855 4191 868 4225 :
901 4181 1110 4227 constat
1141 4170 1282 4225 enim
1316 4170 1453 4223 inter
1481 4169 1862 4237 praevaricato-

258 4285 345 4326 res
380 4270 536 4336 illos,
573 4280 682 4323 tres
714 4283 780 4323 ex
809 4265 994 4322 eadem
1030 4263 1208 4319 Africa
1242 4263 1500 4332 praesules
1532 4275 1860 4315 annumera-

260 4374 362 4419 tos.
401 4363 667 4420 Incertum
701 4370 958 4432 praeterea
993 4369 1096 4424 est,
1140 4375 1205 4412 an
1237 4357 1539 4412 Orientales
1564 4353 1642 4410 illi
1679 4355 1766 4422 qui
1795 4353 1862 4410 ad

258 4457 426 4512 Afros
452 4457 804 4526 scripserant,
838 4452 1019 4507 Ariani
1042 4467 1107 4504 an
1132 4449 1450 4504 Semiariani
1482 4447 1698 4512 fuerint,
1729 4461 1864 4517 quos

257 4565 455 4604 omnes
494 4549 597 4603 hoc
630 4546 986 4611 vocabulum,
1016 4543 1344 4606 homousion,
1376 4555 1530 4611 atque
1560 4551 1684 4594 tunc
1713 4539 1863 4608 allje-

257 4644 406 4698 cisse
431 4652 665 4697 constat.
693 4639 956 4712 Equidem
982 4640 1082 4693 hoc
1102 4652 1202 4708 ego
1227 4637 1344 4691 loco
1367 4637 1614 4707 Afrorum
1644 4636 1864 4690 nomine

257 4751 358 4792 eos
423 4738 511 4807 qui
559 4734 960 4791 Ariminensem
1017 4729 1301 4785 formulam
1353 4737 1722 4796 receperant,
1775 4743 1865 4797 per

263 4832 558 4886 Orientales
608 4844 766 4895 vero,
801 4829 892 4895 qui
921 4827 1286 4895 scripserant,
1318 4822 1615 4877 Acacianos
1640 4835 1865 4890 expres-

257 4937 352 4977 sos
383 4921 655 4981 existimo,
690 4935 754 4975 ac
781 4920 986 4972 litteras
1017 4932 1046 4970 a
1078 4915 1357 4970 Victorino
1389 4922 1736 4977 memoratas,
1766 4912 1862 4966 da-

260 5027 342 5073 tas
375 5018 444 5072 ab
471 5018 534 5071 iis
564 5027 696 5086 puto
741 5025 1019 5084 postquam
1057 5009 1423 5066 Semiarianos
1455 5007 1600 5074 ipsos
1629 5022 1734 5077 qua
1770 5007 1819 5059 vi
1846 5048 1861 5073 ,

255 5125 366 5180 qua
396 5107 583 5163 fraude
607 5105 955 5170 induxerant,
985 5110 1044 5158 ut
1066 5100 1312 5156 eamdem
1335 5099 1732 5154 Ariminensem
1757 5098 1866 5152 for-

258 5203 491 5266 mulam,
515 5217 545 5254 a
563 5197 1063 5271 praevaricatoribus
1085 5194 1190 5249 illis
1213 5194 1403 5263 legatis
1424 5191 1715 5246 admissam
1737 5205 1862 5260 pro-

258 5297 571 5351 ﬁterentur.
615 5297 724 5349 Cur
769 5306 903 5346 vero
931 5289 1008 5344 sic
1033 5303 1134 5357 ego
1175 5285 1480 5342 existimem
1510 5327 1524 5350 ,
1557 5284 1682 5338 facit
1722 5283 1866 5339 Hila-

257 5390 403 5456 rius,
426 5389 516 5458 qui
545 5396 671 5442 tune
689 5381 1158 5452 Constantinopoli
1177 5379 1382 5450 positus
1406 5377 1726 5434 Constantio
1752 5377 1866 5433 hcce

254 5480 596 5552 esprohrat:
640 5476 976 5535 Substravisti
1019 5473 1266 5528 voluntati
1297 5481 1398 5525 tua:
1441 5470 1726 5525 Orientales
1759 5471 1866 5541 epi-

339 5647 975 5726 (ώβφδιτι-εῆροτθο.
1078 5717 1154 5726 ..
1324 5715 1380 5726 -.

341 5711 423 5795 ibi
451 5725 570 5780 Lib.
602 5711 627 5778 ἰ
639 5722 709 5778 de
733 5711 881 5795 Fid._,
911 5717 1275 5795 advzuArium.
1322 5715 1384 5795 S_i
1403 5711 1643 5795 oportuit
1668 5711 1870 5795 scribi,

263 5783 516 5871 opor'tuit
541 5806 595 5852 et
639 5783 1105 5871 persuaderejllis
1148 5804 1254 5871 non
1285 5784 1750 5871 aplumnj't‘tssione,
1780 5783 1878 5871 girl

265 5849 582 5927 rationibus
623 5849 680 5921 ἐι
723 5863 1019 5935 Scripturis
1060 5861 1253 5918 sacris.
1300 5858 1401 5913 BB.
1452 5849 1556 5911 P'P.
1608 5864 1738 5911 tom.
1787 5849 1876 5922 IV,

1960 3335 2300 3392 manifestam
2325 3335 2540 3391 duobus
2563 3333 3354 3404 allatisexemplisconfirmare
3371 3334 3567 3404 placet,

1958 3430 2130 3484 altero
2146 3445 2209 3482 ex
2235 3428 2456 3491 Hilario,
2480 3428 2654 3481 altero
2675 3443 2740 3481 ex
2765 3428 3086 3481 Arianorum
3109 3443 3249 3497 penu
3279 3427 3564 3498 producto.

1959 3521 2195 3577 Hilarius
2243 3521 2419 3590 itaque
2469 3518 2782 3574 Gallicanos
2831 3520 3118 3590 episcopos
3161 3520 3372 3586 laudat,
3424 3522 3569 3590 quod

1959 3614 2180 3669 missam
2223 3628 2289 3668 ex
2340 3611 2622 3667 Sirmiensi
2653 3611 2852 3683 oppido
2894 3612 3127 3667 infidelis
3159 3612 3281 3666 ﬁdei
3321 3613 3570 3682 impieta-

1961 3715 2092 3770 tem,
2137 3723 2237 3759 non
2269 3704 2419 3759 modo
2449 3721 2554 3758 non
2587 3705 2988 3774 suscepissent,
3020 3706 3113 3760 sed
3143 3706 3466 3769 nuntiatam,
3497 3706 3571 3760 si-

1961 3797 2373 3868 gnificatamque
2413 3799 2739 3850 damnassent
2781 3795 2884 3867 (ά).
2934 3795 3186 3850 Acaciani
3228 3811 3355 3851 vero
3393 3798 3444 3850 in
3479 3810 3567 3851 se-

1963 3891 2200 3946 lcucensi
2250 3890 2459 3960 synodo
2498 3889 2838 3943 liomousium
2867 3931 2882 3955 ,
2929 3899 2983 3944 et
3021 3889 3382 3944 hommusium
3421 3889 3571 3944 velut

1963 4000 2124 4040 voces
2165 3985 2333 4039 sacris
2378 3983 2670 4054 Scripluris
2724 3985 3022 4054 incognitas
3069 3984 3389 4053 simpliciter
3442 3984 3572 4055 reji—

1963 4079 2142 4143 ciunt,
2171 4078 2486 4150 ἐκϐάλλομεν.
2525 4078 2842 4131 Anomaaum
2879 4093 3004 4132 vero
3032 4080 3354 4134 anathemate
3384 4086 3570 4149 aperte

1963 4169 2241 4236 damnant,
2264 4173 2710 4242 ἁναθεματὶζομεν.

2038 4263 2255 4317 lntirma
2301 4263 2484 4333 igitur,
2514 4279 2576 4317 ac
2615 4265 2848 4332 jacentia
2895 4275 3211 4333 argumenta
3252 4265 3425 4332 vides,
3450 4282 3572 4337 qua:

1967 4354 2366 4410 'l‘illemontium
2397 4355 2447 4408 in
2471 4355 2714 4424 eligenda
2745 4357 3013 4411 sententia
3039 4357 3326 4426 ancipitem
3354 4357 3570 4412 habuis-

1968 4461 2028 4502 se
2071 4447 2184 4501 visa
2225 4456 2372 4501 sunt.
2419 4446 2599 4500 Placet
2623 4455 2798 4502 tamen
2831 4463 2995 4502 unum
3024 4447 3200 4502 adhuc
3229 4464 3325 4517 pro
3355 4448 3573 4503 Liberio

1971 4539 2339 4594 teSIimonium
2393 4553 2539 4592 nunc
2583 4555 2650 4593 ex
2706 4537 2908 4594 Hilario
2950 4538 3166 4595 afferre.
3227 4539 3425 4594 Fuerat
3480 4541 3572 4596 ille

1888 4609 1940 4670 D
1969 4631 2192 4687 effectus
2215 4633 2416 4686 certior
2439 4631 2818 4702 episcoporum
2842 4631 3047 4701 aliquot
3071 4631 3283 4697 litteris,
3310 4630 3360 4684 in
3384 4630 3571 4703 Ancy~

1969 4739 2102 4780 rana
2149 4723 2381 4796 synodo,
2410 4738 2570 4793 quam
2611 4732 2892 4793 tantopere
2925 4723 3272 4791 laudaverat,
3303 4725 3576 4780 anathema

1971 4813 2411 4869 Consubstantiali
2433 4814 2656 4880 dictum,
2708 4829 3029 4885 quamquam
3056 4816 3156 4870 hoc
3169 4815 3446 4870 decretum
3462 4818 3576 4886 epi-

1969 4908 2117 4977 sc0pi
2145 4907 2220 4962 illi
2245 4917 2442 4961 tectum
2471 4907 2693 4969 deinde,
2724 4922 2787 4961 ac
2816 4921 3086 4962 secretum
3113 4906 3315 4964 habere
3341 4909 3577 4964 studuis-

1971 5011 2111 5055 sent.
2144 5000 2404 5054 Rationes
2443 4999 2623 5067 itaque
2654 5015 2844 5054 omnes
2877 5001 3073 5070 quibus
3111 5003 3455 5056 temerarium
3495 5001 3576 5055 fa-

1968 5096 2121 5151 cinus
2153 5095 2290 5148 tueri
2314 5101 2567 5164 peterant
2589 5109 2710 5147 cum
2733 5093 3023 5155 attulisset.
3054 5109 3254 5166 easque
3283 5096 3577 5149 vehemen-

1968 5187 2178 5241 tissime
2211 5194 2601 5257 expugnasset,
2632 5193 2743 5239 tum
2778 5185 2895 5240 haec
2939 5187 3050 5240 ait:
3085 5185 3192 5240 Sed
3222 5189 3353 5255 forte
3375 5185 3574 5236 dicetur

1967 5283 2142 5336 mihi:
2175 5281 2347 5350 Aliqui
2390 5279 2543 5335 hodie
2572 5296 2635 5335 ea:
2668 5280 2746 5334 his
2771 5321 2788 5346 ,
2814 5281 2902 5350 qui
2935 5289 3043 5332 tum
3073 5279 3268 5348 synodo
3295 5276 3578 5348 (Nicaeum)

1967 5375 2332 5446 interfuerant,
2358 5373 2628 5428 tacendum
2646 5374 2708 5426 de
2731 5372 2996 5426 homousio
3021 5370 3373 5424 decreverunt.
3397 5367 3462 5422 Et
3484 5385 3576 5443 ego

1968 5469 2158 5524 invitus
2189 5469 2304 5523 licet
2331 5465 2647 5538 respondebo
2684 5465 2893 5530 dicenti,
2913 5461 3161 5532 numquid
3178 5477 3280 5516 non
3300 5473 3347 5517 et
3360 5453 3476 5535 'ipsi
3502 5473 3582 5520 ta-

1977 5653 2032 5708 p.
2065 5637 2189 5708 262.

2080 5711 2126 5774 ε)
2169 5706 2354 5762 Contr.
2381 5702 2570 5758 Const.
2601 5715 2750 5757 num.
2774 5699 2864 5756 26.

2029 5708 2139 5850 id)
2179 5779 2255 5833 De
2284 5775 2416 5846 Syn.
2448 5789 2595 5829 num.
2626 5774 2682 5828 2.

2081 5778 2139 5849 ά)
2179 5779 2255 5833 De
2284 5775 2416 5846 Syn.
2448 5789 2595 5829 num.
2626 5774 2682 5828 2.
