4138 6178
548 332 655 385 ’307

1778 325 2091 387 SANCTUS
2132 317 2452 388 oitlaSus
2495 331 2696 388 [’APA.

3754 328 3860 396 308

550 451 712 505 cendo
735 453 796 504 de
818 451 1222 504 homaeusioesse
1236 448 1596 503 constituunt?
1625 448 1734 502 Uro
1768 461 1883 515 vus,
1915 461 1978 503 ne
2002 450 2144 519 qnis-
2175 447 2228 512 Α
2253 459 2338 502 aut
2367 449 2490 518 quid
2513 466 2574 502 ea:
2605 449 2819 503 sincera:
2849 447 2970 518 ﬁdei
2995 449 3306 502 conscientia
3327 453 3578 520 reliquum
3597 454 3702 507 'est?
3729 451 3856 508 Non

547 553 700 609 quam
749 543 883 595 alius
920 553 986 596 ex
1016 541 1096 597 his
1137 545 1320 612 p'rcete'r
1348 555 1520 596 senem
1568 539 1787 596 [Iasium
1825 545 2146 612 reperiatur,

545 636 632 705 qui
672 635 941 690 tacendum
976 647 1084 691 esse
1123 637 1371 690 existimet
1398 635 1460 690 de
1485 645 1696 706 utroque
1727 636 1823 708 (a).
1859 623 2022 692 Vides
2053 637 2151 690 ita-

549 744 656 799 que
707 732 868 784 uulus
907 723 1054 784 llusii
1107 731 1415 798 exemplum
1449 735 1546 798 pro
1574 727 1923 784 Semlarianis
1961 729 2029 783 ab
2058 729 2151 783 Hi-

545 822 682 875 lario
727 822 1044 890 productum
1075 866 1089 889 ,
1138 838 1460 894 quamquam
1507 833 1694 878 eorum
1747 823 2148 894 pr0pugnandze

545 915 827 972 sententiae
875 915 1016 971 haud
1047 920 1179 972 satis
1211 917 1495 983 idoneum,
1525 917 1649 985 quia
1683 919 1878 972 ilosius
1916 919 2146 972 homou-

545 1006 685 1061 slum
719 1023 871 1078 atque
900 1023 962 1063 ac
990 1007 1355 1064 homdausi'um
1382 1025 1409 1062 a
1442 1008 1547 1064 [ide
1573 1001 1886 1064 sustulerat.
1919 1010 2025 1064 Cur
2049 1009 2148 1079 igi-

544 1109 632 1154 tur
682 1099 880 1155 Liberii
921 1101 1173 1171 exemplo
1214 1118 1318 1156 non
1363 1103 1530 1156 utitur
1561 1103 1728 1158 reide
1753 1118 1856 1172 qua
1885 1102 2148 1174 agebatur

541 1193 928 1249 confirmanda:
958 1194 1274 1264 aptissimo?
1303 1195 1382 1250 An
1417 1195 1650 1250 llilarius
1674 1193 1777 1249 hoc
1797 1193 2145 1250 dissimulans

543 1285 838 1353 praeteriit?
888 1286 998 1340 lloc
1041 1301 1107 1341 ne
1138 1285 1398 1356 suspicari
1439 1287 1651 1356 quidem
1685 1286 1826 1340 licet.
1869 1283 1952 1340 An
1984 1285 2146 1356 igitur

542 1379 859 1450 ignoravit?
898 1379 1030 1448 Quis
1071 1393 1199 1434 vero
1245 1381 1482 1434 animqu
1536 1379 1792 1434 inducere
1845 1380 2043 1450 possit,
2087 1387 2145 1435 ut

540 1476 747 1542 credat,
775 1475 1140 1531 Semiarianos
1168 1475 1284 1545 ejus
1312 1473 1581 1544 puiitillcis
1616 1474 1876 1544 potiorem
1907 1472 2145 1528 auctori-

537 1577 701 1623 tatem
743 1569 1014 1638 negligere
1047 1570 1319 1638 potuisse,
1349 1583 1411 1621 ac
1434 1577 1545 1621 rem
1565 1608 1580 1632 ,
1611 1582 1770 1637 quam
1798 1565 2009 1620 illorum
2042 1569 2142 1621 iiii-

539 1660 728 1730 primis
767 1659 1026 1716 intrrerat
1060 1659 1266 1731 vulgari
1289 1668 1448 1730 quam
1484 1661 1748 1726 maxime,
1779 1658 2036 1714 Hilarium
2063 1661 2142 1730 ip-

538 1767 656 1808 suiu
676 1796 690 1819 ,
725 1768 787 1807 ac
830 1765 1058 1808 caeteros
1102 1769 1290 1809 omnes
1322 1753 1460 1808 clam
1492 1769 1614 1809 esse
1644 1752 1911 1809 voluisse?
1939 1753 2140 1810 Verum

2254 552 2329 596 est
2371 551 2577 596 exslans
2620 543 2666 596 ei
2712 541 2780 594 ad
2809 543 3057 612 originem
3085 544 3374 597 substantia
3408 545 3585 614 aliqua
3607 547 3726 614 alia,
3751 549 3855 602 nisi

2251 636 2363 688 sola
2384 650 2498 704 quia
2531 633 2624 687 Dei
2653 645 2725 687 est
2747 650 2764 688 :
2786 643 2841 687 ut
2870 636 2922 687 in
2950 649 3008 687 eo
3036 633 3169 689 nihil
3199 636 3344 689 aliud
3387 640 3565 691 natum
3608 656 3710 693 esse
3738 655 3854 711 pos-

2253 729 2317 782 sit
2344 741 2497 796 quam
2518 743 2665 780 omne
2691 727 2827 794 quod
2851 726 2946 782 Dei
2973 729 3040 781 sit
3057 771 3069 787 .
3099 729 3222 797 quia
3246 745 3347 782 non
3368 747 3432 784 ea:
3458 732 3623 785 nihilo
3652 743 3851 788 exstant

2251 817 2462 875 aliunde
2488 837 2589 874 non
2607 820 2833 875 subsistit
2859 822 2958 890 id).
2990 821 3104 876 Hoc
3126 823 3307 893 itaque
3337 823 3454 878 loco
3487 824 3676 880 Hilarii
3699 841 3854 896 aper-

2253 917 2358 967 tam
2399 921 2453 967 et
2485 912 2820 966 manifestam
2868 914 3195 968 sententiam
3249 914 3442 970 vides:
3493 915 3698 971 frustra
3729 927 3856 974 vero

2251 1007 2451 1063 dixt-ris
2487 1007 2639 1063 illum
2687 1007 2827 1062 haud
2875 1007 3117 1079 probasse
3161 1023 3272 1062 eam
3302 1011 3578 1078 formulam
3606 1019 3858 1082 tanquam

2249 1099 2499 1170 integrant
2529 1108 2576 1153 et
2600 1101 2898 1171 perfectam,
2931 1100 3018 1152 sed
3044 1099 3140 1152 hoc
3170 1101 3348 1170 egisse,
3375 1103 3525 1170 utqui
3555 1113 3616 1156 ea
3637 1105 3858 1158 uteban-

2251 1201 2352 1257 tur,
2387 1208 2472 1245 eos
2497 1191 2723 1245 alliceret
2746 1191 2814 1245 ad
2837 1191 3143 1245 Catholicam
3165 1191 3339 1262 ﬁdem.
3365 1193 3568 1259 Quibus
3597 1194 3742 1249 enim
3776 1197 3850 1250 ita

2249 1285 2498 1340 rescribit
2527 1285 2906 1340 Occidentales
2937 1285 3168 1348 fuerant,
3221 1301 3286 1340 ac
3325 1286 3567 1356 perfecte
3595 1289 3851 1343 catholici

2249 1379 2511 1447 episcopi,
2541 1388 2700 1446 atque
2731 1377 2795 1432 iis
2826 1389 2948 1431 cum
2999 1380 3114 1432 litec
3135 1378 3342 1441 scribit,
3373 1379 3609 1450 aliquam
3639 1379 3691 1434 in
3735 1382 3854 1436 viro

2249 1471 2614 1540 integerrimo,
2643 1486 2706 1526 ac
2733 1472 2785 1525 iu
2815 1486 2870 1527 re
2892 1473 3132 1526 omnium
3166 1475 3423 1540 maxima,
3448 1474 3848 1531 simulationem

2247 1562 2509 1631 suspicari
2548 1563 2814 1632 piaculum
2844 1574 2956 1618 est.
2990 1565 3070 1618 Au
3101 1564 3284 1632 itaque
3324 1563 3717 1622 inconstantem
3755 1581 3850 1637 po-

2247 1657 2354 1709 titts
2385 1657 2436 1710 in
2466 1671 2559 1709 sua
2605 1655 2760 1710 illum
2815 1658 3087 1711 sententia
3115 1655 3393 1712 dicemus?
3425 1659 3651 1725 Magnus
3678 1657 3847 1713 Baro-

2246 1748 2390 1814 nius,
2420 1759 2540 1819 qua:
2573 1749 2625 1803 in
2668 1749 2858 1804 iisdem
2919 1752 3218 1821 fragmentis
3261 1751 3523 1806 adversus
3572 1751 3848 1808 Liberium

536 1847 862 1915 ignoraverll
894 1843 1150 1908 Hilarius,
1178 1846 1321 1916 quod
1352 1844 1596 1916 profecto
1621 1846 1777 1901 fidem
1805 1856 2048 1918 superat,
2072 1863 2140 1902 an
2172 1841 2221 1906 B
2252 1843 2414 1897 verba
2450 1843 2699 1913 legimus,
2733 1844 2961 1914 margini
2988 1843 3256 1914 adscripta
3278 1844 3442 1900 inisse
3467 1855 3675 1912 censet.
3707 1856 3847 1902 elex

535 1953 665 1994 vero
713 1939 974 2009 ignoravit
1014 1933 1242 2003 Valens,
1277 1935 1561 2006 UrSacius,
1592 1949 1646 1994 et
1667 1938 2006 2007 Carminius,
2045 1940 2137 2010 qui

533 2029 697 2088 rebus
739 2038 769 2086 a
801 2025 1018 2087 leerio
1058 2034 1226 2101 gestis
1256 2044 1549 2101 praesentes
1584 2030 1830 2087 fuerant?
1870 2032 1980 2086 Cur
2009 2047 2138 2087 vero

533 2145 655 2182 cum
681 2127 716 2180 ii
750 2127 801 2179 iu
826 2125 1158 2182 Ariminensi
1188 2125 1422 2180 concilio
1451 2124 1593 2182 Usiw
1619 2143 1813 2181 nomen
1843 2126 2132 2193 sublatum,

533 2237 597 2276 ac
653 2222 867 2276 tertiam
911 2219 1265 2276 Sirtniensem
1306 2219 1591 2276 formulam
1623 2224 1993 2277 confirmatam
2025 2223 2138 2278 vei-

533 2313 678 2378 lent,
728 2328 849 2368 cum
881 2315 949 2369 ob
980 2330 1097 2369 eam
1136 2329 1352 2368 causam
1385 2329 1416 2368 a
1447 2313 1700 2369 Patribus
1731 2325 2056 2385 quaererent,
2091 2317 2135 2370 si

530 2404 727 2460 Rufino
776 2407 1050 2461 credimus
1095 2405 1170 2476 (b)
1200 2449 1214 2473 ,
1259 2421 1327 2460 an
1370 2406 1694 2460 homousiunt
1739 2396 1887 2476 quod.
1927 2423 2136 2463 summa

529 2501 832 2552 Constantia
877 2499 1216 2567 retinebant,
1260 2513 1328 2552 an
1371 2507 1499 2554 Vero
1549 2495 1810 2553 Christum
1857 2497 2137 2556 Dominum

528 2589 881 2657 adorandum,
911 2593 1012 2647 sibi
1047 2594 1473 2664 proposuissent,
1498 2591 1566 2648 de
1591 2589 1806 2648 Liberio
1824 2609 1892 2649 ne
1913 2595 2134 2650 verbum

528 2682 790 2752 quidem?
828 2686 912 2741 Au
963 2683 1102 2740 forte
1143 2686 1290 2740 nullo
1332 2688 1383 2741 in
1417 2689 1588 2756 pretio
1636 2687 1776 2757 apud
1811 2687 1934 2743 illos
1960 2687 2137 2744 fuerat

528 2783 747 2829 aeternae
775 2773 938 2831 Urbis
961 2778 1201 2848 episcolii
1228 2782 1544 2842 auctoritas,
1561 2786 1617 2834 et
1637 2778 1967 2848 exemplum,
1991 2779 2132 2850 quod

528 2867 664 2921 tanti
708 2865 948 2923 fecerant
992 2875 1118 2924 ante
1167 2869 1287 2939 ejus
1334 2869 1579 2926 exsilium
1605 2912 1620 2937 ,
1649 2883 1701 2927 et
1734 2871 2134 2930 Mediolaneuse

525 2959 837 3023 concilium,
883 2971 940 3014 ut
961 2961 1028 3015 ah
1049 2961 1143 3016 illo
1173 2975 1280 3017 uno
1298 2971 1619 3018 czeterurutn
1649 2964 1890 3020 omnium
1922 2966 2132 3022 animos

530 3052 766 3121 pendere
794 3051 1186 3108 arbitrarentur
1209 3055 1232 3108 ?

527 3197 553 3260 ξ
581 3195 714 3260 Vill.
739 3224 798 3232 —
820 3197 995 3248 Hilarii
1021 3200 1501 3260 exsecrationes,“
1529 3201 1718 3250 celebri
1739 3202 2124 3260 fragmentorum

590 3259 697 3308 loco
720 3260 956 3328 adversus
994 3257 1242 3310 Liberium
1267 3255 1429 3328 afferri
1456 3262 1640 3328 Stiiilzls,
1667 3262 1800 3314 nullo
1814 3255 1930 3315 loco
1955 3269 2126 3317 haberi

588 3329 821 3393 oportere
844 3323 1244 3393 dt-tiionsti'attir,_
1271 3325 1403 3393 velut
1428 3338 1493 3373 nx
1532 3323 1734 3393 rejectis
1754 3329 1814 3375 ab
1849 3341 1911 3377 eo
1935 3332 2129 3393 scriptis

589 3391 836 3446 acceptas,
860 3387 1086 3449 bonaque
1112 3386 1207 3436 ﬁde
1232 3386 1358 3436 haud
1380 3401 1556 3452 agere,
1576 3386 1658 3452 Qui
1678 3390 1737 3439 iis
1759 3399 1980 3441 utuntur.

599 3513 735 3567 Cum
769 3515 931 3584 igitur
955 3523 1234 3571 teneamus
1255 3517 1606 3574 Sirmiensetn
1633 3519 1812 3583 fidem,
1839 3537 1902 3577 ac
1930 3521 2130 3579 formu-

528 3604 653 3672 lam,
699 3621 859 3675 quam
905 3602 1149 3663 Liberius
1181 3626 1278 3680 pro
1309 3610 1558 3666 humanm
1591 3611 1898 3683 fragilitatis
1946 3631 2131 3671 exem-

525 3693 615 3765 plo
649 3697 925 3763 professus
955 3707 1061 3765 est,
1088 3701 1153 3755 ad
1181 3717 1241 3758 ea
1275 3717 1395 3774 quin
1417 3702 1542 3758 hinc
1573 3704 1768 3769 ﬂuunt,
1793 3709 2126 3764 consectaria

527 3787 701 3841 oratio
723 3792 1086 3845 convertenda
1122 3802 1288 3847 esset.
1325 3797 1394 3848 At
1445 3795 1559 3850 lucc
1616 3811 1644 3849 a
1697 3812 1785 3851 me
1829 3800 2126 3854 omittenda

525 3893 647 3933 esse
668 3881 993 3946 existimavi,
1031 3890 1141 3936 tum
1168 3885 1309 3952 quod
1342 3898 1504 3938 unum
1540 3885 1640 3941 hoc
1682 3886 1813 3941 mihi
1846 3893 2124 3959 proposui,

527 3976 588 4022 ut
633 3983 813 4023 rerum
846 3980 1119 4040 gestarum
1161 3974 1441 4029 veritatem
1474 3976 1541 4030 ab
1571 3976 1884 4048 involucris,
1935 3983 2128 4050 quibus

525 4061 680 4130 quasi
710 4061 890 4133 obtegi
930 4065 1234 4130 videbatur,
1269 4083 1333 4120 eo
1362 4083 1468 4137 quo
1493 4081 1707 4136 possem
1739 4073 1920 4139 modo,
1955 4075 2127 4144 expli-

524 4167 729 4220 carem,
756 4165 867 4209 tum
897 4157 1037 4226 quod
1064 4158 1114 4211 iu
1147 4174 1208 4213 ea
1237 4175 1296 4215 re
1321 4161 1597 4215 tractanda
1624 4161 1715 4218 alii
1738 4171 1865 4220 ante
1887 4182 1972 4222 me
1998 4182 2128 4238 ope-

525 4257 638 4298 ram
667 4245 956 4317 diligenter
981 4249 1318 4306 collocaruut
1339 4267 1510 4307 suam.
1529 4252 1816 4324 Reliquum
1839 4258 1998 4328 igitur
2019 4272 2122 4329 est,

524 4345 586 4392 ut
608 4338 885 4395 videamus
915 4349 1013 4397 Cur
1042 4343 1325 4400 formulam
1356 4345 1525 4409 illam,
1574 4364 1735 4417 quam
1767 4351 1910 4405 velut
1939 4352 2128 4408 callio-

524 4429 684 4485 licam
708 4435 1030 4503 probaverat
1055 4435 1293 4494 Hilarius
1332 4439 1384 4493 in
1424 4439 1564 4494 libro
1593 4441 1658 4497 de
1685 4442 1938 4514 Synodis,
1970 4447 2127 4516 per/i-

523 4521 626 4577 diai
650 4525 858 4580 Arianae
895 4527 1012 4583 loco
1045 4529 1292 4584 habuerit
1339 4531 1390 4585 in
1426 4531 1782 4602 Fragmentis.
1829 4536 1958 4591 Nam
2001 4551 2123 4595 cunt

2243 1953 2309 1993 eo
2345 1939 2399 1992 in
2447 1947 2646 1992 textum
2687 1938 2881 1992 deinde
2929 1940 3208 1993 translata.
3251 1939 3458 1993 Natalis
3507 1939 3844 2010 Alexander,

2243 2038 2353 2082 tum
2387 2028 2523 2082 lianc
2556 2027 2769 2083 Baronii
2791 2029 3102 2099 opinionem
3153 2030 3364 2095 prohat,
3400 2040 3512 2084 tum
3542 2032 3706 2084 aliam
3755 2049 3846 2086 ra-

2241 2121 2441 2175 tionem
2466 2120 2634 2188 addit,
2665 2121 3019 2177 Siriiiiensem
3050 2121 3260 2175 scilicet
3284 2120 3546 2176 ecthcsim
3573 2137 3693 2190 qua:
3723 2137 3843 2177 ver-

2241 2211 2324 2267 bis
2353 2221 2509 2268 tenus
2534 2213 2800 2268 catholica
2832 2225 2934 2278 est,
2967 2216 3224 2286 spectatis
3254 2225 3430 2270 tamen
3463 2217 3580 2286 ejus
3603 2218 3840 2272 auctori-

2243 2309 2343 2363 bus
2368 2323 2667 2379 eorumque
2701 2310 2962 2374 consiliis,
2987 2309 3258 2380 perﬁdiam
3285 2309 3482 2364 merito
3527 2310 3594 2365 ab
3641 2309 3841 2367 Hilario

2241 2399 2463 2464 dictam;
2495 2397 2638 2472 quod
2691 2403 2853 2457 etiam
2893 2401 3241 2457 Tillemoutio
3291 2403 3514 2474 placuit.
3560 2403 3671 2474 Ego
3709 2418 3840 2459 vero

2241 2507 2346 2546 non
2382 2494 2563 2559 video,
2591 2507 2688 2548 cur
2712 2496 2953 2561 spectatis
2974 2495 3268 2549 auctaribus
3288 2509 3349 2549 ea
3379 2495 3513 2549 ﬁdes
3543 2495 3595 2549 in
3621 2495 3840 2552 Liberio

2240 2586 2460 2657 perﬁdia
2489 2586 2656 2640 videri
2703 2585 2926 2651 debeat;
2959 2602 3080 2641 eum
3112 2594 3241 2642 vero
3273 2585 3340 2640 ad
3371 2586 3678 2643 Gallicanos
3722 2589 3840 2659 epi-

2239 2691 2432 2747 scopos
2460 2679 2706 2745 mittitur,
2743 2681 2955 2734 sincera
2999 2690 3051 2734 et
3087 2679 3352 2734 catholica
3401 2681 3496 2746 sit,
3529 2691 3691 2750 atque
3739 2695 3839 2737 cur

2240 2769 2327 2825 illa
2358 2786 2478 2825 eum
2512 2771 2820 2841 pontificem
2844 2772 3296 2833 subscribentcui.
3323 2773 3614 2827 luereticum
3633 2774 3837 2838 ‘efllce-

2239 2878 2299 2916 re
2322 2863 2526 2919 Hilario
2555 2864 2806 2933 potuerit,
2835 2875 3022 2918 eorum
3054 2879 3212 2930 vero,
3237 2863 3302 2919 ad
3338 2877 3475 2935 quos
3503 2867 3833 2935 mittebatur,

2239 2956 2472 3021 lidei,ac
2520 2957 2764 3026 religioni
2809 2973 3008 3013 nocere
3052 2973 3158 3012 nou
3210 2967 3410 3028 posset.
3455 2960 3644 3014 Petrus
3674 2960 3836 3030 igitur

2237 3046 2585 3102 Constantius
2610 3048 2960 3104 Sirmiensem
2980 3061 3098 3103 eam
3124 3051 3518 3119 expositionem
3549 3052 3617 3106 ab
3642 3051 3835 3107 eodem

2239 3142 2440 3195 Hilario
2467 3157 2758 3211 numquam
2804 3153 2866 3196 ex
2896 3144 3078 3196 animo
3111 3145 3390 3211 probatam
3420 3143 3586 3198 fuisse
3614 3145 3830 3211 asserit,

2154 3235 2197 3297 C
2233 3234 2522 3304 siquidem,
2556 3235 2812 3304 quidquid
2843 3246 3027 3304 praeter
3060 3237 3214 3305 [idem
3245 3249 3398 3290 unam
3422 3236 3693 3293 Nicamam
3723 3245 3796 3294 est
3815 3275 3829 3305 ,-

2233 3327 2485 3398 perﬁdim,
2511 3345 2611 3381 non
2639 3327 2762 3398 ﬁdei
2792 3329 2911 3382 loco
2960 3337 3274 3384 constanter
3302 3330 3594 3396 habuerat;
3625 3343 3733 3403 ψη)
3764 3347 3832 3389 ex

2234 3422 2408 3487 capite
2437 3419 2695 3474 Hiiariuin
2731 3422 2905 3488 ip~um
2949 3430 3059 3474 tum
3090 3423 3160 3474 ab
3209 3422 3566 3476 inconstantia
3615 3431 3831 3494 purgat,

2236 3520 2344 3564 tum
2369 3512 2652 3566 anathema
2688 3509 2900 3566 Liberio
2922 3511 3106 3568 dicere
3131 3513 3268 3567 haud
3300 3515 3567 3569 immerito
3591 3517 3836 3584 potuisse

2235 3611 2384 3670 putat
2410 3602 2517 3672 (e):
2551 3613 2604 3656 at
2628 3617 2694 3657 eo
2727 3603 2843 3672 ipso
2870 3603 3028 3671 libro,
3060 3621 3124 3658 ex
3157 3619 3264 3675 quo
3292 3606 3371 3659 vir
3394 3607 3586 3662 ductus
3611 3623 3673 3663 ea
3713 3627 3836 3663 ior-

2234 3697 2298 3749 ba
2334 3695 2382 3747 iu
2409 3710 2521 3748 rem
2573 3710 2720 3749 suam
2755 3697 3048 3761 transtulit,
3085 3699 3498 3765 Antiochenam,
3555 3701 3836 3770 Philippo-

2234 3787 2545 3856 politauain,
2571 3798 2625 3842 et
2649 3788 3001 3844 Sirmiensem
3036 3787 3193 3845 fidem
3225 3793 3419 3847 iterum
3451 3794 3633 3849 laudat
3667 3796 3811 3850 idem

2238 3880 2473 3936 Hilarius
2505 3883 2605 3952 (f);
2638 3886 2711 3938 ait
2740 3885 2883 3940 enim
2913 3903 2926 3940 :
2959 3885 3191 3940 Damnas
3228 3904 3428 3959 quoque
3452 3899 3502 3943 et
3530 3890 3835 3951 substantiis

2232 3989 2434 4040 nomen,
2461 3992 2562 4045 quo
2594 3989 2640 4032 te
2665 3988 2710 4031 et
2737 3978 3038 4034 Sardicensi
3063 3983 3280 4052 synodo,
3304 3991 3350 4035 et
3377 3982 3670 4048 Sirmiensi,
3688 3986 3831 4054 pium

2229 4081 2339 4120 esse
2365 4066 2774 4125 Occidentalibus
2804 4073 3147 4140 mentiebaris,
3169 4075 3305 4144 quod
3335 4084 3502 4130 tamen
3532 4075 3834 4148 prapheairo

2231 4163 2531 4216 auctoritate
2574 4174 2864 4237 susceptum
2904 4166 3028 4235 ﬁdei
3077 4169 3464 4240 intelligentiam
3513 4171 3828 4228 continebat.

2230 4255 2381 4320 Quod
2405 4257 2448 4308 si
2471 4270 2564 4310 eas
2590 4256 2735 4326 ipsas
2766 4258 3000 4313 Hilarius
3032 4260 3222 4314 eodem
3257 4261 3376 4316 loco
3405 4263 3544 4316 haud
3597 4265 3830 4318 omnino

2231 4348 2459 4416 probare
2505 4349 2741 4420 alioquin
2774 4353 3043 4416 visusest,
3072 4353 3125 4406 id
3155 4367 3216 4408 se
3249 4353 3429 4408 facere
3456 4355 3650 4420 innuit,
3699 4359 3826 4426 quia

2229 4438 2360 4492 nihil
2389 4439 2453 4493 iis
2479 4449 2749 4510 eratopus
2775 4450 2900 4512 post
2921 4442 3189 4496 Nicaenatn
3216 4443 3396 4510 fidem;
3429 4462 3551 4501 naut
3577 4447 3679 4501 etsi
3707 4449 3827 4501 nul-

2230 4532 2338 4586 lum
2370 4533 2421 4587 in
2454 4534 2518 4587 iis
2545 4535 2730 4587 vitium
2767 4543 3045 4604 agnoscat,
3075 4535 3266 4591 aberat
3293 4546 3468 4592 tamen
3517 4527 3678 4593 causa
3701 4541 3827 4593 reli-

522 4617 760 4684 episoopi
790 4617 995 4686 aliquot
1012 4619 1318 4675 Germania:
1351 4623 1540 4691 primm
1567 4634 1622 4680 et
1667 4627 1917 4681 secunda:
1943 4629 2011 4684 ab
2056 4646 2122 4687 eo
2149 4625 2204 4692 1)
2227 4631 2403 4698 gloste,
2433 4636 2490 4682 ut
2520 4628 2612 4682 ille
2638 4629 2732 4692 ait,
2763 4628 3058 4697 voluntatis,
3084 4630 3347 4700 siquidem
3373 4632 3623 4685 bonorum
3646 4634 3828 4687 demu-

522 4717 848 4772 quaererent,
872 4710 998 4779 quid
1030 4710 1316 4766 Orientales
1340 4714 1391 4766 in
1430 4714 1552 4782 ﬁdei
1589 4719 1996 4786 professionibus
2035 4731 2124 4776 aut

525 4798 817 4864 gessissent,
850 4811 939 4852 aut
963 4813 1215 4870 gererent,
1249 4813 1614 4875 rogaremque
1648 4809 1821 4878 illum,
1846 4821 1902 4866 ut
1931 4816 2128 4869 rescri-

526 4889 679 4943 beret
699 4931 712 4953 ,
738 4893 864 4960 quid
900 4893 1014 4962 ipse
1039 4911 1192 4966 super
1233 4899 1465 4951 omnibus
1496 4915 1670 4954 eorum
1698 4902 1847 4958 dictis
1889 4908 2118 4975 sentiret,

520 4992 642 5052 post
671 4982 911 5037 laudatas
942 4986 1302 5057 probatusque
1332 4991 1724 5048 Antidchenam
1757 4994 2017 5052 ecthesim
2061 4999 2114 5054 in

521 5074 816 5141 Eticteiiiis,
858 5090 921 5132 ac
948 5077 1514 5152 Philippopolitanam,
1543 5101 1702 5155 quam
1731 5088 2117 5147 Sardlcensem

517 5185 588 5224 ex
620 5169 978 5226 Orientalium
1005 5189 1098 5228 ore
1121 5186 1297 5240 vocat,
1324 5193 1446 5231 cum
1494 5178 1694 5236 deinde
1736 5182 1804 5236 de
1828 5181 2114 5241 Sirmiensi

516 5271 706 5318 contra
755 5263 1042 5320 Phatinum
1070 5267 1198 5333 agit,
1229 5269 1404 5337 primo
1425 5269 1668 5337 ejusdem
1723 5275 2115 5332 anathematis-

517 5367 609 5412 mo
655 5357 941 5434 ailato(c),
973 5361 1051 5416 sic
1075 5361 1192 5416 ait:
1238 5360 1368 5428 Quis
1407 5363 1492 5418 hic
1539 5365 1892 5438 ambiguitatis
1941 5371 2107 5441 locus,

580 5537 662 5664 ἔα)
703 5539 778 5618 De
801 5541 992 5611 synod.
1026 5558 1175 5598 num.
1210 5545 1298 5600 97.

608 5608 661 5664 bi
703 5611 818 5662 Lib.
854 5627 894 5664 ι.
931 5627 1048 5664 can.
1082 5615 1173 5664 26.

608 5608 661 5745 ὸς
703 5608 894 5675 Libft,
931 5627 1048 5682 cap.
1082 5615 1173 5670 26.

608 5700 632 5730 υ
705 5678 806 5730 Eos
820 5693 1010 5745 autem,
1039 5687 1124 5745 qui
1155 5703 1173 5738 ι

584 5669 657 5747 ἦν)
705 5669 1013 5754 Eos-autem;
1039 5669 1137 5752 qui
1155 5669 1352 5754 dicunt,
1391 5693 1461 5747 de
1487 5693 1645 5747 nullis
1664 5694 1978 5750 exstantibus
2005 5696 2100 5751 Fi-

509 5749 738 5835 lius,_ttel
763 5747 848 5835 Ade
868 5747 1371 5835 altera'substautia,
1403 5774 1451 5816 et
1476 5777 1578 5819 non
1621 5747 2100 5835 absisteretur—toil

505 5830 613 5878 erat
638 5828 835 5890 tempus
864 5818 942 5876 vel
968 5823 1233 5898 steculum,
1259 5818 1466 5906 quando
1491 5851 1590 5897 non
1633 5818 1988 5909 smn—alieno;
1999 5818 2100 5904 iiii

2227 4723 2370 4786 latio,
2400 4722 2524 4775 mali
2558 4723 2819 4776 meditatio
2841 4732 2934 4790 est,
2959 4734 3003 4777 et
3029 4740 3131 4778 non
3170 4727 3456 4778 necessaria
3509 4727 3825 4793 emendatio,-

2225 4816 2565 4886 peroersitatis
2593 4815 2795 4869 occasio
2816 4827 2911 4870 est.
2939 4819 3008 4870 At
3035 4831 3186 4883 vero,
3209 4831 3274 4871 an
3299 4817 3369 4871 ob
3391 4832 3509 4872 eam
3540 4819 3824 4874 dumtaxat

2225 4922 2464 4974 causam,
2495 4907 2772 4963 Liberium
2794 4919 3115 4979 apostolum,
3139 4911 3593 4980 prtesarieatorem
3611 4911 3820 4978 dicere,

2223 5016 2285 5055 ac
2316 5001 2444 5055 diris
2478 5003 2731 5054 exsecrari
2782 5003 2905 5071 jure
2947 5003 3182 5072 potuerit
3220 5004 3455 5060 Hilarius
3481 5047 3496 5071 ,
3547 5020 3712 5061 nemo
3765 5015 3824 5062 ut

2220 5093 2434 5162 Opinor,
2460 5093 2613 5148 facile
2642 5096 2992 5148 concesserit.

2295 5187 2575 5257 Equidem,
2621 5197 2676 5240 ut
2706 5187 2881 5241 dicam
2915 5198 3101 5259 aperte
3130 5190 3274 5260 quod
3301 5191 3500 5256 sentio,
3527 5205 3634 5246 non
3656 5191 3819 5247 video

2217 5293 2314 5334 cur
2345 5277 2630 5334 llilarianac
2659 5283 2996 5337 auctoritatis
3023 5291 3171 5337 tanta
3207 5284 3379 5355 (absit
3405 5286 3604 5340 invidia
3632 5285 3822 5357 dicto)

2217 5375 2270 5429 in
2302 5377 2404 5430 hoc
2453 5389 2561 5446 quo
2591 5391 2712 5431 sese
2760 5377 3002 5447 explicat
3055 5379 3174 5435 loco
3225 5381 3370 5436 ratio
3418 5380 3666 5437 habenda
3715 5383 3812 5437 sit.

2209 5569 2386 5614 sancta
2411 5570 2458 5613 et
2493 5560 2747 5615 catholica
2776 5560 3027 5618 Ecclesia.

2284 5633 2361 5702 (ά)
2405 5632 2476 5685 De
2506 5632 2638 5700 Syn.
2670 5649 2722 5684 ii.
2747 5633 2839 5688 59.

2205 5781 2239 5825 η
2279 5699 2355 5824 ἐξ)
2396 5702 2515 5756 Viri.
2547 5699 2730 5757 adiret.
2766 5705 2832 5759 ad
2877 5704 2970 5759 lib".
3011 5707 3174 5776 epist.
3207 5719 3288 5773 χι,
3313 5711 3368 5764 o‘t
3405 5699 3480 5765 ad
3515 5709 3707 5784 frigus.
3748 5712 3806 5782 6,

2273 5842 2343 5919 (Ι)
2386 5842 2506 5905 Viti.
2537 5851 2714 5906 contr.
2743 5843 2960 5918 (ἔθηκα
3005 5864 3059 5906 ii.
3101 5849 3192 5924 εὖ,
3222 5849 3314 5924 si,
3343 5851 3437 5912 25,
