4138 6178
346 306 457 360 309

1725 298 2261 366 PROLECOMENA.

3543 316 3603 369 51
3613 315 3646 368 (Ι

345 420 519 475 Nemo
571 423 814 491 profecto
866 425 1149 495 negaverit
1186 424 1313 492 quin
1362 425 1675 494 fragmentis
1720 424 1826 481 illis
1883 424 1949 481 ad
1979 412 2027 489 Α
2058 437 2171 482 toto
2213 429 2363 497 sequi
2391 444 2547 498 posse
2568 430 2929 498 existimaret,
2959 431 3165 501 optimo
3190 444 3323 486 sane
3360 426 3588 485 consilio
3617 445 3647 484 a

352 524 603 583 poSteros
628 517 1000 582 transmissis,
1032 533 1281 586 magnum
1330 516 1586 573 Ecclesia:
1638 516 1952 572 thesaurum

351 607 677 674 servaverit,
708 623 773 662 ac
801 608 1045 678 ingentes
1098 618 1376 679 pr0ptcrea
1418 610 1543 679 quin
1578 609 1653 664 illi
1693 608 1954 664 habendae

355 702 469 754 sint
509 710 705 770 grates.
754 703 827 755 At
877 718 998 757 cum
1050 702 1102 757 in
1147 703 1210 757 iis
1244 703 1575 757 collocandis
1630 702 1809 757 nullus
1863 712 1955 756 aut

358 793 498 847 ordo
545 795 803 862 temporis
845 802 937 848 aut
988 800 1166 850 rerum
1214 803 1464 850 servatus
1513 794 1689 859 fuerit,
1722 810 1842 849 cum
1891 806 1954 850 ea

361 902 484 954 quae
514 887 684 955 primo
702 886 825 940 loco
852 888 1101 957 ponenda
1128 896 1282 941 erant
1310 898 1636 951 extremum,
1690 902 1809 956 qua:
1860 902 1954 940 ex-

366 987 537 1031 tremo
567 980 801 1046 priorem
826 988 1109 1048 occupent,
1137 977 1421 1050 farraginis
1446 995 1574 1033 casu
1615 980 1791 1048 potius
1820 994 1953 1032 con-

363 1078 527 1138 geste
570 1085 731 1137 quam
762 1070 896 1137 justi
936 1071 1119 1141 operis
1145 1087 1340 1124 nomen
1388 1087 1414 1123 a
1458 1071 1588 1125 viris
1619 1070 1789 1124 doctis
1812 1071 1954 1124 obti-

360 1168 507 1214 nent.
542 1161 674 1226 Quis
697 1163 857 1231 igitur
882 1174 1060 1217 certos
1096 1179 1193 1215 nos
1222 1164 1377 1217 faciat
1428 1178 1493 1216 an
1542 1163 1667 1216 liber
1693 1161 1757 1215 de
1785 1162 1957 1231 Syno-

356 1253 437 1307 dis
473 1253 622 1321 prior
646 1263 886 1323 tempore
914 1254 982 1309 sit
1010 1255 1308 1326 fragmento
1340 1256 1454 1323 illo,
1489 1256 1539 1309 in
1569 1272 1673 1325 quo
1703 1254 1770 1310 de
1792 1255 1955 1311 Libe-

354 1348 419 1401 rii
444 1347 601 1416 lapsu
630 1350 824 1417 agitur,
854 1364 919 1402 an
963 1365 1091 1403 vero
1138 1350 1427 1419 posterior,
1464 1357 1523 1403 ut
1554 1347 1678 1403 binc
1713 1348 1957 1418 judicare

355 1444 648 1510 possimus,
671 1454 875 1507 uirum,
902 1458 1022 1498 cum
1055 1459 1175 1498 eum
1210 1444 1404 1498 librum
1424 1444 1704 1506 scriberet,
1738 1460 1767 1498 a
1785 1442 1959 1514 preci-

359 1535 451 1601 piti
480 1535 574 1589 illo
602 1536 863 1591 adversus
892 1536 1164 1591 Liberium
1185 1536 1389 1607 judicio
1421 1552 1479 1592 re
1509 1536 1699 1591 melius
1728 1550 1791 1589 ac
1831 1534 1956 1589 dili-

354 1629 568 1697 gentius
599 1629 815 1699 cognita
837 1628 1167 1692 discesserit,
1204 1630 1409 1684 necne?

424 1719 656 1774 Confusa
701 1721 895 1776 deinde
944 1738 1122 1776 rerum
1155 1723 1458 1791 congeries,
1508 1736 1570 1773 ac
1617 1729 1955 1775 monstruosa

351 1826 435 1870 est
465 1817 582 1885 ejus
604 1818 787 1886 Operis
823 1816 1008 1880 facies,
1036 1825 1091 1869 ut
1129 1816 1240 1885 jam
1277 1814 1595 1885 przcmonui.
1626 1813 1682 1869 ld
1734 1814 1956 1869 minime
1986 1819 2033 1878 B

352 1922 512 1980 negat
539 1910 794 1965 Nicotaus
838 1908 1033 1975 Faber,
1067 1911 1157 1979 qui
1215 1910 1419 1977 primus
1444 1907 1495 1961 in
1535 1908 1705 1961 lucem
1748 1907 1949 1971 emisit,

352 2017 415 2056 ac
464 2003 513 2055 in
572 2018 633 2057 ea
686 2002 1040 2071 expolienda,
1092 2017 1155 2055 ac
1209 2003 1445 2056 obducto
1495 2000 1728 2069 quodam
1786 1998 1953 2055 veluti

353 2094 480 2148 fuco
503 2095 822 2161 occuleoda,
853 2104 959 2149 tota
986 2104 1234 2149 versatur
1266 2094 1513 2164 praefatio
1541 2090 1643 2149 viri
1673 2095 1818 2150 docti
1850 2094 1946 2149 Pe-

354 2188 422 2243 tri
455 2187 775 2242 Constantii.
808 2188 969 2243 Multa
999 2196 1271 2257 postremo
1300 2187 1349 2240 in
1377 2188 1442 2242 iis
1465 2198 1615 2252 sunt,
1656 2203 1776 2256 quae
1808 2184 1956 2242 festi-

353 2292 549 2336 nanter
571 2291 787 2337 exarata
840 2291 1140 2337 extremam
1182 2295 1420 2345 manum,
1446 2289 1501 2333 et
1544 2279 1788 2335 criticum
1814 2279 1957 2349 judi—

351 2381 495 2434 cium
523 2378 835 2434 desiderare
875 2379 1178 2435 videantur.
1212 2377 1336 2433 lltcc
1381 2377 1541 2446 igitur
1570 2376 1725 2431 facile
1762 2392 1847 2430 me
1877 2376 1955 2430 in-

352 2476 560 2528 ducunt
602 2482 661 2527 ut
710 2472 952 2538 credam,
980 2486 1041 2527 ea
1083 2486 1203 2542 qum
1254 2486 1396 2525 nunc
1443 2469 1781 2539 possidemus
1814 2468 1956 2537 frag-

354 2578 564 2631 menta,
626 2565 887 2620 Hilarium
917 2566 1057 2619 inter
1084 2566 1387 2633 reiectanea,
1408 2570 1572 2632 atque
1603 2577 1633 2616 a
1676 2574 1733 2617 se
1758 2564 1959 2631 impro-

352 2663 480 2716 bata
506 2662 781 2726 habuisse,
812 2676 1039 2730 eamque
1073 2669 1330 2730 prmterea
1364 2674 1524 2713 unam
1550 2672 1671 2713 esse
1716 2672 1956 2724 causam,

354 2771 455 2811 cur
476 2755 893 2823 imprecationes
915 2754 1036 2807 illas
1077 2758 1219 2808 nunc
1250 2752 1496 2823 legimus,
1530 2766 1812 2806 erasurum
1844 2766 1961 2820 pro-

355 2848 445 2901 cul
466 2846 650 2911 dubio,
669 2862 730 2900 ac
759 2845 861 2900 alia
889 2846 1109 2900 omnino
1137 2846 1485 2915 scripturum,
1519 2846 1563 2899 si
1593 2845 1828 2898 futurum
1865 2860 1961 2914 pu-

359 2950 549 3005 lasset,
577 2949 638 2994 ut
684 2955 744 2995 ea
776 2955 869 3009 per
921 2954 1109 2994 manus
1165 2938 1245 2993 ire
1291 2937 1581 3008 aliquando
1613 2946 1857 3007 possent,
1899 2950 1963 2991 ac

357 3034 537 3103 palam
596 3030 759 3089 fieri:
802 3048 976 3103 neque
1027 3033 1171 3088 enim
1219 3033 1453 3102 aliquam
1479 3033 1638 3086 aliam
1696 3033 1959 3086 rationem

358 3128 538 3193 video,
570 3143 671 3198 qua
703 3128 851 3181 illum
885 3127 1022 3181 tueri
1050 3126 1287 3196 alioquin
1320 3126 1583 3195 possimus
1604 3168 1616 3190 ,
1649 3140 1770 3179 cum
1804 3125 1872 3179 de
1895 3139 1960 3179 eo

360 3224 641 3293 pontifice,
666 3222 754 3291 qui
779 3234 888 3276 tum
930 3230 1053 3275 ante
1086 3221 1314 3290 lapsum,
1349 3231 1456 3273 tum
1476 3220 1733 3288 deinceps
1770 3220 1957 3284 etiam,
1987 3202 2032 3263 (ἶ

360 3334 557 3387 magno
583 3316 765 3371 animo
810 3316 966 3370 fidem
1011 3325 1334 3381 asserucrat,
1367 3314 1597 3383 atquein
1646 3314 1798 3383 lapsu
1841 3313 1959 3382 ipso

361 3408 585 3462 minime
614 3407 921 3462 deseruisse
951 3406 1122 3461 videri
1160 3416 1390 3476 poterat,
1431 3403 1545 3459 haec
1569 3403 1786 3474 indigne
1822 3404 1959 3458 scri-

362 3512 450 3572 pta
493 3501 791 3571 reliquerit.

437 3597 503 3650 At
536 3595 661 3666 quid
694 3593 761 3650 de
785 3592 1134 3663 Hieronymo,
1160 3592 1313 3663 cujus
1334 3592 1495 3646 etiam
1519 3590 1778 3645 adversus
1806 3590 1965 3645 Libe-

362 3687 502 3742 rium
553 3687 861 3742 testimonia
914 3687 1093 3741 afferri
1170 3678 1385 3741 solent?
1424 3684 1565 3740 Sane
1606 3684 1658 3737 in
1706 3683 1965 3737 Vaticano

363 3784 569 3852 regina:
627 3780 922 3836 Succorum
970 3777 1227 3834 Clironici
1289 3776 1692 3847 llieronymiani
1742 3774 1963 3842 Codice,

360 3890 525 3943 quem
565 3872 881 3928 Holstenius
930 3872 1249 3925 admiranda:
1299 3871 1559 3923 vetustatis
1598 3870 1853 3938 appellat,
1905 3883 1968 3923 ac

362 3963 470 4017 viri
492 3963 636 4018 docti
668 3977 717 4016 vr
744 3970 833 4016 aut
866 3978 938 4015 vn
994 3962 1195 4017 szcculo
1237 3965 1498 4030 scriptum
1532 3969 1741 4030 putant,
1771 3961 1838 4015 de
1883 3958 1971 4014 Li-

363 4058 507 4113 berii
528 4058 703 4125 lapsu,
720 4072 789 4111 ne
810 4056 1093 4126 vestigium
1107 4055 1322 4123 quidem
1351 4060 1587 4120 exstare,
1604 4069 1702 4107 nos
1717 4054 1973 4107 admonet

366 4154 453 4206 vir
481 4153 619 4207 clar.
661 4150 748 4205 Fr.
784 4150 1019 4204 Thomas
1036 4148 1363 4203 Mamacbius
1390 4147 1770 4202 Casauatensis
1819 4146 1973 4202 theo-

370 4248 548 4317 logus,
598 4255 756 4314 atque
788 4244 912 4298 hinc
947 4243 1166 4313 conjicit
1209 4241 1605 4297 recentioribus
1647 4241 1971 4309 exemplari-

374 4340 475 4393 bus
498 4338 749 4407 adjuncta
772 4352 914 4401 esse,
942 4352 1062 4406 qua:
1080 4336 1145 4390 ad
1167 4334 1412 4390 eamdem
1439 4348 1552 4387 rem
1580 4332 1847 4401 pertinent
1871 4331 1973 4403 (a).

374 4432 444 4490 Ut
503 4447 567 4490 ea
620 4447 749 4488 vero
802 4430 929 4485 mihi
976 4432 1138 4486 etiam
1185 4438 1433 4498 suspecta
1478 4429 1605 4487 sint,
1658 4426 1785 4481 facit
1839 4443 1978 4497 prte-

376 4536 523 4581 terea
556 4526 691 4580 alter
723 4521 1070 4595 Hieronymi,
1112 4532 1273 4591 atque
1303 4522 1429 4575 huic
1476 4534 1779 4589 repugnans
1828 4520 1978 4573 locus

2055 528 2203 573 certa
2228 520 2548 589 proferenda
2579 524 2846 579 sententia
2873 522 3132 578 abstinuit
3167 508 3263 593 (cf.

2130 603 2277 659 Unus
2304 616 2448 661 esset
2491 607 2700 673 adhuc,
2744 609 2833 677 qui
2867 607 3131 664 adversus
3160 605 3434 663 Liberium
3468 606 3652 663 afferri

2055 696 2212 761 solet,
2255 712 2321 752 ex
2352 699 2617 769 scriptore
2658 701 2907 769 prooemii
2938 701 3001 755 ad
3054 716 3240 770 preces
3268 698 3569 755 Marcellini
3599 708 3655 754 et

2056 788 2299 843 Faustini
2332 791 2482 845 locus
2514 791 2615 861 (ά).
2649 794 2715 846 At
2746 792 2898 846 illum
2933 803 3196 861 praetereo
3217 833 3233 858 ,
3264 802 3375 847 tum
3400 790 3541 862 quod
3568 792 3655 847 in-'

2056 889 2262 934 certum
2295 892 2372 935 est
2400 924 2411 946 ,
2441 883 2566 951 quid
2598 886 2829 952 per/idne
2857 899 2989 939 voce
3031 887 3262 955 scriptor
3304 885 3395 941 ille
3442 886 3654 942 intelle-

2058 974 2231 1038 xerit,
2282 983 2390 1027 tum
2422 975 2563 1044 quod
2611 976 2727 1045 ejus
2780 985 3038 1045 praeterea
3092 976 3429 1032 mendacium
3483 980 3656 1033 mani-

2058 1066 2250 1121 festum
2280 1076 2362 1122 est
2394 1086 2406 1121 :
2444 1084 2562 1123 nam
2589 1070 2631 1123 si
2653 1067 2998 1124 Constantius
3018 1071 3239 1124 Romam
3269 1071 3413 1124 venit
3437 1071 3655 1126 ineunte

2058 1161 2228 1227 Maio,
2262 1163 2304 1215 si
2336 1161 2568 1224 Felicem
2600 1179 2629 1217 a
2658 1180 2716 1217 se
2741 1165 3003 1218 introsum
3039 1179 3134 1233 pro
3164 1163 3418 1233 episcopo
3448 1163 3654 1227 babnit,

2058 1253 2101 1307 si
2130 1252 2200 1306 illi
2226 1254 2388 1307 veluti
2422 1255 2677 1325 episcopo
2709 1255 2881 1325 legem
2917 1256 3005 1321 M,
3025 1255 3088 1311 C.
3118 1256 3152 1309 5
3178 1258 3244 1310 de
3274 1256 3477 1323 Episc.,
3514 1256 3656 1310 anno

2061 1346 2150 1401 illo
2178 1347 2281 1401 557
2304 1357 2555 1412 exeunte,
2584 1349 2878 1417 inscripsit,
2907 1349 2951 1403 si
2981 1349 3223 1403 Liberius
3247 1360 3372 1402 tunc
3396 1348 3657 1418 temporis

2060 1454 2159 1493 nec
2192 1456 2372 1493 manus
2419 1441 2651 1509 per/idne
2680 1441 2941 1504 dederat,
2994 1452 3047 1496 et
3078 1442 3144 1496 de
3193 1456 3287 1495 sua
3336 1440 3655 1510 deponenda

2059 1532 2359 1587 constantia
2394 1548 2459 1585 nc
2489 1534 2758 1602 Cogitabat
2795 1532 3047 1603 quidem,
3081 1534 3170 1603 qui
3217 1533 3332 1588 fieri
3365 1543 3569 1603 potest,
3602 1530 3661 1590 ut

2062 1624 2256 1692 populo
2303 1640 2460 1678 suum
2510 1625 2819 1693 reposrenti
2859 1625 3170 1695 epiSCOpum
3219 1626 3511 1694 imperator
3567 1624 3657 1682 ille

2061 1715 2435 1784 responderit:
2470 1714 2685 1770 Habetis
2710 1715 2990 1781 Liberium,
3023 1718 3109 1787 qui
3138 1717 3319 1771 melior
3346 1714 3658 1772 revertetur!

2060 1849 2085 1913 §
2120 1849 2201 1899 IX.
2228 1879 2288 1886 —
2315 1850 2493 1899 Liberii
2524 1853 2569 1901 in
2599 1851 2783 1900 Urbem
2807 1852 2999 1902 reditus
3022 1853 3333 1914 describitur,
3379 1860 3429 1902 et
3453 1866 3659 1903 narrau-

2120 1914 2770 1982 tur_qu:.cillunLconSeeuta
2813 1923 2943 1982 sunt.
2985 1917 3272 1982 _A_noi_i_ymus
3306 1915 3573 1982 adnotator
3596 1915 3656 1964 ad

2120 1974 2445 2046 defensionem
2464 1974 2858 2046 {repositionum
2875 1978 2997 2046 cieri
3014 1974 3251 2046 Gallicani
3271 1976 3490 2035 affertur,
3507 1984 3562 2046 et
3578 1989 3658 2025 re-

2113 2039 2304 2104 jicitur:
2328 2039 2445 2104 Acta
2463 2039 2661 2088 Eusebii
2688 2041 2960 2104 presbyteri
2989 2048 3039 2087 et
3058 2042 3281 2104 martyris
3304 2041 3618 2104 commentita
3642 2055 3653 2089 :

2119 2092 2212 2164 sub
2238 2112 2298 2149 eo
2322 2103 2517 2164 nomine
2560 2115 2655 2150 non
2688 2092 2963 2151 Eusebium
3004 2092 3362 2164 presbyierum,
3390 2102 3478 2151 sed
3504 2100 3659 2151 Euse-

2118 2162 2251 2210 bium
2273 2176 2439 2225 papam
2462 2162 2636 2213 latere.

2132 2293 2258 2347 Haec
2280 2288 2436 2348 babni
2458 2336 2470 2356 ,
2501 2309 2619 2362 quae
2646 2294 2715 2349 de
2755 2293 2921 2363 gestis
2945 2292 3142 2349 Liberii
3176 2294 3377 2347 exsulis
3401 2334 3417 2360 ,
3448 2293 3563 2348 sive
3592 2292 3658 2349 cx

2061 2386 2298 2440 indubiis
2325 2395 2566 2441 veterum
2601 2384 2963 2442 monumentis
2988 2428 3003 2452 ,
3037 2386 3150 2440 sive
3187 2400 3252 2440 ex
3287 2385 3660 2454 probabilibus

2060 2481 2383 2549 conjecturis
2411 2489 2628 2548 accepta
2652 2480 2965 2535 scriberem.
2996 2478 3063 2533 At
3084 2478 3151 2532 ab
3175 2478 3283 2532 illis
3309 2493 3409 2548 ego
3437 2476 3661 2534 minime

2061 2573 2357 2643 separanda
2389 2582 2515 2642 puto
2535 2614 2547 2636 ,
2596 2588 2716 2642 qua“.
2743 2574 2861 2641 ejus
2889 2570 2953 2625 ad
2986 2572 3172 2625 urbem
3215 2579 3504 2623 consecuta
3536 2566 3662 2624 sunt

2064 2668 2339 2731 reditum;
2395 2677 2521 2720 sunt
2565 2666 2709 2720 enim
2762 2666 2875 2719 haec
2923 2656 3089 2718 veluti
3118 2660 3362 2733 quaedam
3416 2661 3659 2733 ejusdem

2063 2760 2237 2815 exsilii
2267 2774 2390 2829 pars
2420 2767 2475 2812 et
2504 2757 2746 2812 accessio
2788 2775 2802 2812 :
2841 2768 2999 2827 atque
3026 2754 3126 2809 hoc
3155 2770 3221 2809 eo
3250 2754 3411 2808 etiam
3440 2754 3578 2809 facio
3604 2754 3666 2807 Ii-

2066 2850 2299 2913 bentius,
2335 2849 2477 2918 quod
2511 2848 2575 2902 iis
2615 2849 2907 2902 abutantur
2946 2844 3221 2912 nonnulli,
3250 2858 3310 2901 ut
3339 2848 3459 2901 eum
3485 2844 3665 2917 ponti-

2067 2943 2219 2997 ficem
2268 2942 2463 2995 nedum
2512 2942 2823 2995 btereticum
2853 2982 2867 3007 ,
2911 2956 3097 2994 verum
3129 2934 3289 2995 etiam
3335 2936 3661 2995 acerrimum

2066 3033 2466 3088 Catbolicornm
2503 3043 2903 3101 persecutorem
2937 3033 3101 3087 fuisse
3133 3033 3387 3101 probent;
3417 3040 3564 3086 tanta
3598 3030 3664 3086 iis

2068 3128 2207 3181 inest
2227 3127 2498 3180 Romanos
2525 3125 2802 3195 pontifices
2830 3124 3163 3195 deprimendi
3190 3124 3455 3193 voluptas.
3487 3122 3667 3177 Rediit

2070 3220 2249 3290 itaque
2282 3218 2527 3273 Liberius
2572 3218 2636 3271 ad
2671 3218 2907 3285 Urbem,
2937 3215 3226 3272 Anastasio
3272 3222 3429 3282 teste,
3484 3231 3539 3269 1v
3572 3213 3666 3269 ka-

2069 3312 2257 3367 lendas
2275 3311 2501 3381 Angusti
2523 3325 2664 3363 anno
2687 3308 2810 3373 358,
2839 3309 2997 3363 tertio
3026 3309 3252 3374 scilicet,
3281 3323 3347 3362 ex
3371 3321 3477 3375 quo
3503 3305 3665 3361 exsul

2071 3403 2272 3466 fuerat,
2324 3411 2381 3456 ut
2435 3404 2777 3456 communior
2826 3404 2987 3455 etiam
3040 3400 3496 3471 chronologorum
3541 3414 3667 3454 sen-

2070 3493 2233 3549 tentia
2264 3492 2481 3556 statuit,
2516 3508 2577 3545 ac
2605 3506 2673 3546 ex
2713 3490 2922 3558 rerum,
2955 3507 3088 3563 quas
3117 3494 3453 3547 narravimus
3478 3532 3492 3557 ,
3525 3491 3668 3546 serie

2070 3598 2303 3643 constat.
2332 3589 2580 3642 Socrates
2605 3602 2667 3643 ac
2690 3587 3024 3642 Sozomenus
3050 3586 3153 3659 (ε),
3180 3596 3239 3641 ut
3260 3586 3512 3653 vidimus,
3541 3570 3668 3639 tunc

2071 3693 2218 3737 ortas
2246 3682 2295 3735 in
2322 3681 2453 3735 urbe
2484 3681 2777 3735 seditiones
2807 3681 2989 3745 aiunt,
3021 3690 3075 3733 at
3104 3678 3234 3733 nihil
3260 3679 3310 3732 in
3345 3679 3526 3747 specie
3555 3693 3669 3732 me-

2075 3783 2306 3828 morant.
2356 3772 2663 3843 Hieronymi
2711 3770 3013 3825 Cbronicon
3066 3769 3339 3825 Liberium
3379 3770 3525 3839 quasi
3566 3768 3671 3822 vic-

2075 3880 2234 3923 torem
2263 3868 2488 3922 Romam
2523 3866 2824 3936 iugressum
2850 3848 3062 3931 scribit,
3092 3866 3155 3918 ac
3185 3864 3387 3933 ejeclos
3410 3877 3530 3916 cum
3562 3861 3671 3916 Fe-

2076 3962 2177 4017 lice
2200 4005 2214 4028 ,
2246 3963 2336 4031 qui
2368 3961 2690 4015 subStitutns
2719 3959 2793 4013 illi
2829 3958 3034 4022 fuerat,
3085 3956 3244 4013 Urbis
3285 3957 3509 4011 clericos
3533 3999 3547 4023 ,
3580 3956 3671 4025 qui

2078 4070 2177 4125 pro
2219 4054 2397 4108 Felice
2437 4053 2670 4109 stabant.
2719 4051 2967 4122 Aliquam
2999 4060 3174 4105 tamen
3227 4050 3304 4105 rei
3353 4058 3480 4103 tunc
3504 4056 3672 4118 gesta:

2082 4148 2369 4218 imaginem
2422 4152 2776 4217 reprzesentat
2818 4153 3007 4199 auctor
3051 4142 3384 4214 praefationis
3431 4141 3497 4197 ad
3531 4138 3673 4197 Mar-

2080 4241 2262 4297 cellini
2290 4251 2343 4295 et
2373 4238 2611 4294 Faustini
2646 4254 2833 4309 preces
2881 4238 2996 4291 haec
3025 4237 3271 4292 scribens
3301 4254 3312 4288 :
3338 4234 3514 4290 Tertio
3539 4252 3675 4289 anno

2082 4333 2213 4389 redit
2244 4333 2479 4387 Liberius
2504 4374 2519 4399 ,
2570 4334 2653 4385 cui
2686 4332 2895 4385 obvious
2921 4348 3034 4384 cum
3065 4329 3253 4401 gaudio
3299 4330 3521 4399 papulas
3566 4318 3679 4381 lio-

2082 4442 2264 4480 manus
2307 4426 2477 4478 exivit.
2512 4423 2669 4477 Felix
2707 4431 2913 4477 notatus
2944 4443 2975 4477 a
3002 4431 3181 4476 senatu
3207 4464 3220 4487 ,
3260 4422 3341 4475 vel
3378 4418 3571 4492 populo
3616 4408 3680 4475 de

2091 4518 2227 4572 Urbe
2269 4515 2617 4586 prapellitur;
2662 4524 2709 4570 et
2750 4526 2861 4583 post
2912 4516 3127 4585 paulum
3169 4515 3408 4584 temporis
3450 4512 3681 4579 impulsu

378 4634 443 4674 ex
476 4619 617 4673 libro“
635 4618 705 4671 de
734 4618 1103 4687 Scriptoribus
1127 4613 1543 4669 Ecclesiasticis.
1580 4611 1713 4665 Nam
1745 4612 1790 4666 si
1822 4611 1978 4666 Libe-
2006 4594 2058 4652 D
2085 4614 2409 4677 clericorum,
2440 4614 2526 4683 qui
2557 4610 2975 4684 perjuraverunt,
3009 4610 3249 4677 irrumpit
3278 4608 3329 4661 in
3370 4604 3601 4687 Urbem,
3635 4606 3683 4662 et

382 4716 495 4769 rius
525 4730 621 4782 pro
647 4714 751 4783 [ide
768 4713 835 4765 ad
856 4713 1091 4766 exsilium
1122 4724 1359 4781 pergens,
1390 4725 1421 4761 a
1450 4706 1830 4760 Fortunatiano
1872 4707 1981 4771 fra—

382 4818 512 4873 ctus,
548 4810 598 4860 et
617 4810 687 4859 ad
709 4805 1130 4873 subscriptionem
1163 4802 1410 4855 hwreseos
1448 4800 1742 4870 compulsus
1769 4808 1840 4851 est
1883 4795 1980 4864 (b),

382 4915 479 4955 cur
511 4900 659 4952 illum
686 4898 844 4952 antea
876 4913 980 4949 non
1018 4896 1125 4962 jam
1146 4894 1211 4948 ad
1244 4892 1488 4948 exsilium
1516 4903 1853 4960 pergentem,
1895 4890 1984 4943 sed

383 4995 534 5049 twdio
566 4994 753 5047 victum
793 4990 960 5045 exsilii
990 4989 1044 5042 in
1062 4990 1297 5043 Ineretica
1342 4987 1590 5057 pravitate
1629 4985 1988 5052 subscripsisse

382 5101 633 5142 asserere
663 5085 865 5155 potuit?
904 5084 1037 5137 llinc
1063 5082 1251 5135 Saltem
1285 5079 1461 5148 colligi
1485 5079 1605 5146 jure
1635 5084 1831 5146 potest,
1866 5076 1992 5129 Ilie-

382 5178 675 5253 ronymnm
704 5181 877 5252 ipsum
922 5176 1060 5232 baud
1090 5193 1155 5231 ex
1186 5180 1481 5243 eompcrtis
1511 5189 1537 5224 a
1563 5176 1621 5226 Se
1648 5170 1810 5225 rebus
1832 5211 1845 5233 ,
1897 5170 1990 5223 sed

384 5282 449 5329 ex
486 5274 624 5329 falso
649 5275 824 5343 potius
859 5286 920 5326 ac
948 5272 1074 5325 olim
1100 5269 1311 5339 vulgato
1342 5274 1562 5321 rumore
1604 5264 1718 5317 haec
1748 5261 1997 5328 scripsis-

384 5380 469 5427 se,
502 5380 661 5434 quam
695 5378 826 5418 sane
856 5364 1119 5417 incertam
1153 5360 1348 5413 fatri-am
1376 5368 1497 5411 cum
1520 5356 1742 5410 Rufinus
1763 5368 1821 5407 se
1853 5350 1996 5406 haud

470 5531 546 5603 (τι)
580 5532 654 5603 [le
681 5530 801 5603 Rat.
837 5538 1095 5597 tempor.,
1125 5525 1393 5580 Albanas.
1419 5524 1578 5591 epist.
1610 5521 1661 5586 4,
1701 5517 1729 5589 §
1760 5516 1850 5572 25.

471 5600 545 5675 (ὁ)
573 5600 706 5670 Cap.
739 5602 827 5656 97.

473 5682 541 5743 (ε)
573 5673 689 5727 Lib.
722 5690 770 5734 i,
806 5686 928 5740 cap.
962 5670 1052 5723 27.
1187 5740 1196 5743 _
1264 5738 1295 5743 _
1687 5733 1702 5743 _
1728 5733 1758 5743 η
1836 5734 1845 5743 _

476 5733 555 5817 ((1)
592 5744 716 5797 Post
748 5733 1061 5817 duos-annos
1084 5740 1219 5793 venit
1259 5738 1471 5791 Romani
1498 5752 1515 5816 ς
1550 5733 1885 5817 pro'ltiberiq
1912 5749 2005 5817 ro-

392 5803 555 5896 gatur
595 5834 625 5873 ιι
657 5816 888 5892 populo;
914 5815 1003 5887 qui
1036 5828 1155 5873 mox
1184 5825 1417 5869 annuens
1463 5808 1575 5869 ait:
1611 5804 1830 5865 Habetis
1858 5803 2009 5865 Libe-

2086 4708 2358 4761 stationem
2386 4709 2439 4759 in
2464 4702 2594 4759 Julii
2634 4692 2858 4758 Basilica
2901 4713 3041 4757 trans
3076 4699 3299 4755 Tiberim
3338 4680 3462 4753 dare
3493 4715 3687 4768 prazsu-

2087 4800 2210 4861 mit,
2239 4816 2385 4863 quem
2430 4797 2594 4851 omnis
2623 4796 2905 4850 multitudo
2951 4795 3219 4863 ﬁdelium,
3266 4803 3312 4846 et
3361 4809 3593 4861 proceres
3624 4778 3688 4847 de

2095 4892 2231 4947 Urbe
2259 4894 2442 4944 iterum
2474 4908 2587 4944 cum
2634 4907 2820 4959 magno
2864 4889 3105 4942 dedecore
3130 4889 3473 4960 projecerunt.
3526 4878 3684 4940 Ratio

2093 4985 2272 5051 itaque
2300 4997 2396 5035 cur
2428 4981 2676 5035 Liberius
2716 4980 3084 5034 Romanorum
3135 4978 3308 5043 ulnis,
3338 4994 3457 5032 cum
3492 4975 3687 5040 rediit,

2094 5076 2453 5145 exciperetur,
2486 5088 2548 5127 ac
2572 5072 2721 5126 Felix
2751 5072 3070 5142 ejiceretur,
3100 5088 3237 5125 unus
3271 5069 3367 5123 fuit
3392 5082 3543 5123 amor
3570 5080 3691 5133 gre-

2096 5167 2178 5238 gis
2210 5182 2334 5234 erga
2370 5173 2640 5234 pastorem
2692 5181 2884 5230 suum,
2933 5166 3088 5233 cujus
3134 5171 3329 5233 praeter
3356 5148 3692 5214 Christianos

2099 5260 2391 5329 scriptores
2414 5259 2687 5327 egregium
2714 5257 2763 5309 in
2788 5255 3072 5309 Ammiano
3094 5259 3465 5322 argumentum
3493 5242 3692 5315 exstat,

2101 5351 2207 5405 alio
2238 5352 2353 5405 loco
2381 5365 2409 5404 a
2441 5367 2525 5405 me
2557 5350 2876 5420 productum
2905 5347 2992 5419 (Γ).
3032 5346 3145 5399 Hoe
3177 5356 3303 5397 vero
3327 5334 3694 5395 testimOnium

2106 5518 2261 5576 rium,
2294 5516 2379 5583 qui
2408 5515 2574 5583 qualis
2618 5529 2649 5566 a
2692 5513 2831 5566 vobis
2874 5513 3132 5581 profectus
3172 5518 3284 5577 est,
3312 5507 3492 5562 melior
3533 5522 3702 5583 rever-

2109 5599 2259 5642 tetur.
2292 5580 2403 5639 Hoc
2419 5580 2593 5638 autem
2622 5584 2684 5637 de
2710 5598 2955 5637 consensu
2979 5584 3112 5654 ejus,
3138 5598 3240 5653 quo
3266 5597 3447 5635 manus
3472 5580 3705 5650 perﬁdia

2106 5661 2337 5719 dederat,
2370 5656 2644 5709 indicabat.

2182 5730 2252 5801 (e)
2288 5730 2442 5786 Socr.
2476 5727 2568 5782 lib.
2603 5743 2666 5792 ιι,
2701 5741 2821 5796 cap.
2856 5726 2945 5791 δὴ
2978 5723 3197 5782 Sozom.
3233 5725 3328 5781 lib.
3362 5740 3435 5794 iv,
3462 5738 3512 5781 c.
3543 5723 3628 5780 15.

2182 5806 2251 5858 (Ι)
2286 5800 2406 5858 Vid.
2437 5814 2547 5858 can.
2586 5799 2629 5857 ιλ

2182 5806 2251 5875 (Ι)
2286 5802 2406 5858 Vid.
2437 5814 2547 5874 cap.
2586 5802 2629 5857 1.
