4138 6178
462 258 563 315 511

1678 244 1992 304 ειᾹΝΟΤυει
2033 244 2358 303 DAMASUS
2400 245 2597 303 PAPA.

3663 247 3772 306 312

463 392 530 435 eo
551 377 816 447 gravioris
847 374 1107 431 momenti
1139 381 1251 435 est,
1284 369 1427 442 quod
1459 366 1701 437 ejusdem
1731 360 2062 435 prmfationis
2090 366 2142 425 Α
2168 344 2494 434 detorquere
2563 366 2901 431 studuerint,
2955 376 3117 439 atque
3167 367 3327 438 hujus
3376 368 3766 439 persecutionis

466 482 652 526 auctor
694 470 966 526 Liberium
1014 477 1290 539 postremo
1318 481 1527 519 manum
1572 462 1804 533 perfidia:
1850 457 2065 513 dedisse

467 565 662 619 asserit
696 582 707 616 :
744 566 869 619 hinc
909 564 1052 619 enim
1101 561 1391 630 intelligis,
1437 557 1759 613 maledicum
1792 555 2064 609 hominem

470 657 629 710 aliam
686 656 885 709 nullam
942 654 1201 710 habuisse
1253 653 1371 724 ejus
1426 650 1697 719 pontiﬁcis
1726 645 2068 718 vituperandi

471 762 715 803 causam.

543 840 615 894 At
643 842 685 893 si
718 841 1005 895 Anastasio
1046 839 1348 903 auscultas,
1377 837 1607 906 aliisque
1635 832 1940 895 nonnullis,
1968 830 2070 883 alia

474 934 696 989 omnino
723 949 903 988 rerum
930 932 1114 988 facies.
1147 932 1332 1001 Neque
1354 933 1497 983 enim
1526 928 1614 982 ille
1639 926 1838 982 Urbem
1864 922 2072 991 ingredi

473 1043 639 1083 ausus
667 1035 778 1092 est,
810 1042 930 1081 cum
969 1027 1038 1080 ah
1066 1025 1259 1080 exsilio
1288 1023 1454 1078 redux
1489 1031 1661 1084 esset,
1701 1018 1789 1073 sed
1830 1016 2073 1070 habitavit

472 1122 527 1174 in
575 1121 882 1173 monasterio
915 1128 1107 1172 sancta:
1150 1116 1359 1187 Agnetis
1405 1114 1545 1184 apud
1598 1128 1895 1183 germanam
1941 1108 2077 1162 Con-

475 1214 651 1268 stantii
672 1254 686 1276 ,
717 1222 771 1266 ut
800 1213 947 1280 quasi
978 1229 1065 1279 per
1093 1212 1202 1279 ejus
1232 1207 1679 1267 interventioncm,
1705 1214 1792 1257 aut
1818 1212 2074 1273 rogatum,

475 1307 661 1361 rediret
692 1307 745 1360 in
776 1306 1050 1360 civitatem.
1090 1303 1141 1356 ld
1186 1312 1365 1355 autem
1404 1314 1525 1354 cum
1556 1298 1699 1352 idem
1729 1296 2077 1351 Constantius

478 1399 823 1462 resciii~set,
872 1398 971 1451 init
1013 1412 1134 1451 cum
1168 1395 1393 1450 Ursacio
1438 1402 1493 1448 et
1526 1391 1749 1445 Valente
1775 1430 1790 1455 ,
1820 1387 2079 1443 Romanis

477 1490 814 1563 pre~byteris
840 1532 854 1555 ,
903 1489 1133 1559 aliisque
1161 1486 1377 1543 Arianis
1427 1484 1747 1549 consilium,
1784 1497 1847 1537 ex
1889 1496 2077 1535 eorum

481 1585 748 1638 sententia
782 1582 1055 1637 Liberium
1095 1597 1123 1633 a
1155 1578 1473 1635 coemeterio
1510 1586 1711 1631 sanctm
1743 1575 1965 1645 Agnetis
1996 1589 2080 1629 re-

480 1684 666 1740 vocat,
701 1675 994 1745 imperator
1041 1688 1142 1726 una
1175 1688 1294 1725 cum
1342 1668 1594 1739 pontiﬁce
1638 1668 1865 1721 Romam
1897 1667 2079 1736 ingre-

2170 456 2393 527 Vtrstigia
2422 456 2475 511 in
2506 457 2592 522 iis,
2622 473 2742 528 qua:
2772 457 3057 513 retulimus
3079 501 3093 520 ,
3122 459 3412 515 Sozumeni
3432 503 3447 528 ,
3482 476 3543 517 ac
3570 460 3765 515 Hiero-

2172 552 2317 623 nymi
2346 551 2597 606 Cltronici
2631 554 2838 619 verbis,
2873 554 3304 623 deprehendisse
3349 556 3452 611 sibi
3482 557 3581 611 visi
3624 557 3760 623 sint,

2171 645 2294 698 audi
2321 660 2646 716 anonymum
2671 645 3047 703 adnotatorem
3075 648 3140 701 ad
3166 647 3546 705 defensionem
3575 664 3768 720 prepo-

2174 737 2429 793 sitionum
2476 737 2737 793 Gallicani
2787 739 2966 795 cieri:
3014 740 3168 808 Quod
3198 752 3392 811 spectat
3444 744 3512 796 ad
3542 759 3773 815 persecu-

2176 830 2363 884 tionem
2388 872 2403 895 ,
2436 842 2774 903 prwterquam
2802 833 2938 902 quod
2965 833 3085 885 Ituic
3112 844 3290 905 aperta
3332 836 3621 888 testimonia
3662 851 3775 907 per-

2178 921 2413 975 hibentur
2434 923 2484 976 in
2506 924 2659 994 gestis
2684 924 3067 994 pontificalibus
3102 922 3294 979 Felicis
3320 937 3369 981 et
3398 926 3591 980 Liberii
3617 968 3631 990 ,
3668 927 3775 981 So-

2176 1032 2417 1070 zomenus
2438 1034 2637 1085 quoque
2664 1016 2866 1071 Liberio
2887 1035 3008 1072 suos
3032 1035 3192 1087 usque
3213 1020 3340 1073 adeo
3361 1022 3593 1075 addictos
3616 1022 3780 1092 fuisse

2178 1108 2384 1174 scribit,
2413 1117 2468 1162 ut
2498 1110 2608 1179 ejus
2634 1126 2790 1164 causa
2820 1112 3177 1181 gravissimam
3201 1111 3499 1167 seditionem
3524 1114 3777 1167 excitave-

2178 1203 2317 1267 rint,
2350 1212 2399 1256 et
2420 1203 2486 1255 ad
2533 1203 2696 1257 caedes
2746 1220 2904 1272 usque
2952 1205 3285 1274 proruperint
3313 1208 3446 1258 :sed
3493 1206 3777 1259 clarissime

2181 1296 2409 1348 omnium
2436 1294 2790 1366 Hieronymus
2812 1338 2825 1360 ,
2857 1295 2971 1349 ideo
3010 1312 3121 1349 cum
3152 1294 3331 1350 Felice
3359 1299 3545 1369 ejectos
3568 1297 3778 1350 clericos

2181 1398 2460 1451 memorat,
2495 1389 2631 1459 quod
2661 1386 2896 1442 Liberius
2924 1388 3078 1441 taedio
3106 1389 3267 1441 victus
3294 1389 3462 1444 exsilii
3489 1430 3502 1452 ,
3526 1398 3573 1442 et
3600 1389 3651 1441 in
3674 1387 3779 1442 Iuc-

2181 1483 2391 1537 reticam
2433 1483 2737 1551 pravitatem
2778 1481 3128 1546 subscribens,
3179 1481 3398 1535 Romam
3437 1482 3582 1549 quasi
3622 1482 3779 1534 victor

2181 1577 2391 1630 intravit
2430 1577 2655 1643 :quibus
2695 1578 2747 1630 in
2779 1577 2941 1630 verbis
2982 1586 3236 1648 apparet,
3279 1587 3549 1646 utrumque
3590 1577 3780 1645 pariter

2176 1674 2444 1744 junctum,
2468 1670 2522 1722 id
2546 1682 2619 1724 est
2650 1670 2771 1740 fidei
2805 1671 3149 1741 negationem,
3178 1687 3330 1739 quam
3354 1670 3598 1738 importut
3620 1670 3781 1723 hatre-

478 1769 624 1822 ditur
650 1806 664 1826 .
700 1768 893 1821 iterum
929 1766 1043 1838 ipsa
1073 1764 1203 1818 hora
1243 1765 1473 1818 Arianus
1522 1761 1642 1816 illos
1684 1760 1992 1823 consultat,
2027 1767 2082 1813 et
2111 1750 2159 1810 Β
2187 1764 2299 1817 lica:
2336 1763 2601 1833 pravitatis
2647 1762 2986 1832 subscriptio,
3034 1773 3079 1816 et
3127 1763 3426 1833 victoriam,
3477 1764 3652 1828 utique
3680 1779 3781 1815 non

481 1860 756 1923 Felicem,
789 1859 876 1927 qni
910 1858 1207 1912 eatliolicus
1244 1866 1389 1923 erat,
1435 1872 1499 1910 ex
1546 1855 1861 1925 episc0patu
1910 1852 2076 1921 ejicit.

483 1953 560 2006 Ab
593 1968 653 2005 eo
682 1969 799 2005 vero
830 1952 915 2005 die
941 1952 1039 2021 fuit
1069 1952 1356 2021 persecutio
1380 1951 1432 2003 in
1457 1949 1583 2002 urbe
1610 1948 1771 2002 Roma
1813 1949 1867 2000 in
1904 1949 2042 2001 clero
2062 1988 2078 2014 ,

481 2044 555 2097 ita
582 2054 637 2097 ut
668 2044 805 2097 intra
835 2044 1101 2098 ecclesiam
1130 2042 1441 2113 presbyteri,
1475 2050 1519 2094 et
1550 2041 1726 2095 clerici
1759 2049 2078 2093 necarentur.

484 2138 594 2191 llos
621 2137 761 2191 inter
789 2137 919 2191 Acta
951 2151 979 2189 a
1004 2136 1311 2190 Mombritio
1342 2135 1596 2205 primum,
1623 2148 1686 2187 ac
1707 2132 1905 2187 deinde
1926 2148 1953 2185 a
1983 2131 2084 2185 Ba-

483 2229 625 2283 luzio
654 2230 863 2283 auctius
895 2228 1037 2283 edita
1074 2227 1348 2281 Eusebium
1374 2226 1723 2297 presbyterum
1751 2233 2080 2289 numerant,

484 2337 642 2390 quem
675 2336 703 2373 a
736 2320 1054 2375 Constantio
1083 2328 1139 2375 et
1169 2319 1385 2375 Liberio
1432 2321 1819 2391 interrogatum
1846 2360 1859 2383 ,
1890 2334 2083 2387 magno

485 2414 667 2467 animo
700 2413 861 2468 fidem
888 2402 1199 2468 confessum
1224 2420 1496 2472 statuunt,
1538 2427 1601 2467 ac
1629 2413 1845 2467 demum
1880 2412 2084 2465 utrius-

486 2520 591 2571 quc
633 2506 788 2573 jussu
820 2505 1015 2575 exiguo
1047 2504 1300 2559 cubiculo
1336 2504 1602 2560 inclusum
1624 2550 1638 2573 ,
1682 2520 1746 2560 ac
1775 2519 1870 2574 pro
1895 2504 2083 2559 eadem

490 2597 595 2652 fide
626 2609 896 2652 mortuum
921 2606 1193 2652 asserunt.

559 2688 715 2759 Quod
744 2692 789 2745 si
817 2689 990 2755 dicas,
1024 2690 1410 2760 imperatorem
1442 2690 1584 2747 bello
1632 2706 1727 2761 per
1774 2690 2046 2763 Illyricum
2069 2733 2083 2757 ,

486 2795 542 2839 et
595 2785 1049 2853 disputttionibus
1099 2786 1422 2840 Arianorum
1481 2784 1664 2840 Sirmii
1724 2794 2083 2855 occupatum,

488 2893 611 2933 cum
660 2877 909 2933 Liberius
941 2878 1127 2932 urbem
1168 2878 1448 2947 ingressus
1475 2885 1588 2941 est,
1620 2884 1782 2947 atque
1828 2879 1941 2931 hare
1982 2876 2089 2931 Ro-

492 2988 596 3026 mze
645 2974 971 3041 agebantur,
1006 2972 1197 3026 adesse
1242 2988 1350 3026 non
1383 2974 1659 3040 potuisse,
1689 2972 1812 3025 audi
1855 2987 1956 3041 qua
2005 2986 2089 3025 ra-

490 3065 635 3120 tione
660 3065 695 3119 ii
729 3066 817 3135 qui
847 3070 978 3119 Acta
1019 3065 1105 3118 illa
1142 3074 1392 3131 tuentur,
1421 3080 1635 3118 onmem
1666 3065 1757 3117 tibi
1791 3064 2086 3118 dubitatio-

488 3173 612 3211 nem
654 3156 908 3226 eripiant.
941 3157 1109 3212 Aiunt
1151 3157 1349 3227 igitur,
1395 3172 1457 3210 ca
1499 3157 1578 3211 sic
1607 3156 1949 3224 intelligenda
1981 3171 2086 3209 non
2117 3146 2163 3209 C

489 3262 632 3310 esse.
665 3262 729 3302 ac
772 3248 816 3302 si
865 3246 1213 3301 Constantius
1248 3249 1432 3301 ltoma:
1478 3261 1717 3316 praesens
1748 3246 1945 3309 fuerit,
1991 3246 2086 3301 sed

489 3342 610 3407 ejus
640 3341 758 3394 loco
793 3340 913 3393 data
944 3339 1012 3394 ab
1039 3354 1106 3394 eo
1134 3340 1405 3403 mandata,
1440 3354 1503 3392 ac
1544 3354 1640 3410 per
1671 3338 1983 3393 veredarios
2009 3339 2089 3392 al-

490 3430 597 3487 lata
622 3472 637 3496 ,
665 3431 838 3501 accipi
872 3448 900 3484 a
933 3442 982 3485 te
1010 3440 1284 3501 Oporterc.
1331 3430 1421 3487 Sic
1448 3431 1591 3486 enim
1626 3431 1681 3485 ni
1718 3430 1943 3496 feceris,
1976 3440 2085 3486 tum

489 3527 804 3593 Anastasii,
848 3536 957 3580 tum
1010 3530 1308 3592 Actorum,
1338 3542 1458 3597 qua:
1499 3525 1774 3581 Liberium
1837 3524 2085 3580 haeresim

487 3629 674 3690 aperte
720 3619 1065 3689 professum,
1116 3636 1179 3674 ac
1212 3631 1472 3690 pranerea
1502 3621 1554 3675 in
1599 3618 1909 3675 Catholicos
1937 3634 2088 3674 accr-

486 3714 624 3769 rime
649 3713 962 3769 merientem
1009 3713 1275 3783 produnt,
1306 3714 1440 3769 ﬁdes
1477 3715 1719 3785 perierit.
1753 3712 1897 3768 Nihil
1941 3715 2083 3767 enim

486 3806 758 3876 proderit,
815 3806 862 3861 si
912 3805 1108 3861 deinde
1154 3806 1389 3871 dixeris,
1423 3822 1542 3877 qua:
1570 3806 1832 3871 Orosius,
1876 3804 2087 3860 Eusebii

487 3900 897 3969 consanguineus
922 3939 935 3962 ,
966 3898 1159 3953 sodalis
1180 3940 1197 3965 ,
1237 3910 1283 3951 et
1313 3898 1547 3951 oculatus
1579 3900 1718 3951 testis
1747 3899 1881 3951 Acta
1911 3899 2083 3967 scrip-

489 4002 674 4054 serat,
709 4007 814 4043 non
868 3991 981 4059 ipsa
1031 3991 1120 4044 illa
1166 4005 1287 4044 esse
1312 4030 1325 4052 ,
1357 4006 1477 4059 qutc
1513 4005 1654 4044 nunc
1685 3992 1913 4059 legimus
1943 3993 2082 4061 apud

487 4080 853 4135 Mombritium
882 4091 935 4136 et
954 4080 1253 4147 Baluziutn,
1285 4082 1380 4137 sed
1406 4083 1724 4153 interpolata
1743 4084 2083 4153 sequioribus

486 4172 721 4236 sarculis,
750 4182 805 4227 et
830 4174 1107 4227 immutata
1138 4173 1204 4227 ad
1232 4189 1331 4228 nos
1374 4174 1706 4244 pervenisse.
1735 4175 1891 4230 Enim
1914 4192 2076 4243 vero,

484 4266 528 4320 si
558 4266 679 4336 quis
704 4267 806 4321 hoc
832 4268 1144 4338 negaverit,
1180 4268 1375 4338 utjure
1400 4278 1607 4339 potest,
1636 4284 1699 4325 ac
1730 4271 1943 4337 merito,
1974 4285 2081 4342 quo

484 4370 827 4430 argumento,
855 4374 963 4430 quo
985 4359 1191 4429 judicio
1212 4362 1545 4417 contrarium
1570 4363 1793 4419 vinces?

558 4454 725 4510 Pudet
760 4471 845 4511 me
874 4456 924 4510 in
956 4455 1040 4509 his
1066 4455 1377 4512 refellendis
1406 4458 1711 4527 quisquiliis
1739 4456 1944 4514 diutius
1974 4460 2075 4512 im-

2182 1857 2294 1911 sine
2321 1857 2366 1909 vi
2390 1898 2404 1918 ,
2436 1866 2486 1909 et
2528 1873 2703 1928 pugna
2730 1855 2938 1925 aliqua,
2982 1873 3099 1909 cum
3140 1856 3341 1910 tumulis
3363 1898 3378 1921 ,
3410 1857 3496 1927 qui
3523 1874 3613 1923 per
3634 1857 3780 1910 illam
3852 1894 3861 1905 .

2186 1950 2449 2002 victoriam
2478 1950 2624 2014 eiecti
2653 1949 2919 2002 dicuntur.
2960 1947 3026 2002 Et
3054 1947 3165 2001 lucc
3194 1960 3263 2001 est
3288 1946 3353 2021 (0
3395 1947 3631 2017 lepidum
3685 1963 3777 2002 εει-

2189 2042 2328 2112 put!)
2348 2043 2632 2113 persecutio
2658 2042 2934 2111 peculiaris
2950 2042 3061 2094 urbi
3088 2039 3283 2103 Romae,
3312 2058 3465 2111 quam
3488 2040 3784 2095 describunt

2186 2136 2313 2190 Acta
2354 2133 2654 2188 Eusebii....
2700 2133 2768 2187 Et
2793 2133 2936 2187 illam
2965 2133 3171 2204 quidem
3198 2133 3409 2187 localem
3441 2132 3651 2202 urbique
3680 2131 3786 2186 Ro-

2187 2243 2285 2281 ma:
2307 2228 2575 2298 prapriam
2608 2228 2736 2281 Acta
2764 2237 2939 2280 nostra
2965 2243 3191 2281 cessasse
3218 2228 3393 2280 volunt
3418 2227 3521 2279 sive
3546 2236 3655 2297 post
3679 2225 3788 2279 Eu-

2188 2322 2311 2376 sebii
2340 2331 2574 2386 mortem,
2608 2322 2730 2384 sive,
2758 2322 2896 2391 quod
2926 2322 3089 2392 magis
3117 2322 3274 2375 series
3305 2322 3643 2385 demonstrat,
3674 2332 3785 2391 post

2187 2413 2481 2485 synodum,
2519 2423 2724 2468 auctore
2752 2412 2979 2468 Damaso
3002 2455 3016 2480 ,
3043 2414 3126 2482 qui
3170 2423 3348 2484 postea
3375 2416 3608 2483 pontifex
3652 2413 3747 2483 fait
3767 2451 3784 2478 ,

2187 2507 2241 2561 in
2270 2506 2533 2561 Liberium
2574 2519 2937 2581 congregatum
2966 2550 2981 2573 ,
3023 2517 3068 2562 et
3113 2508 3156 2561 si
3188 2524 3288 2561 non
3316 2506 3382 2561 ad
3412 2508 3632 2559 multum
3664 2517 3789 2559 tent-

2192 2617 2318 2669 pus,
2348 2599 2403 2653 id
2426 2611 2495 2655 est
2523 2601 2592 2654 ad
2620 2603 2809 2655 exitum
2847 2617 3005 2671 usque
3044 2600 3249 2654 concilii
3282 2598 3643 2653 Ariminensis.
3678 2596 3790 2652 Nec

2191 2693 2325 2746 enim
2367 2692 2553 2746 mirum
2577 2701 2650 2746 est
2688 2690 2980 2754 Liberium,
3009 2694 3090 2746 cni
3124 2700 3264 2745 tanta
3295 2692 3585 2746 constantia
3615 2706 3789 2746 onmes

2190 2789 2517 2853 resisterent,
2550 2787 2862 2841 intellexisse
2891 2786 3100 2840 tandem
3129 2786 3262 2838 viam
3290 2802 3321 2837 a
3347 2801 3399 2838 se
3440 2784 3606 2837 insisti
3630 2824 3644 2847 ,
3675 2799 3791 2851 qua:

2191 2899 2273 2935 res
2302 2900 2424 2936 suas
2467 2884 2521 2936 in
2560 2882 2733 2936 odium
2776 2882 3121 2949 invidiamque
3165 2881 3442 2934 maximam
3478 2880 3790 2933 deduceret:

2191 2984 2297 3028 tum
2319 2976 2435 3029 alia:
2455 2974 2674 3029 subinde
2699 2991 2870 3029 causa:
2893 2975 3221 3029 intervenisse
3237 2973 3491 3027 videntur.
3514 2969 3634 3025 lam
3657 2970 3791 3024 enim

2193 3068 2394 3121 omissis
2439 3069 2606 3139 prima
2656 3077 2703 3121 et
2751 3069 2913 3121 altera
2960 3067 3185 3139 formula
3231 3065 3503 3121 Sirtniensi
3528 3108 3540 3132 ,
3572 3082 3791 3136 quarum

2193 3163 2429 3217 alterutri
2459 3163 2693 3217 Liberius
2720 3164 3096 3234 subscripserat
3124 3172 3170 3216 et
3199 3165 3442 3217 hactenus
3476 3164 3539 3216 ab
3561 3163 3792 3217 omnibus

2192 3257 2442 3311 subscribi
2485 3260 2743 3325 voluerat,
2797 3259 2944 3312 tertia
2986 3259 3041 3311 in
3080 3274 3207 3311 nova
3254 3257 3469 3326 Synodo
3520 3256 3792 3311 Sirmiensi

2194 3350 2514 3421 parabatur,
2546 3362 2755 3423 propter
2802 3351 2903 3405 acti
2952 3350 3350 3421 disputationem
3402 3348 3465 3401 de
3510 3348 3793 3420 majoribus

2193 3444 2424 3497 conciliis
2450 3442 2671 3500 Arimini
2703 3444 2756 3497 in
2798 3442 3107 3507 Occidente,
3137 3452 3184 3495 et
3218 3440 3472 3495 Seleucia:
3504 3442 3557 3494 in
3587 3440 3794 3495 Oriente

2192 3538 2511 3593 celebrandis
2555 3537 2884 3609 agitabantur
2930 3537 3177 3603 consilia,
3226 3552 3443 3607 quorum
3485 3536 3791 3607 exspectatio

2191 3646 2464 3701 suspensos
2507 3631 2734 3683 omnium
2780 3630 3034 3683 detinebat
3062 3628 3264 3682 animos
3288 3645 3306 3695 ;
3351 3628 3486 3681 unde
3528 3644 3618 3698 per
3656 3625 3791 3680 illud

2190 3722 2540 3788 intervallum,
2568 3723 2763 3777 incerto
2790 3723 3088 3793 futurorum
3115 3720 3341 3788 Liberio,
3376 3722 3531 3793 facile
3553 3719 3789 3774 Ecclesia

2189 3817 2446 3886 respirare
2477 3818 2661 3886 potuit.
2708 3816 2834 3871 Post
2866 3816 3187 3870 Ariminense
3231 3831 3348 3870 vero
3399 3815 3706 3880 concilium,
3743 3815 3789 3869 si

2192 3908 2398 3963 Socrati
2444 3909 2833 3981 Sozomenoque
2880 3910 3133 3964 credimus
3159 3952 3173 3976 ,
3216 3920 3459 3963 renovata
3502 3919 3574 3964 est
3620 3925 3789 3979 perse-

2189 4004 2326 4057 cutio
2349 4044 2365 4070 ,
2395 4019 2511 4074 qua:
2554 4005 2641 4058 vix
2682 4006 2879 4073 integro
2908 4020 3045 4057 anno
3071 4005 3367 4073 quieverat,
3400 4004 3625 4068 adeoque
3670 4010 3785 4054 acta

2188 4108 2363 4149 nostra
2392 4112 2505 4149 cum
2534 4096 2733 4150 creteris
2762 4095 3102 4164 scriptoribus
3131 4097 3488 4161 consentiunt,
3528 4110 3617 4147 nec
3654 4093 3787 4146 veri-

2188 4200 2343 4244 tatem
2374 4202 2687 4263 exaggerant
2713 4232 2728 4256 ,
2755 4189 2877 4242 dum
2907 4188 3099 4243 Liberii
3136 4189 3240 4243 sive
3270 4189 3503 4244 liceresim
3531 4188 3635 4243 sive
3668 4202 3785 4256 per-

2186 4284 2499 4336 secutionem
2526 4282 2839 4336 describunt.

2258 4375 2450 4429 Mirum
2501 4374 2739 4443 profecto
2775 4382 2878 4437 est,
2910 4388 3239 4445 anonymum
3269 4372 3411 4426 hunc
3457 4368 3778 4425 conﬁdentia

2187 4474 2333 4519 tanta
2362 4466 2639 4520 mendacia
2673 4473 2752 4519 tot
2776 4479 3041 4521 censuere
3062 4480 3126 4519 ac
3169 4464 3389 4535 vulgare
3420 4463 3680 4534 potuisse.
3711 4460 3781 4517 Ut

482 4548 684 4602 morari
713 4566 725 4601 ε
759 4558 814 4601 al
856 4547 980 4602 hinc
1008 4548 1191 4603 Videre
1220 4548 1375 4613 Ιῑεθι,
1411 4558 1611 4603 lanlam
1655 4564 1775 4604 CSse
1824 4550 2079 4620 pr.I-judi-
2106 4542 2160 4602 D
2184 4558 2327 4611 enim
2357 4566 2553 4612 cratera
2577 4557 2842 4625 omittam,
2880 4557 3059 4629 primo
3090 4558 3280 4612 falsum
3304 4566 3388 4612 est
3414 4555 3678 4629 synodum
3712 4555 3779 4609 il-

480 4646 615 4693 cata:
645 4640 917 4709 Opinionis
962 4643 1068 4693 vim
1090 4682 1103 4705 ,
1138 4649 1197 4694 ut
1235 4656 1356 4710 quae
1393 4650 1579 4710 aperte
1622 4642 1753 4695 falsa
1784 4651 1946 4708 sunt,
1980 4658 2077 4712 pro

481 4732 625 4785 veris
653 4733 941 4797 obtrudat,
975 4747 1037 4786 ac
1070 4733 1268 4802 putidis
1329 4734 1604 4802 ﬁgmentis
1659 4735 1713 4787 in
1762 4737 1935 4803 pretio
1982 4735 2077 4789 ha-

476 4823 638 4889 bitis,
684 4826 1017 4894 gravissimzc
1050 4828 1101 4879 in
1142 4828 1287 4880 viros
1327 4836 1545 4882 sanctos
1570 4868 1584 4891 ,
1628 4836 1683 4881 et
1726 4828 2073 4886 immerentes

474 4916 759 4971 calumnia:
791 4918 1125 4985 ingerantur.
1170 4917 1306 4971 Hinc
1346 4932 1469 4972 cum
1512 4918 1678 4973 altum
1726 4920 1843 4990 ejus
1889 4937 2072 4992 perse-

474 5009 711 5065 cutionis
755 5007 896 5078 apud
930 5008 1242 5078 scriptores
1290 5026 1480 5065 omnes
1529 5022 1639 5065 tum
1670 5027 1882 5066 coaevus
1909 5056 1922 5079 ,
1960 5024 2069 5069 tum

475 5104 603 5159 huic
630 5103 774 5156 tutati
823 5102 1102 5171 proximos
1126 5144 1140 5168 ,
1170 5102 1445 5157 silentium
1476 5105 1577 5172 sit,
1627 5113 1789 5176 atque
1822 5106 1947 5160 hinc
1976 5107 2072 5177 ﬁg-

470 5207 715 5253 mentum
746 5195 876 5254 illud
907 5195 1245 5264 sequiuribus
1275 5197 1487 5251 saeculis
1512 5210 1688 5252 ortum
1718 5199 1901 5253 videas
1922 5241 1935 5263 ,
1970 5200 2070 5254 mi-

469 5293 679 5348 raberis
723 5302 902 5347 tamen
954 5305 1075 5346 esse
1125 5305 1300 5359 nuper
1332 5292 1606 5360 potuisse,
1653 5291 1778 5360 qni,
1824 5301 1880 5345 nt
1923 5293 2063 5363 quod

468 5386 751 5447 volebant,
786 5384 1003 5439 efﬁcere
1037 5393 1295 5453 possent,
1326 5385 1517 5437 sordes
1545 5384 1664 5437 illas
1702 5384 2062 5454 collegerint,

467 5487 664 5544 atque,
700 5485 758 5530 ut
795 5477 1013 5547 aliquod
1047 5476 1114 5530 iis
1139 5477 1367 5545 pretium
1391 5477 1779 5543 conciliarent,
1806 5478 2061 5547 probatos

466 5576 717 5621 auctores
746 5568 1090 5637 vexaverintj,
1123 5584 1184 5623 ac
1214 5570 1413 5623 invitos
1460 5569 1514 5624 in
1558 5585 1679 5627 eam
1735 5572 2057 5627 sententiam

530 5750 604 5822 (a)
631 5746 752 5805 Par.
783 5752 943 5817 u,lib.
974 5767 1084 5819 xw,
1114 5747 1234 5825 cap;
1268 5756 1357 5811 54.

2178 4646 2308 4714 lam,
2325 4664 2482 4718 quam
2498 4648 2859 4718 persccutioni
2875 4648 3034 4703 ﬁnem
3054 4648 3373 4718 imposuisse
3387 4649 3572 4718 lingita
3594 4648 3782 4700 Dama-

2178 4753 2240 4793 so
2255 4751 2377 4793 tunc
2391 4741 2706 4811 presbytero
2717 4742 3242 4812 convocalam,quod
3265 4751 3321 4795 ut
3336 4742 3506 4797 lector
3522 4743 3634 4811 ipse
3641 4740 3781 4811 judi-

2178 4843 2285 4897 cet,
2315 4833 2384 4889 do
2406 4845 2649 4889 actorum
2668 4836 2858 4891 verba:
2895 4835 3105 4891 Mortuo
3124 4846 3291 4891 autem
3321 4836 3552 4905 Liberio,
3583 4838 3779 4892 levatur

2178 4926 2544 4997 Damasus,qui
2560 4945 2678 4982 voce
2696 4929 2899 4999 publica
2912 4931 3173 4984 damnavit
3188 4928 3449 4983 Liberium
3467 4947 3580 4984 cum
3592 4930 3778 4998 episco-

2175 5025 2254 5095 pis
2271 5025 2447 5095 viginti
2476 5036 2590 5079 octo
2606 5036 2651 5079 et
2681 5027 2985 5095 presbyteris
3014 5028 3191 5099 viginti
3219 5028 3461 5098 quinque,
3486 5038 3532 5081 et
3564 5029 3777 5082 cessavit

2178 5120 2461 5187 persecutio
2486 5134 2589 5171 non
2612 5129 2775 5172 tamen
2789 5120 3009 5172 multum
3022 5129 3239 5189 tempus.
3268 5119 3776 5175 DefensorGallica-

2176 5222 2365 5262 narum
2399 5211 2845 5279 propositionum,
2890 5212 2979 5281 qui
3027 5212 3193 5282 probe
3221 5223 3443 5268 noverat
3472 5212 3771 5277 Liberium,

2175 5309 2230 5353 ut
2254 5301 2327 5354 ait
2359 5301 2470 5367 ille,
2503 5302 2709 5372 pridem
2755 5314 2912 5357 antea
2962 5306 3272 5374 resipuisse,
3308 5322 3376 5360 ne
3422 5306 3508 5360 illa
3552 5322 3674 5377 quae
3715 5307 3771 5362 in

2172 5406 2283 5445 sure
2331 5395 2615 5449 sententia:
2661 5395 2969 5464 praesidium
3000 5398 3225 5451 adt‘OCul
3265 5402 3398 5451 Acta
3439 5397 3674 5463 deserat,
3706 5413 3769 5453 ea

2168 5483 2249 5539 sic
2277 5484 2547 5557 intelligit,
2570 5498 2627 5541 ut
2654 5503 2773 5543 eam
2793 5488 3058 5560 synodum
3080 5504 3108 5541 a
3133 5488 3363 5544 Damaso
3392 5498 3520 5544 tunc
3546 5489 3768 5561 presby-

2167 5585 2285 5632 tero
2304 5591 2649 5636 convocalam
2679 5581 2807 5637 velit
2840 5581 2939 5653 (a).
2968 5579 3149 5652 anue
3174 5582 3336 5637 etiam
3358 5581 3564 5637 fallacia
3595 5581 3763 5637 adno-
