4138 6178
351 282 464 339 5ἱῦ

1754 281 2286 341 PBOLEGOMENA.

3553 294 3659 352 3H

352 411 501 457 tator
533 401 703 456 utitur
730 417 743 455 :
775 407 829 455 at
860 400 1102 457 recitatis
1128 401 1309 457 verbis
1337 400 1445 457 vim
1477 401 1712 457 inferunt
1740 404 1967 473 apertis—
1994 405 2047 466 Α
2071 404 2175 459 559
2206 420 2353 461 mors
2380 405 2705 463 conferenda
2738 418 2838 463 εει.
2868 408 2985 463 Jam
3016 424 3143 465 vero
3172 410 3343 478 vides,
3379 410 3506 482 quid
3541 412 3668 471 hinc

350 496 572 561 simam,
599 495 692 565 qui
723 510 787 548 ea
818 494 895 548 sic
919 494 1211 564 explicant.
1237 494 1438 550 Deinde
1460 511 1525 549 an
1556 494 1786 550 Dantaso
1814 511 1966 566 prcs-

355 587 551 660 bytcro
594 596 676 642 tot
724 589 1011 659 episcopos
1054 588 1119 643 ad
1149 588 1413 659 synodum
1443 588 1777 643 convocandi
1802 589 1891 659 jus
1916 599 1970 645 et

357 682 523 750 copia
552 679 752 734 fuerit?
790 680 998 748 Tertio,
1025 698 1088 735 an
1119 695 1203 747 ea,
1244 696 1402 751 quam
1435 681 1536 735 sibi
1564 683 1793 751 scriptor
1822 692 1963 737 uter-

362 788 477 845 que
515 772 681 842 fingit,
716 773 1033 842 gravissima
1070 774 1444 842 persecutione
1472 774 1710 830 fervente
1748 776 1795 829 id
1825 791 1970 830 com-

364 864 587 922 modum
617 875 897 933 pneterea,
921 876 973 919 et
1005 865 1195 920 facile?
1226 866 1430 932 Quarto
1452 867 1708 937 denique,
1736 869 1777 921 si
1806 866 1967 923 Libe-

368 957 488 1013 rius
509 974 534 1009 a
567 957 795 1011 Damaso
816 957 1141 1029 presbytero
1163 958 1471 1025 damnatus,
1496 975 1558 1026 ac
1578 976 1678 1027 per
1705 960 1966 1031 synodum

368 1049 645 1119 depositus
676 1066 706 1104 a
735 1050 866 1105 sede
897 1049 1092 1115 fuerat,
1122 1066 1218 1105 cur
1250 1051 1389 1106 idem
1420 1053 1677 1106 Damasus
1698 1052 1806 1121 jam
1838 1034 1967 1120 pori-

366 1142 495 1197 tifex
525 1144 876 1199 Ariminense
904 1143 1189 1198 concilium
1218 1144 1289 1198 ob
1318 1146 1454 1199 hanc
1479 1144 1814 1214 potissimum
1837 1159 1966 1199 cau-

360 1250 484 1290 sam
516 1235 713 1305 rejicit,
744 1236 887 1307 quod
912 1237 1140 1293 Romani
1172 1240 1410 1310 episcopi
1442 1240 1706 1295 sententia
1732 1240 1966 1310 expetita

362 1344 475 1384 non
527 1329 743 1386 fuerat?
782 1332 863 1385 An
904 1332 1119 1387 Liberio
1173 1333 1445 1399 damnato,
1492 1343 1545 1389 et
1590 1333 1856 1405 deposito,
1904 1349 1968 1388 eo

371 1432 500 1477 tunc
544 1424 669 1491 jure
698 1424 770 1477 uti
806 1423 971 1489 licuit,
1006 1434 1063 1478 ut
1090 1425 1207 1494 ejus
1235 1427 1447 1480 concilii
1478 1425 1688 1480 decreta
1721 1426 1968 1480 modera-

365 1517 557 1569 retur?
591 1515 862 1571 Caeterum
896 1533 959 1572 ex
991 1517 1095 1573 hoc
1119 1527 1363 1574 actorum
1392 1519 1605 1573 illorum
1636 1520 1755 1574 loco
1786 1520 1967 1575 videre

369 1606 502 1661 mihi
535 1606 739 1673 videor,
773 1608 912 1663 unde
942 1608 1192 1665 falsarios
1218 1612 1532 1667 consuendo
1557 1613 1681 1665 huic
1713 1611 1969 1682 figmento

371 1700 653 1754 materiam
686 1703 995 1770 sumpserit.
1032 1704 1253 1758 Viderat
1284 1704 1376 1759 ille
1403 1704 1645 1759 libellum
1675 1704 1966 1759 Marcellini

2071 496 2220 551 fluat.
2276 497 2407 552 Nam
2450 500 2493 553 si
2543 499 2757 555 Eusebii
2810 501 2999 571 ipsius,
3050 510 3103 556 et
3156 501 3400 573 Gregorii
3444 504 3667 562 alterius

2073 591 2374 663 presbyteri
2401 602 2630 647 mortem
2652 594 2867 663 gravior
2888 605 2939 648 et
2958 594 3204 649 acerbior
3231 597 3535 665 persecutio
3558 608 3668 652 sta-

2072 683 2164 736 tim
2194 695 2482 739 consecuta
2515 694 2619 747 est,
2660 685 2702 739 si
2736 687 2883 739 tertia
2917 685 3216 739 Sirmieusis
3249 685 3476 741 formula
3507 696 3661 742 antea

2070 778 2373 847 conscripta
2419 778 2529 845 jam
2560 776 2753 843 fuerat,
2800 778 2843 832 si
2876 779 3110 849 episcopi
3143 779 3449 836 Orientales
3479 781 3668 837 Seleu-

2070 868 2234 934 ciam,
2267 868 2640 924 Occidentales
2670 870 2974 924 Ariminum
3025 869 3233 940 pridem
3279 882 3664 938 convenerant,

2072 960 2262 1015 horum
2315 960 2551 1030 profecto
2605 960 2736 1015 nihil
2779 961 3045 1016 Liberium
3096 962 3346 1030 detinuit,
3379 966 3666 1034 quominus

2072 1055 2124 1109 in
2157 1054 2465 1110 Catholicos
2496 1057 2687 1112 saevire
2717 1064 2991 1127 pergeret,
3018 1071 3080 1109 ac
3113 1055 3316 1110 falleris
3347 1068 3419 1119 tu,
3453 1068 3545 1112 aut
3569 1074 3667 1113 nos

2072 1146 2262 1202 fallere
2311 1149 2411 1201 vis.
2451 1148 2583 1203 Cum
2614 1160 2792 1203 autem
2833 1164 2954 1202 eum
3002 1147 3309 1217 pontificem
3345 1148 3533 1220 primae
3578 1159 3670 1205 aut

2070 1240 2226 1294 alteri
2256 1240 2535 1295 Sirmiensi
2568 1239 2809 1294 formula:
2845 1240 3041 1295 nedum
3070 1239 3452 1311 subscripsisse,
3482 1257 3668 1297 verum

2071 1334 2231 1387 etiam
2266 1341 2321 1386 ut
2341 1334 2402 1385 ab
2429 1333 2663 1386 omnibus
2692 1332 3091 1387 subscriberetur
3115 1333 3331 1387 valuisse
3360 1333 3558 1404 inquis,
3593 1333 3670 1388 fa-

2071 1426 2149 1479 cis
2178 1440 2273 1495 pro
2299 1434 2553 1480 cmisueta
2585 1434 2671 1478 tua
2704 1425 2841 1478 bona
2884 1424 3009 1489 fide,
3053 1440 3116 1478 ac
3156 1440 3253 1496 pro
3282 1441 3342 1480 ea
3373 1442 3490 1496 qum
3515 1424 3669 1481 Chri-

2072 1518 2304 1573 stianum
2342 1517 2517 1581 decet,
2552 1515 2900 1581 humanitate,
2935 1518 3022 1587 qui
3053 1518 3254 1572 crimen
3287 1519 3666 1588 gravissimum

2074 1627 2181 1665 non
2224 1611 2392 1665 solum
2426 1610 2845 1681 interploratum,
2878 1609 2971 1665 sed
3004 1610 3193 1664 falsum
3226 1609 3489 1680 profecto,
3522 1612 3669 1667 velut

2072 1703 2439 1768 manifestum,
2467 1719 2603 1758 unus
2624 1718 2685 1759 ac
2718 1705 2922 1773 primus
2947 1703 2997 1757 iu
3020 1703 3193 1758 lucem
3217 1702 3397 1758 effers.
3431 1704 3536 1759 Sed
3556 1704 3667 1774 jam

367 1801 423 1846 et
442 1790 709 1858 FauStini,
738 1795 960 1865 ejusque
995 1796 1362 1866 praefationem
1391 1799 1627 1868 legerat:
1660 1814 1779 1870 qua:
1804 1798 1963 1868 igitur
1993 1799 2040 1859 B
2068 1814 2396 1870 anonyinum
2420 1800 2640 1853 missum
2672 1797 2858 1852 faciam
2894 1816 2905 1850 :
2937 1812 3061 1851 nam
3086 1798 3129 1850 si
3163 1812 3352 1852 omnes
3374 1796 3491 1867 ejus
3514 1796 3668 1852 falla-

369 1894 498 1939 tunc
522 1888 812 1957 coiitigisse
841 1889 1060 1957 scimus,
1095 1906 1215 1944 cum
1244 1889 1393 1945 Felix
1427 1889 1571 1946 Urbe
1600 1906 1663 1945 ac
1710 1891 1838 1946 sede
1873 1906 1965 1945 cx—

368 1979 685 2049 pelleretur,
709 1980 787 2035 sic
808 1984 1038 2053 accepit,
1067 1999 1130 2039 ac
1152 1985 1196 2039 si
1228 1986 1485 2039 adversus
1513 1986 1817 2040 (Στιιιιοιὶρυε
1848 2002 1966 2056 pcr-

369 2080 576 2141 petrata
609 2082 812 2139 essent,
844 2084 1006 2145 atque
1034 2092 1098 2130 ex
1123 2076 1481 2131 schismaticis
1512 2077 1677 2132 Felici
1709 2079 1810 2147 ipsi
1832 2094 1963 2133 eon-

368 2173 449 2218 tra
504 2164 779 2220 Liberium
811 2167 1213 2224 adh-.erentibus
1259 2178 1526 2240 martyres
1558 2170 1784 2236 effinxit,
1830 2172 1964 2227 infra

363 2256 513 2311 illius
558 2260 742 2315 smculi
791 2270 1012 2328 captum
1060 2262 1220 2317 homo
1266 2264 1424 2333 plane
1456 2264 1622 2319 rudis.
1660 2266 1793 2321 llinc
1839 2282 1966 2321 vero

362 2350 599 2406 Datnaso
619 2351 794 2406 electo
818 2356 1245 2423 persecutionem
1270 2371 1511 2411 cessasse
1530 2356 1604 2410 ait
1626 2374 1729 2411 non
1751 2360 1965 2413 multum

360 2455 586 2513 tempus,
614 2448 737 2516 quia
766 2448 1029 2503 adversus
1063 2448 1398 2517 Ursinianos,
1433 2452 1673 2521 aliosque
1696 2453 1963 2507 schisma-

365 2538 521 2605 ticos,
550 2554 686 2609 quos
732 2540 822 2595 ille
854 2558 947 2610 pro
974 2542 1254 2597 catholicis
1282 2543 1468 2598 itidem
1514 2543 1733 2610 habuit,
1784 2560 1847 2601 ex
1891 2545 1965 2601 le-

360 2633 522 2702 gibus
572 2643 627 2689 et
679 2634 869 2690 edictis
933 2637 1318 2708 imperatorum
1375 2654 1520 2709 saepe
1565 2650 1743 2694 aetum
1813 2641 1963 2696 vide-

361 2734 471 2780 ηε.

436 2816 689 2875 Secundo
721 2821 1071 2877 falsissimum
1103 2833 1185 2879 est
1211 2825 1499 2880 excitatam
1521 2840 1548 2878 a
1574 2825 1810 2890 Liberio,
1840 2840 1963 2880 cum

361 2913 549 2975 rediit.
588 2919 1020 2983 persecutionem
1047 2920 1292 2988 quievisse
1318 2936 1453 2973 auito
1482 2924 1588 2991 fere
1617 2921 1812 2989 integro
1842 2929 1966 2974 ante

359 3009 705 3064 Ariminense
734 3011 1062 3067 concilium:
1096 3022 1149 3065 ut
1181 3011 1343 3067 etiam
1376 3013 1565 3067 falsum
1624 3013 1789 3067 fuisse
1816 3013 1962 3066 illam

358 3114 392 3153 a
441 3101 658 3156 Liberio
689 3102 1010 3174 integratarn
1041 3114 1162 3176 post
1188 3106 1474 3161 concilium
1508 3108 1704 3177 ipsntu.
1756 3106 1887 3161 Nam
1919 3109 1961 3162 si

2069 1895 2180 1949 cias
2212 1894 2456 1961 persequi
2484 1891 2713 1947 dicendo
2748 1892 2963 1956 vellem,
2996 1892 3181 1946 lectori
3210 1890 3549 1960 gravioribus
3575 1904 3667 1946 oc-

2069 1997 2263 2058 Cnpato
2289 1987 2558 2042 fastidium
2586 2002 2825 2042 crcarem
2866 2001 2987 2041 cum
3017 1984 3273 2055 temporis
3295 1985 3515 2055 jactura
3537 1999 3667 2041 con-

2064 2083 2330 2152 junctum.

2140 2175 2407 2231 Caeterum
2430 2191 2549 2230 cum
2576 2176 2707 2231 Acta
2725 2174 2947 2229 Eusebii
2970 2175 3268 2246 presbyteri
3293 2174 3503 2245 rejicio,
3522 2175 3665 2245 quod

2068 2269 2169 2324 viri
2200 2270 2291 2325 alii
2321 2270 2623 2339 gravi~simi
2674 2268 2912 2324 fecerunt
2943 2280 3066 2322 ante
3098 2283 3204 2333 me,
3239 2283 3303 2322 ne
3333 2267 3453 2338 quis
3500 2283 3528 2322 a
3580 2284 3667 2324 me

2072 2364 2286 2419 Eusebii
2309 2364 2634 2419 confessoris
2662 2364 2999 2418 sanctitatem
3027 2373 3081 2417 et
3103 2361 3304 2415 cultum
3325 2361 3665 2416 innnintttnm

2070 2467 2260 2528 putet:
2300 2456 2443 2511 hunc
2484 2456 2746 2527 siquidem
2776 2456 2838 2509 ad
2872 2454 3034 2508 alium
3082 2453 3181 2508 sub
3212 2468 3277 2507 eo
3314 2453 3530 2507 nomine
3587 2453 3666 2507 la-

2072 2558 2274 2605 tentem
2304 2550 2591 2614 transfero,
2629 2548 2917 2602 Eusebium
2948 2547 3157 2601 scilicet
3180 2561 3369 2616 papam
3400 2561 3497 2616 pro
3521 2560 3668 2601 asse-

2070 2641 2236 2696 renda
2286 2640 2542 2695 ECclcSitB
2571 2640 2874 2709 disciplina,
2910 2648 3158 2708 sartaque
3201 2647 3340 2692 tecta
3373 2639 3663 2707 servanda,

2070 2734 2121 2787 in
2153 2734 2345 2788 exsilio
2374 2742 2643 2787 mortuum
2669 2732 2764 2804 (ιι).
2800 2731 2997 2785 Rerum
3026 2732 3168 2786 enim
3197 2730 3262 2784 ad
3292 2746 3416 2786 eum
3454 2732 3669 2801 pontifi-

2069 2841 2185 2880 cem
2222 2826 2622 2894 pertinentium,
2655 2839 2775 2878 cum
2804 2825 2951 2877 nulla
2978 2833 3171 2892 praeter
3199 2824 3325 2877 nudi
3355 2822 3468 2879 fere
3491 2825 3664 2879 norni-

2069 2920 2228 2975 niinis
2250 2934 2311 2973 ac
2338 2919 2518 2973 cultus
2550 2918 2885 2983 memoriam,
2919 2916 3154 2985 cognitio
3176 2928 3315 2971 esset
3344 2917 3662 2988 posteriori-

2071 3011 2170 3066 bus
2193 3011 2428 3077 saeculis,
2454 3010 2567 3065 inec
2601 3011 2713 3080 ipsa
2739 3010 3017 3080 cujusdam
3047 3010 3211 3065 veluti
3248 3011 3665 3065 subSIructionis

2069 3105 2188 3160 loco
2210 3105 2352 3175 jacta
2377 3115 2500 3159 sunt
2548 3104 2946 3170 construendae,
2999 3121 3118 3173 quze
3170 3120 3309 3159 nunc
3357 3104 3548 3174 legitur
3597 3105 3665 3160 de

356 3195 621 3249 actisillis
646 3196 778 3253 fides
803 3207 909 3265 est,
943 3199 1205 3254 Eusebius
1225 3202 1505 3273 presbyter
1523 3211 1640 3269 post
1666 3202 1954 3270 septimum
1986 3199 2031 3262 C
2066 3197 2299 3251 Eusebio
2330 3196 2646 3268 presbytero
2671 3196 2861 3251 fabula:
2886 3196 3140 3250 rimarum
3171 3197 3365 3266 plenm.
3398 3195 3505 3251 Cur
3535 3212 3663 3252 vero

354 3290 429 3342 ab
463 3289 762 3345 inclusioue
814 3307 1055 3346 mensem
1083 3293 1441 3347 dormitioncm
1480 3296 1676 3364 accepit
1716 3311 1805 3349 XIX
1853 3294 1955 3349 kal.

355 3381 698 3449 Septembris,
754 3385 819 3441 M
870 3387 1077 3443 scilicet
1116 3389 1381 3459 Augusti:
1425 3405 1665 3445 mensem
1711 3391 1868 3460 igitur
1898 3406 1960 3446 ac

354 3478 505 3533 diem
562 3489 806 3534 tenemus
852 3497 961 3550 quo
1004 3481 1272 3538 Eusebius
1327 3484 1613 3539 defunctus
1659 3494 1759 3539 est.
1806 3485 1959 3540 Nunc

352 3587 546 3639 qner
584 3588 613 3627 a
646 3582 717 3640 te,
750 3591 782 3628 ο
816 3575 1105 3631 aduotator
1150 3593 1441 3649 anonyme,
1484 3596 1590 3649 quo
1622 3579 1768 3633 illttrn
1816 3595 1959 3634 anno

352 3663 676 3722 defunctum
703 3683 946 3733 censeas,
980 3685 1048 3725 an
1076 3671 1282 3727 scilicet
1304 3688 1446 3726 anno
1467 3673 1595 3739 558,
1623 3690 1688 3726 an
1718 3688 1845 3728 vero
1870 3689 1957 3729 se-

350 3760 545 3829 quenti
575 3760 703 3817 559.
734 3762 790 3816 Si
822 3763 1050 3831 primum
1076 3765 1175 3831 ais,
1207 3780 1327 3820 cum
1357 3765 1607 3819 Liberius
1636 3766 1820 3820 urbem
1848 3767 1955 3819 llo-

353 3866 504 3905 mam
551 3852 824 3922 ingressus
852 3858 921 3909 sit
961 3872 1104 3910 anno
1143 3857 1234 3910 illo
1261 3856 1351 3911 die
1382 3857 1415 3910 ‘2
1448 3856 1694 3927 Augusti,
1739 3874 1846 3927 quo
1871 3874 1954 3920 ea.

353 3958 521 4013 quam
571 3944 667 4000 tibi
718 3946 872 4017 fingis
902 3959 1146 4004 anteacta
1193 3950 1441 4004 diuturna
1491 3952 1819 4020 persecutio,
1851 3968 1958 4022 quo

354 4037 579 4093 Eusebii
619 4041 693 4093 tui
721 4042 1011 4109 confeSsio,
1044 4058 1150 4113 quo
1179 4044 1535 4113 septirnestris
1581 4048 1714 4098 ante'
1750 4046 1955 4101 obitum

354 4129 614 4196 inclusio,
637 4147 743 4201 quo
760 4133 992 4202 denique
1014 4134 1332 4206 martyriuiu
1358 4135 1597 4189 recidet?
1620 4137 1673 4192 Si
1694 4154 1821 4191 vero
1845 4154 1955 4193 rem
1984 4134 1989 4137 ’

354 4225 634 4293 protrahis
654 4225 720 4279 ad
745 4228 1039 4295 Augustum
1066 4243 1302 4283 mensem
1332 4230 1607 4298 sequentis
1630 4229 1777 4294 anni,
1809 4239 1958 4284 tem-

353 4329 462 4384 pus
484 4315 616 4369 illttd
648 4316 844 4371 frustra
866 4334 1096 4386 quaares,
1118 4328 1171 4374 et
1192 4337 1383 4373 armum
1414 4324 1519 4390 fere
1546 4321 1825 4393 integrum,
1851 4336 1957 4390 quo

356 4407 649 4463 excitatam
674 4409 879 4477 pridem
906 4426 934 4465 a
958 4410 1172 4465 Liberio
1198 4414 1652 4481 persecutionem,
1686 4413 1754 4465 ob
1778 4413 1955 4467 inimi-

355 4502 542 4555 nentis
594 4502 929 4557 Ariminensis
974 4506 1179 4559 concilii
1241 4506 1668 4577 exspectationem
1713 4507 1958 4576 quievisse

2064 3306 2164 3361 ego
2216 3292 2293 3345 sic
2324 3292 2536 3358 opinor,
2584 3291 2825 3345 rationes
2855 3290 3060 3359 accipe.
3100 3288 3314 3343 Eusebii
3350 3288 3559 3341 titulum
3608 3290 3661 3343 in

2064 3382 2209 3438 Urbe
2251 3397 2381 3437 sane
2435 3383 2713 3452 antiquum
2743 3396 2864 3435 esse
2896 3379 3036 3434 haud
3086 3383 3360 3448 negaverit
3400 3379 3491 3447 qui
3536 3395 3660 3435 eum

2063 3490 2376 3545 expressum
2418 3476 2558 3544 legat
2591 3476 2642 3527 in
2671 3473 2902 3528 concilio
2949 3473 3122 3543 primo
3173 3473 3273 3527 sub
3313 3472 3659 3543 Symmacho.

2063 3569 2130 3626 At
2164 3584 2267 3622 non
2299 3567 2510 3622 videtur
2535 3566 2822 3621 dicendum
2874 3566 3109 3620 Eusebio
3164 3566 3483 3637 presbytero
3515 3566 3663 3620 dica—

2064 3674 2173 3717 tum
2208 3661 2355 3715 illum
2387 3674 2506 3714 esse
2531 3661 2788 3729 potuisse,
2837 3674 2959 3712 cum
2983 3658 3102 3726 eius
3132 3657 3433 3728 presbyteri
3465 3674 3660 3712 nomen

2063 3758 2114 3812 in
2139 3756 2527 3828 Martyrologiis
2552 3754 2690 3809 Beda
2722 3753 3116 3820 antiquioribus
3141 3752 3334 3806 frustra
3366 3760 3660 3819 quaeratur.

2061 3849 2547 3905 Sacramentarium
2585 3846 2800 3917 quidem
2851 3844 3244 3915 Gregorianum
3286 3851 3660 3898 recurrentem

2063 3943 2221 4013 hujus
2244 3942 2459 3997 Eusebii
2490 3940 2804 3997 memoriam
2829 3938 2958 3993 colit
2983 3938 3070 3991 die
3096 3936 3161 3991 14
3193 3935 3419 4006 Augusti
3444 3952 3457 3988 :
3492 3943 3549 3990 at
3573 3952 3660 3989 sa-

2061 4036 2279 4090 cerdotis
2312 4050 2435 4100 vox,
2461 4051 2564 4105 qua
2588 4049 2711 4089 eum
2735 4042 2915 4096 ornat,
2938 4032 3251 4101 episcopum
3283 4046 3379 4101 pro
3408 4047 3507 4086 usu
3538 4040 3664 4086 tunc

2060 4140 2279 4198 recepto
2328 4128 2603 4197 exprimit,
2652 4134 3027 4197 przetereaque
3057 4125 3235 4178 omnia
3278 4140 3398 4194 qum
3428 4123 3480 4178 iu
3513 4124 3665 4179 Anti-

2059 4224 2324 4296 phonario
2355 4222 2639 4285 Graduali,
2664 4231 2716 4275 et
2745 4219 3159 4289 Evangeliornm
3188 4218 3484 4287 (lapitulari
3537 4232 3659 4271 ven.

2060 4318 2208 4373 card.
2240 4316 2564 4371 Thomasius
2593 4314 2820 4377 collecta
2854 4312 3020 4367 refert
3049 4311 3113 4365 ad
3148 4327 3238 4365 χιχ
3269 4310 3374 4364 kal.
3410 4310 3661 4380 Septem-

2058 4412 2171 4465 bris
2237 4410 2493 4479 episcopo
2538 4406 2837 4462 confessori
2906 4416 2997 4459 aut
3059 4405 3280 4475 martyri
3352 4418 3662 4457 accommo-

2061 4502 2184 4557 data
2214 4500 2368 4571 legis,
2417 4512 2579 4571 atque
2606 4500 2727 4554 ideo
2778 4499 2827 4551 in
2863 4497 2921 4551 S.
2954 4496 3191 4551 Marcelli
3246 4496 3304 4551 P.
3340 4509 3395 4551 et
3424 4495 3495 4549 M.
3530 4496 3664 4550 alio-

354 4594 476 4658 ais;
519 4597 778 4666 siquidem
819 4599 865 4653 si
907 4601 1037 4653 Acta
1070 4600 1287 4655 Eusebii
1317 4616 1443 4655 vera
1483 4611 1702 4666 canunt,
1739 4603 1953 4656 fatearis
1980 4595 2034 4655 D
2062 4616 2284 4670 rumque
2330 4597 2643 4668 pontificum
2694 4593 2857 4649 natali
2905 4592 3233 4648 celebrando
3280 4590 3425 4656 cani,
3458 4599 3511 4646 et
3561 4589 3662 4659 legi

357 4703 588 4743 necesse
615 4690 921 4763 estLiberii
970 4701 1022 4746 et
1049 4692 1389 4762 imperatoris
1419 4693 1549 4746 iram
1579 4693 1837 4748 adversus
1861 4692 1963 4747 Ca-

358 4782 595 4837 tholicos
624 4800 913 4854 numquam
945 4784 1303 4851 deferbuisse,
1333 4786 1426 4840 sed
1455 4802 1520 4841 eo
1548 4788 1664 4856 ipSo
1696 4796 1958 4857 tempore,

355 4892 475 4949 quo
499 4878 737 4946 episcopi
769 4879 821 4932 in
854 4894 916 4933 ea
945 4880 1077 4934 urbe
1100 4880 1316 4935 collecti
1343 4879 1736 4940 deliberabant.
1766 4896 1828 4933 ac
1852 4894 1963 4933 sra-

352 4971 460 5027 tim
504 4983 621 5041 post
649 4971 893 5041 ejusdem
921 4972 1139 5027 Eusebii
1173 4982 1398 5027 mortem
1429 4978 1645 5042 gravius
1669 4973 1959 5039 exarsisse,

352 5064 625 5133 Gregorio
649 5066 989 5136 presbytero,
1013 5066 1103 5134 qui
1127 5081 1247 5119 eum
1270 5064 1561 5133 sepulturae
1586 5064 1957 5131 mandaverat,

352 5158 484 5214 neci
509 5159 722 5221 tradito,
758 5174 819 5213 ac
859 5158 1072 5214 caeteris
1107 5174 1172 5213 ex
1216 5159 1362 5213 clero
1414 5174 1503 5227 per
1546 5157 1765 5229 plateas,
1798 5159 1956 5224 vicos,

352 5254 619 5317 ecclesias,
645 5263 689 5306 et
714 5252 915 5318 balnea,
949 5254 1123 5324 palam
1152 5251 1330 5321 gladio
1361 5252 1664 5306 trucidatis.

438 5345 642 5405 Tertio.
673 5361 875 5409 causae,
903 5345 973 5401 ob
1001 5359 1134 5416 quas
1164 5358 1282 5399 eam
1314 5359 1343 5397 a
1376 5343 1592 5398 Liberio
1628 5342 1960 5414 persecutio-

353 5454 489 5494 nem
522 5438 884 5493 intermissam
914 5439 1019 5504 ais,
1054 5438 1185 5492 falso
1206 5446 1260 5493 et
1288 5436 1471 5505 inepte
1498 5436 1814 5506 excogitata:
1843 5451 1873 5490 a
1907 5444 1960 5491 te

349 5538 511 5586 sunt.
542 5529 612 5585 lJt
637 5530 781 5586 enim
810 5530 943 5599 disi,
972 5532 1208 5585 autActa
1240 5529 1454 5585 Eusebii
1481 5529 1780 5601 presbyteri
1806 5528 1960 5583 dese-

346 5622 529 5679 renda
558 5638 585 5675 a
613 5632 665 5677 te
692 5630 841 5691 sunt,
872 5633 965 5676 aut
991 5622 1109 5691 ejus
1135 5622 1186 5677 in
1216 5624 1518 5693 Augustum
1552 5636 1794 5676 mensem
1826 5619 1954 5673 anni

430 5738 658 5812 (a)Yid.
701 5740 771 5797 de
812 5732 1025 5797 Damas.
1058 5738 1258 5811 Script.
1294 5738 1323 5811 §
1381 5740 1439 5806 2,
1485 5746 1540 5796 et
1580 5745 1693 5794 not.
1726 5734 1791 5791 ad
1830 5733 1961 5791 Car-

352 5831 485 5871 men
524 5827 617 5868 XII.

2065 4699 2466 4749 consueverunt
2487 4689 2583 4763 (ὁ).
2611 4688 2691 4746 Ad
2726 4690 2839 4741 Itale
2862 4687 3233 4741 Bucheriauus
3256 4684 3527 4739 indiculus
3554 4684 3663 4745 Eu.

2065 4787 2198 4842 sebii
2233 4801 2383 4856 papa:
2416 4793 2643 4839 mortem
2685 4784 2961 4851 consignat
2998 4778 3061 4832 ad
3112 4795 3204 4833 xrv
3233 4777 3493 4832 kalendas
3530 4779 3665 4849 Sep—
3696 4850 3699 4851 ν

2067 4879 2319 4942 tenthris;
2364 4877 2654 4931 Eusebium
2686 4889 2815 4929 vero
2848 4873 3221 4946 presbyterum
3255 4874 3385 4927 Acta
3416 4873 3504 4927 illa
3533 4888 3663 4943 apo-

2064 4970 2267 5042 crypha
2292 4986 2382 5025 xix
2401 4969 2658 5023 kalendas
2675 4968 2854 5022 itidem
2872 4967 3209 5037 Septembris
3233 4966 3432 5021 ohiisse
3448 4966 3659 5020 ferunt:

2068 5063 2238 5118 facilis
2266 5077 2395 5115 vero
2421 5062 2471 5115 in
2506 5061 2569 5114 iis
2599 5060 2969 5130 exprimendis
3000 5060 3239 5114 numeris
3269 5073 3445 5119 error,
3485 5071 3546 5109 ac
3577 5054 3665 5108 ille

2067 5164 2174 5209 tam
2214 5154 2366 5220 levis,
2398 5153 2441 5208 si
2486 5153 2625 5207 bene
2655 5152 2926 5217 advertas,
2961 5160 3019 5206 ttt
3064 5167 3203 5206 unus
3246 5149 3495 5217 idemque
3517 5145 3665 5199 credi

2067 5250 2237 5318 possit
2289 5248 2571 5311 Eusebius,
2617 5247 2709 5319 qui
2754 5248 3039 5317 utrobique
3079 5244 3418 5314 exprimitur.
3451 5239 3531 5293 Ex
3558 5239 3665 5294 alio

2064 5340 2297 5409 denique
2328 5339 2665 5395 Bueheriauo
2693 5340 2960 5407 catalogo,
3015 5335 3301 5390 Eusebium
3359 5345 3550 5401 papam
3609 5330 3664 5385 in

2066 5434 2380 5491 cremcterio
2402 5434 2588 5489 Kalisti
2613 5433 2917 5501 depositum
2947 5431 3111 5485 fuisse
3124 5435 3371 5482 constat:
3399 5426 3450 5480 in
3475 5425 3664 5481 iisdem

2073 5528 2224 5583 Actis
2246 5524 2628 5580 commentitiis
2649 5522 2911 5577 Eusebius
2937 5520 3217 5591 presbyter
3236 5518 3289 5572 in
3312 5528 3495 5591 crypta
3513 5519 3669 5590 juxta

2069 5636 2255 5691 corpus
2282 5616 2342 5672 S.
2377 5615 2529 5672 ενιπιὶ
2573 5614 2816 5683 martyris
2854 5621 2901 5666 et
2939 5612 3168 5681 episcopi
3209 5612 3261 5665 in
3302 5612 3381 5666 via
3407 5611 3578 5683 Appia
3616 5613 3671 5667 in

2145 5734 2221 5804 (ὁ)
2253 5732 2369 5788 Vid.
2405 5730 2605 5803 Opera,
2640 5738 2769 5784 tom.
2797 5726 2866 5797 Υ,
2901 5743 2953 5799 p.
2983 5727 3111 5795 205,
3144 5744 3198 5801 p.
3230 5726 3339 5787 279
3364 5737 3501 5800 etp.
3533 5728 3658 5786 488.
