4138 6178
484 272 591 327 515

1663 272 1972 332 SANCTUS
2012 269 2331 330 DAMASUS
2367 271 2566 330 PAPA.

3681 263 3786 327 516

485 387 766 442 mntem-io
791 387 980 441 (Iatixti
1011 387 1251 458 sepultus
1277 386 1492 442 dicitur.
1531 386 1692 442 Vides
1721 388 1900 458 itaque
1918 400 2079 459 quam
2107 393 2156 455 Α
2186 386 2445 441 intererat
2495 385 2548 440 in
2598 385 2842 441 absentia
2891 382 3118 440 Romani
3158 383 3402 456 episcopi
3443 381 3649 440 facinus
3689 400 3783 457 ag-

489 483 605 539 h:ec
629 484 825 540 similia
855 482 965 539 sint
993 485 1132 540 inter
1162 499 1243 550 se,
1273 493 1432 554 atque
1460 485 1584 540 hinc
1612 483 1889 556 intelligis,
1922 487 2082 554 quam

487 575 644 632 facile
683 577 797 631 ﬁeri
822 579 1012 646 possit,
1045 586 1100 631 ut
1123 579 1403 648 impostor,
1427 579 1514 647 qui
1544 573 1882 648 sequioribus
1921 588 1975 634 et
2002 589 2084 635 te-

487 675 774 729 nebrarum
805 674 977 742 plenis
1005 674 1217 729 saeculis
1238 675 1367 728 Acta
1392 674 1479 729 illa
1510 675 1746 744 scripsit,
1767 691 1831 729 ex
1851 675 2085 730 Eusebio

488 783 644 838 papa,
670 768 825 837 cujus
848 769 1086 838 alioquin
1108 779 1258 840 gesta
1283 769 1374 824 diu
1404 769 1454 823 in
1479 770 1710 824 obscuro
1727 768 1962 841 jacuisse
1982 769 2086 824 sci-

487 875 625 928 mus,
673 861 962 916 Eusebium
1009 864 1379 933 presbyterum
1409 861 1680 927 effecerit,
1711 877 1772 916 ac
1806 863 1959 918 nobis
1987 857 2080 918 ob-

490 954 708 1009 truserit
752 952 852 1025 (a).
899 956 1040 1009 Sane
1085 955 1375 1024 Gregorius
1427 957 1622 1018 nonus,
1665 955 1753 1025 qui
1788 955 2082 1010 Ecclesiatn

489 1047 657 1102 sancti
709 1046 924 1101 Eusebii
969 1048 1325 1112 consecravit,
1371 1047 1590 1102 tninitne
1634 1061 1732 1102 nos
1775 1047 1987 1114 edocet,
2015 1062 2084 1102 an

491 1138 584 1192 ille
612 1139 1017 1209 episcopus,'an
1049 1139 1328 1211 presbyter
1360 1139 1521 1194 fuerit
1547 1140 1646 1210 (ὁ),
1687 1156 1751 1195 ex
1805 1157 1910 1210 quo
1949 1155 2085 1195 con-

483 1233 576 1303 jici
603 1243 802 1303 potest,
833 1234 964 1288 nihil
995 1233 1148 1288 illum
1178 1233 1430 1290 habuisse
1456 1245 1684 1299 certum,
1720 1235 2088 1304 exploratum-

489 1343 615 1397 que,
645 1343 706 1382 ac
730 1343 843 1382 rem
877 1329 928 1382 in
958 1328 1094 1382 vado
1121 1329 1284 1382 etiam
1316 1336 1425 1381 tum
1455 1329 1696 1392 laesisse,
1723 1343 1841 1396 qua:
1866 1327 1966 1381 hoc
1986 1343 2088 1383 sa:-

494 1421 620 1476 culo
667 1421 973 1476 Damasiani
1016 1421 1275 1477 carminis
1305 1420 1567 1477 beneﬁcio
1612 1422 1783 1476 lucem
1813 1422 2089 1492 accepisse

491 1515 605 1570 visa
637 1525 739 1571 est.

489 1650 516 1716 §
549 1635 607 1700 Χ.
629 1679 688 1688 -—
712 1651 983 1714 Inquiritur
1007 1664 1153 1714 quem
1187 1663 1310 1714 ergo
1334 1663 1449 1716 sese
1472 1663 1669 1716 _revera
1711 1649 1936 1716 Liberius
1960 1663 2088 1713 prae-

553 1716 734 1773 buerit,
765 1712 1015 1778 postquam
1028 1712 1272 1778 reversus
1305 1713 1365 1761 ad
1397 1712 1688 1778 sedetnest,
1730 1726 1785 1762 ac
1819 1712 2084 1778 deinceps,

552 1779 742 1827 concilii
766 1774 960 1826 'srilieet
982 1777 1306 1825 Aritninensis
1333 1777 1588 1838 tempore?
1614 1776 1688 1824 An
1706 1789 1762 1824 se
1786 1776 1848 1838 ab
1871 1774 2088 1823 Athana-

554 1839 610 1888 sii
631 1842 974 1888 communione
993 1852 1169 1887 revera
1193 1853 1402 1900 unquam
1426 1837 1749 1894 subtraxerit,
1766 1837 1843 1885 Vel
1860 1838 2090 1900 quamdiu

557 1914 614 1949 ea
642 1903 935 1962 iuterrnptio
955 1901 1243 1950 duraverit?
1269 1901 1343 1950 De
1372 1907 1592 1962 tempore
1617 1901 1809 1962 scripta-
1833 1901 1894 1948 ab
1915 1900 2091 1948 eodem

556 1963 824 2026 Athanasio
838 1960 1060 2026 epistolae
1074 1963 1132 2010 ad
1155 1965 1410 2026 episcopos
1425 1960 1647 2026 liigypti;
1673 1960 1783 2024 qua:
1794 1961 2090 2026 illustratur.

555 2023 726 2095 Hilarii
755 2021 892 2095 locus
916 2039 978 2095 ex
1002 2021 1294 2095 fragmentis
1319 2021 1404 2087 pro
1436 2021 1654 2095 Lib'c'rio‘,
1693 2021 1990 2095 explicatur.
2016 2022 2093 2095 De

557 2090 734 2137 iterato
760 2089 946 2135 Liberti
969 2089 1030 2136 ab
1054 2085 1187 2136 Urbe
1216 2085 1438 2149 recessu,
1465 2087 1731 2137 Constantii
1753 2093 1884 2149 metu
1913 2100 1924 2134 :
1954 2085 2094 2134 Luci-

554 2149 648 2218 feri
676 2150 812 2220 locus
832 2149 1056 2220 affertur,
1085 2158 1136 2200 et
1159 2147 1444 2199 illustratur.
1471 2149 1754 2212 Anonytnus
1787 2147 2095 2200 Amsteloda—

555 2219 739 2261 mensis
761 2219 977 2261 notatur.

568 2323 802 2378 Fabellis
843 2325 1003 2394 igitur
1041 2321 1107 2378 ad
1147 2338 1242 2378 eos
1280 2337 1416 2394 quos
1458 2323 1565 2377 ill-.e
1604 2323 1877 2378 delectant
1912 2338 2096 2378 aman-

495 2414 674 2478 datis,
711 2414 823 2486 jam
883 2415 1162 2470 videamus
1203 2415 1327 2486 quid
1371 2414 1617 2471 Liberius
1669 2417 1874 2485 egerit,
1908 2430 2098 2484 quazve

495 2509 658 2562 fuerit
689 2510 756 2563 de
787 2523 853 2562 eo
883 2508 1100 2578 opinio,
1137 2516 1417 2579 postquam
1462 2489 1609 2563 Felix
1648 2507 1855 2578 ejectus
1883 2517 2001 2574 est,
2033 2523 2098 2565 ac

496 2600 910 2672 pontiﬁcatum,
957 2618 1116 2673 quem
1164 2602 1346 2671 aliquo
1395 2603 1532 2658 forte
1579 2614 1821 2672 tempore
1857 2603 2100 2673 legitime

498 2694 1006 2759 administraverat,
1060 2705 1250 2765 sponte
1300 2694 1574 2751 dimittere
1632 2698 1774 2751 visus
1826 2707 1927 2753 est.
1984 2697 2100 2752 Duo

496 2802 625 2841 vero
657 2796 898 2853 tempora
929 2788 1322 2844 consideranda
1353 2798 1479 2843 sunt
1509 2807 1524 2844 :
1576 2789 1806 2844 alterum
1848 2789 1990 2859 quod
2031 2789 2100 2844 ab

499 2879 620 2948 ejus
653 2877 829 2933 reditu
858 2879 924 2933 ad
968 2879 1366 2936 Ariminensem
1408 2881 1673 2953 synodum
1713 2884 1991 2947 excurrit;
2025 2882 2103 2936 al-

497 2982 675 3028 terum
700 3015 714 3036 ,
749 2973 893 3044 quod
925 2988 1044 3027 eam
1092 2974 1350 3045 deinceps
1388 2986 1735 3030 consecutum
1776 2985 1877 3031 est.
1923 2977 2102 3030 l’rimo

501 3066 666 3135 igitur
712 3066 830 3119 loco
879 3065 1158 3120 observnri
1206 3075 1414 3136 potest,
1463 3068 1709 3138 nnspiatn
1758 3068 1859 3138 legi
1905 3067 2103 3137 aliquid

2186 479 2375 552 gredi,
2424 495 2492 534 ne
2535 477 2604 533 ab
2646 494 2713 535 eo
2751 479 3162 550 impedirentur,
3206 480 3498 549 quominus
3535 494 3619 534 res
3657 493 3783 536 suas

2186 573 2396 629 facilius
2435 585 2691 645 agerent,
2734 589 2796 628 ac
2834 588 2944 645 quo
2989 575 3187 628 vellent
3239 575 3619 641 perducerent.
3669 575 3780 632 Hoc

2185 681 2286 736 ego
2318 681 2421 720 non
2454 668 2622 736 tiego,
2653 669 2780 736 qttitt
2815 666 2928 722 ﬁeri
2960 667 3230 734 potuerit:
3257 677 3311 721 at
3339 669 3382 721 si
3415 667 3531 722 hinc
3554 682 3678 722 vera
3705 676 3785 723 est

2187 759 2356 823 ratio,
2392 757 2583 836 viderit
2609 757 2706 813 ille
2733 800 2745 823 ,
2781 775 2881 830 qua
2911 759 3109 814 deinde
3137 759 3218 812 via
3244 799 3260 826 ,
3318 775 3494 830 quove
3537 761 3783 828 consilio,

2187 856 2304 906 acta
2341 853 2646 923 apocrypha
2678 852 2894 908 Eusebii
2929 854 3231 926 presbyteri
3263 869 3386 908 cum
3419 870 3521 909 suo
3563 865 3787 911 auctore

2188 945 2327 998 tueri
2369 943 2624 1013 deinceps
2667 946 2882 1014 poterit.
2927 945 3058 1000 Nam
3099 947 3143 1000 si
3189 945 3434 1001 Liberius
3477 945 3789 1002 Catholica-

2188 1054 2304 1093 rum
2349 1048 2663 1109 persecutor
2704 1038 2911 1104 fuerat,
2957 1049 3014 1094 ut
3051 1050 3301 1094 asserunt
3347 1043 3474 1094 Acta
3518 1041 3606 1095 illa
3632 1081 3646 1105 ,
3688 1055 3790 1096 cur

2187 1129 2294 1184 duo
2327 1131 2403 1185 illi
2443 1131 2762 1185 Arianorum
2803 1127 3074 1202 coryphaei
3116 1131 3420 1186 Romanum
3464 1133 3784 1204 episcopum

2187 1222 2290 1276 sibi
2321 1225 2746 1278 consentientem
2777 1224 2970 1278 abesse
2996 1225 3062 1277 ab
3091 1240 3156 1278 eo
3185 1225 3420 1280 concilio
3447 1226 3738 1280 voluissent
3765 1228 3787 1282 ?

2190 1313 2412 1368 Videtur
2439 1318 2615 1384 itaque
2659 1314 2987 1384 probabilior
3017 1330 3202 1369 eorum
3246 1317 3464 1385 opinio,
3504 1320 3591 1385 qui
3638 1318 3786 1371 illum

2187 1404 2423 1459 abfuisse
2456 1414 2670 1474 putant,
2703 1421 2769 1459 ne
2799 1407 3031 1460 concilio
3063 1407 3213 1469 huic,
3251 1405 3395 1476 quod
3435 1408 3790 1464 Constantius

2191 1498 2390 1566 iniquis
2418 1499 2552 1553 adeo
2583 1497 2983 1553 conditionibus
3010 1508 3402 1553 convocaveral
3425 1541 3439 1563 ,
3469 1506 3525 1553 et
3554 1499 3645 1554 cui
3675 1515 3794 1554 cer-

2188 1598 2274 1646 tos
2311 1591 2504 1662 agendi
2543 1606 2604 1646 ac
2645 1591 2973 1646 decernendi
3020 1591 3154 1647 ﬁnes
3197 1594 3642 1662 prmscripserat,
3686 1597 3790 1647 vitn

2188 1684 2421 1754 aliquam
2474 1699 2742 1738 consensu
2793 1699 2891 1738 suo
2942 1684 3192 1738 conferre
3247 1685 3566 1738 videretur:
3623 1692 3787 1752 atque

2119 1787 2165 1849 Β
2194 1777 2333 1832 hanc
2360 1793 2483 1832 esse
2513 1793 2726 1831 causam
2759 1776 3016 1847 intelligis
3038 1816 3054 1843 ,
3088 1792 3184 1830 cur
3211 1776 3519 1846 congregati
3550 1777 3792 1846 episcopi

2196 1872 2328 1941 lapsi
2360 1874 2499 1936 sint,
2531 1873 2654 1942 quia
2695 1872 2904 1927 scilicet
2947 1875 3190 1926 ltontano
3233 1874 3457 1926 absente
3498 1873 3752 1940 pontiﬁce
3777 1912 3791 1936 ,

2195 1965 2285 2034 qui
2334 1973 2419 2018 est
2449 1964 2706 2019 Ecclesia:
2745 1973 2908 2034 caput
2935 2005 2948 2029 ,
2993 1965 3182 2018 deerat
3222 1965 3328 2018 illis
3369 1964 3609 2018 divinum
3660 1963 3818 2019 illud"

2198 2060 2504 2112 inerrantite
2536 2058 2782 2125 donum,
2825 2058 2968 2128 qttod
3018 2059 3228 2128 integro
3281 2059 3535 2114 Ecclesia:
3585 2059 3799 2128 corpori

2200 2165 2490 2221 numquam
2526 2151 2832 2206 defuturum
2859 2151 3083 2206 scimus.

2273 2245 2338 2296 At
2367 2243 2493 2312 quid
2530 2244 2734 2297 interea
2764 2258 2885 2297 cunt
2915 2242 3250 2297 Athanasio?
3289 2243 3369 2296 An
3402 2241 3650 2297 Liberius
3681 2243 3800 2312 ejus

2198 2336 2632 2390 communionem
2665 2333 2996 2391 retinuerat?
3025 2336 3115 2393 Sic
3143 2337 3392 2407 equidem
3439 2344 3607 2407 puto:
3646 2337 3803 2392 Aria-

2199 2442 2301 2482 nos
2345 2427 2524 2491 enim,
2573 2442 2864 2498 antequam
2907 2430 2952 2483 is
2995 2429 3047 2483 itt
3095 2430 3347 2484 exsilium
3393 2432 3702 2499 pelleretur,
3751 2431 3806 2487 id

2201 2536 2365 2578 unum
2424 2521 2664 2575 voluisse
2721 2528 2973 2585 constat,
3033 2531 3089 2575 ut
3144 2523 3382 2590 pontifex
3447 2522 3800 2578 Athanasium

2200 2613 2523 2670 damnaret:
2555 2624 2609 2667 at
2637 2613 2703 2669 de
2744 2614 3000 2668 mutanda
3033 2630 3063 2668 a
3094 2615 3311 2669 Liberio
3354 2614 3489 2678 ﬁde,
3539 2630 3602 2669 ac
3642 2618 3807 2670 omit-

2203 2708 2366 2761 tendo
2396 2708 2663 2761 Itomousio
2696 2723 2761 2762 ne
2789 2707 3008 2762 verbum
3039 2706 3278 2777 quidem.
3311 2706 3580 2777 Legantur
3612 2707 3807 2763 litterae

2202 2800 2270 2851 ab
2297 2815 2363 2853 eo
2392 2799 2459 2853 ad
2493 2800 2875 2868 imperatorem
2921 2809 3047 2854 tunc
3084 2801 3329 2869 scriptte,
3373 2815 3435 2853 ac
3477 2799 3808 2870 colloquium

2207 2892 2497 2946 Mediolani
2533 2892 2797 2946 habitum.
2830 2893 2978 2949 Abiit
3010 2895 3189 2964 itaque
3212 2894 3458 2949 Beroeam
3494 2895 3546 2948 in
3578 2895 3808 2950 Thracia

2204 2985 2353 3039 exsul
2385 2986 2454 3039 ob
2485 3001 2644 3039 unam
2678 2995 2941 3040 retentam
2985 3002 3106 3040 cunt
3139 2985 3436 3041 Athanasio
3465 2988 3806 3041 communio-

2207 3093 2367 3130 nem:
2400 3085 2672 3146 postremo
2701 3076 2904 3133 fractus
2935 3077 3001 3132 ad
3042 3078 3345 3133 Orientales
3390 3080 3642 3148 scripsit,
3689 3079 3807 3134 Sir-

498 3159 569 3212 ab
599 3175 664 3214 eo
696 3159 956 3228 scriptum
987 3169 1077 3214 aut
1107 3169 1314 3230 gestum
1341 3201 1356 3226 ,
1386 3176 1492 3231 quo
1522 3162 1730 3216 veniant
1753 3201 1768 3225 ,
1803 3170 1860 3214 ut
1888 3177 2099 3231 :equutn
2128 3171 2172 3233 (ζ
2208 3169 2449 3224 miensem
2487 3185 2546 3224 se
2585 3171 2892 3240 suscepisse
2927 3171 3084 3240 ﬁdem
3115 3212 3129 3234 ,
3173 3182 3333 3242 atque
3373 3171 3730 3226 Athanasium
3774 3187 3804 3227 a

499 3254 706 3316 fuerat,
740 3251 810 3306 ab
842 3252 1080 3307 Ecclesia
1111 3252 1390 3321 deprecari
1423 3253 1568 3307 visus
1594 3254 1683 3306 sit.
1715 3252 1965 3308 Secundo
1994 3270 2100 3308 non

500 3331 711 3416 liquere
736 3345 985 3400 eumdem
1017 3346 1132 3400 sive
1161 3361 1189 3399 a
1219 3345 1332 3400 suis
1353 3387 1367 3408 ,
1397 3346 1512 3400 sive
1539 3346 1607 3400 ab
1637 3345 1803 3400 Italiae
1833 3346 2104 3416 episcopis

499 3454 599 3508 pro
633 3439 888 3494 haeretica
919 3439 1208 3510 aliquando
1251 3439 1526 3496 habitum:
1574 3456 1822 3510 magnum
1866 3457 1995 3497 vero
2036 3457 2102 3496 ex

502 3534 604 3589 hoc
633 3535 849 3591 silentio
890 3536 958 3592 de
999 3554 1288 3609 numquam
1336 3540 1405 3595 ab
1443 3554 1508 3594 eo
1551 3539 1797 3611 deposita
1840 3540 2102 3596 catholica

501 3631 608 3686 ﬁde
634 3642 1010 3702 argumentum
1039 3633 1269 3703 capitur.
1300 3633 1484 3690 Terlio
1511 3635 1772 3690 Damasus
1793 3677 1807 3699 ,
1837 3650 1956 3690 cum
1982 3635 2104 3691 Ari-

499 3725 747 3780 minense
774 3726 1063 3781 concilium
1096 3736 1369 3798 ageretur,
1401 3741 1624 3782 necesse
1665 3726 1832 3782 fuisse
1871 3728 2058 3781 scribit
2086 3767 2100 3792 ,

500 3827 553 3871 ut
587 3816 809 3872 Romani
840 3819 1065 3891 episwpi
1107 3820 1353 3874 sententia
1389 3828 1730 3890 expeteretur,
1775 3830 1936 3889 atque
1978 3819 2103 3875 hinc

499 3911 628 3980 quid
673 3913 805 3965 lluat
839 3912 949 3981 jam
995 3913 1128 3968 dixi.
1175 3913 1379 3981 Quarto
1422 3911 1688 3981 denique,
1735 3928 1856 3967 eum
1901 3915 2101 3967 Arimi-

500 4018 698 4058 nenses
749 4005 987 4073 epise0pi
1029 4004 1340 4073 imperatori
1381 4006 1652 4072 scribant,
1698 4006 1950 4075 rejeetnu
1993 4021 2103 4062 asc

502 4093 825 4163 formulam,
868 4112 1026 4164 quam
1062 4095 1262 4150 Valens
1301 4105 1464 4166 atque
1506 4095 1761 4152 Ursacins
1805 4111 2102 4166 prepostte-

502 4195 658 4250 rant,
694 4202 760 4241 eo
791 4188 934 4258 quod
965 4187 1260 4256 vidissent,
1297 4188 1340 4242 si
1373 4203 1434 4243 ea
1478 4197 1693 4260 recepta
1737 4189 1958 4256 fuisset,
1991 4201 2101 4245 tur-

501 4279 759 4334 bationem
782 4322 796 4346 ,
830 4297 892 4334 ac
921 4282 1294 4337 contentionem
1342 4290 1452 4336 tttttt
1499 4283 1721 4354 reliquis
1760 4285 2102 4350 civitatibus,

502 4383 613 4426 tum
665 4389 792 4428 vero
844 4375 1100 4445 Romana:
1145 4376 1406 4432 Ecclesia:
1447 4377 1790 4434 suborituras
1831 4395 1951 4436 esse
1990 4378 2103 4452 (c);

503 4466 852 4538 intelligimus
899 4477 1007 4521 tum
1055 4468 1327 4524 Romanos
1371 4469 1518 4524 cives
1565 4484 1627 4524 ac
1678 4470 1935 4526 clericum
1978 4486 2105 4526 cum

2207 3280 2300 3317 sua
2318 3280 2491 3318 comm
2505 3265 2700 3320 unione
2727 3267 3017 3330 amovisse,
3040 3279 3332 3336 pacemque
3362 3282 3484 3321 cum
3516 3268 3582 3322 iis
3607 3266 3809 3324 habere

2206 3359 2346 3414 velle
2373 3377 2385 3412 :
2419 3359 2469 3413 id
2504 3358 2711 3414 Valenti
2740 3360 2900 3413 etiam
2933 3368 2989 3413 et
3019 3358 3245 3414 Ursacio
3271 3360 3591 3430 signiﬁcavit
3621 3377 3811 3429 quant-

2208 3468 2366 3522 quam
2401 3469 2463 3506 ea
2495 3452 2722 3521 epistola
2753 3453 3061 3520 suspicione
3094 3467 3197 3506 non
3227 3461 3399 3507 vacet.
3447 3453 3606 3508 Venit
3645 3454 3812 3523 igitur

2207 3547 2464 3600 Sirmium
2492 3587 2506 3611 ,
2538 3545 2715 3601 Basilii
2748 3547 3019 3617 Ancyrani
3060 3546 3241 3601 omnia
3284 3556 3410 3602 tunc
3445 3563 3542 3617 pro
3584 3549 3811 3603 arbitrio

2205 3638 2633 3693 administrantis
2653 3654 2839 3708 opera:
2864 3639 2990 3708 quid
3012 3648 3211 3705 actum,
3244 3647 3635 3710 tractatumque
3683 3650 3813 3698 tunc

2207 3733 2369 3786 fuerit
2405 3734 2514 3800 jam
2566 3732 2814 3786 vidimus.
2849 3732 2964 3788 Una
2999 3733 3131 3788 ﬁdes
3179 3743 3294 3799 est,
3339 3750 3460 3804 qnze
3507 3733 3812 3792 Constantii

2208 3823 2586 3892 imperatoris,
2624 3824 2809 3878 Basilii
2839 3834 3102 3895 pt'zeterea
3134 3837 3298 3895 atque
3327 3826 3570 3880 omnium
3599 3829 3814 3884 animos

2208 3931 2507 3990 occupatos
2539 3919 2754 3986 habuit,
2790 3920 2893 3975 huc
2937 3921 3113 3974 omnis
3161 3921 3402 3975 omnium
3444 3935 3572 3974 cura
3615 3921 3813 3976 collata

2206 4019 2290 4065 est
2324 4030 2336 4065 :
2369 4012 2435 4066 de
2492 4011 2788 4066 Athanasio
2845 4013 3001 4066 nihil.
3055 4011 3164 4066 Cur
3215 4013 3393 4067 vero?
3444 4014 3566 4083 quia
3611 4015 3816 4069 mutata

2207 4103 2413 4159 Scilicet
2445 4119 2626 4158 rerum
2658 4103 2826 4172 faeie,
2859 4105 2962 4158 alia
2996 4105 3217 4158 omnino
3248 4104 3424 4160 studia
3458 4121 3579 4160 esse
3609 4105 3814 4160 debue-

2210 4207 2352 4251 rant.
2411 4197 2673 4266 Eruperat
2720 4199 2862 4253 euint
2917 4214 3106 4254 recens
3164 4199 3390 4254 Eudoxii
3446 4198 3702 4265 haeresis,
3759 4208 3817 4256 et

2211 4283 2372 4338 factio
2414 4284 2464 4338 in
2506 4293 2751 4354 apertum
2793 4301 3084 4355 campum;
3141 4285 3404 4341 adversus
3455 4303 3614 4356 quam
3670 4300 3816 4342 cura:

2208 4374 2310 4430 fuit
2350 4376 2579 4441 Basilio,
2621 4393 2716 4432 eos
2767 4392 2991 4445 omnes,
3043 4379 3133 4448 qui
3180 4377 3360 4434 Usiant
3403 4373 3813 4449 proﬁtebantur,

2210 4478 2304 4524 aut
2332 4472 2598 4536 retinere,
2643 4482 2735 4525 aut
2776 4471 2876 4524 sibi
2919 4471 3256 4541 adjungere':
3299 4472 3423 4526 hinc
3462 4471 3532 4526 de
3575 4472 3816 4525 Athana-

501 4559 758 4630 cpisCopo
787 4576 924 4626 suo,
960 4570 1072 4614 tum
1101 4576 1196 4616 eos
1226 4561 1316 4633 qui
1346 4563 1588 4617 scribunt
1615 4604 1630 4628 ,
1661 4563 1962 4618 catholicos
1991 4579 2103 4618 om-
2135 4558 2184 4618 D
2212 4566 2322 4626 sio,
2367 4578 2525 4632 quem
2570 4562 2713 4618 haud
2756 4563 3038 4632 ignorabat
3073 4578 3194 4619 cum
3237 4565 3384 4618 omni
3427 4564 3543 4620 fere
3572 4564 3817 4620 Ecclesia

504 4668 601 4708 nes
638 4656 962 4725 episcOpos,
1009 4671 1112 4709 una
1154 4671 1276 4710 cum
1322 4655 1417 4709 illo
1462 4655 1681 4727 paciﬁca
1724 4658 2107 4715 ronnnunione

504 4758 566 4798 ac
595 4745 700 4798 ﬁde
727 4746 836 4815 jam
867 4755 1023 4802 antea
1055 4749 1402 4818 conjunctos.

575 4835 935 4892 Ariminensis
977 4841 1186 4895 interea
1226 4841 1464 4911 synodus
1509 4853 1836 4912 eongregata
1880 4855 2006 4900 est:
2052 4853 2108 4901 at

506 4927 784 4985 Liberium
815 4946 987 5000 neque
1019 4948 1116 5002 per
1145 4947 1204 4986 se
1225 4973 1240 4997 ,
1273 4949 1447 5004 neque
1476 4949 1572 5004 per
1599 4935 1804 5008 legatos
1830 4953 1956 4992 suos
1984 4938 2108 4994 huic

506 5023 747 5079 adfuisse
777 5024 1000 5078 scimus.
1033 5025 1136 5094 Qui
1169 5027 1437 5096 vulgatam
1479 5029 1580 5083 sub
1617 5030 1820 5085 celebri
1860 5030 2110 5088 Bossueli

510 5117 800 5173 Meldcnsis
828 5117 956 5171 olim
988 5120 1226 5187 episcopi
1271 5120 1490 5174 nomine
1531 5121 1880 5192 defensionem
1924 5140 1990 5178 ex
2035 5125 2111 5178 la-

509 5213 624 5266 tino
665 5211 717 5267 in
749 5211 1016 5266 Gallicum
1051 5226 1358 5266 sermonem
1390 5229 1562 5281 nuper
1587 5216 1783 5279 vertit,
1817 5215 1867 5268 id
1909 5217 2106 5273 factum

511 5313 663 5374 putat
704 5304 892 5360 fraude
949 5304 1156 5360 Ursacii
1205 5313 1259 5360 et
1304 5303 1582 5371 Valentis,
1628 5320 1858 5375 quorum
1901 5309 2109 5365 scilicet

583 5449 661 5521 (α)
694 5451 824 5504 Acta
857 5451 942 5504 illa
988 5446 1348 5512 Strmoiidtts,
1400 5445 1695 5509 PosSinus.
1744 5445 1799 5504 et
1842 5441 2117 5516 Papcbro-

509 5523 665 5576 chius
695 5522 943 5576 viderunt
969 5524 1069 5577 sub
1100 5522 1352 5590 Bonifatii
1382 5538 1530 5590 papa:
1556 5532 1602 5575 et
1630 5522 1874 5592 martyris
1897 5526 2116 5578 nomine

511 5594 709 5659 scripta
736 5608 750 5652 ;
782 5609 845 5646 ex
879 5611 987 5659 qtto
1019 5593 1159 5648 idem
1190 5593 1592 5664 Papehrocbius
1612 5634 1627 5655 .
1661 5593 1883 5648 Dissert.
1919 5593 1966 5647 Χ
1990 5635 2003 5657 ,
2033 5595 2111 5649 ει.

520 5675 696 5718 terum
729 5665 1084 5726 apertissima:
1115 5664 1369 5730 falsitatis
1395 5679 1585 5719 eorum
1619 5673 1997 5733 argumentum
2028 5681 2119 5720 ea-

523 5737 637 5807 pit.
657 5734 734 5807 ah"
764 5733 1050 5807 Anonymo
1079 5734 1396 5790 adnowlor'e
1427 5736 1843 5807 dissimulatum.

598 5805 674 5886 (ὁ)
703 5806 861 5869 Auno
887 5805 1042 5862 Dom.
1068 5819 1373 5865 uccxxxvn
1394 5807 1626 5868 domnus
1664 5805 1959 5884 Gregorius
1979 5824 2119 5886 papa

2211 4656 2591 4709 communione
2638 4656 2918 4724 junctum,
2982 4671 3048 4710 ne
3100 4657 3340 4726 cogitare
3393 4657 3610 4726 quidem
3667 4658 3818 4712 visus

2210 4756 2331 4802 est:
2368 4747 2447 4802 sic
2475 4748 2636 4802 etiam
2668 4748 3052 4815 Constantius,
3088 4751 3175 4820 qui
3216 4751 3396 4806 Basilii
3445 4762 3628 4807 mente
3663 4765 3822 4820 rege—-

2214 4843 2391 4908 batur,
2431 4850 2587 4898 vetus
2626 4858 2752 4911 erga
2795 4844 2946 4898 illum
2989 4844 3171 4898 odium
3213 4845 3605 4914 aliquantislter
3644 4845 3819 4914 depo-

2213 4935 2340 4989 suit.
2375 4934 2510 4990 Hinc
2539 4950 2724 4990 rursus
2755 4935 2953 4992 factum
2988 4946 3103 5003 est,
3149 4947 3204 4990 ttt
3245 4953 3366 4991 cmn
3412 4937 3661 4992 Liberius
3703 4953 3820 4991 rem

2218 5029 2365 5084 illam
2413 5038 2539 5083 tunc
2585 5044 2806 5098 prorsus
2859 5031 3193 5100 neglectam,
3243 5041 3407 5100 atque
3445 5033 3496 5084 itt
3545 5031 3822 5085 oblivione

2220 5125 2446 5191 posita"!
2501 5121 2744 5188 videret,
2796 5137 2859 5176 ac
2908 5122 3038 5176 nihil
3091 5139 3119 5176 a
3172 5138 3230 5177 se
3278 5123 3508 5192 amplius
3560 5123 3824 5192 postulari

2219 5215 2610 5279 intellexisset,
2659 5212 2879 5268 minime
2915 5216 3220 5271 censendus
3257 5215 3326 5270 sit
3367 5215 3647 5284 pristinam
3694 5229 3820 5268 cum

2219 5308 2516 5363 Athanasio
2563 5309 2998 5365 communionem
3026 5351 3041 5377 ,
3081 5309 3338 5381 quidquid
3379 5319 3536 5365 antea
3574 5308 3825 5378 scripsis-

2226 5453 2400 5504 not'i'us
2448 5448 2788 5503 consertravit
2837 5449 2976 5502 banc
3020 5448 3303 5503 ecclesiam
3355 5447 3407 5500 in
3453 5445 3710 5499 honorent
3756 5439 3820 5497 D'.

2227 5522 2442 5576 Eusebii
2475 5531 2530 5575 et
2566 5520 2831 5576 Vincetttil
2870 5531 2996 5574 eum
3041 5519 3212 5573 tribus
3253 5518 3549 5583 altaribus,
3591 5527 3823 5585 quorum

2227 5594 2400 5662 tnajns
2451 5594 2627 5648 altare
2680 5593 3007 5646 confessoris
3059 5591 3228 5662 ipsius
3284 5590 3533 5644 manibus
3587 5586 3826 5662 propriis

2225 5659 2581 5720 consecravit.
2619 5664 2706 5718 Est
2737 5665 2897 5718 etiam
2928 5663 3062 5732 apud
3095 5661 3385 5732 Montfauc.
3421 5662 3564 5715 Diar.
3593 5659 3709 5718 llal.

2305 5737 2375 5808 (ε)
2411 5737 2630 5802 Sozam.
2668 5735 2762 5794 lib.
2794 5749 2872 5801 tv,-
2905 5731 3022 5807 ea)”.
3059 5731 3147 5798 18.
