4138 6178
439 302 543 357 317

1833 289 2366 364 ῬιὶῦιίῖῡϋΜΕΝᾸ.

3633 293 3734 358 5t8

438 427 560 482 set,
609 432 669 472 re
715 419 832 488 ipsa
876 415 1235 485 depoSuisse;
1283 427 1445 488 atque
1485 417 1600 472 haec
1640 431 1721 472 eet
1763 417 1934 486 ratio,
1985 429 2044 474 ut
2067 421 2118 481 Α
2147 421 2574 491 quemadmodum
2601 422 2731 491 ipsis
2762 422 2949 490 placet,
2979 433 3067 474 seu
3090 421 3259 492 potius
3289 425 3340 472 ut
3365 419 3470 473 illis
3496 419 3745 490 suggresil

439 515 538 580 ego
565 509 843 581 suspicor,
888 516 984 564 cur
1026 509 1356 565 Athanasius
1393 511 1540 580 ipse,
1583 510 1857 566 Liberium
1905 509 2044 568 haud

2150 513 2409 580 diabolus,
2451 513 2802 577 subscribatis,
2835 513 2914 567 vel
2955 514 3042 578 qui
3086 512 3472 576 contradixerlt,
3521 511 3572 566 in
3611 511 3751 565 nsi:

438 602 658 674 quidem
697 614 889 670 aperte
929 599 1190 657 adversus
1231 617 1323 669 se,
1372 602 1466 658 sed
1507 602 1562 656 in
1601 603 1836 657 liter-esi":
1870 606 2046 674 potius
2148 607 2531 678 liumejiciatnr
2562 608 2663 678 (cl);
2690 607 3016 672 Enimvero,
3051 616 3139 660 aut
3166 622 3307 658 anno
3337 604 3451 669 illo,
3483 617 3566 657 aut
3603 604 3748 660 iii'se-

450 695 842 762 subscripsisse
872 693 1035 748 dicat.

509 792 778 846 Caeterum
797 828 811 852 ,
844 789 887 842 si
916 803 1025 859 quo
1053 799 1298 858 tempore
1332 788 1707 843 Ecclesiasﬁca
1735 792 2042 846 communio

443 879 586 935 inter
612 891 898 952 utrumque
924 882 1155 952 abrupta
1181 891 1284 948 est,
1315 885 1442 953 quin
1472 882 1586 938 haec
1615 882 1755 938 haud
1782 883 1872 939 diu
1897 894 2042 954 post-

441 989 502 1030 ea
544 975 908 1046 redintegrata
953 975 1145 1041 fuerit,
1210 977 1298 1031 vix
1363 977 1716 1044 dubitaverit,
1766 982 1855 1047 qui
1900 979 2043 1050 legat

436 1067 678 1136 ejusdem
726 1067 1009 1123 Athanasii
1050 1068 1333 1137 epistolam
1378 1069 1443 1123 ad
1489 1071 1773 1142 episcopos
1821 1070 2040 1144 Egypti

433 1170 488 1214 et
527 1160 750 1231 Libyae,
793 1162 908 1216 sive
946 1163 1250 1217 oralionem
1297 1163 1520 1232 primam
1549 1174 1741 1219 contra
1769 1166 2036 1232 Arianos,

430 1251 723 1324 videatque
763 1267 829 1308 eo
869 1253 990 1310 loco
1025 1255 1297 1310 Liberium
1327 1263 1488 1323 atque
1516 1255 1735 1311 Hosium
1767 1258 1907 1313 inter
1934 1257 2034 1314 Or-

431 1345 703 1400 tbodoxos
728 1347 1048 1416 episcopos,
1079 1357 1133 1403 et
1163 1347 1283 1402 ﬁdei
1311 1347 1626 1405 defensores
1656 1350 1904 1405 laudatos
1930 1351 2033 1422 (a).

433 1439 557 1493 lla-c
584 1439 732 1494 enim
760 1455 881 1495 cum
910 1440 1109 1510 scripta
1135 1441 1239 1505 sit,
1280 1449 1337 1496 ut
1381 1441 1708 1496 Athanasius
1747 1443 1854 1507 ait,
1895 1459 2038 1498 anno

432 1550 460 1588 a
490 1533 705 1589 Mea-na
746 1535 955 1605 synodo
998 1535 1274 1605 trigesimo
1309 1546 1494 1600 sexto,
1525 1536 1910 1591 validissimum
1948 1544 2039 1591 aut

429 1640 720 1697 numquam
751 1627 992 1695 abrupta
1039 1636 1131 1683 aut
1172 1627 1279 1697 iam
1335 1627 1714 1696 redintegrata:
1757 1629 2035 1684 charitatis

429 1731 807 1790 argumentum
859 1730 1123 1790 pra-stat;
1171 1722 1216 1776 si
1249 1721 1394 1776 enint
1443 1723 1681 1778 ratioaes
1728 1723 2032 1788 subducas,

2145 702 2327 768 quenti
2369 710 2603 754 exarata:
2647 701 2714 754 ab
2746 701 2982 765 Arianis,
3035 714 3096 753 ac
3147 699 3343 754 deinde
3394 699 3742 768 promulgatae

2144 792 2369 858 alicujus
2403 792 2526 847 ﬁdei
2567 792 2770 846 nullum
2804 794 3024 848 omnino
3071 792 3313 846 invenire
3349 800 3432 845 est
3461 790 3740 859 vestigium

2145 883 2198 938 in
2228 883 2498 938 veteribus
2549 887 2912 939 monumentis
2944 903 2956 937 :
2989 897 3179 939 eontra
3207 899 3336 938 vero
3379 885 3516 937 mire
3561 883 3743 938 oninia

2144 977 2470 1031 conveniunt
2497 985 2618 1032 cum
2651 989 2715 1032 eo
2747 987 2910 1041 anno,
2941 993 3046 1046 quo
3077 977 3332 1046 scriptam
3357 975 3598 1030 eamdem
3630 977 3744 1045 epit

2144 1071 2336 1124 stolam
2366 1071 2600 1125 diximus
2649 1088 2662 1124 :
2707 1085 2828 1124 nam
2863 1071 2945 1124 his
2985 1071 3163 1125 verbis
3205 1069 3358 1123 facile
3387 1070 3613 1138 quisque
3644 1083 3744 1123 exe

2144 1177 2384 1233 pressam
2407 1163 2552 1218 videt
2575 1163 2899 1218 Acacianam
2935 1161 3242 1224 formulam,
3272 1160 3572 1215 latrocinali
3604 1159 3743 1213 Con-

2141 1256 2621 1325 stantinopolitauo
2660 1267 2930 1311 conventu
2965 1253 3358 1319 conﬁrmatam,
3393 1259 3743 1323 potestatem-

2142 1365 2246 1418 que
2275 1345 2437 1404 nullis
2482 1352 2828 1404 constrictum
2855 1348 3053 1402 ﬁnibus
3102 1363 3131 1401 a
3174 1348 3488 1401 Constantio
3522 1344 3737 1411 laetam,

2141 1455 2298 1510 quam
2335 1441 2586 1495 Socrates
2613 1453 2665 1495 et
2689 1441 3023 1495 Snzomenns
3051 1445 3373 1504 memorant,
3403 1452 3511 1507 quo
3540 1451 3600 1491 ea
3626 1437 3746 1491 ubi;

2140 1548 2244 1602 que
2269 1534 2631 1604 reciperetur;
2667 1543 2793 1587 tunc
2831 1533 2973 1588 enim
3017 1531 3292 1587 Eudoxius
3318 1541 3370 1586 et
3411 1532 3640 1587 Aeacius
3669 1530 3743 1585 si-

2141 1624 2249 1677 mul
2273 1625 2465 1693 juncti,
2497 1624 2618 1680 ﬁdei
2650 1624 2957 1689 formulam,
2997 1641 3114 1695 qua:
3140 1625 3362 1697 Arimini
3407 1625 3627 1680 recitata
3661 1631 3744 1679 est

2143 1731 2243 1769 una
2273 1732 2392 1770 cum
2432 1717 2832 1781 additameutis,
2875 1733 2992 1787 qua:
3025 1718 3124 1787 ipsi
3159 1726 3427 1787 tamquam
3469 1733 3588 1772 eam
3621 1723 3744 1772 cur:

428 1827 603 1866 annus
633 1821 764 1867 tunc
802 1812 1084 1868 labebatur
1119 1813 1254 1879 360;
1284 1813 1330 1867 si
1369 1827 1498 1867 vero
1525 1828 1697 1869 artnos
1727 1812 1850 1869 illos
1874 1829 2034 1869 exac-
2064 1815 2109 1875 Β
2141 1811 2342 1865 recturi
2377 1811 2552 1867 eidem
2585 1812 2920 1882 adjecerunt,
2953 1813 3018 1866 ad
3051 1827 3238 1868 omnes
3270 1813 3495 1868 Romani
3529 1815 3739 1884 imperii

431 1913 516 1959 tos
554 1905 666 1976 jam
710 1919 832 1960 esse
873 1906 986 1971 vis,
1034 1909 1206 1960 annus
1250 1906 1346 1959 tibi
1392 1905 1487 1962 56l
1525 1907 1782 1960 occurrit.
1814 1907 1896 1962 Mc
1925 1923 2032 1962 non

429 1996 554 2050 latet
583 2010 706 2052 esse
729 2038 743 2062 ,
772 1997 860 2067 qui
888 2012 1011 2051 cum
1061 2012 1180 2053 eam
1227 1999 1506 2068 epistolam
1557 2013 1698 2053 anno
1731 1999 1838 2054 356
1873 2009 2035 2065 atque

426 2100 554 2146 ante
582 2090 785 2145 Liberii
816 2091 1023 2162 lapsum
1062 2099 1338 2145 exaratam
1376 2104 1664 2155 censeant,
1703 2101 1875 2146 anuos
1913 2093 2033 2148 illos

429 2188 497 2239 ah
531 2201 592 2240 ea
634 2199 928 2254 espressos
965 2194 1252 2240 numerant
1289 2185 1356 2241 ab
1390 2185 1752 2240 Alexandrina
1788 2187 2029 2257 synodo,

427 2293 550 2348 quae
605 2280 792 2331 Arium
843 2277 1147 2346 damnavit,
1203 2279 1257 2332 et
1302 2276 1565 2333 adversus
1611 2280 1728 2347 ejus
1781 2279 2029 2334 hmresirn

427 2369 714 2425 classicum
744 2369 915 2439 prima
941 2371 1158 2425 cecinit.
1207 2371 1273 2425 At
1304 2370 1339 2424 ii
1366 2372 1455 2441 qui
1500 2371 1570 2425 ita
1610 2375 1880 2437 sentiunt,
1920 2373 2028 2428 vim

428 2461 671 2518 inferunt
710 2462 1049 2518 manifestam
1095 2465 1296 2532 apertis
1343 2463 1620 2518 Athanasii
1671 2465 1892 2531 verbis,
1941 2464 2031 2534 qui

426 2556 586 2610 unius
611 2555 966 2624 ejusdemque
992 2555 1242 2628 generalis
1267 2556 1482 2627 synodi,
1517 2555 1749 2610 Nicarnte
1787 2557 2026 2620 scilicet.

428 2647 651 2704 decreto
687 2650 916 2705 Ariauus
954 2660 1068 2706 tum
1117 2651 1402 2708 haereticos
1435 2652 1772 2719 declaratos,
1814 2663 1923 2707 tum
1962 2653 2030 2710 ab

429 2739 672 2796 Ecclesia
703 2741 907 2811 ejeetos
938 2745 1033 2798 ait.-
1065 2744 1331 2799 Cteternm
1357 2786 1371 2812 ,
1403 2761 1470 2800 ne
1500 2749 1603 2816 qtia
1635 2746 1840 2800 erroris
1871 2755 2030 2817 atque

429 2833 573 2888 aliud
603 2835 859 2903 opinandi
886 2837 1101 2891 occasio
1124 2852 1247 2893 esse
1276 2844 1492 2906 posset,
1526 2837 1668 2892 idem
1701 2837 2030 2893 Athanasius

429 2941 536 2995 quo
576 2927 697 2981 loco
742 2928 962 2983 Arianas
1007 2937 1133 2984 ante
1169 2929 1241 2985 36
1267 2945 1438 2984 annos
1471 2929 1758 2984 haereticos
1785 2929 2030 2984 declaras

431 3029 548 3085 tos,
575 3031 636 3073 et
670 3020 740 3074 ab
773 3020 1010 3076 Ecclesia
1053 3021 1237 3091 pulsos
1276 3023 1508 3087 asserit,
1558 3020 1862 3076 Heletianos
1903 3030 2029 3078 ante

431 3113 813 3184 quinquaginta
854 3114 1130 3184 quinque,-
1171 3115 1547 3170 schismaticos
1595 3115 1764 3170 factos
1804 3116 1877 3169 ait
1922 3113 2022 3186 (b).

2139 1905 2448 1972 provincias
2486 1905 2770 1970 miserunt,
2806 1919 3006 1975 eosque
3038 1909 3126 1976 qui
3177 1906 3300 1960 huic
3347 1906 3466 1960 ﬁdei
3505 1907 3740 1962 subat-ri-

2138 1995 2265 2051 bere
2293 2005 2652 2062 recusassent,
2703 1997 2755 2052 in
2794 1997 3042 2052 exsilium
3070 1998 3304 2068 abit-gari
3353 1999 3632 2067 jusserunt
3672 2005 3738 2053 et

2139 2096 2478 2163 imperatoris
2510 2101 2764 2150 mandato
2795 2094 2899 2168 (ε),
2943 2089 3103 2163 atque
3147 2111 3208 2150 ea
3244 2104 3369 2149 tunc
3398 2095 3738 2164 potissimum

2135 2186 2349 2241 inducta
2393 2187 2652 2243 Eet-lesiae
2695 2189 2857 2243 iacies
2886 2199 2988 2256 est,
3023 2195 3182 2259 quam
3213 2189 3507 2256 scriptores
3546 2202 3740 2241 omnes

2134 2294 2320 2333 eorum
2354 2291 2657 2350 temperem
2689 2281 3023 2349 describunt;
3057 2282 3312 2347 aiuntqtte
3337 2295 3502 2348 usque
3527 2279 3593 2334 ad
3616 2280 3736 2336 obi-

2134 2380 2243 2426 tum
2274 2373 2572 2428 Constantii
2600 2373 2826 2429 durasse
2863 2392 2876 2429 :
2912 2369 3088 2443 hcque
3118 2381 3245 2428 vero
3274 2374 3339 2426 ab
3368 2373 3466 2428 hac
3492 2389 3576 2428 me
3605 2385 3737 2428 seu:

2135 2467 2298 2520 tentia
2341 2467 2587 2535 depellit,
2637 2467 2776 2538 quod
2821 2469 3148 2524 Athanasius
3191 2468 3380 2522 eodem
3425 2466 3544 2522 locd
3577 2465 3741 2520 Geor-

2132 2561 2293 2631 gium,
2327 2561 2488 2615 veluti
2538 2570 2663 2615 tunc
2701 2560 3083 2618 Alexandriam
3132 2561 3453 2615 mittendum
3501 2564 3738 2615 comme-

2133 2663 2308 2706 moret
2337 2670 2350 2704 :
2375 2653 2570 2722 duplex
2597 2653 2739 2707 enim
2771 2653 3042 2723 praedonis
3067 2653 3205 2706 illius
3232 2653 3282 2705 in
3309 2651 3732 2708 Alexandrinam

2132 2743 2316 2798 sedent
2349 2744 2579 2814 irruptio
2603 2745 2723 2811 fuit,
2754 2745 2879 2812 alia,
2913 2761 3032 2814 quae
3059 2759 3200 2798 anno
3241 2745 3367 2808 556,
3399 2756 3491 2799 aut
3517 2756 3574 2799 ut
3599 2741 3734 2799 mihi

2131 2836 2364 2902 videtur,
2407 2838 2654 2907 sequenti
2683 2838 2949 2907 alliganda
2979 2847 3090 2903 est;
3133 2837 3239 2892 alia
3268 2852 3397 2892 vero
3437 2853 3580 2892 anno
3627 2837 3727 2891 561

2132 2940 2250 2998 post
2285 2939 2393 2983 tres
2423 2927 2535 2984 fere
2558 2943 2751 2995 annos,
2784 2945 2847 2984 ex
2875 2943 2980 2999 quo
3010 2931 3194 2999 pulsus
3231 2929 3298 2984 ab
3334 2928 3474 2984 Urbe
3507 2928 3595 2983 illa
3629 2941 3728 2997 po-

2133 3021 2240 3090 puli
2267 3021 2530 3076 seditione
2553 3021 2747 3076 fuerat.
2773 3021 3069 3092 Utramque
3093 3021 3229 3076 hanc
3255 3020 3625 3076 latrocinalem
3656 3019 3730 3074 itt-

2131 3115 2405 3170 vasiouem
2439 3127 2698 3170 memorat
2729 3125 2782 3170 et
2807 3116 3110 3184 distinguit,
3142 3130 3348 3184 suoque
3380 3115 3610 3183 tempori
3642 3123 3728 3168 as-

431 3205 702 3262 Dleletiani
743 3224 872 3263 vero
916 3208 1224 3264 schismatis
1266 3210 1415 3263 initia
1452 3209 1638 3264 referri
1682 3221 1930 3278 oportere
1957 3209 2023 3263 ad
2051 3197 2094 3260 C
2129 3212 2305 3278 signat
2351 3223 2653 3280 anornymus
2692 3207 3002 3264 Malieimus
3035 3227 3048 3263 :
3079 3219 3135 3262 ut
3181 3224 3307 3262 vero
3342 3209 3576 3275 priorem
3623 3208 3728 3262 ilc-

430 3319 628 3356 annum
660 3303 796 3371 505,
832 3312 921 3358 aut
949 3304 1015 3360 ad
1042 3305 1272 3359 alterum
1305 3304 1427 3358 huic
1457 3305 1789 3374 proximum,
1832 3315 1885 3358 ut
1926 3305 2027 3359 Ba-

429 3397 584 3450 runio
624 3398 799 3450 visum
847 3397 973 3463 fuit,
1023 3397 1310 3452 manifesto
1349 3398 1506 3452 evicit
1553 3399 1635 3451 vir
1679 3398 2027 3453 doctissimus

428 3489 673 3542 marchio
725 3489 998 3555 Maﬁ'eius,
1041 3489 1318 3557 productis
1365 3488 1744 3562 Egyptiorum
1797 3499 2028 3556 quatuor

425 3580 890 3634 sanctissimorum
923 3582 1208 3650 praesulem
1240 3598 1301 3634 ac
1328 3591 1625 3653 martyrum
1651 3581 1898 3650 epistolis
1925 3596 2026 3636 an-

428 3681 512 3724 tea
547 3672 804 3739 iueditis,
849 3688 984 3742 quas
1016 3676 1082 3727 ad
1118 3673 1393 3729 Meletium
1437 3675 1596 3729 iidem
1630 3672 1897 3728 miserunt
1927 3673 2022 3744 (c).

425 3763 557 3817 Cum
589 3764 732 3818 enim
766 3766 982 3832 scriptae
1015 3764 1098 3818 hac
1129 3765 1330 3819 fuerint
1372 3764 1614 3820 fervente
1659 3765 2023 3820 Diucletianea

426 3859 804 3926 persecutione
826 3899 841 3924 ,
873 3857 1124 3929 daturque
1150 3859 1259 3915 sint
1287 3859 1355 3912 ab
1387 3859 1504 3929 ipso
1524 3900 1538 3925 ,
1573 3875 1680 3929 quo
1712 3859 1786 3914 illi
1815 3860 2026 3914 detine-

425 3950 624 4004 bantur
660 3965 912 4018 carcere;
956 3966 1188 4021 cumque
1231 3964 1488 4018 praeterea
1535 3952 1849 4006 scbiSmatis
1894 3960 2024 4006 tunc

425 4045 689 4115 temporis
719 4046 1058 4115 erumpentis
1088 4045 1281 4100 indicia
1305 4088 1318 4108 ,
1348 4055 1404 4100 et
1432 4060 1625 4100 causas
1669 4045 1830 4100 iidem
1875 4044 2019 4100 rele-

423 4146 581 4201 rant,
627 4137 916 4208 ipsumque
957 4138 1233 4193 Meletium
1279 4140 1474 4194 acerbe
1517 4140 1829 4208 increpeut,
1863 4149 2029 4209 atque

427 4228 734 4296 hortentur,
771 4239 826 4284 ut
856 4231 922 4285 ad
954 4231 1171 4286 saniora
1201 4233 1430 4286 consilia
1466 4232 1686 4295 redeat;
1718 4239 1864 4286 recte
1895 4247 2027 4286 con-

426 4323 538 4376 ficit
591 4325 674 4377 vir
714 4324 947 4379 celebris
987 4325 1396 4396 nullo-prorsus
1436 4324 1610 4379 solido
1672 4324 2027 4381 fundamento

427 4412 524 4466 niti
549 4453 561 4476 ,
595 4415 722 4483 quin
757 4417 934 4484 potius
961 4432 1145 4472 errare
1173 4432 1266 4471 eos
1293 4417 1385 4487 qui
1415 4416 1756 4472 Melctianum
1786 4417 2028 4475 schisma

425 4507 494 4560 ad
524 4524 724 4563 annum
752 4510 891 4577 500,
927 4522 1018 4565 θυι
1048 4511 1114 4565 ad
1146 4511 1376 4566 alterum
1420 4511 1546 4566 huic
1592 4511 1899 4581 proximum
1938 4528 2028 4568 re-

2130 3301 2328 3355 raclius
2357 3317 2561 3367 comes,
2591 3301 3008 3371 Cataphronius,
3039 3312 3092 3355 et
3118 3299 3364 3354 Sirianus
3392 3300 3500 3353 vim
3532 3301 3730 3369 pepulo

2130 3390 2350 3456 illaturi,
2399 3409 2425 3444 a
2472 3393 2788 3447 Constantio
2821 3392 2970 3446 missi
3017 3396 3430 3462 praevenerunt,
3463 3392 3534 3445 ita
3565 3391 3727 3446 etiam

2131 3501 2198 3538 ne
2226 3485 2351 3554 quid
2384 3485 2667 3554 posteriori
2709 3486 2944 3551 deesset,
2977 3485 3162 3539 missus
3197 3495 3270 3538 est
3321 3483 3520 3538 Paulus
3563 3482 3732 3536 Nota-

2130 3576 2257 3643 rius,
2310 3577 2397 3645 qui
2441 3577 2663 3631 edictum
2708 3594 2800 3648 pro
2844 3577 3063 3648 Georgio
3107 3578 3396 3646 proposuit,
3446 3591 3493 3630 et
3535 3573 3736 3629 domuit

2129 3669 2320 3722 multos
2350 3670 2410 3722 ob
2440 3673 2551 3742 ejus
2595 3671 2892 3723 vindictam.
2927 3672 3057 3738 Quis
3100 3671 3260 3739 igitur
3297 3678 3446 3724 certo
3494 3683 3592 3721 nos
3636 3667 3732 3721 do-

2129 3771 2265 3827 ceat,
2300 3771 2365 3816 an
2408 3763 2666 3831 priorem,
2717 3779 2784 3816 an
2828 3771 2956 3818 vero
2998 3765 3351 3831 posteriorem
3383 3762 3569 3815 eadem
3621 3761 3736 3827 epi-

2129 3854 2266 3908 stola
2301 3854 2627 3909 Athanasius
2652 3854 2885 3909 voluerit
2920 3855 3196 3909 indicare?
3239 3853 3370 3907 Nam
3400 3852 3538 3921 quod
3569 3853 3728 3906 etiam

2128 3946 2364 4016 Cecmpii
2411 3945 2735 4001 Nicomedia}
2779 3945 3040 4015 episcopi,
3103 3945 3192 4015 qui
3224 3959 3365 3998 anno
3394 3943 3522 4010 358,
3552 3943 3637 3997 dic
3661 3939 3733 3995 94

2129 4040 2354 4110 Augusti
2385 4039 2487 4094 sub
2514 4039 2633 4108 ejus
2669 4039 2818 4094 urbis
2845 4038 3075 4093 Basilica
3102 4049 3256 4092 terra:
3287 4047 3432 4092 motu
3467 4047 3732 4106 prostrata

2134 4133 2315 4201 periit,
2355 4132 2560 4186 mentio
2601 4133 2671 4185 ibi
2705 4131 2814 4194 ﬁat,
2868 4148 2974 4185 non
3016 4131 3190 4195 video,
3241 4129 3366 4198 quid
3412 4129 3560 4198 argui
3609 4128 3733 4182 inde

2135 4229 2325 4298 possit,
2358 4230 2401 4282 si
2431 4227 2584 4282 locus
2611 4226 2708 4282 ille
2735 4209 3287 4280 attente'observetur
3319 4241 3334 4275 :
3363 4222 3408 4276 si
3440 4223 3580 4276 cuitu
3611 4233 3738 4276 cum

2132 4321 2200 4377 de
2235 4321 2517 4376 catholicis
2558 4322 2828 4390 episcopis
2853 4319 3180 4374 Athanasius
3211 4319 3341 4388 agit,
3381 4317 3732 4372 Maximinum

2133 4412 2534 4474 Trevirensem,
2557 4412 2758 4467 .inlium
2778 4411 3079 4465 Romanum
3110 4411 3442 4479 pontiﬁcem,
3467 4408 3736 4476 aliosque,-

2134 4520 2271 4574 quos
2298 4506 2504 4575 pridem
2543 4505 2826 4559 defunctos
2855 4513 3100 4568 noverat,
3128 4517 3248 4556 cum
3284 4503 3448 4555 llosio
3478 4508 3533 4555 et
3578 4500 3740 4556 Libe-

424 4599 639 4665 fertmt,
687 4612 1124 4674 praeverlumque
1168 4603 1405 4660 triennio
1447 4604 1657 4675 integro
1700 4611 1827 4658 ante
1858 4607 2028 4675 ipsam
2055 4613 2109 4673 Β
2137 4600 2219 4654 rio
2247 4610 2372 4654 tunc
2399 4599 2538 4655 lucis
2579 4611 2737 4652 usura
2775 4597 3079 4652 fruentibns
3121 4606 3409 4661 memorat,
3439 4605 3599 4664 atque
3638 4608 3737 4649 (‘08

426 4693 880 4760 persecutionem.

499 4784 732 4856 Tempus
765 4795 1051 4856 prater-ea,
1081 4804 1188 4858 quo
1225 4787 1412 4844 eadem
1441 4787 1668 4857 epistola
1687 4788 1886 4857 scripta
1917 4799 2029 4854 esu

423 4878 704 4947 sequentia
731 4895 945 4949 quoque
975 4882 1134 4936 verba
1186 4881 1582 4943 demonstrant,
1620 4896 1739 4950 qua:
1773 4880 1825 4934 iu
1862 4896 1925 4935 ea
1953 4881 2030 4934 le-

421 4982 668 5040 guntur:
717 4969 782 5024 In
830 4973 967 5026 hisce
1009 4975 1300 5044 regionibus
1347 4987 1670 5026 commorans
1718 4971 1914 5037 audivi,
1968 4980 2026 5024 ut

422 5064 657 5134 germani
689 5077 736 5118 et
781 5065 1057 5121 orthodoxi
1097 5071 1282 5132 fratres
1313 5065 1694 5129 nuntiaverunt,
1737 5065 1935 5135 aliquos
1963 5080 2027 5118 ea:

422 5153 539 5208 Arii
574 5157 910 5210 sectatoribus
953 5157 1264 5223 convenisse,
1315 5174 1375 5210 ac
1416 5156 1480 5211 de
1507 5156 1630 5226 ﬁde,
1671 5167 1822 5227 prout
1852 5157 2027 5210 uolue-

420 5258 541 5302 runt
569 5250 854 5320 scripsisse,
885 5251 1107 5321 uelleque
1151 5252 1218 5306 ad
1256 5267 1346 5306 vos
1373 5253 1570 5306 litteras
1601 5253 1819 5319 mittere,
1867 5262 1920 5305 ut
1947 5251 2025 5306 vel

497 5383 574 5456 (a)
608 5384 778 5452 Epist.
807 5385 870 5437 ad
898 5385 1078 5450 Episc.
1113 5383 1335 5456 Egypt.
1365 5401 1419 5438 ιι.
1451 5384 1521 5438 2:
1552 5384 1611 5440 Si
1638 5401 1752 5455 qua:
1776 5385 2022 5450 scribunt,

423 5473 485 5510 ea
508 5457 807 5519 scriberent,
833 5456 1120 5509 Orthodoxi
1138 5500 1150 5518 ,
1178 5468 1230 5509 ut
1252 5471 1465 5527 magnus
1488 5465 1535 5509 et
1558 5460 1820 5526 confessor
1841 5456 2023 5527 Osiris,

423 5539 480 5581 ut
512 5527 831 5599 Maximinus
861 5527 1076 5589 Gallias.
1111 5536 1203 5582 aut
1229 5526 1346 5599 ejus
1381 5540 1662 5592 successor,
1705 5528 1784 5580 uel
1821 5526 2021 5590 Iulius,

423 5611 470 5653 et
503 5598 734 5652 Liberius
769 5599 946 5653 Horme
974 5600 1200 5669 epiicopi
1221 5598 1256 5668 ,J
1281 5600 1503 5667 aliique,
1545 5599 1632 5669 qui
1673 5599 1806 5652 idem
1845 5615 1907 5652 ac
1944 5599 2025 5652 illi

423 5671 687 5733 sentiunt;
731 5670 778 5742 si
819 5670 1030 5738 inquam
1070 5672 1154 5724 illi
1182 5671 1199 5741 (
1224 5671 1409 5725 Ariani
1433 5668 1458 5742 )
1486 5668 1566 5724 liis
1593 5679 1766 5742 essent
1794 5669 2018 5742 similes,

425 5743 603 5795 nullus
627 5741 861 5873 Γνοίῖιο
889 5743 941 5797 in
969 5740 1198 5797 illorum
1218 5740 1439 5816 scriptis
1471 5752 1598 5804 esset
1624 5740 1905 5814 suspicitmi
1937 5741 2020 5802 lv-

426 5829 517 5873 ενι
543 5829 562 5873 .'
590 5828 621 5870 e
671 5829 726 5870 n.
801 5853 812 5870 .

426 5829 517 5875 ειη
543 5829 562 5874 ἔ
590 5823 645 5870 et
671 5829 726 5870 n.
761 5823 812 5873 ὗ.

2132 4692 2270 4746 inter
2297 4691 2546 4762 egregios
2579 4690 2702 4745 fidei
2747 4689 3061 4746 defensores
3100 4689 3351 4756 collocat,
3402 4689 3454 4744 in
3502 4697 3736 4760 quorum

2131 4786 2198 4841 de
2229 4785 2332 4840 ﬁde
2359 4787 2580 4856 scriptis
2609 4785 2790 4840 nullus
2817 4793 2940 4841 esse
2969 4791 3183 4855 poterat
3213 4784 3512 4852 suSpicioui
3557 4785 3734 4850 totius;

2132 4881 2201 4932 ita
2227 4879 2386 4933 etiam
2420 4895 2524 4934 non
2547 4880 2729 4944 video,
2756 4895 2853 4934 cur
2876 4881 3017 4934 inter
3035 4895 3152 4946 eos,
3177 4895 3406 4949 quorum
3437 4878 3740 4949 rejicienda

2132 4971 2354 5040 scripta,
2402 4986 2464 5026 ac
2519 4973 2791 5042 dogmata,
2843 4972 3175 5028 exsecranda
3221 4971 3403 5037 docet,
3453 4981 3742 5026 recensere

2132 5080 2238 5119 non
2267 5065 2500 5133 potuerit
2532 5064 2858 5136 Cecropium,
2886 5076 2939 5121 et
2970 5065 3240 5121 Leontium
3267 5065 3580 5129 (lustratum,-
3611 5072 3661 5116 et
3689 5061 3740 5115 si

2093 5157 2236 5227 -jam
2267 5157 2371 5210 vita
2423 5158 2697 5224 sublatos;
2731 5158 2998 5227 siquidem
3030 5161 3131 5213 hoc
3174 5173 3337 5213 unum
3371 5171 3437 5210 eo
3483 5154 3600 5207 loco
3629 5151 3736 5207 sibi

2134 5251 2480 5322 proposuisse
2512 5250 2739 5315 videtur,
2785 5261 2842 5306 ut
2890 5250 3217 5320 comparatis
3245 5248 3525 5314 utriusque
3571 5244 3742 5313 partis

2211 5385 2284 5454 (ὁ)
2317 5384 2590 5456 Μειειίιιηὶ
2621 5396 2739 5439 ante
2763 5387 3134 5456 quinquaginta
3162 5385 3381 5454 quinque
3416 5401 3579 5438 annos
3607 5387 3732 5456 [arti

2134 5468 2255 5510 sunt
2283 5455 2616 5518 schismutici,
2650 5467 2695 5509 et
2727 5459 2908 5508 Ariani
2938 5455 3056 5508 ante
3083 5456 3300 5525 trigentd
3324 5463 3413 5510 sed:
3431 5455 3733 5510 annos/tre-

2132 5530 2278 5582 rclici
2315 5538 2431 5579 sunt
2463 5525 2735 5587 declarati,
2770 5525 3021 5594 iidemque
3056 5539 3174 5578 sunt
3215 5527 3277 5580 ab
3312 5526 3542 5582 [Sociesid
3577 5529 3730 5583 latius

2135 5598 2534 5668 (ωριιηιυιιὶοςιι)
2563 5598 2966 5668 synodijudicio
2994 5599 3189 5668 rejetli.

2200 5671 2270 5794 (2
2299 5672 2515 5722 Usserv.
2553 5668 2691 5734 lett.,
2721 5667 2848 5722 tom.
2876 5667 2960 5733 lll,
2986 5667 3152 5739 p.711.

2200 5748 2219 5794 t
2264 5741 2279 5794 i
2311 5740 2374 5794 N.
2409 5741 2462 5794 ὅ.

2207 5741 2279 5888 isi
2306 5741 2557 5874 gecione.
2589 5827 2648 5882 ιι,
2681 5825 2800 5889 cap.
2829 5811 2936 5882 45;
2971 5811 3193 5876 Sozam.
3226 5813 3318 5875 tib.
3349 5825 3425 5887 tv,
3449 5827 3572 5891 esp.
3603 5813 3691 5876 26.
