4138 6178
379 253 487 311 319

1563 254 1878 313 SANCTUS
1917 253 2239 313 DAMASUS
2275 254 2478 312 PAPA.

3576 257 3683 315 320

377 374 671 447 episcopis,
719 389 1020 446 eorumque
1050 374 1264 431 collatis
1311 373 1454 429 inter
1498 389 1558 430 se
1587 376 1822 446 scriptis,
1857 375 1974 445 epi-
2006 377 2059 437 Α
2085 389 2178 429 nes
2225 372 2346 428 illos
2374 373 2573 428 abusos
2602 386 2743 438 esse,
2780 381 2891 427 tum
2922 387 2987 428 ex
3020 370 3211 428 iisdem
3244 371 3536 440 historicis,
3570 384 3680 432 tum

380 469 531 537 scopi
579 468 800 541 .‘Egypti
854 475 910 524 et
956 467 1141 538 Libya:
1193 466 1581 537 intelligerent,
1612 482 1839 537 quorum
1884 467 1983 522 cli-

382 561 584 630 genda,
615 573 667 615 et
695 576 926 630 quorum
968 560 1069 615 sibi
1100 559 1349 630 fugienda
1381 561 1647 615 sententia
1677 561 1747 615 sit
1777 558 1871 631 (a).

456 654 644 711 Redeo
668 669 833 721 nunc,
864 653 1007 710 unde
1035 654 1415 720 discesseram,
1446 653 1511 709 ad
1540 655 1803 725 synodum
1843 655 1985 710 scili-

382 755 473 802 cet
505 748 931 814 Ariminensem,
963 747 1116 817 cujus
1146 759 1408 818 praeterea
1432 748 1735 813 occasione,
1769 748 1883 804 haec
1909 748 1986 803 le-

382 850 582 912 guntur
614 842 665 897 in
713 841 903 897 Hilarii
936 843 1251 913 fragmentis
1291 842 1365 914 (b)
1400 861 1411 896 :
1462 841 1570 899 Sed
1618 842 1908 910 Potamius,
1939 854 1986 898 et

389 934 674 1002 Epictetus,
704 935 828 988 dum
866 934 1115 990 damnare
1169 934 1350 989 Roma:
1393 936 1691 1006 episcopum
1737 935 1983 1007 gaudent,

387 1027 521 1081 sicut
552 1026 606 1079 in
633 1025 950 1081 Ariminensi
976 1030 1173 1097 synodo
1200 1028 1505 1091 continetur,
1543 1028 1724 1082 audire
1747 1028 1855 1081 hwc
1894 1044 1987 1082 no-

387 1120 621 1175 luerunt.
645 1118 846 1174 Locum
880 1119 1024 1175 hunc
1052 1120 1312 1187 luxatum,
1348 1120 1738 1188 perturbatum,
1776 1136 1839 1177 ac
1876 1137 1989 1177 me-

387 1212 586 1277 dicam,
619 1212 712 1267 sed
738 1211 959 1278 frustra,
989 1223 1307 1284 exSpectare
1332 1229 1549 1268 manum
1581 1229 1742 1269 nemo
1764 1223 1868 1281 est,
1896 1217 1987 1285 qui

388 1321 496 1362 non
528 1307 708 1362 videat
731 1322 794 1363 ac
822 1307 1072 1363 fateatur.
1107 1308 1164 1364 Si
1206 1307 1330 1378 quid
1371 1318 1547 1363 tamen
1591 1308 1833 1377 exsculpi
1866 1309 1989 1364 inde

387 1408 587 1470 potest,
624 1400 854 1462 videtur.
888 1409 1065 1454 actum
1093 1401 1144 1454 in
1182 1400 1509 1455 Ariminensi
1540 1400 1750 1471 synodo
1784 1400 1852 1454 de
1881 1400 1991 1455 Ro-

389 1505 553 1546 mano
593 1494 850 1562 episcopo
890 1492 1105 1547 Liberio
1143 1491 1326 1547 fuisse.
1371 1492 1541 1561 Quam
1574 1509 1706 1549 vero
1734 1496 1991 1549 causam?

394 1583 529 1640 Eam
573 1586 777 1641 scilicet
809 1603 929 1657 quae
955 1587 1077 1641 huic
1118 1586 1359 1657 pontifici
1389 1586 1530 1641 laudi
1579 1596 1634 1643 et
1671 1597 1990 1643 ornamento

391 1687 569 1745 esset;
595 1680 733 1734 hanc
761 1691 817 1733 ut
839 1678 1214 1749 conjiciamus,
1241 1679 1673 1750 praemittendum
1698 1690 1800 1747 est,
1832 1681 1989 1735 Pota.

2084 484 2149 524 ex
2196 469 2527 539 Hieronymo
2567 467 2852 523 Vincentio
2893 466 3160 522 Lirinensi
3191 472 3248 520 et
3276 464 3576 535 Augustino
3602 467 3682 522 di-

2084 563 2304 627 scimus,
2336 577 2561 631 quorum
2594 560 2733 615 dicta
2766 560 2853 615 hic
2882 558 3077 615 flustra
3105 558 3377 614 all'errem.
3410 558 3493 615 An
3531 560 3684 631 igitur

2086 658 2382 723 Liberium,
2416 656 2504 725 qui
2548 654 2891 710 Ariminense
2927 653 3214 709 concilium
3250 654 3301 707 in
3334 654 3547 708 irritttm
3589 653 3691 708 mi-

2087 758 2254 813 serat,
2285 759 2445 818 atque
2476 762 2613 801 unus
2642 762 2828 802 eorum
2869 757 3095 801 conatus
3136 745 3387 815 fregerat,
3417 745 3484 799 ab
3514 744 3688 800 scele-

2087 843 2220 898 ratis
2256 841 2362 896 illis
2397 840 2646 905 illacsum,
2698 850 2750 895 et
2793 840 3050 895 intactum
3085 837 3504 909 praetermissum
3545 837 3695 893 dice-

2088 935 2242 990 mus?
2287 981 2297 999 ε

2159 1028 2262 1084 Sed
2291 1040 2343 1085 et
2371 1029 2674 1086 Sozomeno
2710 1027 2974 1083 accedunt
3016 1027 3247 1096 Prosper
3277 1025 3328 1080 in
3372 1025 3644 1081 Chronico
3670 1066 3687 1090 ,

2089 1122 2230 1194 quod
2260 1122 2525 1191 integrum
2556 1119 2805 1175 Canisius
2834 1118 3003 1173 edidit
3034 1118 3134 1190 (ι’),
3164 1133 3227 1173 ac
3266 1116 3476 1173 Lucifer
3499 1116 3695 1171 adver-

2089 1230 2183 1270 sus
2198 1215 2593 1271 Constantium.
2613 1214 2814 1269 Prioris
2835 1215 3208 1269 testimonium
3229 1212 3452 1267 minime
3467 1211 3690 1266 dubium

2089 1319 2196 1373 est,
2232 1326 2351 1365 cum
2393 1318 2678 1378 utrumque
2707 1308 2955 1363 exsilium
2989 1317 3253 1360 memoret
3282 1313 3338 1360 et
3361 1304 3653 1372 distinguat
3680 1343 3694 1369 ,

2092 1410 2255 1470 atque
2284 1403 2513 1457 alterum
2543 1400 2787 1457 conferat
2816 1403 2867 1455 in
2898 1415 3096 1454 nonum
3125 1398 3324 1453 Liberii
3351 1398 3698 1466 pontificatus

2092 1508 2325 1561 annum,
2360 1496 2592 1549 alterum
2624 1508 2756 1548 vero
2795 1492 2846 1547 in
2879 1492 3220 1547 consulatum
3252 1489 3553 1545 Constantii
3582 1487 3697 1542 Vlll

2095 1597 2152 1642 et
2177 1587 2375 1642 Juliani
2405 1586 2637 1642 Caesaris
2664 1604 2676 1640 :
2706 1602 2825 1656 qua:
2852 1598 2982 1639 vero
3008 1581 3227 1638 Lucifer
3272 1582 3491 1647 scribit,
3528 1583 3702 1636 fateor

2093 1680 2281 1748 nobis,
2311 1681 2402 1749 qui
2451 1680 2617 1735 abiis
2663 1679 3001 1749 temporibus
3048 1678 3204 1747 longe
3254 1675 3543 1738 absumus,
3572 1676 3701 1730 sub-

391 1772 558 1825 minm
593 1773 704 1841 jam
735 1780 1029 1838 mortuum,
1065 1773 1110 1827 si
1155 1770 1412 1827 Faustino
1441 1782 1496 1828 et
1533 1772 1846 1828 Marcellino
1873 1789 1994 1844 pre-
2023 1767 2071 1827 B
2098 1772 2327 1826 obseura
2356 1771 2523 1826 videri
2554 1786 2711 1839 posse
2737 1789 2749 1824 :
2775 1780 2829 1824 at
2859 1772 2901 1824 si
2948 1778 3153 1824 attente
3183 1768 3567 1833 observentur,
3612 1783 3701 1822 ar-

391 1867 626 1939 sbyteris
666 1868 820 1935 fides,
854 1869 1087 1924 concilio
1133 1884 1232 1924 nec
1260 1870 1522 1936 adfuisse,
1556 1886 1657 1926 nec
1684 1871 1875 1927 adesse
1904 1886 1998 1941 po-

392 1959 585 2013 tuisse.
635 1958 923 2028 Reliquum
965 1960 1129 2031 igitur
1152 1970 1256 2027 est,
1305 1972 1359 2015 ut
1390 1978 1451 2017 ea
1478 1976 1599 2029 qua:
1636 1963 1687 2017 in
1740 1961 1997 2018 Mediola-

392 2052 550 2107 nensi
580 2054 812 2108 concilio
835 2053 903 2108 ab
932 2054 1122 2109 eodem
1152 2054 1420 2123 Potamio,
1453 2064 1508 2111 et
1536 2057 1784 2126 Epicteto
1808 2057 1997 2113 adver-

392 2159 486 2201 sus
540 2146 811 2201 Liberium
864 2159 1170 2217 perpetrata
1221 2147 1452 2213 fuerant,
1493 2150 1741 2204 refricata
1778 2151 1996 2217 iterum,

396 2245 453 2292 et
490 2244 789 2290 memorata
819 2237 1062 2292 dicamus
1090 2238 1143 2293 in
1172 2239 1505 2297 Ariminensi
1526 2256 1810 2309 consessu,
1846 2259 2002 2297 occa-

397 2326 552 2381 sione
584 2330 819 2381 recentis
848 2328 1095 2384 formulae
1125 2331 1192 2384 ab
1222 2330 1446 2387 Ursacio
1472 2342 1529 2388 et
1561 2334 1783 2390 Valente
1807 2351 2002 2406 prapo-

398 2420 547 2484 sitse;
608 2420 696 2474 cui
740 2434 862 2475 cum
913 2423 1153 2493 episcopi
1199 2424 1453 2482 catholici
1503 2439 1888 2499 repugnarent,
1939 2446 2001 2485 ac

405 2510 708 2566 Romanum
738 2516 901 2569 etiam
930 2513 1243 2586 episcopum
1274 2527 1427 2573 certo
1452 2530 1874 2590 repugnaturum
1897 2523 2004 2577 sci-

400 2613 548 2669 rent,
585 2602 699 2659 fieri
728 2622 835 2660 nun
870 2616 1101 2676 pOIerat,
1129 2609 1258 2679 quin
1290 2610 1451 2664 etiam
1477 2613 1835 2680 prreviderent
1864 2615 1999 2680 fore,

402 2704 461 2749 ut
486 2695 576 2750 ille
608 2711 796 2752 rursus
827 2709 1137 2767 vexaretur,
1171 2708 1334 2771 atque
1371 2702 1564 2757 iterum
1597 2703 1725 2760 sede
1750 2706 2004 2761 exturba-

404 2799 578 2844 retur.

478 2880 612 2936 Rem
641 2897 770 2938 vero
797 2884 1046 2953 probavit
1082 2896 1309 2942 eventus
1344 2906 1355 2941 :
1390 2905 1510 2945 nam
1539 2889 1783 2947 Liberius
1823 2893 2003 2949 omnia

410 2972 637 3029 Arimini
661 2984 837 3044 gesta.
868 2978 1160 3046 apostolica
1182 2980 1503 3035 auctoritate
1522 2984 1754 3038 cassavit
1782 2992 1835 3039 et
1860 2986 1911 3039 in
1935 2986 2005 3039 ir-

402 3064 566 3121 ritum
596 3066 763 3134 misit,
796 3068 934 3123 datis
975 3069 1039 3123 ad
1073 3086 1264 3126 omnes
1290 3074 1574 3144 episcopos
1594 3077 1884 3147 encyclicis
1921 3078 2008 3131 lit-

2098 1875 2410 1935 gumentum
2465 1874 2727 1934 prteslant
2772 1864 2993 1918 minime
3026 1861 3249 1916 dubium
3288 1861 3493 1915 iterata)
3542 1860 3698 1929 hujus

2099 1956 2401 2013 Liberiana:
2443 1958 2767 2013 secessionis
2800 1975 2815 2011 :
2848 1956 2922 2010 ait
2961 1957 3142 2026 itaque
3171 1954 3237 2009 ad
3278 1955 3696 2023 imperatorem:

2101 2049 2329 2121 Negabis
2356 2060 2403 2104 te
2420 2051 2487 2103 ad
2511 2050 2863 2105 idololatrian:
2898 2050 3140 2104 invitasse
3165 2064 3258 2101 nos
3278 2047 3703 2117 suscipiendam?

2102 2145 2164 2200 Si
2196 2162 2367 2200 censes
2396 2146 2717 2216 negandum,
2761 2145 3060 2199 convincent
3089 2152 3135 2196 te
3172 2143 3520 2209 expositiones
3548 2152 3703 2196 sectte

2103 2248 2204 2292 tua:
2232 2239 2588 2309 episcoporum
2629 2237 3162 2306 comblasphemorum
3193 2236 3429 2289 videlicet
3461 2244 3696 2300 tuorum,

2101 2332 2396 2385 convincent
2420 2339 2467 2384 te
2494 2330 2653 2385 libelli
2674 2333 2872 2385 recituti
2903 2348 2935 2384 a
2966 2342 3013 2385 te
3031 2373 3046 2397 ,
3075 2347 3135 2384 ac
3158 2330 3267 2383 dati
3297 2329 3474 2382 Roma:
3501 2328 3701 2397 episco—

2102 2424 2183 2495 pis
2210 2425 2361 2478 etiam
2387 2423 2657 2477 catholicis
2676 2465 2690 2488 ,
2714 2423 2782 2477 ad
2821 2422 2917 2476 hoc
2959 2420 3190 2476 videlicet
3210 2462 3224 2486 ,
3249 2430 3302 2473 ut
3340 2420 3478 2473 omni
3506 2420 3561 2473 in
3588 2418 3699 2472 loco

2104 2528 2193 2572 tua
2234 2518 2469 2572 roborari
2516 2527 2682 2590 posset
2734 2516 3051 2589 blasphemia
3082 2514 3185 2589 (g).
3235 2514 3371 2570 Sunt
3396 2513 3580 2584 igitur,
3610 2512 3701 2582 qui

2106 2611 2258 2667 hisce
2307 2611 2484 2666 verbis
2535 2611 2807 2681 designari
2862 2618 3051 2680 putent
3116 2617 3329 2678 tempus
3379 2606 3543 2669 illud,
3597 2619 3703 2674 quo

2104 2706 2454 2763 Constantius
2490 2706 2540 2760 in
2573 2705 2717 2762 Urbe
2746 2704 3014 2771 substitit,
3046 2718 3189 2759 anno
3222 2717 3416 2773 nempe
3438 2702 3574 2767 557;
3605 2717 3701 2757 eo-

2106 2816 2209 2869 que
2236 2800 2449 2855 libellos
2492 2809 2619 2854 tunc
2641 2799 2709 2853 ab
2734 2813 2800 2854 eo
2822 2798 3078 2853 recitatos
3108 2811 3169 2851 ac
3192 2795 3512 2850 distributos
3535 2792 3705 2863 conji-

2106 2895 2255 2948 ciunt
2280 2892 2593 2958 catholicis,
2619 2892 2708 2962 qui
2759 2890 2987 2946 aderant
3020 2890 3293 2960 episcopis
3324 2904 3388 2943 eo
3452 2886 3702 2954 consilio,

2109 2995 2166 3039 ut
2196 2983 2611 3055 persentisceret
2636 3025 2649 3049 τ
2676 2998 2782 3051 quo
2810 2982 3039 3051 quisque
3076 2980 3259 3034 animo
3299 2978 3514 3033 futurus
3564 2985 3709 3032 esset

2109 3093 2234 3147 erga
2278 3076 2705 3149 praemeditatam
2739 3076 2883 3145 jam,
2912 3089 2975 3128 ac
3022 3072 3424 3144 producendam
3470 3085 3537 3125 ex
3591 3069 3707 3125 Sir-

408 3164 563 3227 tcris,
594 3178 729 3233 quas
757 3163 983 3220 Siricius
1016 3166 1067 3219 in
1099 3166 1298 3221 celebri
1325 3168 1391 3221 ad
1427 3168 1719 3224 Himerium
1749 3170 2010 3226 Tarraco—
2034 3158 2079 3221 C
2114 3171 2306 3227 miensi
2340 3171 2481 3226 Urbe
2512 3169 2904 3238 blaSphemiam
2933 3167 3036 3237 (h).
3072 3167 3142 3221 At
3169 3182 3291 3220 cum
3320 3163 3553 3229 Lucifer,
3586 3162 3711 3216 reci-

409 3270 636 3311 nensem
660 3256 888 3327 epistola
913 3271 1193 3315 memorat.
1222 3259 1301 3315 Ne
1328 3276 1458 3317 vero
1480 3262 1734 3321 iteratum
1758 3264 2008 3321 humanae

408 3345 714 3415 fragilitatis
756 3351 1061 3419 exemplum
1091 3352 1301 3419 ederet,
1349 3354 1463 3423 ipse
1504 3354 1703 3410 deinde
1754 3358 1837 3412 sui
1879 3374 2011 3413 con-

412 3443 560 3496 seius
590 3456 711 3497 sese
738 3444 1019 3509 subduxit,
1052 3447 1192 3501 aein
1224 3449 1523 3504 cmmetcrii
1546 3450 1783 3507 latebras
1821 3460 2011 3507 contu-

412 3533 494 3588 lit.
520 3533 792 3590 Liheriani
818 3537 974 3607 hujus
998 3539 1173 3595 iterati
1195 3557 1443 3598 secessus
1464 3543 1797 3602 Sozomenus
1825 3557 2012 3616 aperte

416 3629 686 3696 meminit,
715 3646 946 3702 eumque
987 3648 1017 3686 a
1047 3635 1213 3704 priori
1238 3638 1430 3721 egsilio
1468 3638 1745 3711 distinguit
1776 3641 1869 3714 (c).
1908 3643 2015 3697 Ru-

422 3722 561 3777 finus
606 3738 755 3788 vero,
801 3741 829 3779 a
858 3741 964 3796 quo
1005 3728 1264 3799 deceptus
1312 3731 1593 3799 Socrates,
1635 3750 1755 3789 cum
1806 3735 2014 3791 Beroea:

415 3816 610 3871 exsilio
637 3819 828 3874 inscite
859 3820 1145 3876 confundit
1179 3823 1282 3894 (ά).
1316 3824 1680 3889 Quamobrem
1723 3825 2016 3881 Tillemon-

418 3909 543 3968 tius.
570 3924 893 3980 quamquam
929 3912 1121 3967 iterato
1148 3914 1275 3967 huic
1302 3916 1399 3983 ipsi
1427 3916 1617 3969 exsilio
1653 3917 1889 3986 aliquam
1926 3935 2017 3973 ve-

414 4002 458 4055 ri
491 4006 731 4070 speciem
756 4005 1038 4069 concedat,
1059 4006 1250 4060 abesse
1281 4016 1459 4060 tamen
1485 4006 1891 4063 fundamentum
1920 4012 2015 4075 ait,

416 4108 483 4149 ex
514 4109 621 4164 quo
655 4094 788 4149 illud
823 4112 920 4164 pro
949 4107 1098 4151 certo
1132 4097 1319 4153 haberi
1347 4100 1515 4169 possit
1547 4116 1561 4154 :
1595 4117 1716 4155 nam
1759 4103 2019 4160 Sozome-

418 4202 541 4253 nus,
573 4198 631 4244 ut
652 4189 742 4245 ille
768 4200 939 4261 putat,
961 4192 1158 4247 dubius
1184 4206 1288 4260 est,
1315 4196 1465 4250 Actis
1492 4210 1621 4250 vero
1643 4196 1867 4265 Liberii,
1899 4214 2018 4269 quae

419 4298 536 4338 eam
563 4298 676 4339 rem
695 4285 1039 4351 conﬁrmant,
1066 4286 1330 4343 Baronius
1359 4288 1476 4359 ipse
1500 4288 1641 4345 haud
1672 4292 1895 4346 multam
1923 4295 2020 4347 ad-

419 4378 569 4435 hibet
599 4380 759 4436 fidem
794 4400 806 4435 :
839 4381 981 4453 quod
1010 4384 1054 4437 si
1078 4383 1399 4439 Liberianus
1432 4384 1517 4441 hic
1564 4401 1813 4442 secessus
1855 4389 2014 4458 perit,

418 4470 634 4528 Damasi
671 4476 832 4530 etiam
866 4477 1154 4532 vicariatus
1181 4479 1439 4534 concidit.
1482 4479 1575 4536 Sic
1620 4482 1810 4538 saltem
1842 4484 2015 4538 visum

2113 3273 2246 3318 talos
2272 3279 2304 3318 a
2334 3262 2651 3318 Constantio
2695 3261 2928 3325 libellos,
2964 3273 3026 3313 ac
3067 3274 3164 3331 per
3196 3272 3387 3312 manus
3421 3254 3713 3325 Episcopo-

2112 3374 2232 3414 rum
2267 3356 2489 3412 traditos
2519 3356 2751 3418 scribat,
2778 3363 2835 3409 ut
2868 3354 2985 3424 ejus
3008 3355 3061 3407 in
3084 3353 3222 3407 omni
3254 3353 3366 3406 loco
3396 3349 3714 3418 blasphemia

2113 3452 2345 3506 roborari
2370 3460 2559 3521 posset,
2582 3448 2738 3503 facile
2760 3448 2930 3502 lector
2954 3446 3224 3517 intelligit,
3250 3460 3409 3515 agere
3432 3442 3577 3497 illum
3608 3456 3711 3495 non

2116 3544 2184 3597 de
2214 3540 2578 3612 prteineditata
2618 3548 2858 3603 tantum,
2888 3538 2983 3593 sed
3012 3537 3271 3607 producta
3310 3535 3420 3605 jam
3454 3535 3505 3589 in
3541 3535 3712 3587 lucem

2118 3645 2171 3690 et
2202 3634 2532 3704 promulgata
2566 3632 2903 3703 blasphemia
2937 3649 2948 3684 :
2981 3630 3179 3686 deinde
3208 3645 3367 3684 nemo
3407 3627 3561 3683 facile
3586 3641 3715 3680 con-

2076 3794 2091 3803 π
2119 3743 2376 3784 cessurus
2403 3726 2537 3791 erit,
2563 3725 2965 3797 blasphemiam,
2991 3740 3151 3794 quam
3182 3723 3361 3778 sciunt
3388 3736 3578 3775 omnes
3601 3720 3717 3776 Sir-

2119 3823 2314 3878 miensi
2352 3823 2444 3876 illo
2483 3821 2776 3876 clanculari
2798 3863 2813 3887 ,
2847 3835 2910 3874 ac
2942 3818 3162 3874 fortuito
3194 3832 3487 3888 congressu
3520 3812 3717 3869 deinde

2120 3918 2484 3987 conscriptam
2509 3957 2524 3984 ,
2558 3932 2624 3970 eo
2666 3916 2775 3985 jam
2823 3924 3065 3984 tempore
3107 3912 3476 3976 cll'ormatam,
3522 3909 3715 3962 lectam

2122 4011 2421 4068 Catholicis
2444 4010 2713 4080 episcopis
2730 4052 2744 4075 ,
2770 4025 2831 4063 ac
2857 4025 2951 4079 per
2978 4023 3169 4063 manus
3191 4007 3441 4061 traditam
3465 4019 3586 4059 esse
3618 4018 3717 4073 po-

2124 4106 2323 4171 tuisse,
2358 4119 2465 4175 quo
2515 4105 2867 4159 Constantius
2902 4103 2955 4157 in
2988 4102 3135 4158 Urbe
3184 4099 3459 4163 substitit;
3503 4098 3547 4152 si
3596 4097 3717 4166 quis

2124 4200 2286 4270 igitur
2307 4199 2374 4254 ab
2398 4197 2650 4254 Lucifero
2688 4198 3021 4269 designatam
3044 4238 3057 4261 ,
3092 4195 3559 4267 signiticatamqne
3588 4208 3718 4247 cen-

2122 4299 2241 4347 seat
2285 4293 2502 4360 impiam
2558 4290 2703 4344 illam
2727 4333 2742 4354 ,
2789 4305 2948 4359 quam
2977 4288 3123 4359 dixi,
3158 4287 3587 4350 Ariminensem,
3625 4300 3721 4341 seu

2124 4386 2301 4455 potius
2350 4385 2669 4440 Acacianam
2709 4382 3033 4449 formulam,
3058 4398 3088 4437 a
3127 4397 3257 4437 vera
3300 4382 3448 4436 illum
3476 4379 3721 4449 ejusdem

2123 4488 2306 4535 mente
2349 4480 2441 4534 vix
2477 4493 2578 4548 ego
2607 4477 2878 4533 abiturum
2922 4475 3108 4531 credo.
3158 4475 3283 4530 lltec
3310 4474 3455 4530 enim
3489 4473 3578 4528 illa
3605 4481 3720 4539 est,

416 4576 499 4622 est
540 4566 859 4625 Constantio
891 4570 942 4624 in
986 4573 1192 4626 monito
1235 4574 1436 4642 prmvio
1480 4575 1547 4629 ad
1591 4575 1782 4631 eadem
1821 4576 2020 4632 Liberii
2049 4579 2102 4639 D
2127 4588 2246 4644 quae
2278 4582 2398 4642 post
2427 4573 2736 4627 diuturnam
2767 4587 2950 4627 coram
2978 4573 3306 4641 imperatore
3334 4570 3455 4635 ἱιιεο
3482 4567 3725 4636 disimu"

415 4659 546 4714 Acta
579 4663 630 4715 in
660 4664 1015 4732 appendicem
1046 4666 1272 4736 rejecta.

494 4751 691 4808 Verum
748 4755 873 4810 huic
911 4756 1115 4826 duplici
1146 4759 1341 4813 exsilio
1384 4774 1483 4814 nec
1525 4759 1668 4814 ratio
1700 4759 1875 4828 deest,
1918 4777 2021 4818 nec

419 4844 509 4899 alii
543 4855 739 4913 pra-ter
776 4847 1136 4903 Sozomeuum
1169 4860 1352 4906 testes.
1396 4852 1527 4906 Nam
1573 4853 1717 4923 quod
1744 4854 1811 4908 ad
1859 4855 2023 4909 ratio-

419 4952 542 4992 nem
571 4937 786 5005 attinet,
818 4955 881 4994 ex
908 4940 1099 4997 eodem
1130 4944 1436 4999 Sozomeno
1464 4960 1527 5000 ac
1557 4945 1786 5003 Socrate
1820 4933 2022 5004 scimus

420 5031 689 5099 eamdem,
719 5043 880 5103 atque
915 5032 1080 5098 illam,
1115 5053 1274 5106 quam
1308 5038 1359 5092 in
1404 5038 1625 5097 Oriente
1657 5042 1931 5098 Endoxins
1970 5051 2027 5097 et

418 5123 649 5180 Aeacius
682 5124 939 5188 habuere,
980 5125 1205 5182 Ursaeio
1240 5138 1295 5183 et
1332 5130 1541 5186 Valenti
1584 5148 1899 5190 concessam
1933 5152 2028 5203 per

421 5215 824 5277 Oceidentalem
860 5228 1180 5292 potestatem
1212 5221 1377 5279 fuisse
1417 5224 1512 5297 (ε).
1549 5225 1657 5281 Hac
1684 5242 1815 5283 vero
1857 5229 2025 5285 latro-

499 5414 578 5485 (a)
606 5415 729 5487 Vid.
758 5435 814 5474 η.
843 5418 898 5483 6,
931 5420 985 5487 7,
1015 5418 1070 5483 8.
1104 5421 1158 5477 9.

529 5487 581 5558 b)
606 5486 829 5558 Fragm.
859 5492 914 5545 4.

528 5556 582 5636 ε)
604 5556 826 5636 Libftv,
853 5576 974 5630 cap.
1002 5564 1063 5636 μ
1089 5572 1145 5620 et
1173 5579 1291 5636 cap.
1326 5565 1414 5622 19.

530 5627 589 5698 d)
618 5627 737 5701 Lib.
771 5646 809 5696 ι,
843 5627 963 5701 cap.
1004 5634 1093 5689 27.

436 5769 450 5782 .
504 5696 578 5782 (ej
622 5698 774 5782 Spe,
801 5696 1155 5782 lib.'tt,5,cap.
1182 5709 1286 5777 37;
1316 5709 1564 5775 Sozom.,
1603 5708 1697 5764 lib.
1724 5723 1800 5774 tv,
1840 5723 1889 5765 c.
1922 5696 2027 5767 l9;

434 5772 636 5842 iceph.,
668 5772 763 5828 lib.
795 5785 847 5827 Ix
868 5809 882 5835 ,
909 5772 1033 5841 cap.
1062 5772 1124 5827 Η
1145 5813 1157 5825 .

2131 4669 2331 4723 tionem
2375 4682 2497 4721 cum
2548 4683 2577 4720 a
2635 4664 3143 4736 praavaricatoribus
3186 4662 3456 4733 episc0pis
3508 4667 3729 4731 recepta

2130 4761 2336 4824 fuisset,
2366 4761 2639 4830 proposita
2671 4758 2889 4825 deinde,
2922 4773 2987 4812 ac
3013 4753 3486 4825 Constantinopoli
3511 4752 3727 4823 publice

2128 4856 2341 4909 recitata
2361 4864 2442 4910 est
2473 4854 2558 4926 (ἱ).
2590 4853 2726 4919 Quia
2754 4868 2887 4907 vero
2928 4851 3116 4906 Romae
3140 4892 3154 4916 ,
3185 4864 3292 4921 quo
3319 4850 3524 4903 interea
3558 4847 3729 4914 impe-

2129 4950 2325 5004 ratoris
2351 4947 2505 5017 jussu
2527 4946 2706 5001 delata
2737 4947 2926 5008 fuerat,
2960 4944 3162 4999 recitari
3192 4958 3298 4997 non
3317 4949 3548 5013 poterat,
3572 4937 3731 4993 Libe-

2131 5041 2213 5096 rio
2241 5042 2523 5112 episcopo,
2550 5047 2766 5109 totaque
2794 5036 3039 5092 Ecclesia
3065 5042 3432 5106 repugnante,
3474 5029 3730 5085 traditam

2132 5134 2415 5189 dumtaxat
2441 5140 2550 5203 per
2593 5146 2782 5185 manus
2827 5129 3209 5199 episcoporum
3256 5126 3424 5181 fuisse
3470 5125 3728 5193 legimus,

2134 5229 2284 5285 nullo
2316 5237 2492 5282 tamen
2522 5240 2746 5297 prorsus
2777 5238 3054 5280 successu.
3082 5222 3419 5292 Quamquam
3443 5219 3605 5291 igitur
3626 5214 3735 5270 Lu-

2206 5424 2279 5498 (fl
2318 5419 3008 5498 Tantalis-ﬁssam;
3219 5485 3243 5498 -
3353 5484 3369 5498 .
3494 5489 3498 5492 s

2324 5494 2445 5567 Lib.
2474 5510 2511 5551 ι.
2624 5492 2758 5567 9.28,
2787 5490 2894 5546 BB.
2924 5484 3032 5545 PP.
3054 5486 3195 5567 edit.
3219 5484 3468 5567 Lugdun.

2228 5500 2285 5567 ρ)
2325 5500 2445 5549 Lib.
2474 5510 2511 5551 ι.
2537 5509 2591 5564 p.
2624 5500 2755 5557 228,
2788 5500 2894 5546 BB.
2929 5500 3032 5545 PP.
3063 5500 3195 5544 edit.
3221 5500 3350 5552 Lugt

2205 5500 2293 5635 th)
2333 5566 2547 5621 'l‘illem.
2574 5566 2642 5620 de
2668 5564 2880 5635 Arian.,
2910 5568 3015 5615 art.
3047 5560 3138 5635 6'],
3174 5569 3267 5635 no_t
3295 5559 3350 5613 6.

2204 5627 2436 5763 (ί)ὲέἰώ
2472 5638 2652 5706 Socr.,
2687 5634 2782 5691 lib.
2823 5627 2893 5708 tt,
2921 5644 3041 5704 cap.
3072 5631 3175 5699 bl;
3221 5630 3474 5701 Sosom.,
3509 5627 3604 5684 lib.
3661 5641 3736 5692 tv,

2204 5723 2250 5763 ι).
2354 5748 2366 5762 .

2130 5723 2250 5780 cap.
2274 5723 2366 5763 2'0.
