4138 6178
365 279 463 336 52f

1787 269 2295 332 PROLEGOMENA
2308 314 2319 327 .

3558 288 3667 343 529.

364 398 500 452 citur
526 411 591 449 eo
623 396 744 451 loco
776 409 881 450 non
911 394 1213 464 exprimat,
1247 406 1315 447 an
1355 390 1633 458 Liberius,
1683 407 1803 447 cum
1851 390 1968 447 htec
1995 404 2050 464 Α
2075 391 2186 461 ligi,
2214 404 2277 444 ac
2306 396 2456 445 certo
2484 392 2651 446 asseri
2680 404 2838 463 posse
2855 392 3180 450 existimavi.
3202 395 3327 452 Scio
3351 412 3456 454 non
3475 398 3671 473 deessp

366 489 554 544 Roma:
583 496 905 559 agerentur,
947 488 1145 543 absens
1183 496 1357 553 esset,
1392 500 1459 540 an
1506 500 1779 556 przesens,
1814 485 1963 539 illum

366 593 544 640 tamen
584 583 827 639 abfuisse
863 582 1126 639 credibile
1154 590 1266 647 est,
1297 596 1364 636 eo
1395 581 1645 646 consilio,
1686 591 1741 633 ιιι
1778 581 1845 634 ab
1874 595 1967 635 eo-

367 692 519 742 rum,
552 676 751 745 quibus
782 674 833 729 in
864 674 1149 746 episcOpos
1181 674 1306 729 huic
1342 673 1587 728 formqu
1615 673 1967 728 adversnntes

367 766 548 823 omnia
588 767 753 822 licere
792 767 1141 822 Constantius
1185 765 1464 831 edixerat,
1500 774 1764 835 potestate
1802 765 1964 832 liber,

372 861 655 918 catholica:
689 860 813 915 fidei
845 861 1136 932 integritati
1164 875 1258 915 sua
1289 861 1449 916 etiam
1486 860 1637 932 fuga,
1672 869 1721 916 et
1749 875 1965 917 secessu

375 968 565 1011 cavere
584 961 854 1025 pergeret.

446 1051 710 1105 Cmterum
741 1049 1031 1121 quominus
1061 1048 1128 1106 de
1151 1051 1320 1106 altera
1354 1049 1555 1105 Liberii
1584 1048 1653 1103 ab
1681 1048 1825 1105 Urbe
1869 1048 1966 1103 mi-

369 1144 613 1215 gratione
641 1160 742 1213 ego
770 1144 1033 1211 dubitem,
1058 1143 1258 1198 faciunt
1295 1144 1630 1212 potissimum
1682 1144 1796 1198 lucc
1822 1142 1970 1197 Aua-

370 1239 521 1293 stasii
550 1238 620 1292 de
649 1237 792 1292 Julio
822 1238 984 1293 verba
1010 1256 1021 1290 :
1052 1236 1177 1292 Fuit
1208 1239 1520 1310 temporibus
1552 1237 1836 1293 Constantii
1864 1238 1970 1292 liae-

370 1332 517 1386 retici
552 1331 654 1401 ﬁlii
692 1329 1029 1385 Constantini.
1086 1330 1186 1385 Hic
1229 1332 1282 1385 in
1328 1333 1491 1386 multa
1522 1332 1880 1399 tribulatione,
1923 1341 1972 1386 et

372 1424 554 1478 exsilio
583 1423 683 1493 [uit
713 1424 967 1477 mensibus
996 1424 1203 1478 decem:
1239 1434 1285 1477 et
1330 1434 1445 1494 post
1490 1425 1645 1487 huius
1686 1424 1971 1478 Constantii

374 1531 584 1571 mortem
611 1535 726 1570 cum
764 1518 928 1589 gloria
959 1528 1033 1573 est
1062 1535 1291 1573 reversus
1324 1519 1392 1572 ad
1427 1520 1594 1573 sedem
1636 1520 1739 1572 divi
1779 1518 1924 1573 Petri
1952 1536 1971 1574 :

372 1608 487 1663 ha-c
516 1610 627 1679 ipsa
664 1609 825 1665 habet
860 1621 1012 1664 vetus
1049 1611 1249 1680 regina:
1298 1610 1593 1668 Suecorum
1645 1613 1971 1683 martyrolo~

370 1703 538 1774 gium,
569 1718 599 1756 a
628 1701 860 1773 Georgio
883 1704 1350 1776 memoratum(a).
1382 1704 1544 1760 Vides
1567 1707 1747 1776 itaque
1768 1706 1969 1761 Julium

2069 485 2212 538 viros
2232 483 2536 540 eruditione
2559 496 2903 555 praastantes,
2922 488 3011 558 qui
3039 504 3161 544 eum
3189 492 3497 561 pontificem
3522 495 3671 552 nullo

2067 594 2321 648 umquam
2352 579 2512 633 modo
2531 580 2738 650 lapsum
2764 580 2928 637 fuisse
2958 594 3317 651 ceuscant,ac
3337 604 3456 657 qua)
3478 589 3671 644 adver-

2066 684 2160 726 sus
2191 671 2341 725 illum
2371 672 2583 743 vulgata
2611 684 2769 741 sunt,
2800 675 3006 731 incerto
3043 687 3248 733 tantum
3286 695 3505 737 rtunorc
3546 682 3668 749 niti,

2067 778 2189 834 quae
2218 779 2347 818 vero
2378 766 2445 817 ab
2486 779 2551 819 eo
2596 766 2799 835 scripta
2839 768 3123 836 dicuntur,
3165 769 3298 825 falsa
3351 773 3565 841 omnia,
3607 789 3671 829 ac

2069 855 2425 921 Arianorum;
2451 873 2681 926 quorum
2713 867 2889 927 artes,
2923 873 2977 917 et
3004 862 3233 919 fallacia:
3260 866 3478 923 aliunde
3503 868 3671 939 probe

2067 959 2322 1008 constant
2370 952 2623 1024 figtnenta
2673 970 2828 1023 esse,
2868 973 2975 1013 non
3024 960 3143 1015 sine
3184 962 3449 1030 probabili
3494 964 3671 1035 aliqua

2069 1046 2282 1101 ratione
2310 1047 2621 1115 cpinentur,
2654 1048 2751 1104 sed
2781 1058 2836 1104 et
2864 1050 2909 1105 si
2943 1067 3003 1106 ea
3038 1067 3136 1122 pro
3166 1052 3309 1107 veris
3339 1064 3394 1109 et
3423 1057 3673 1125 genuinis

2070 1138 2371 1196 habeantur
2395 1157 2425 1195 a
2449 1142 2637 1208 nobis,
2671 1152 2802 1214 puto
2835 1144 2945 1214 jam
2979 1145 3187 1215 liquere
3212 1148 3439 1203 nihilex
3473 1149 3538 1203 iis
3559 1150 3676 1205 clli-

2068 1235 2119 1289 ei
2138 1277 2151 1301 ,
2176 1244 2231 1291 et
2260 1236 2485 1291 extundi
2510 1251 2700 1307 posse,
2734 1238 2875 1307 quod
2900 1238 3203 1310 desperata:
3230 1257 3417 1297 eorum
3442 1284 3455 1307 ,
3485 1244 3575 1313 qui
3607 1242 3675 1298 ab

2070 1328 2312 1385 Ecclesia
2342 1329 2568 1400 projecti
2600 1340 2761 1398 sunt,
2788 1346 2968 1387 causa:
3005 1333 3271 1402 prodesse
3304 1334 3513 1404 possit,
3549 1336 3673 1389 nul-

2070 1423 2285 1494 lamque
2317 1424 2439 1479 ideo
2476 1439 2598 1479 esse
2634 1425 2865 1480 solidam
2911 1428 3205 1493 rationem,
3239 1444 3339 1484 cur
3368 1445 3674 1500 anonymus

2070 1515 2161 1570 ille
2194 1516 2437 1571 Vitarum
2488 1516 2853 1573 Romanorum
2886 1521 3199 1589 pontificum
3230 1521 3674 1589 consarcinator,

2070 1607 2459 1663 catholicarum
2496 1610 2687 1678 partim
2737 1610 3094 1681 scriptoribus
3145 1613 3454 1671 thrasonice
3506 1615 3677 1670 insul-

2074 1710 2209 1768 tare,
2239 1717 2301 1756 ac
2322 1703 2558 1771 captiosa
2586 1704 2949 1775 perplexaque
2970 1708 3218 1761 oratione
3242 1707 3358 1777 ejus
3377 1709 3530 1763 nobis
3541 1723 3678 1780 pon-

370 1793 472 1846 sub
500 1794 818 1849 Constantio
848 1809 876 1849 a
906 1795 1034 1851 sedc
1061 1795 1273 1865 pulsum
1299 1813 1311 1859 ;
1343 1797 1487 1852 illum
1539 1808 1798 1867 pnelcrea
1822 1796 1963 1852 Con-
1994 1794 2040 1854 Β
2071 1796 2229 1852 tificis
2248 1797 2453 1867 lapsum
2477 1798 2806 1868 exprobrare
2826 1798 3083 1870 deinceps
3115 1810 3322 1871 pergat,
3346 1810 3402 1855 ut
3432 1802 3553 1857 fecit
3572 1802 3673 1873 (e);

370 1888 570 1941 stantio
596 1898 809 1941 mortuo
858 1898 979 1958 post
1022 1888 1347 1945 decimestre
1393 1890 1639 1945 exsilium
1680 1890 1745 1945 ad
1789 1890 1972 1945 sedem

370 1996 526 2035 suam
560 1996 682 2035 cum
709 1979 882 2050 gloria
912 1996 1192 2035 reversum
1218 1982 1389 2037 vides.
1432 1982 1559 2037 Haec
1586 1998 1748 2053 porro
1773 1982 1817 2037 si
1850 1983 1974 2038 huic

372 2073 616 2144 pontifici
663 2074 960 2139 attribuas,
992 2074 1277 2129 falsissima
1304 2086 1428 2129 sunt
1456 2093 1470 2130 :
1496 2086 1549 2130 at
1579 2076 1623 2130 si
1656 2076 1745 2130 illa
1768 2091 1972 2145 expun-

370 2181 467 2238 gas
488 2167 557 2221 ab
584 2166 736 2222 Actis
762 2166 922 2231 Julii,
957 2184 1019 2222 ac
1043 2170 1298 2224 restituas
1312 2184 1432 2223 cum
1462 2169 1714 2236 Baronio,
1746 2171 1975 2241 aliisque

370 2261 557 2316 eximii
594 2260 780 2330 judicii
821 2260 981 2326 viris,
1028 2262 1257 2316 sinceris
1311 2262 1512 2319 Liberii
1545 2264 1731 2329 Actis,
1777 2280 1806 2317 a
1856 2264 1977 2333 qui-

369 2354 476 2407 bus
501 2364 711 2424 sumpta
745 2370 840 2424 per
868 2370 1111 2410 errorem
1144 2363 1300 2422 sunt,
1338 2364 1451 2411 tum
1486 2357 1781 2412 secundum
1809 2356 1974 2412 habes

368 2447 493 2515 ejus
524 2446 771 2501 exsilium
793 2489 807 2511 ,
842 2456 952 2501 tum
979 2463 1108 2502 vero
1140 2448 1318 2502 omnia
1370 2448 1537 2503 nitida
1587 2458 1746 2514 sunt,
1780 2465 1842 2504 ac
1872 2448 1974 2504 sibi

370 2540 673 2595 cohzcrent.
690 2540 1042 2596 Latrocinalis
1069 2542 1210 2597 enim
1225 2542 1823 2613 Constantinopolitana
1848 2559 1972 2615 syn-

372 2634 511 2690 odus
536 2634 588 2688 in
616 2634 908 2691 Februario
934 2652 1119 2692 mense
1134 2641 1374 2691 contecta
1392 2637 1781 2693 est.Valentem
1796 2647 1975 2692 autem

376 2740 430 2784 et
474 2727 761 2783 Ursacium
786 2771 801 2797 ,
839 2731 1034 2800 quibus
1067 2740 1191 2786 tunc
1224 2731 1361 2785 facta
1394 2730 1769 2786 Occidentales
1791 2730 1979 2786 Eccle-

380 2823 493 2877 sias
542 2823 768 2877 arbitrio
818 2838 918 2878 suo
966 2823 1195 2878 vexandi
1249 2823 1401 2894 copia
1430 2868 1444 2893 ,
1471 2839 1578 2878 non
1617 2825 1799 2879 statim
1824 2823 1892 2877 ab
1915 2839 1977 2879 ea

378 2916 515 2970 urbe
546 2915 866 2971 discessisse
890 2925 1135 2971 constat:
1162 2916 1426 2986 siquidem
1458 2917 1581 2987 ipsi,
1608 2917 1651 2971 si
1684 2916 1979 2972 Fortunato

379 3014 687 3080 credimus,
716 3025 963 3069 auctores
998 3012 1318 3068 Constantio
1360 3013 1607 3079 fuerunt,
1638 3022 1695 3066 ut
1745 3013 1977 3068 Hilarius

381 3108 566 3163 redire
598 3108 652 3162 in
695 3107 901 3163 Gallias
937 3107 1223 3176 juberetur
1253 3106 1349 3177 (ὁ).
1395 3108 1466 3161 At
1507 3106 1596 3161 ille
1640 3106 1828 3177 primis
1861 3105 1978 3175 ejus

2077 1891 2366 1961 siquidem,
2396 1891 2438 1945 si
2468 1891 2610 1961 quod
2639 1891 2693 1945 in
2724 1906 2791 1947 eo
2826 1891 3016 1946 vitium
3051 1892 3172 1959 fuit,
3205 1910 3308 1946 non
3339 1892 3470 1947 illud
3507 1893 3677 1949 amis-

2078 1998 2151 2039 s;e
2180 1984 2326 2050 fidei,
2353 1984 2446 2039 sed
2478 1985 2716 2053 pristinm
2748 1984 3009 2054 deposita:
3040 1986 3331 2040 severioris
3353 1986 3680 2041 constantia:

2079 2076 2201 2142 fuit,
2230 2087 2392 2146 atque
2423 2078 2553 2133 illud
2582 2079 2721 2133 haud
2751 2079 2820 2133 ita
2844 2095 3028 2148 grave,
3058 2079 3185 2149 quin
3215 2081 3423 2135 ratione
3460 2080 3635 2150 aliqua
3660 2119 3676 2147 ,

2078 2171 2122 2225 si
2147 2186 2251 2224 non
2277 2185 2498 2239 prorsus
2527 2171 2971 2237 tolli,-extenuari
3000 2172 3191 2227 saltem
3221 2186 3383 2242 posse
3407 2172 3675 2228 videatur.

2077 2260 2210 2315 Nam
2256 2278 2377 2317 cum
2418 2263 2462 2317 is
2512 2273 2657 2319 esset
2710 2280 2890 2319 rerum
2946 2273 3117 2320 status
3142 2276 3268 2320 tunc
3294 2266 3590 2334 temporis,
3625 2272 3686 2319 ut

2080 2370 2181 2408 una
2205 2355 2503 2427 eademque
2530 2367 2893 2426 reputaretur,
2919 2366 2972 2412 et
2998 2367 3165 2424 esset,
3200 2358 3455 2413 homousii
3485 2367 3543 2413 et
3578 2358 3678 2411 Ito-

2079 2448 2279 2501 niwusii
2316 2447 2427 2515 vis,
2472 2459 2583 2503 tum
2614 2450 2757 2519 apud
2799 2449 3149 2516 Catholicos,
3181 2459 3291 2503 tum
3339 2448 3482 2520 apud
3532 2450 3682 2505 Ano-

2080 2557 2283 2607 maaos,
2330 2552 2389 2597 ut
2438 2543 2638 2613 oppido
2680 2544 3125 2598 demonstrarunt
3168 2543 3432 2598 'l‘outteus
3458 2554 3511 2598 et
3544 2543 3676 2597 clar.

2080 2633 2362 2705 Gorgneus
2394 2634 2802 2691 Suessionensis
2824 2637 3119 2691 canonicus
3146 2634 3239 2707 (ί).
3274 2636 3522 2692 Liberius
3554 2635 3678 2692 ﬁdei

2080 2725 2364 2783 Sirmiensi
2415 2727 2536 2783 ideo
2569 2728 2797 2783 fortasse
2828 2728 3184 2798 subseripsit,
3218 2728 3363 2799 quod
3410 2730 3519 2783 duo
3565 2728 3683 2785 htec

2080 2820 2297 2890 assequi
2323 2834 2381 2875 se
2405 2835 2564 2891 posse
2594 2821 2925 2887 conﬁderet,
2958 2830 3013 2877 et
3041 2832 3096 2876 ut
3127 2820 3286 2877 fidem
3310 2822 3565 2877 retineret
3601 2808 3682 2876 nil

2084 2921 2286 2982 tegram
2311 2952 2327 2977 ,
2356 2920 2411 2967 et
2452 2922 2510 2967 ut
2550 2912 2691 2968 inter
2720 2912 3029 2968 Catholieos
3073 2923 3129 2969 et
3176 2914 3544 2969 Semiarianos
3585 2913 3683 2967 ho-

2083 3007 2293 3061 niaausii
2325 3019 2621 3061 assertores
2652 3010 2956 3077 epiSCOpos,
2987 3006 3188 3063 arctius
3212 3006 3441 3063 iniretur
3481 3008 3680 3074 foedus,

2083 3119 2190 3173 quo
2218 3104 2357 3160 vires
2387 3104 2846 3175 amplificarentur
2865 3105 3125 3161 adversus
3153 3105 3317 3171 Aetii,
3343 3105 3681 3177 Eudoxiique

382 3200 510 3253 anni
557 3199 832 3255 mensibus
878 3197 1341 3268 Constantinopoli
1373 3197 1606 3252 noudtun
1630 3198 1976 3261 discesserat,
2005 3190 2050 3253 C
2084 3205 2139 3253 et
2162 3198 2543 3253 Anomaeorum
2590 3206 2719 3252 tunc
2747 3198 2920 3267 palam
2945 3209 3290 3269 erumpentes
3311 3209 3568 3265 conatus,
3590 3214 3685 3269 ap-

382 3303 445 3347 ut
472 3309 539 3348 ex
570 3293 766 3348 litteris
800 3292 1200 3349 Gallicanorum
1244 3294 1620 3360 episcmiorum
1644 3291 1709 3345 ad
1731 3291 1980 3346 Orienta-

384 3385 466 3441 les
504 3385 645 3455 apud
680 3384 929 3439 eumdem
976 3384 1235 3439 discimus
1261 3382 1355 3454 (c).
1402 3382 1541 3437 Vero
1576 3390 1754 3435 autem
1805 3382 1980 3437 simile

382 3488 486 3542 cst.
513 3479 807 3534 sceleratos
835 3477 997 3533 hosce
1027 3477 1283 3531 turbones
1313 3491 1415 3530 non
1435 3476 1679 3529 anteitcr
1697 3477 1749 3529 in
1773 3475 1976 3529 Italiam

382 3571 682 3627 instituisse
710 3586 868 3641 quam
900 3570 1193 3638 imperator
1219 3569 1320 3623 vite
1344 3583 1403 3622 se
1432 3568 1607 3631 daret,
1632 3575 1818 3623 contra
1846 3567 1977 3622 Per-

383 3664 680 3726 sasiturus,
704 3662 882 3717 adulto
904 3661 1132 3726 scilicet,
1160 3672 1217 3714 ut
1238 3660 1556 3715 Ammianus
1579 3661 1682 3726 ait,
1703 3661 1815 3730 jam
1847 3676 1979 3715 vere.

382 3759 501 3815 Hoc
526 3774 657 3814 vero
684 3758 729 3813 si
757 3757 1004 3823 dederis,
1044 3756 1200 3812 facile
1230 3754 1391 3809 etiam
1429 3753 1697 3809 concedes
1717 3796 1730 3819 ,
1759 3753 1979 3808 eosdem

383 3851 578 3907 factam
603 3851 704 3905 sibi
734 3850 803 3904 ab
826 3851 1154 3917 imperatore
1186 3862 1281 3917 per
1305 3845 1682 3901 Occidentales
1714 3846 1982 3900 Ecclesias

381 3944 722 4013 tyrannicam
757 3949 1079 4014 potestatem
1110 3939 1386 4009 explicare
1415 3940 1501 3993 vix
1533 3939 1773 4008 potuisse
1793 3981 1807 4005 ,
1839 3952 1982 3992 anno

381 4039 607 4108 illojam
649 4038 881 4092 medium
933 4043 1290 4105 praetervecto
1319 4047 1558 4087 cursum.
1601 4032 1757 4086 Hisce
1788 4031 1984 4087 deimlc

382 4148 482 4203 per
507 4130 777 4185 Ecclesias
806 4130 873 4185 ab
895 4128 1040 4185 Urbe
1062 4126 1385 4182 remotiores
1416 4124 1660 4194 agendis,
1694 4124 1740 4178 si
1763 4122 1984 4193 aliquod

381 4222 537 4277 aliud
564 4221 822 4291 temporis
847 4220 1081 4288 Spatium
1101 4220 1363 4289 assignes,
1388 4226 1547 4288 atque
1571 4216 1693 4270 huic
1724 4226 1983 4286 praeterea

382 4315 578 4371 decem
607 4315 726 4369 illos
753 4328 971 4369 menses
999 4311 1305 4377 addideris,
1344 4325 1482 4380 quos
1516 4308 1693 4363 Julius
1723 4308 1860 4362 falso
1891 4307 1986 4362 de-

385 4408 600 4463 lituisse
621 4406 838 4471 dicitur,
858 4404 1017 4459 facile
1041 4405 1312 4474 pertinges
1339 4402 1403 4456 ad
1427 4401 1727 4456 Constantii
1754 4401 1981 4470 obitum,

387 4509 553 4571 atque
581 4499 645 4554 ad
675 4510 884 4569 tempus
927 4497 1077 4562 illud,
1105 4512 1233 4567 quo,
1259 4505 1316 4550 ut
1358 4495 1715 4562 Hieronymus
1759 4493 1834 4548 ait
1860 4492 1939 4564 (ά)
1969 4511 1983 4547 :

2084 3293 2257 3364 prime
2286 3292 2445 3348 utiles
2465 3302 2521 3347 et
2550 3292 2892 3348 necessaria}.

2670 3431 2995 3487 DlATRIBA
3034 3432 3095 3487 ll.

2085 3525 2163 3580 An
2193 3526 2449 3580 Damasus
2481 3527 2663 3597 faverit
2689 3526 2967 3595 aliquando
3012 3525 3244 3580 Maximo
3281 3523 3477 3598 Cynico
3503 3528 3684 3583 adrer-

2155 3636 2241 3673 sus
2274 3618 2575 3690 Gregorium
2611 3618 3025 3686 Nazianzenum;
3054 3637 3113 3673 ac
3134 3622 3197 3674 de
3226 3620 3424 3674 duabus
3450 3621 3685 3693 epistolis

2157 3710 2330 3765 Italici
2356 3713 2541 3765 concili
2558 3713 2760 3766 nomine
2781 3730 2811 3765 a
2833 3712 3112 3767 Sirmondo
3140 3712 3306 3765 editis.

2085 3831 2112 3894 §
2142 3830 2183 3880 Ι.
2208 3858 2268 3867 -—
2287 3805 2565 3893 Basungius
2589 3829 3153 3895 refellitur._Srriptore§
3176 3831 3450 3882 afferuntur
3471 3837 3573 3881 tum
3600 3833 3689 3895 qui

2152 3895 2339 3943 ll‘l‘ilalll
2383 3892 2538 3953 aiunt,
2580 3893 2815 3951 nulloque
2859 3893 2966 3943 loco
3012 3893 3072 3943 ab
3113 3892 3451 3943 Orientalibus
3474 3892 3688 3944 habitam

2148 3955 2537 4018 Maximi'Cynici
2578 3954 2953 4018 appellationem
2978 3957 3035 4004 ad
3061 3955 3339 4014 Damasum,
3367 3965 3417 4005 et
3444 3956 3688 4007 Occiden-

2150 4019 2290 4089 tales,
2319 4016 2519 4089 tumque
2539 4016 2720 4089 effe-netu
2760 4016 2887 4066 illam
2924 4032 3020 4089 non
3043 4021 3262 4069 caruisse
3288 4027 3518 4089 censen_t_,
3549 4032 3688 4069 eum-

2150 4095 2250 4142 que
2272 4084 2316 4127 in
2342 4079 2725 4145 Occidentalium
2743 4082 3135 4145 communionem
3160 4090 3436 4145 recuruum.
3471 4079 3691 4145 Utraque

2152 4139 2262 4207 pars
2286 4154 2399 4202 una,
2428 4139 2593 4207 Iudici
2612 4144 2860 4207 cujusdam
2884 4141 3081 4207 concilii
3122 4144 3323 4205 epistola
3362 4146 3549 4207 nititur,
3577 4139 3689 4207 qua:

2150 4203 2351 4254 affertur
2381 4220 2392 4254 :
2416 4205 2500 4268 qui
2520 4207 2584 4255 de
2609 4205 2718 4266 ejus
2742 4205 2955 4255 veritate
2971 4203 3323 4256 dubitaverint.

2161 4309 2218 4363 Si
2244 4309 2437 4364 litterae
2466 4308 2572 4363 illte
2597 4317 2900 4373 exstarent,
2924 4324 3057 4378 quas
3082 4309 3333 4367 Nicotaus
3366 4310 3384 4365 l
3406 4311 3694 4381 scripsisse

2093 4401 2379 4456 Damasum
2408 4411 2614 4465 narrat,
2638 4410 2698 4455 ut
2728 4401 2993 4457 Maximus
3030 4402 3344 4473 episcopatu
3378 4404 3689 4473 pelleretur,

2091 4511 2199 4551 non
2230 4501 2379 4551 esset
2400 4492 2525 4549 huic
2566 4484 2958 4549 controversia:
2990 4495 3163 4561 locus,
3213 4509 3387 4564 neque
3417 4511 3579 4552 ausus
3609 4512 3695 4551 es-

390 4592 642 4663 Episwpi
679 4593 767 4661 qui
798 4593 860 4644 de
892 4590 1121 4662 propriis
1163 4589 1368 4643 sedibus
1403 4589 1611 4659 fuerant
1639 4588 1985 4654 exterminari,
2013 4584 2066 4645 D
2092 4596 2177 4645 set
2207 4587 2348 4642 ullus
2378 4585 2575 4640 famam
2608 4584 2693 4641 vel
2723 4602 2789 4638 ex
2821 4584 2926 4640 hoc
2952 4586 3128 4656 capite
3162 4586 3427 4655 impetere
3463 4588 3696 4643 sanctis-

388 4702 485 4757 per
518 4686 631 4739 novi
664 4684 911 4756 principis
949 4681 1327 4752 indulgentiam
1365 4679 1433 4733 ad
1463 4680 1702 4751 proprias
1729 4678 1986 4733 Ecclesias

386 4780 651 4833 redierunt
676 4794 693 4831 .'
724 4785 1092 4846 praetereaque
1117 4785 1227 4828 tum
1245 4789 1328 4839 ea,
1355 4788 1474 4843 qum
1497 4789 1525 4826 a
1557 4772 1700 4827 Julio
1727 4781 1985 4827 extranea

388 4879 538 4931 sunt,
568 4868 635 4924 ad
666 4868 938 4923 Liberium
972 4866 1282 4938 pertinere,
1314 4876 1424 4921 tum
1456 4881 1583 4921 vero
1612 4866 1842 4921 alterum
1871 4865 1989 4935 ejus

388 4961 642 5017 exsilium
675 4961 819 5015 nulla
843 4958 1015 5015 solida
1041 4961 1249 5015 ratione
1269 4960 1322 5014 in
1349 4958 1569 5014 dubium
1602 4959 1807 5014 vocari.

466 5056 643 5125 Atque
678 5055 794 5109 haec
824 5062 977 5120 sunt,
1002 5068 1123 5123 qua
1157 5068 1221 5108 ex
1260 5051 1506 5120 diligenti
1555 5050 1989 5122 synchronorum

390 5149 608 5205 testium
628 5147 881 5211 lectione,
904 5146 973 5201 de
1003 5146 1164 5201 rebus
1188 5161 1217 5199 a
1236 5144 1453 5201 Liberio
1479 5144 1669 5200 exsule
1696 5143 1863 5215 gestis
1882 5145 1995 5201 col-

465 5286 545 5361 (a)
585 5284 1028 5361 Martyr._Ad_on..
1056 5284 1121 5349 ll,
1151 5282 1320 5361 April.
1355 5298 1409 5353 p.
1438 5280 1567 5337 662.

490 5357 543 5427 b)
587 5357 738 5413 Furti
769 5358 866 5413 vit.
891 5357 1086 5424 Hilar.,
1114 5372 1168 5410 ιι.
1195 5357 1250 5411 8.

490 5368 543 5427 υ)
587 5368 735 5413 Fort.
769 5368 866 5413 vit.
891 5368 923 5412 ιι

468 5368 545 5503 ξε)
588 5430 923 5503 ΙῖτειειιιηΗ.

466 5497 549 5572 (d)
591 5497 779 5556 Colitr.
812 5500 1006 5562 Lucif..
1036 5514 1154 5572 cap.
1192 5497 1280 5552 l9.

582 5573 646 5647 ill
678 5574 796 5647 [aut
836 5574 941 5625 étre
995 5564 1606 5647 (torriblementprevenu
1632 5582 1702 5647 σῃ.
1730 5564 1997 5647 favent-de

392 5647 427 5701 Γ
432 5636 773 5715 irifnillibilité
795 5660 925 5709 pour
953 5643 1193 5715 sontenir
1218 5658 1314 5711 que
1339 5636 1627 5715 Liberene
1652 5637 1817 5715 blessa
1843 5636 1997 5715 point

394 5718 447 5771 la
473 5708 549 5785 foi
580 5733 639 5769 en
666 5718 918 5770 adherant
944 5716 974 5768 ὰ
997 5715 1047 5767 la
1069 5708 1283 5783 perfidia
1313 5713 1375 5765 de
1397 5712 1669 5785 Sirmium.
1701 5708 1851 5761 Aussi
1872 5709 1999 5785 voit-

391 5778 590 5855 on'que
616 5804 745 5844 caua:
777 5788 864 5859 qui
895 5778 1095 5859 parlen't
1131 5778 1194 5841 de
1224 5785 1277 5840 la
1310 5794 1445 5839 sorte
1471 5791 1583 5839 sont
1614 5780 1702 5836 des
1744 5795 1867 5850 gens
1912 5778 2000 5833 ob—

2092 4682 2214 4736 simi
2260 4693 2649 4750 sacrorumque
2673 4692 2941 4735 canonum
2969 4678 3445 4734 observantissimi
3476 4670 3697 4751 pentifi-

2092 4773 2189 4828 cis.
2224 4772 2421 4827 Verum
2449 4771 2645 4841 injuria
2676 4782 2980 4841 temporqu
3012 4769 3213 4826 factum
3243 4780 3350 4839 est,
3390 4781 3448 4827 ut
3479 4773 3692 4829 interci-

2097 4864 2292 4920 derent
2346 4879 2559 4932 omnes,
2613 4863 2657 4918 si
2710 4863 2846 4918 duas
2889 4863 3150 4934 excipias,
3212 4880 3347 4935 quas
3389 4864 3701 4922 llolstenius

2100 4956 2291 5021 edidit,
2323 4967 2483 5026 atque
2528 4971 2630 5026 ego
2672 4965 2885 5026 quarto,
2934 4965 2993 5012 et
3022 4957 3215 5027 quinto
3264 4958 3384 5013 loco
3430 4958 3698 5013 recensui.

2100 5050 2285 5120 Itaque
2305 5048 2523 5105 aliunde
2548 5059 2864 5119 argumenta
2894 5051 3190 5120 repetenda
3217 5060 3363 5118 sunt,
3385 5052 3578 5122 quibus
3600 5050 3703 5105 Da-

2100 5142 2236 5200 masi
2279 5157 2477 5200 nomen
2512 5158 2543 5198 a
2588 5143 2855 5199 calumnia
2900 5144 3228 5201 vindicetur.
3260 5144 3527 5199 Caeterum
3576 5156 3700 5197 cum

2103 5296 2269 5345 scurs,
2295 5279 2385 5347 qui
2406 5278 2601 5334 n‘osent
2622 5295 2675 5334 se
2705 5280 2838 5351 faire
2868 5279 3133 5333 connaitre
3165 5320 3179 5343 ,
3237 5276 3506 5351 quoigu‘ils
3540 5278 3703 5333 soient

2102 5345 2337 5422 protégés
2368 5352 2454 5406 des
2478 5345 2816 5419 puissanees;
2848 5352 2977 5404 mais
3008 5352 3060 5404 la
3080 5351 3228 5422 cltute
3245 5348 3308 5400 de
3340 5345 3521 5402 Libere
3540 5361 3611 5422 est
3634 5367 3703 5405 un

2101 5420 2233 5496 abjet
2254 5420 2594 5496 'trop‘odieux
2627 5422 2759 5475 dans
2796 5431 2961 5475 toutes
2986 5436 3064 5496 ses
3095 5421 3491 5496 cirgonstances.
3521 5420 3588 5496 .le
3626 5438 3706 5477 me

2104 5490 2335 5549 co’ntente
2358 5493 2422 5547 de
2448 5509 2691 5561 renvayer
2720 5507 2809 5545 sur
2840 5508 2896 5545 ce
2930 5493 3064 5561 sujet
3097 5491 3129 5543 ὰ
3175 5490 3489 5546 [excellente
3514 5492 3706 5549 disser-

2106 5568 2263 5619 tation
2288 5567 2349 5619 de
2381 5563 2458 5617 Μ.
2497 5561 2777 5632 Larroque.

2177 5637 2246 5709 (ί)
2284 5636 2466 5709 Toutt.
2497 5634 2563 5689 ad
2605 5631 3152 5709 _S.'ACyrill._dissert.
3186 5632 3239 5700 l,
3266 5648 3386 5709 cap.
3439 5634 3471 5689 7
3513 5644 3568 5694 et
3600 5636 3704 5708 l6;

2104 5704 2307 5780 Goign.
2340 5706 2563 5763 dissert.
2588 5706 2655 5761 de
2680 5704 2813 5776 Syu.
2840 5704 3097 5773 Arhnin.,
3128 5716 3321 5777 qutest.
3340 5704 3406 5762 '3.
