4138 6178
485 321 593 379 3'35

1695 290 2008 354 SANCTUS
2046 282 2372 346 ΒΑΜΑὸυὸ
2412 281 2609 341 PAPA.

3682 269 3788 327 52i

485 437 643 496 binas
679 432 817 496 illas,
851 439 969 497 quas
1020 423 1333 490 supersunt,
1369 410 1632 482 Basnagio
1658 409 1879 466 videndi
1927 406 2081 476 copia
2111 402 2272 467 Adis
2321 397 2637 470 apostolica)
2681 392 2894 461 laribus
2944 397 3091 446 recte
3147 394 3545 457 comparatum,
3596 400 3781 440 eorum

487 529 672 592 fuerit,
701 520 1057 581 deridiculum
1078 529 1139 569 se
1171 509 1419 583 prmbnit,
1452 524 1576 564 cum
1604 506 1881 561 Nicolaum
1910 503 2083 572 ipsum

489 618 755 677 mendacii
785 609 1132 684 expostulare
1157 620 1321 661 ausus
1351 612 1451 664 est,
1469 601 1590 671 quia
1607 600 1752 653 nulla
1774 607 1937 653 exstat
1970 595 2080 648 Da-

488 713 619 766 masi
640 708 881 781 epistola,
912 718 1026 771 quae
1056 699 1264 754 Nicolai
1292 696 1443 750 dictis
1474 692 1715 765 prasidio
1752 692 1817 744 sit
1846 688 1948 759 (a).
1976 686 2091 743 Uti-

488 824 608 862 nam
655 818 787 858 vero
828 800 1198 854 Romanorum
1226 792 1541 862 pontificum
1565 793 1775 856 regesta
1816 787 2092 838 exstarent

488 899 666 953 adhuc
700 913 711 949 :
748 910 813 949 ex
846 892 912 946 iis
942 888 1087 945 enim
1120 900 1223 957 ego
1255 883 1477 939 minime
1506 879 1716 941 dubito,
1748 877 1879 947 quin
1922 873 2091 928 maxi-

489 1007 636 1047 mtnn
665 986 823 1043 nobis
853 981 1167 1054 praesidium
1194 976 1451 1039 etdecus,
1487 970 1759 1027 haereticis
1788 984 1918 1023 vero
1943 965 2093 1020 aliis-

489 1101 596 1156 que
626 1080 773 1138 sedis
804 1075 1118 1148 apostolica:
1147 1066 1609 1141 oppugnatoribus
1651 1063 1720 1117 ad
1763 1073 2093 1132 cognoscen—

492 1152 618 1233 dam
650 1175 934 1230 veritatem
983 1170 1164 1223 lumen
1206 1164 1521 1233 allulgeret;
1569 1157 1664 1213 sed
1688 1157 1799 1226 jam
1842 1152 1911 1208 ad
1940 1153 2096 1207 insti-

496 1280 692 1325 ttttutn.
734 1334 737 1345 ί

567 1337 769 1420 Eorum
803 1361 982 1431 igitur,
1016 1355 1108 1427 qui
1137 1354 1428 1407 Damasum
1472 1345 1706 1401 Maximo
1754 1339 1961 1412 Cynico
2003 1337 2096 1391 ad-

495 1476 684 1516 versus
715 1455 1035 1527 Gregorium
1072 1448 1471 1503 Nazianzenum
1521 1438 1795 1492 studuisse
1830 1432 2097 1487 arbitran-

499 1569 609 1622 tur,
641 1555 749 1609 dno
780 1544 905 1605 sunt
954 1545 1277 1614 scriptorum
1324 1549 1555 1607 genera:
1599 1531 1689 1586 alii
1726 1524 2098 1595 deprimendis

497 1616 654 1704 Sedis
692 1639 1042 1712 Apostolicte,
1084 1644 1139 1690 et
1186 1633 1556 1687 Romanorum
1604 1621 1927 1678 Pontiﬁcum
1964 1616 2101 1686 juri-

498 1744 618 1805 bus,
650 1740 742 1793 alii
771 1751 897 1791 vero
922 1726 1256 1786 vindicandis
1283 1722 1501 1786 intenti,
1540 1734 1650 1774 uno
1682 1726 1859 1770 tamen
1885 1724 2097 1774 omnes,

498 1836 801 1901 eodemque
829 1825 1078 1898 praesidio
1101 1830 1345 1882 utuntur,
1376 1832 1483 1870 uno
1511 1812 1722 1866 scilicet
1746 1806 1935 1861 Italico
1966 1803 2101 1858 Con-

496 1932 640 1993 cilia,
669 1939 878 1995 unaque
901 1921 1019 1989 ejus
1040 1915 1291 1987 epistola,
1325 1922 1489 1979 atque
1511 1921 1614 1961 una
1637 1917 1848 1967 omnes,
1880 1897 2099 1953 eadem-

498 2038 606 2094 que
634 2021 718 2074 via
748 2015 1087 2073 incedentes,
1116 2004 1450 2063 contrarium
1475 2000 1576 2055 sibi
1604 2001 1914 2067 proponunt
1942 1992 2100 2044 itine-

497 2081 575 2171 ris
607 2116 788 2169 linem.
821 2108 969 2163 Hanc
1002 2104 1209 2173 primus
1240 2095 1539 2165 Epistulam
1589 2090 1644 2145 in
1678 2090 1850 2143 lucem
1882 2081 2106 2155 protulit

500 2210 587 2264 vir
635 2203 827 2260 sutnmi
855 2196 1070 2271 iudicii,
1112 2204 1169 2249 et
1201 2190 1424 2245 infinita
1456 2185 1703 2240 lectionis
1729 2179 1963 2236 Jacobus
1992 2175 2107 2230 Sir-

505 2300 758 2362 tnondus,
792 2297 843 2349 in
874 2289 1175 2361 appendiee
1200 2284 1417 2339 Codicis
1439 2274 1805 2334 'l‘lieodosiani
1829 2282 2108 2342 postremo

502 2397 625 2451 loco
655 2392 752 2462 (b),
779 2400 1009 2456 eamque
1046 2382 1305 2449 deinceps
1333 2388 1524 2430 omnes
1560 2368 1830 2439 complexi
1862 2376 1989 2420 sunt
2016 2380 2109 2419 ve-

504 2486 602 2540 luti
640 2456 809 2547 adid,
840 2477 985 2549 quod
1032 2474 1131 2529 sibi
1174 2474 1589 2539 proposuerant,
1633 2458 1969 2532 probandum
2009 2456 2112 2510 im-

507 2576 699 2649 primis
732 2574 980 2627 idoneam
1008 2585 1023 2634 ;
1056 2582 1118 2621 ac
1149 2562 1405 2635 postremi
1432 2559 1668 2628 Opcrum
1702 2548 1971 2608 Ambrosii
1995 2547 2108 2603 edi-

507 2684 675 2734 tures,
701 2666 866 2721 veluti
890 2664 1078 2719 foetum
1106 2668 1254 2713 tanto
1282 2655 1515 2728 praesule
1540 2650 1782 2720 dignum,
1819 2660 1943 2699 cum
1982 2644 2110 2697 reli-

506 2767 628 2838 quis
656 2765 775 2832 ejns
815 2759 1062 2829 epistolis
1090 2749 1505 2824 imprimendam
1543 2743 1880 2800 admiserunt
1906 2755 1918 2791 :
1952 2753 2017 2793 ex
2044 2751 2107 2791 ea

509 2859 653 2915 enim
679 2830 931 2911 Daluzius
960 2851 1059 2923 (c),
1094 2859 1255 2918 atque
1275 2843 1368 2898 ali
1400 2838 1645 2896 nonnulli
1670 2836 1950 2903 colligunt,
1985 2830 2109 2884 nul-

504 2955 608 3010 lius
640 2961 769 3005 tunc
800 2961 953 3011 usus,
982 2954 1144 3013 atque
1190 2936 1527 2993 auctoritatis
1557 2929 1720 2985 fuisse
1759 2926 2110 2984 Sardicenses

507 3047 574 3101 de
592 3044 957 3114 appellatione
982 3048 1255 3097 canones;
1285 3046 1408 3085 nant
1443 3027 1488 3081 si
1510 3025 1713 3092 recepti
1734 3023 1843 3087 jam
1875 3018 2107 3081 fuerant,

509 3156 610 3196 cur
661 3154 768 3191 non
818 3129 1082 3205 prepositi
1138 3142 1234 3197 per
1274 3122 1491 3177 Italicos
1538 3115 1805 3189 prmsules
1853 3112 1954 3165 liae
1994 3109 2109 3177 ipsa

509 3233 760 3303 epistola,
790 3204 850 3283 ut
876 3242 937 3281 ea
969 3221 1184 3279 Maximi
1214 3214 1629 3287 appellationem
1664 3205 1978 3263 tuerentur?
2007 3204 2110 3257 Du-

512 3328 690 3398 pinius
722 3333 901 3377 autem
932 3318 1033 3391 (ά),
1067 3325 1121 3370 et
1148 3310 1473 3381 Quosnellus
1513 3320 1611 3377 pro
1648 3317 1799 3357 inore
1828 3299 1962 3355 nihil
2006 3312 2109 3351 non

509 3389 729 3479 audent,
759 3389 1119 3479 asseruntque
1150 3417 1353 3460 temere
1381 3417 1502 3457 Clllll
1538 3393 1862 3451 Ensebianis
1908 3389 2114 3457 Philip-

511 3509 691 3582 p0poli
717 3502 1083 3573 congregatis,
1113 3484 2113 3568 nihilsynodoOccidentaliumcontra

512 3602 820 3661 Orientales
851 3600 1016 3653 licere
1044 3600 1314 3655 statuere;
1344 3599 1453 3642 tum
1486 3582 1626 3655 quod
1673 3594 1860 3636 eorum
1889 3585 2115 3631 conatus

514 3699 709 3755 elTectu
759 3691 1051 3754 earuerint,
1094 3701 1216 3742 cum
1257 3679 1522 3737 Maximus
1574 3672 1817 3746 Cynicus
1852 3678 2145 3741 perpetuo,

513 3796 897 3848 exauctoratus
946 3780 1233 3843 manserit;
1267 3785 1378 3830 tum
1420 3769 1563 3843 quod
1605 3763 1981 3833 Occidentales
2014 3760 2113 3830 ipsi

514 3884 617 3939 hoc
666 3890 849 3953 aperte
900 3877 1187 3937 fateantur,
1240 3883 1363 3925 cum
1415 3866 1517 3919 sibi
1563 3878 1664 3915 non
1719 3856 2115 3929 praerogatiuam

513 3981 772 4033 uindicant
815 3972 1089 4034 examinis,
1136 3966 1223 4021 sed
1259 3962 1574 4018 consortium
1620 3962 1799 4025 petunt
1835 3949 2116 4006 communis

515 4070 740 4128 arbitrii.
763 4066 970 4132 Quibus
998 4060 1240 4131 profecto
1262 4054 1441 4109 verbis
1465 4050 1569 4105 hoc
1592 4048 1877 4102 dumtaxat
1905 4042 2118 4107 volunt,

522 4174 578 4219 ut
627 4176 750 4217 cum
790 4153 1179 4216 Orientalibus,
1214 4162 1321 4204 non
1354 4144 1421 4200 de
1456 4137 1822 4197 Orientalibus
1849 4135 2112 4205 judicent.

521 4258 599 4312 Ex
627 4253 858 4309 adverso
902 4248 1083 4317 Lupus
1114 4241 1186 4315 (e)
1231 4257 1291 4295 ac
1318 4234 1743 4295 Schelestratius
1768 4231 1836 4303 (f)
1870 4230 2006 4283 hanc
2039 4228 2120 4297 ip-

522 4365 636 4405 sam
680 4343 965 4417 epistolatn
1016 4339 1275 4394 Romanae
1322 4327 1536 4403 synodo
1580 4340 1643 4380 ac
1687 4324 1919 4395 Damaso
1967 4319 2121 4373 attri-

522 4412 810 4507 butum—ex
841 4448 1012 4506 eaque
1048 4430 1361 4489 coniiciunt,
1389 4434 1499 4478 tum
1534 4419 1821 4474 Maximum
1858 4412 2119 4470 beneﬁcio

522 4529 922 4607 appellationis,
964 4535 1076 4581 tum
1109 4524 1402 4577 Damasum
1430 4516 1552 4587 jure
1588 4528 1689 4567 suo
1742 4523 1897 4563 usum
1930 4505 2114 4569 fuisse,

522 4645 644 4685 cum
704 4643 826 4682 eum
870 4625 922 4678 in
972 4617 1413 4677 communionem
1446 4606 1673 4675 recepit,
1712 4612 1872 4668 atque
1921 4598 1974 4652 in
2006 4598 2122 4667 epi-

522 4724 673 4790 sc0pi
703 4719 927 4790 gradum
951 4712 1207 4775 restituit,
1234 4725 1263 4763 a
1290 4720 1398 4776 quo
1426 4702 1517 4756 ille
1540 4714 1638 4769 per
1661 4692 2120 4760 Constantinopo-

524 4782 743 4871 litanam
774 4810 1038 4883 synodum
1065 4804 1311 4873 dejectus
1341 4798 1517 4850 fuerat
1548 4809 1560 4843 :
1588 4787 1732 4860 quod
1767 4800 1937 4855 nuper
1958 4782 2120 4838 etiam

526 4911 732 4967 sentire
761 4907 906 4959 visus
935 4912 1018 4956 est
1047 4900 1128 4952 vir
1159 4897 1293 4950 clar.
1329 4892 1390 4946 P.
1416 4889 1654 4943 Joannes
1675 4880 1941 4936 Antonius
1967 4877 2125 4931 Blan-

524 5017 621 5057 cus
642 5016 708 5056 ex
736 4992 1150 5052 Observantium
1182 4984 1377 5039 familia
1408 4979 1511 5053 (g),
1542 4992 1605 5031 ac
1642 4975 1702 5030 P.
1736 4972 1821 5028 Jo.
1852 4969 2122 5042 Cbrysos—

528 5107 707 5151 tomus
736 5106 763 5143 a
796 5088 855 5145 S.
888 5081 1091 5152 Ioseph
1118 5095 1181 5134 ex
1207 5079 1416 5139 piarum
1446 5068 1766 5127 Scltolarum
1797 5060 2011 5139 clericis
2041 5058 2121 5132 (tt)

527 5203 664 5261 quos
696 5182 915 5239 honoris
964 5189 1127 5232 causa
1177 5169 1486 5226 nominatos
1511 5162 1699 5217 velim.
1748 5157 1821 5213 At
1867 5170 2020 5218 vero,
2054 5166 2122 5206 an

527 5247 632 5338 lioc
662 5276 805 5351 quod
852 5272 954 5328 viri
992 5267 1068 5324 illi
1099 5257 1403 5322 doctissimi
1452 5271 1519 5311 ex
1549 5253 1649 5308 hac
1688 5247 1917 5321 epistola
1964 5258 2126 5314 argn-

529 5336 773 5429 mentitm
800 5365 1038 5429 trahunt,
1067 5356 1198 5415 satis
1231 5355 1445 5408 ﬁrmum
1472 5345 1563 5411 sit,
1607 5348 1664 5399 et
1691 5336 1998 5397 asserendis
2037 5348 2126 5391 se-

608 5549 685 5621 (a)
711 5548 790 5604 Ad
820 5562 946 5601 ann.
976 5542 1184 5621 38l,-n.
1214 5535 1268 5621 5.

611 5552 660 5621 (a
711 5549 790 5604 Ad
820 5562 946 5601 ann.
976 5549 1103 5603 581,
1130 5554 1184 5593 n.
1214 5549 1268 5591 5.

611 5549 686 5692 (bi
717 5622 1065 5692 Oper.,_tom.
1095 5610 1138 5677 l,
1171 5624 1224 5680 p.
1252 5601 1515 5692 42?,Ver.
1547 5595 1696 5653 Edit.

613 5674 687 5759 ἐδ
713 5674 1134 5750 C6nc.,lib.vtt,
1160 5674 1280 5750 cap.
1310 5674 1364 5730 4.

612 5693 695 5833 id)
724 5758 870 5833 Ece|_.
902 5754 1119 5818 Discipl.
1148 5750 1281 5804 diss.
1309 5747 1364 5833 2:

897 5740 1125 5818 Discipl:
1148 5740 1281 5804 dis's.
1309 5747 1366 5802 2.
1405 5743 1433 5813 ἓ
1459 5740 1515 5795 9.

613 5838 689 5907 (ε)
732 5832 804 5886 De
828 5826 986 5881 Rom.
1016 5836 1164 5889 app.,
1195 5832 1315 5884 cap.
1356 5814 1447 5870 ‘51.

2192 503 2309 550 esto
2348 492 2633 563 judicium,
2677 489 2767 558 qui
2810 499 2995 541 secum
3041 481 3369 552 reputarint,
3418 494 3578 550 quem
3622 492 3783 533 causa

2191 586 2283 641 illa
2337 584 2539 638 exitum
2570 578 2864 650 aliquando
2897 574 3165 629 habuerit.
3201 573 3389 641 Itaque
3418 586 3543 626 cum
3568 585 3630 626 ea
3670 569 3781 639 epi-

2190 678 2332 732 stola
2361 676 2554 732 JOanni
2590 673 2752 728 David
2770 669 2942 744 (e),ac
2968 669 3140 724 Natali
3172 665 3485 723 Alexandro
3512 664 3577 737 (ὃ)
3616 664 3788 719 dubia:

2192 771 2317 825 fidei
2362 771 2477 825 visa
2505 768 2686 833 fuerit,
2722 780 2787 821 ac
2813 764 2913 818 viri
2965 763 3037 817 illi
3085 761 3270 816 eximii
3322 759 3553 814 summis
3584 766 3788 811 tantum

2196 865 2352 919 labiis
2405 878 2518 917 rem
2560 860 2805 929 attigisse
2833 857 3013 927 potius
3051 870 3213 924 quam
3240 850 3545 908 confecisse
3568 848 3788 903 videan-

2195 968 2304 1023 tur,
2351 971 2515 1024 opere
2567 969 2651 1007 me
2680 952 2910 1023 pretium
2945 948 3211 1003 facturum
3243 946 3444 1015 putavi,
3476 944 3521 1001 si
3575 944 3635 998 in
3669 956 3789 998 eam

2196 1051 2507 1124 diligentius
2524 1048 2876 1120 inquirerent,
2892 1053 2946 1099 et
2965 1043 3215 1113 graviora
3244 1041 3445 1109 aliquot
3465 1045 3790 1107 argumenta

2196 1162 2407 1211 eorum,
2436 1144 2525 1215 qni
2550 1142 2802 1213 legerint,
2842 1137 3050 1208 judicio
3074 1135 3423 1205 subjicerem,
3451 1133 3645 1203 quibus
3674 1139 3789 1185 tum

2199 1240 2418 1295 Damasi
2448 1237 2587 1291 fama
2643 1236 2695 1288 in
2729 1241 2846 1287 tuto
2878 1238 3129 1300 ponatur,
3159 1235 3273 1282 tum
3306 1226 3508 1280 falsitas
3533 1226 3650 1290 eius
3675 1223 3785 1292 epi-

2203 1334 2383 1397 stolae,
2406 1330 2477 1383 ob
2504 1343 2665 1396 quam
2695 1324 2783 1379 hic
2811 1322 3092 1393 cujusdam
3125 1319 3290 1375 veluti
3330 1313 3795 1387 prrevaricationis

2200 1439 2325 1479 rens
2347 1422 2545 1491 agitur,
2575 1427 2829 1474 constare
2861 1414 3030 1484 magis
3073 1421 3277 1482 posset.
3326 1409 3435 1465 Sed
3468 1417 3526 1461 nt
3565 1407 3798 1461 lectores

2200 1515 2395 1573 minori
2421 1510 2765 1567 iuconnnodo
2789 1524 2902 1563 rem
2927 1506 3027 1577 ipsi
3046 1506 3347 1573 diiudicare
3368 1502 3599 1573 possint,
3623 1497 3795 1566 ipsam

2203 1618 2327 1665 ante
2357 1606 2535 1661 omnia
2577 1603 2746 1660 Italici
2779 1600 2994 1658 concilii
3020 1596 3303 1669 epistolam
3331 1594 3525 1648 iterum
3579 1590 3666 1644 hic
3706 1589 3798 1643 de-

2204 1700 2544 1758 scribendam
2558 1698 2763 1754 censui.
2791 1695 3007 1751 Concilii
3038 1691 3063 1746 l
3074 1692 3211 1746 talia:
3236 1688 3304 1741 ad
3333 1685 3682 1741 Theodosium
3708 1682 3802 1736 im-

2130 1800 2178 1860 B
2208 1807 2510 1868 peratorent,
2543 1793 2606 1847 de
2632 1792 2872 1863 episcopo
2900 1786 3185 1842 Antiochia:
3216 1782 3492 1851 subrogato
3523 1789 3637 1850 post
3667 1793 3802 1831 mor-

2210 1902 2308 1945 tem
2332 1888 2541 1943 Melitii.
2568 1885 2635 1938 Et
2656 1894 2711 1938 ut
2738 1883 2788 1936 Ν
2794 1881 3011 1936 ectarius
3033 1874 3476 1942 Constantinopoli
3497 1881 3609 1945 post
3632 1868 3803 1923 Maxi-

2209 1999 2349 2037 mum
2377 1979 2646 2035 ordinatus
2687 1977 2798 2031 loco
2827 1974 2998 2037 cedat,
3021 1980 3110 2025 aut
3140 1969 3323 2023 Romae
3361 1981 3513 2035 super
3542 1964 3806 2032 utriusque

2211 2074 2536 2131 ordinatione
2562 2070 2841 2125 concilium
2868 2067 3133 2120 habeatur.
3173 2060 3473 2115 Beatissimo
3502 2054 3805 2127 imperatori

2211 2180 2257 2223 et
2279 2164 2672 2221 clementissimo
2703 2160 2927 2233 principi
2944 2156 3259 2222 Theodosio,
3284 2150 3605 2217 Ambrosius,
3638 2156 3686 2203 et
3712 2162 3811 2201 ccc-

2214 2264 2309 2317 teri
2349 2259 2575 2331 episcOpi
2608 2255 2637 2311 Ι
2643 2256 2802 2310 taliat.

2286 2356 2539 2410 Sanctum
2593 2352 2822 2405 animum
2870 2357 3015 2400 tuum
3064 2342 3172 2398 Deo
3217 2338 3553 2412 omnipotenti
3595 2352 3730 2409 pura
3765 2343 3815 2390 et

2212 2449 2414 2502 sincera
2454 2444 2559 2514 fide
2609 2442 2838 2495 deditum
2879 2436 3163 2492 sciebamus
3216 2449 3233 2486 :
3271 2432 3359 2487 sed
3400 2429 3687 2483 recentibus
3727 2441 3819 2480 cu-

2216 2539 2427 2594 mulasti
2487 2536 2782 2603 beneﬁciis,
2835 2530 2973 2602 quod
3011 2526 3306 2583 Catholicos
3346 2522 3598 2578 Ecclesiis
3638 2519 3817 2574 reddi-

2216 2634 2377 2699 disti,
2440 2631 2719 2700 imperator
2775 2630 3024 2696 Auguste.
3059 2622 3225 2690 Atque
3278 2617 3473 2671 utinam
3526 2611 3821 2670 Catholicos

2213 2727 2354 2793 ipsos
2392 2721 2692 2777 reverentia:
2737 2717 2894 2775 ueteri
2931 2713 3246 2771 reddidisses
3271 2750 3287 2775 ,
3325 2718 3382 2765 ut
3419 2706 3549 2760 nihil
3576 2711 3825 2759 uouerent

2214 2829 2395 2872 contra
2434 2813 2737 2884 prtescripta
2778 2812 3069 2881 majorum,
3114 2820 3202 2859 uec
3244 2814 3425 2855 temere
3464 2798 3543 2853 uel
3568 2794 3824 2853 servanda

2213 2907 2596 2970 rescinderent,
2649 2904 2726 2957 vel
2775 2899 3114 2955 rescindendo
3161 2902 3441 2951 servarent.
3502 2890 3685 2959 Itaque
3729 2888 3824 2942 do-

2215 3004 2400 3059 lentius
2439 3002 2570 3070 forte
2608 3014 2765 3069 quam
2805 2992 3145 3049 inconsultius
3194 2986 3610 3061 ingemiscimus,
3658 2986 3826 3053 intpb

2214 3108 2388 3161 rator,
2447 3094 2654 3165 facilius
2692 3090 2879 3159 expelli
2930 3086 3158 3157 potuisse
3193 3082 3489 3143 lta'reticos,
3518 3093 3670 3147 quam
3692 3077 3826 3129 inter

2139 3187 2184 3250 C
2216 3188 2508 3245 Catholicos
2534 3184 2823 3240 convenire.
2858 3180 3064 3246 Quanta
3087 3177 3221 3231 enim
3248 3188 3413 3241 nuper
3432 3170 3666 3240 confusio
3683 3167 3829 3236 {acta

2216 3283 2314 3346 sit,
2368 3279 2617 3343 explicari
2667 3292 2769 3330 non
2820 3282 3005 3346 potest.
3053 3269 3441 3340 Scripseramus
3484 3262 3722 3326 dudum,
3769 3268 3825 3312 ut

2216 3376 2457 3440 quoniam
2511 3370 2827 3426 Antiochena
2881 3366 3059 3422 civitas
3101 3364 3230 3417 duos
3274 3360 3479 3415 haberet
3522 3358 3825 3426 episcopos,

2222 3468 2504 3523 Paulinum
2537 3474 2689 3534 atque
2728 3459 2986 3515 Melitium
3012 3496 3030 3524 ,
3066 3470 3194 3525 quos
3224 3452 3345 3523 ﬁdei
3378 3450 3643 3504 concinere
3671 3455 3829 3516 puta-

2219 3563 2397 3617 bamus
2418 3602 2433 3627 ,
2467 3570 2554 3613 aut
2586 3559 2719 3612 inter
2746 3557 2888 3622 ipsos
2919 3567 3054 3621 pax,
3094 3558 3141 3604 et
3173 3545 3448 3602 concordia
3479 3544 3621 3596 saluo
3649 3540 3835 3594 ordine

2222 3654 2589 3711 Ecclesiastico
2620 3649 2941 3709 conveniret.
2973 3654 3061 3699 aut
3091 3653 3226 3698 certe
3254 3642 3296 3695 si
3318 3639 3434 3710 quis
3461 3652 3636 3691 eorum
3664 3633 3833 3687 altera

2218 3748 2490 3818 superstite
2520 3745 2852 3807 decessisset,
2884 3739 3030 3793 nulla
3071 3733 3364 3806 subrogatio
3400 3734 3453 3785 in
3480 3727 3709 3799 defuncti
3748 3728 3834 3780 lo-

2219 3862 2333 3899 cum
2356 3886 2370 3911 ,
2413 3844 2686 3911 superstite
2714 3840 2899 3898 altero.
2923 3838 3238 3909 gigneretur.
3272 3832 3337 3886 At
3364 3827 3721 3897 nunqﬂelitio
3742 3825 3840 3879 de-

2223 3943 2398 4009 functo
2425 3978 2439 3999 ,
2471 3933 2699 3987 Paulino
2742 3930 3019 4002 superstite
3045 3968 3059 3994 ,
3092 3940 3238 3995 quem
3270 3924 3325 3977 in
3353 3920 3709 3977 communione
3738 3934 3839 3972 no-

2221 4044 2363 4097 stra,
2396 4026 2647 4081 mansisse
2690 4022 2981 4086 consortia,
3030 4033 3143 4089 quae
3180 4033 3213 4070 a
3262 4013 3545 4087 majoribus
3581 4006 3839 4076 inoffense

2224 4125 2379 4178 ducta
2431 4127 2724 4184 testantur,
2773 4123 2955 4169 contra
2998 4114 3078 4183 {as
3115 4120 3264 4180 atque
3296 4104 3695 4161 ecclesiasticum
3743 4118 3839 4154 or-

2225 4219 2395 4271 dinent
2416 4256 2430 4280 ,
2462 4216 2519 4268 in
2564 4212 2735 4266 locum
2773 4207 2969 4264 Meletii
2989 4247 3003 4272 ,
3043 4222 3147 4258 non
3179 4214 3282 4257 tam
3307 4204 3617 4272 subrogatus
3641 4240 3657 4265 ,
3679 4213 3839 4268 quam

2224 4294 2581 4383 superpositus
2649 4304 2925 4359 asseritur.
2980 4300 3144 4369 Atque
3194 4296 3289 4351 hoc
3337 4294 3532 4364 factum
3578 4292 3840 4360 allegatur

2226 4402 2561 4459 consensione
2583 4410 2631 4454 et
2663 4396 2878 4451 consilio
2914 4391 3146 4447 Nectarii
3170 4430 3185 4455 ,
3215 4391 3364 4461 cujus
3395 4385 3657 4440 ordinatio
3682 4400 3839 4452 quem

2226 4497 2457 4552 ordinem
2509 4490 2739 4545 habuerit
2779 4502 2883 4542 non
2924 4485 3175 4539 uidemus.
3220 4478 3461 4549 Namque
3504 4481 3560 4533 in
3615 4474 3838 4531 concilio

2147 4573 2200 4635 D
2228 4605 2391 4658 nuper
2416 4628 2431 4652 ,
2462 4602 2575 4639 cum
2610 4582 2874 4636 Maximus
2914 4579 3191 4647 episcopus
3238 4571 3605 4628 Alexandrina
3648 4567 3838 4622 Eccle-

2224 4685 2315 4738 siae
2353 4678 2763 4734 communionem
2807 4688 3015 4727 manere
3055 4685 3230 4724 secum
3272 4668 3415 4722 lectis
3462 4665 3605 4719 Petri
3642 4670 3842 4719 sanctis

2224 4774 2487 4830 memoria:
2523 4771 2620 4825 uiri
2659 4770 2843 4823 litteris
2891 4762 3203 4835 prodidisset
3228 4803 3242 4827 ,
3289 4774 3504 4829 eumque
3549 4759 3686 4811 intra
3728 4756 3842 4825 pri-

2226 4877 2373 4923 uatas
2402 4864 2537 4919 azdes
2566 4902 2581 4928 ,
2610 4861 2733 4932 quia
2765 4858 2943 4914 Ariani
2973 4856 3215 4910 basilicas
3242 4852 3415 4907 adhuc
3445 4849 3679 4905 tenebant
3708 4888 3724 4911 ,
3755 4863 3844 4902 se-

2226 4975 2416 5015 cretum
2440 4974 2547 5013 esse
2575 4997 2590 5022 ,
2622 4950 3017 5008 mandatoribus
3044 4947 3299 5018 episcopis
3324 4942 3679 5000 ordinantibus
3702 4982 3719 5007 ,
3755 4940 3847 4995 di-

2226 5055 2403 5109 lucida
2432 5048 2790 5116 testiﬁcatione
2836 5042 3130 5106 docuisset,
3187 5038 3317 5093 nihil
3362 5036 3634 5091 habuimus
3659 5076 3675 5098 ,
3718 5033 3845 5087 bea-

2228 5147 2419 5201 tissime
2462 5143 2700 5213 princeps
2728 5178 2743 5201 ,
2793 5138 2848 5190 in
2889 5150 2988 5204 quo
3032 5134 3097 5188 de
3133 5134 3429 5204 episwpatu
3455 5132 3568 5201 ejus
3598 5125 3845 5181 dubitare

2229 5252 2491 5310 possemus
2516 5274 2532 5300 ,
2574 5249 2688 5286 cum
2728 5232 2829 5284 vim
2860 5228 2959 5282 sibi
2998 5226 3307 5300 repugnanti
3338 5240 3369 5275 a
3398 5222 3651 5292 plerisque
3678 5218 3846 5271 etiam

2228 5332 2291 5385 de
2330 5327 2520 5401 papula
2570 5335 2616 5379 et
2666 5323 2803 5377 clero
2846 5328 3059 5375 testatus
3095 5326 3229 5375 esset
3268 5316 3489 5371 illatam.
3522 5310 3719 5373 Tamen
3770 5324 3846 5363 ne

2307 5506 2375 5580 (ι’)
2416 5502 3035 5580 A#ntiq._l_§_ccl_.ddissert.
3067 5499 3102 5556 6
3127 5500 3392 5580 ,_cap._t,
3419 5506 3523 5553 art.
3555 5496 3612 5551 2.

2424 5570 2581 5632 Tom'.
2612 5576 2725 5652 Ill,
2756 5574 2852 5630 lib.
2886 5588 2961 5652 tt,
2983 5587 3115 5652 cap.
3145 5573 3207 5652 β,
3238 5570 3264 5642 §
3298 5571 3389 5625 lt.

2306 5640 2387 5721 (ii)
2432 5652 2654 5721 Dissert.
2683 5648 2754 5703 de
2778 5646 2958 5721 appel;
2981 5643 3040 5700 S.
3060 5640 3300 5721 Amani,
3331 5656 3454 5714 esp.
3485 5640 3540 5694 4.

2309 5712 2380 5794 (η’
2411 5722 2490 5794 De
2515 5720 2692 5777 Judic.
2713 5712 2889 5794 epist.
2918 5714 3079 5794 qam,
3108 5730 3163 5789 p.
3198 5712 3321 5794 126.

2306 5784 2381 5866 (ῥ’)
2420 5793 2543 5849 Sec.
2574 5808 2625 5845 tv
2650 5830 2666 5857 ,
2693 5784 2911 5845 dissert.
2936 5787 3029 5855 98,
3058 5784 3214 5857 prop.
3239 5784 3292 5839 5.
