4138 6178
305 258 420 329 325

1683 256 2219 331 pnonecoueus.

3515 277 3618 332 596

303 385 602 441 absentibus
627 383 864 459 partibus
892 393 1208 458 prcesuntpte
1247 385 1448 455 aliquid
1479 387 1720 457 deﬁnisse
1767 389 1904 443 vide—
1936 394 1986 453 Α
2014 391 2166 444 ειίιιιιῑ
2193 404 2370 444 rerum
2403 398 2676 458 gesmrnm
2709 391 2904 446 seriem
2939 390 3015 464 (a)
3049 389 3314 448 Maximus
3340 389 3578 463 Cynicus
3606 436 3619 459 ,

301 498 514 544 remur,
564 483 888 538 clementiam
933 491 1073 534 tuam
1115 481 1251 537 datis
1283 482 1468 538 litteris
1498 486 1794 552 putavimus
1834 487 1913 536 in-

299 578 606 634 struendam
629 621 646 647 ,
697 589 750 632 ut
797 579 844 634 ei
897 579 1254 633 consuleretur
1294 594 1361 634 eo;
1402 594 1503 633 usu
1531 578 1750 648 publica!
1773 578 1916 649 pacis

302 682 461 742 atque
512 672 820 728 concordice.
883 671 1021 738 Quia
1064 685 1242 726 revera
1291 671 1681 724 advertebarnus
1723 668 1918 741 Grego—

304 765 444 817 rium
487 781 809 833 nequaquam
838 766 1122 819 secundum
1162 764 1489 818 traditionem
1529 762 1750 817 Patrum
1783 761 1918 818 Con-

305 855 791 925 stantinopolitanw
829 855 1076 912 Ecclesia:
1113 856 1209 910 sibi
1250 856 1595 912 sacerdotium
1638 856 1914 909 vindicare.

307 947 432 1003 Nos
480 950 632 1022 igitur
658 950 712 1003 in
744 949 945 1021 synodo
989 965 1050 1004 ea
1077 989 1092 1015 ,
1139 965 1255 1019 quis
1285 950 1437 1002 totius
1477 949 1615 1003 orbis
1665 946 1920 1017 epismpis

304 1040 578 1106 uidebatur
608 1059 716 1097 csse
740 1042 1075 1111 prazscripta,
1105 1041 1236 1096 nihil
1256 1052 1440 1097 temere
1466 1042 1796 1096 statuendum
1811 1055 1922 1096 esse

301 1135 623 1188 censuimus.
660 1135 724 1187 At
761 1149 822 1188 eo
862 1133 976 1204 ipso
1021 1143 1244 1203 ternpore
1267 1134 1353 1203 qui
1381 1132 1620 1206 generale
1647 1133 1922 1186 concilium

305 1227 724 1292 declinaverunt,
771 1225 1220 1296 Constantinopoli
1249 1242 1364 1296 quis
1391 1226 1611 1296 gessisse
1636 1225 1923 1279 dicuntur?

305 1318 456 1375 Nam
499 1337 616 1376 cum
655 1321 1008 1393 cognovissent
1037 1321 1104 1374 ad
1134 1324 1229 1375 hoc
1261 1321 1488 1391 partium
1518 1320 1713 1399 venisse
1745 1320 1922 1374 Maxi-

310 1431 454 1468 mum
479 1457 493 1479 ,
526 1426 578 1468 ut
609 1431 821 1470 causam
849 1417 904 1468 in
934 1415 1132 1486 synodo
1161 1426 1331 1484 ageret
1360 1432 1526 1478 suam,
1557 1414 1696 1484 quod
1722 1416 1922 1468 etiamsi

307 1508 565 1562 indictum
585 1508 864 1562 concilium
894 1525 996 1562 non
1030 1511 1208 1578 [uisset
1235 1550 1250 1575 ,
1271 1513 1396 1582 jure
1423 1519 1470 1564 et
1497 1525 1636 1562 more
1663 1512 1922 1582 majorum

305 1601 484 1668 sicut,
519 1613 565 1655 et
593 1613 784 1658 sanctis
809 1604 1070 1658 uremoria:
1101 1603 1418 1662 Athanasius
1438 1643 1453 1667 .
1493 1613 1543 1658 et
1584 1602 1780 1657 dudum
1816 1601 1922 1656 Pe-

309 1703 420 1749 trus
463 1693 832 1750 Alexandrina
884 1694 1136 1751 Ecclesiae
1189 1697 1420 1767 episcopi
1473 1706 1522 1751 et
1579 1696 1924 1750 Orientalium

2017 484 2107 554 qui
2132 485 2334 538 interea
2368 485 2626 553 temporis
2653 485 2706 539 in
2737 483 2941 538 Italiam
2971 496 3191 540 venerat
3219 527 3232 552 ,
3266 485 3444 540 eidem
3478 503 3623 541 con-

2018 574 2144 628 cilio
2188 577 2344 630 adest.
2389 591 2532 630 anno
2577 577 2872 632 secundum
2907 576 3120 645 aliquos
3165 578 3264 633 38I
3317 590 3435 648 post
3475 579 3623 633 cele-

2018 665 2233 722 bratum
2261 667 2609 738 Aquileiense
2637 669 2927 723 concilium
2957 711 2970 732 ,
2999 670 3295 724 secundum
3322 685 3455 725 vero
3485 671 3623 726 alios

2019 762 2163 817 circa
2240 762 2477 817 inedium
2550 778 2750 817 annum
2820 763 2965 826 582,
3029 777 3196 832 seque
3250 765 3426 820 allatis
3479 765 3624 822 Petri

2020 852 2414 918 Alexandrini,
2449 855 2538 923 qui
2585 865 2814 909 mortem
2860 856 2970 923 jam
3001 856 3212 909 obierat
3239 897 3253 920 ,
3298 856 3492 911 litteris
3536 872 3629 912 ca-

2023 944 2316 1010 lltolirmn,
2378 955 2750 1016 pnetereaque
2800 945 2948 1000 falsis
3003 947 3278 1015 productis
3309 950 3629 1004 testimoniis

2023 1039 2127 1092 rite
2178 1045 2436 1106 recteque
2486 1037 2794 1092 ordinatum
2849 1039 3057 1108 probat.
3112 1037 3222 1093 Cur
3277 1054 3408 1094 vero
3462 1040 3630 1097 Tille-

2024 1129 2264 1185 montius
2302 1131 2593 1187 Maximum
2623 1132 2766 1186 circa
2813 1132 2915 1185 hoc
2958 1142 3172 1202 tempus
3203 1134 3252 1187 in
3281 1133 3492 1188 italiam
3542 1149 3631 1188 ve-

2024 1225 2174 1278 nisse
2202 1224 2456 1293 opinetur
2476 1268 2490 1292 ,
2529 1213 2671 1279 hanc
2700 1223 2857 1279 aliert
2889 1225 3158 1279 rationem
3184 1268 3197 1289 ,
3232 1226 3355 1297 quia
3379 1227 3634 1297 sperabat

2025 1313 2173 1380 fore,
2223 1327 2278 1370 ut
2323 1332 2412 1371 res
2453 1332 2582 1370 suas
2609 1316 3225 1387 Constantinopolitanae
3267 1319 3459 1389 synodi
3507 1334 3634 1374 sen-

2027 1406 2190 1462 tentia
2249 1408 2532 1477 perditas,
2585 1409 2640 1462 in
2695 1411 3037 1468 mcumenico
3094 1411 3327 1466 coacilio
3371 1412 3556 1466 Romae
3603 1428 3633 1466 a

2027 1499 2261 1554 Damaso
2291 1511 2589 1556 convocato
2616 1505 2946 1558 restitueret.
2981 1502 3148 1558 Italici
3180 1515 3356 1561 tamen
3386 1506 3634 1576 episcopi

2027 1594 2162 1650 nihil
2211 1611 2237 1648 a
2285 1610 2346 1650 se
2388 1604 2594 1652 temere
2629 1596 2992 1652 deﬁniedum
3026 1601 3126 1653 rati
3159 1611 3284 1654 sunt
3314 1615 3414 1667 ,ιιι
3462 1617 3623 1657 causa

2029 1685 2146 1741 [nec
2188 1702 2220 1742 a
2273 1689 2507 1758 generali
2558 1689 2650 1743 illo
2695 1691 2928 1745 concilio
2976 1692 3290 1762 propediem
3325 1695 3508 1750 futuro
3537 1711 3630 1750 co-

306 1789 541 1858 plerique
567 1790 834 1856 fecerunt,
867 1799 919 1843 ut
960 1790 1030 1844 ad
1057 1788 1305 1844 Ecclesia;
1333 1788 1505 1843 Italia;
1539 1801 1586 1843 ρι
1626 1789 1782 1842 totius
1821 1786 1924 1841 οο.-
1955 1790 1998 1849 Β
2027 1789 2400 1849 gnatccretur.
2443 1782 2638 1836 Verum
2693 1799 2760 1839 ne
2811 1785 3018 1839 interea
3067 1785 3247 1840 ofticio
3292 1801 3393 1842 suo
3442 1789 3638 1844 deesse

307 1880 527 1935 cidentis
552 1881 845 1954 confugisse
860 1883 1126 1955 judicium
1153 1883 1478 1946 viderentur;
1508 1898 1623 1936 cum
1653 1898 1769 1934 eum
1791 1882 1921 1934 sicut

310 1973 538 2027 diximus
565 2015 582 2039 ,
615 1974 841 2043 experiri
870 1974 996 2028 velle
1020 1974 1294 2030 adversum
1321 1991 1426 2037 eos,
1455 1976 1542 2043 qui
1570 1974 1922 2043 episcopatum

310 2067 425 2136 ejus
453 2065 745 2118 abnuerant
773 2106 788 2129 ,
821 2066 1226 2133 comperissent,
1260 2065 1548 2134 prazstolari
1577 2066 1748 2131 utique
1770 2065 1924 2119 etiam

312 2168 545 2213 nostram
594 2176 750 2225 super
788 2176 846 2214 eo
891 2161 1207 2215 sententiam
1234 2159 1538 2214 debuerunt.
1576 2157 1700 2214 Non
1730 2173 1926 2229 praero-

309 2252 535 2320 gativam
583 2249 914 2314 vindicamus
961 2252 1214 2306 examinis
1239 2292 1253 2316 ,
1296 2252 1386 2306 sed
1417 2251 1728 2305 consortium
1757 2259 1928 2304 tanien

309 2341 484 2395 debuit
513 2357 626 2397 esse
653 2342 942 2396 communis
973 2343 1203 2396 arbitrii.
1233 2341 1502 2396 Postremo
1525 2342 1668 2412 prius
1694 2351 1930 2396 constare

310 2436 578 2507 oportuit,
610 2448 784 2488 utrum
840 2436 962 2489 huic
1004 2434 1359 2508 abroqandurn
1388 2475 1403 2499 ,
1434 2451 1586 2504 quam
1615 2435 1708 2488 alii
1752 2436 1928 2502 confe-

307 2525 526 2580 rendum
572 2527 923 2585 sacerdotium
976 2528 1267 2592 videretur,
1319 2527 1380 2582 ab
1421 2528 1500 2580 his
1543 2527 1864 2594 prwsertim,
1895 2543 1928 2580 α

309 2620 495 2690 quibus
521 2634 576 2672 se
602 2618 867 2674 Maximus
893 2620 972 2675 vel
993 2619 1290 2674 destitutum
1316 2619 1394 2673 vel
1418 2620 1703 2689 appetitum
1730 2619 1931 2690 injuria

310 2713 641 2781 querebatur.
679 2711 862 2782 Itaque
890 2729 1008 2766 cum
1049 2711 1341 2766 Maximum
1385 2712 1685 2784 episcopum
1726 2727 1930 2782 recepe-

309 2805 412 2857 rint
458 2805 512 2856 in
555 2805 970 2860 communionem
1011 2814 1189 2858 nostra
1212 2805 1470 2859 consortia
1492 2846 1506 2870 ,
1535 2803 1779 2873 quoniam
1809 2819 1930 2858 eum

310 2911 342 2947 a
399 2895 671 2948 catholicis
741 2896 970 2949 constitit
1020 2897 1276 2967 episcopis
1326 2896 1658 2960 ordinatura,
1710 2910 1802 2948 nec
1866 2894 1931 2948 ab

314 2988 650 3058 episcopatus
707 2986 1272 3059 Constantinopolitaui
1329 2989 1622 3058 putavimus
1687 2986 1932 3056 petitione

313 3077 700 3131 removendum.
731 3078 895 3151 Cujus
936 3067 1297 3150 allegationem
1331 3079 1668 3146 prementibus
1699 3077 1933 3146 partibus

2029 1871 2131 1940 ipsi
2187 1872 2499 1928 viderentur
2526 1916 2541 1939 ,
2601 1884 2712 1928 tum
2756 1874 3043 1930 Maximum
3088 1878 3154 1931 ad
3195 1879 3636 1934 communionem

2030 1978 2350 2033 receperunt
2377 2007 2393 2030 ,
2442 1977 2556 2021 tum
2587 1967 2898 2024 Theodosio
2927 1971 3266 2040 scripserunt
3293 1981 3354 2026 ut
3390 1972 3638 2041 ejusdem

2024 2057 2232 2128 jurium
2285 2059 2550 2115 rationem
2590 2060 2778 2116 haberi
2831 2063 3030 2127 vellet,
3082 2063 3244 2132 eique
3285 2065 3634 2129 consuleret,

2030 2166 2095 2206 ex
2129 2169 2226 2206 usu
2254 2154 2483 2222 publicai
2513 2155 2683 2223 pacis,
2715 2166 2770 2210 et
2801 2155 3228 2225 tranquillitatis.
3269 2157 3428 2212 Periit
3459 2167 3637 2212 autem

2033 2244 2148 2300 huic
2199 2247 2348 2315 prior
2379 2288 2394 2313 ,
2443 2259 2500 2301 ut
2547 2248 2633 2302 bis
2674 2248 2910 2312 videtur,
2942 2249 3168 2318 epistola
3197 2265 3212 2315 ;
3254 2257 3368 2304 tres
3395 2250 3542 2305 enim
3573 2251 3641 2306 ab

2032 2339 2223 2396 eodem
2241 2339 2476 2394 concilio
2509 2340 3088 2408 epistolas'l‘lteodosio
3118 2342 3351 2411 scriptas
3391 2344 3642 2413 inquiunt

2033 2448 2100 2488 ex
2132 2431 2332 2502 quibus
2359 2447 2423 2488 ea
2448 2474 2462 2500 ,
2495 2449 2656 2503 quam
2684 2448 2847 2504 supra
2880 2435 3190 2503 descripsi,
3222 2435 3522 2490 secundum
3557 2436 3639 2491 lo-

2033 2539 2156 2580 cum
2205 2533 2436 2594 occupat
2459 2566 2474 2590 ,
2528 2538 2862 2595 postremum
2901 2543 3039 2582 vero
3076 2529 3278 2594 altera,
3310 2528 3380 2583 de
3412 2543 3513 2598 qua
3547 2528 3576 2599 9
3608 2530 3642 2586 4

2035 2630 2191 2685 agam
2228 2615 2508 2686 deinceps.
2559 2619 2708 2672 Ilanc
2751 2633 2880 2674 vero
2925 2619 3093 2674 fuisse
3119 2619 3236 2689 ejus
3270 2622 3457 2688 prima:
3481 2662 3494 2685 ,
3523 2637 3642 2691 qua:

2039 2709 2244 2777 periit,
2289 2709 2534 2779 epistolae
2581 2727 2762 2766 rerum
2812 2726 3076 2765 summam
3106 2753 3120 2775 ,
3163 2727 3229 2766 ex
3273 2712 3374 2767 hac
3402 2713 3644 2768 secunda

2037 2806 2336 2876 colligunt,
2395 2821 2556 2876 quam
2607 2814 2890 2877 propterea
2940 2808 3317 2862 transmissam
3353 2809 3504 2862 aiunt
3533 2823 3640 2862 non

2037 2898 2129 2952 diu
2159 2910 2274 2968 post
2305 2899 2532 2966 primam
2563 2940 2578 2962 ,
2611 2909 2737 2954 tunc
2765 2899 2979 2955 scilicet
3002 2940 3017 2964 ,
3075 2915 3198 2954 cum
3227 2899 3392 2954 Italici
3424 2901 3497 2955 illi
3526 2899 3643 2969 epi-

2037 2993 2188 3060 scopi
2218 2995 2482 3048 certiores
2508 2991 2634 3046 iacti
2666 3003 2814 3060 sunt,
2838 2993 3094 3064 generale
3139 2992 3430 3047 cuttcilium
3462 3008 3494 3046 a
3528 2993 3638 3046 Da-

2039 3102 2192 3141 maso
2221 3102 2366 3140 anno
2393 3087 2496 3144 hoc
2535 3096 2892 3142 convocatur»
2940 3089 3010 3143 ab
3047 3085 3416 3143 Orientalibus
3464 3086 3640 3143 decli-

315 3173 682 3226 (estimavimus
726 3189 834 3226 esse
879 3173 1226 3240 pendendum.
1275 3171 1581 3226 Nectarium
1613 3181 1783 3225 autem
1813 3185 1930 3226 cum
1957 3184 2004 3247 C
2038 3180 2153 3232 nari
2179 3222 2192 3243 ,
2229 3188 2388 3250 atque
2415 3179 2562 3234 aliud
2592 3179 2659 3235 ab
2690 3181 2758 3234 iis
2786 3181 2840 3233 in
2869 3181 3016 3250 regia
3042 3179 3182 3234 urbe
3207 3181 3348 3248 cogi.

318 3283 480 3336 nuper
529 3276 707 3320 nostra
763 3267 1097 3320 mediocritas
1144 3265 1592 3333 Constantinopoli
1634 3264 1927 3334 cognoverit

321 3358 663 3423 ordinatum,
736 3359 992 3413 cohaerere
1050 3357 1464 3412 communionem
1519 3362 1752 3408 nostram
1813 3369 1931 3406 cum

331 3449 685 3504 Orientalibus
712 3451 944 3518 partibus
976 3466 1078 3504 non
1109 3449 1359 3503 videmus.
1392 3445 1697 3502 Praesertim
1722 3461 1840 3502 cum
1869 3445 1936 3502 ab

313 3545 502 3598 iisdem
539 3542 816 3600 Nectarius
845 3545 1035 3598 dicitur
1073 3544 1217 3597 illico
1243 3543 1353 3597 sine
1391 3539 1767 3594 communionis
1806 3554 1934 3592 con-

311 3637 482 3691 sortio
509 3636 788 3690 destitutus
813 3675 829 3701 ,
859 3653 890 3689 a
919 3635 1105 3705 quibus
1143 3639 1312 3705 fuerat
1352 3633 1642 3690 ordinatus.
1675 3629 1801 3684 Non
1828 3645 1934 3684 mc-

314 3728 519 3781 diocris
550 3728 712 3801 igitur
733 3726 818 3781 hic
847 3729 1147 3797 scrupulus.
1182 3725 1297 3780 Nec
1320 3723 1558 3796 quaedam
1584 3739 1678 3776 nos
1704 3723 1848 3795 angit
1874 3722 1939 3777 de

315 3819 606 3872 domestico
654 3820 864 3886 studio,
911 3829 958 3874 et
1002 3819 1281 3874 ambitione
1329 3818 1623 3882 contentio,
1675 3816 1765 3872 sed
1803 3832 1941 3869 com-

315 3917 505 3969 munio
535 3915 707 3968 soluta
735 3925 779 3968 et
809 3915 1087 3968 dissociata
1121 3914 1406 3981 perturbat.
1425 3911 1538 3966 Nec
1565 3910 1796 3966 videmus
1825 3926 1941 3964 eam

319 4026 478 4079 posse
517 4011 670 4064 aliter
697 4010 963 4065 convenire
986 4051 1001 4076 ,
1047 4008 1145 4062 nisi
1190 4018 1278 4062 aut
1317 4011 1362 4062 is
1401 4005 1652 4061 reddatur
1685 4003 1938 4060 Constan-

320 4102 547 4170 tinOpoli
571 4143 585 4166 ,
617 4102 703 4171 qui
735 4102 874 4169 prior
904 4109 977 4154 est
1006 4100 1274 4154 ordinatus
1299 4141 1314 4168 ,
1345 4109 1434 4152 aut
1466 4108 1599 4152 certe
1626 4113 1784 4166 super
1811 4098 1945 4150 duo-

317 4209 449 4248 rum
492 4194 818 4254 ordinatione
844 4193 911 4247 sit
941 4193 995 4246 in
1030 4192 1153 4248 urbe
1201 4192 1368 4264 Roma
1417 4201 1650 4244 nostrum
1699 4189 1940 4242 Orienta-

322 4285 562 4354 liumque
616 4284 910 4338 concilium.
967 4281 1151 4354 Neque
1201 4284 1334 4337 enim
1384 4282 1660 4353 indignum
1711 4279 1940 4346 videtur,

326 4375 601 4445 Auguste,
658 4385 715 4428 ut
769 4373 1020 4428 Romana:
1069 4373 1318 4428 Ecclesia:
1359 4373 1646 4436 antistitis,
1695 4373 1942 4442 ﬁnitimo-

329 4484 588 4536 rumque,
622 4479 667 4522 et
696 4466 956 4523 Italorum
987 4469 1344 4538 episcoporum
1370 4467 1585 4522 debeant
1614 4468 1782 4530 subire
1810 4476 1946 4521 trac-

2112 3271 2204 3324 Ilis
2228 3271 2407 3338 itaque
2427 3272 2665 3340 acceptis
2694 3272 2764 3326 ab
2791 3271 2973 3325 Italico
2995 3271 3227 3326 Concilio
3256 3269 3473 3336 litteris,
3500 3283 3645 3325 nunc

2036 3363 2162 3418 audi
2187 3364 2230 3416 si
2257 3365 2456 3432 placet,
2482 3364 2610 3432 quid
2640 3363 2980 3418 Theodosius
3008 3378 3074 3418 ex
3106 3372 3387 3418 auctorum
3419 3364 3644 3418 istorum

2039 3454 2258 3525 ingenio
2278 3455 2640 3525 rescripserit.
2667 3453 2833 3510 Aiunt
2865 3453 3210 3524 rescripsisse
3235 3457 3643 3526 imperatorem,

2040 3553 2278 3604 rationes
2311 3549 2449 3613 illas,
2485 3550 2555 3604 ob
2603 3565 2738 3619 quas
2784 3550 2949 3605 Italia:
2982 3552 3242 3620 prses-oles
3270 3551 3561 3605 concilium
3590 3550 3644 3604 in

2040 3642 2331 3698 Occidente
2368 3643 2794 3711 postulaverant,
2849 3643 3076 3698 minime
3105 3644 3278 3698 videri
3320 3645 3568 3708 idoneas,
3591 3653 3648 3698 et

2041 3750 2235 3806 graves
2266 3753 2278 3788 :
2311 3736 2505 3790 allatas
2545 3737 2692 3790 enim
2715 3736 2784 3790 de
2815 3735 3056 3804 Flaviani
3081 3745 3134 3791 et
3165 3734 3396 3790 Nectarii
3427 3737 3650 3788 ordina.

2044 3828 2192 3883 tione
2219 3842 2409 3882 causas
2449 3828 2500 3880 in
2539 3826 2766 3882 Oriente
2804 3827 3092 3891 excitatas,
3119 3837 3284 3897 atque
3307 3827 3378 3880 ad
3397 3825 3651 3882 0ricnta~

2045 3920 2152 3978 lem
2183 3920 2482 3976 Ecclesium
2509 3922 2860 3989 pertinentes,
2899 3924 2952 3974 in
2982 3919 3206 3976 Oriente
3232 3921 3646 3992 cognoscendas

2047 4027 2103 4070 et
2130 4013 2472 4070 deﬁniendus
2494 4028 2640 4079 esse,
2659 4029 2760 4069 nec
2783 4014 2855 4068 ad
2871 4013 3180 4070 Occidentis
3196 4014 3456 4084 judicium
3476 4022 3651 4068 trans-

2048 4108 2182 4164 ferri
2221 4122 2401 4178 posse,
2438 4123 2505 4163 ne
2558 4107 2694 4163 fines
2733 4115 3084 4172 nioverentur
3111 4122 3142 4162 a
3169 4109 3416 4164 Patribus
3445 4109 3651 4163 consti-

2049 4202 2148 4255 tuti
2171 4218 2185 4256 :
2204 4216 2316 4256 rem
2331 4199 2461 4255 ideo
2481 4200 2722 4270 iniquam
2741 4201 2816 4255 ab
2833 4201 2900 4257 iis
2925 4200 3214 4270 postulari,
3231 4211 3430 4271 etque:
3456 4201 3652 4258 Orien-

2051 4293 2249 4349 talibus
2277 4293 2408 4363 ipsis
2437 4292 2776 4348 stomachum
2823 4307 3043 4348 movere
3074 4303 3277 4362 posset,
3313 4311 3433 4347 cum
3461 4309 3558 4348 eos
3583 4294 3652 4348 ad

2051 4387 2340 4443 concilium
2396 4387 2584 4442 Romae
2636 4386 3074 4457 congregandum
3132 4387 3202 4441 ob
3233 4403 3323 4442 eas
3376 4404 3464 4442 res
3493 4400 3651 4440 voca-

2051 4479 2414 4551 bantzatqne
2465 4481 2608 4546 ideo,
2637 4481 2686 4533 si
2744 4480 2870 4549 quid
2919 4480 3024 4534 illis
3068 4479 3382 4535 absentibus
3421 4482 3471 4534 in
3496 4479 3653 4534 Occi-

326 4569 524 4622 tatam,
547 4563 638 4632 qui
666 4563 819 4615 unius
840 4561 1044 4616 Acholii
1078 4561 1301 4632 episcOpi
1323 4561 1394 4615 ita
1417 4561 1817 4627 exspectandum
1840 4576 1931 4614 esst

2055 4575 2218 4630 dente
2246 4581 2598 4637 statueretur,
2622 4571 2864 4626 futurum
2884 4571 3016 4625 illud
3047 4571 3282 4636 irritum,
3304 4585 3367 4626 ac
3391 4572 3656 4641 majorem

329 4666 649 4726 putaverunt
693 4658 987 4730 judicium,
1045 4667 1096 4710 ut
1143 4656 1206 4709 de
1258 4655 1672 4714 Occidentalibus
1717 4657 1946 4724 partibus

330 4735 847 4819 Constantinopolim
864 4749 1179 4804 evocandum
1204 4758 1461 4818 putarent.
1490 4747 1549 4804 Si
1571 4749 1692 4819 quid
1718 4749 1806 4802 uni
1824 4747 1943 4800 huic

329 4855 651 4898 reservatum
692 4854 810 4909 est,
857 4851 1053 4913 quanto
1098 4843 1262 4916 magis
1303 4841 1540 4911 pluribus
1585 4839 1951 4895 reservandum

330 4936 464 4991 est?
500 4935 612 4990 Nos
645 4945 815 4991 autent
855 4953 885 4988 a
924 4935 1214 4990 beatissimo
1245 4935 1477 5002 principe
1507 4938 1664 4998 fratre
1705 4942 1808 4986 tua:
1842 4933 1951 4999 pie-

333 5028 464 5082 tatis
488 5029 780 5094 admoniti;
811 5037 862 5080 nt
895 5039 994 5082 tua:
1023 5027 1314 5081 Clementia:
1344 5025 1678 5080 scriberemus
1702 5025 1914 5094 imperio
1933 5064 1949 5088 ,

337 5121 698 5192 postulamus,
735 5129 793 5188 ut
820 5121 904 5175 ubi
933 5138 1038 5182 una
1060 5121 1352 5174 communio
1379 5131 1453 5173 est
1483 5162 1498 5188 ,
1531 5133 1796 5173 commune
1826 5116 1947 5172 velit

335 5230 453 5268 esse
467 5214 728 5284 judicium
747 5257 759 5278 ,
794 5217 1286 5286 concordantemque
1310 5229 1634 5268 consensum.

335 5307 366 5369 ς
405 5305 466 5355 ll.
493 5332 555 5341 -ο
573 5305 664 5354 Rei
687 5313 846 5369 gestae
871 5306 1030 5355 series
1069 5308 1336 5369 exponitur
1375 5306 1437 5353 ab
1456 5306 1516 5354 iis
1542 5305 1837 5369 excogitata,
1862 5305 1948 5368 qui

409 5381 522 5431 eam
541 5365 798 5431 epistulari}
839 5379 928 5431 pro
959 5365 1153 5417 sincera
1194 5367 1378 5431 habent
1406 5382 1416 5416 :
1440 5380 1537 5430 quo
1559 5365 1690 5414 anno
1707 5365 1950 5431 Maximus

406 5429 616 5493 Cynicus
634 5429 960 5480 Mediolanum
983 5430 1213 5481 venerit?
1235 5430 1320 5481 Cui
1340 5429 1952 5493 nam’prretereaconcilio

406 5490 638 5550 adfuerit,
669 5501 721 5540 ut
744 5505 879 5541 suam
903 5500 1129 5542 tueretur
1152 5493 1201 5540 in
1227 5505 1288 5541 eo
1303 5490 1698 5542 ordinationem?
1723 5490 1860 5539 Petri
1884 5491 1950 5537 de

407 5555 590 5612 Marca,
614 5554 820 5615 Valesii,
841 5553 1147 5615 aliorumque
1178 5567 1236 5603 ea
1259 5555 1322 5603 de
1350 5568 1406 5604 re
1430 5553 1595 5613 Opinio
1623 5569 1634 5602 :
1664 5553 1787 5615 hanc
1811 5564 1949 5601 erro-

408 5631 553 5666 neam
568 5631 682 5667 esse
699 5614 989 5679 ratiOnibus,
1004 5626 1058 5667 et
1067 5614 1675 5666 'I'illemontiiauctoritate
1688 5614 1950 5664 evincitur.

419 5701 526 5769 Qui
577 5703 756 5770 itaque
806 5701 908 5755 hoc
950 5701 1196 5756 Italicum
1234 5701 1525 5764 concilium
1556 5739 1570 5763 ,
1617 5707 1789 5778 atque
1816 5698 1952 5760 lianc

344 5799 468 5867 eius
485 5792 773 5866 epistolam
801 5809 897 5865 pro
911 5795 1055 5851 veris
1075 5795 1345 5865 certisque
1373 5793 1597 5858 habent,
1626 5791 1764 5847 hanc
1792 5790 1958 5846 fuisse

2054 4672 2195 4725 inter
2223 4680 2506 4739 utramque
2549 4667 2848 4723 Ecclesium
2874 4667 3182 4736 jurgiorum
3219 4681 3474 4722 causam:
3508 4668 3655 4724 Itali-

2052 4779 2146 4819 cos
2180 4774 2446 4832 prieterea
2467 4763 2775 4832 episcopos,
2808 4769 2902 4815 aut
2941 4759 3148 4830 Cynico
3179 4762 3424 4816 mendaci
3455 4774 3660 4832 printer

2054 4857 2198 4925 utqui
2223 4855 2462 4924 bonique
2478 4853 2700 4908 consilia
2732 4869 2791 4908 se
2840 4839 3068 4907 nimium
3116 4853 3302 4908 faciles
3331 4855 3656 4924 pen-lusisse,

2057 4958 2151 5003 aut
2176 4949 2343 5004 litui-io
2384 4947 2646 5002 adversus
2668 4947 2972 5002 Orientales
3011 4947 3328 5018 zeloabri-pi
3353 4963 3414 5002 se
3445 4963 3652 5013 pausans.

2056 5041 2166 5097 Cur
2193 5055 2322 5096 vero
2372 5040 2485 5094 Inec
2532 5039 2652 5109 ipsa.
2671 5039 2874 5096 Italicis
2907 5040 3016 5096 illis
3062 5041 3656 5110 praesulilurs.'l‘heodo-

2057 5135 2195 5189 sima
2221 5132 2564 5200 rescripsisse
2582 5142 2792 5202 putent,
2810 5133 2980 5186 aliam
3001 5147 3114 5187 non
3141 5132 3376 5186 afferunt
3391 5132 3661 5186 rationem

2057 5238 2258 5300 printer
2278 5227 2433 5293 hanc,
2459 5228 2583 5296 quia
2614 5242 2810 5292 nempe
2856 5226 2933 5280 illi
2981 5237 3256 5295 lmstrema
3308 5223 3534 5289 episuila
3561 5239 3657 5280 ert--

2059 5331 2252 5379 cusant
2295 5337 2416 5378 sese
2458 5319 2604 5390 apud
2645 5319 3052 5388 imperatorem,
3102 5313 3467 5383 maritumae,
3511 5324 3670 5373 utso,

2059 5416 2374 5479 defendant,
2404 5427 2596 5468 catastas
2625 5427 2724 5468 eius
2751 5410 3005 5481 generale
3055 5407 3352 5463 conciliatu.
3401 5422 3658 5465 necessat-

2057 5508 2196 5564 rium
2223 5505 2604 5578 judicaverint,
2659 5503 2775 5558 sive
2823 5500 2894 5555 ob
2919 5514 3070 5578 quas,
3104 5508 3160 5553 nt
3190 5509 3378 5571 putant
3425 5499 3502 5570 1ιί,
3534 5517 3660 5574 pec-

2060 5615 2216 5657 casse
2240 5615 2299 5654 se
2322 5601 2614 5654 fateantur.

2139 5716 2214 5785 (a)
2256 5714 2376 5771 Vid.
2408 5713 2550 5785 Pag.
2586 5709 2654 5766 ad
2681 5707 3046 5785 ann._§79._n.
3102 5710 3170 5765 12
3194 5751 3215 5785 ,γ
3241 5720 3297 5766 et
3326 5713 3464 5780 581,
3497 5730 3552 5769 η.
3583 5716 3657 5776 ti;

2065 5779 2309 5851 Tillénn,
2343 5785 2412 5840 dc
2435 5779 2648 5847 Anthr"
2678 5788 2781 5838 art.
2813 5781 2922 5845 '53:;
2960 5779 3175 5856 I‘leury,
3208 5784 3300 5840 lib.
3335 5779 3457 5852 xvr,’
3481 5802 3536 5840 ιι.
3573 5785 3656 5840 17.
