4138 6178
328 286 428 343 329

1699 276 2234 334 PROLEGOMENA.

3517 284 3623 342 550

322 409 446 455 tune
477 396 877 461 substiterant,
927 394 1147 451 Maximi
1177 408 1397 450 causam
1428 395 1634 465 scripto
1684 394 1908 450 relatam
1937 392 2219 461 Aeliautsi
2268 392 2411 445 solus
2464 394 2778 466 scripserim,
2847 411 2947 449 non
2981 396 3098 451 ideo
3149 397 3248 452 mei
3291 400 3480 467 solius,
3532 405 3624 458 sed

319 490 615 554 audivisse,
648 502 712 543 ac
757 487 1069 559 epistolam,
1119 489 1188 542 de
1216 502 1318 557 qua
1349 487 1577 557 agimus,
1610 486 1915 542 Theodosio

318 583 625 653 scripsisse.
638 581 833 637 Athaec
849 596 1009 651 quam
1032 579 1259 645 ludicra,
1276 596 1436 651 quam
1451 580 1588 636 falso
1611 581 1853 651 excogita
1863 590 1913 635 ta

318 680 447 745 sint,
477 679 593 747 ipsa
643 675 885 747 ejusdem
918 674 1162 746 epistolae.
1210 675 1395 740 verba,
1420 674 1466 729 si
1498 684 1703 729 tantum
1732 674 1916 743 legan-

320 781 429 840 tur,
458 780 648 843 aperte
681 772 1083 826 demonstrant.
1118 769 1235 824 Huc
1288 766 1426 822 addc
1468 766 1679 822 litteras
1724 766 1919 837 genui-

318 881 417 923 nas
446 864 833 935 Aquileiensis,
862 878 925 918 ac
954 861 1174 918 fictitias
1214 862 1387 917 Italici
1416 862 1629 916 concilii
1677 862 1815 916 inter
1853 876 1913 917 se

320 974 577 1031 pugnare,
601 967 764 1027 atque
784 956 1077 1012 dissentire
1111 974 1123 1009 :
1151 954 1528 1025 Aquileienses
1553 970 1787 1025 namque
1814 954 1914 1008 Pa-

320 1062 429 1109 tres
480 1052 769 1107 concilium
797 1092 811 1116 ,
838 1060 897 1106 ut
937 1050 1276 1106 Alexandria:
1326 1061 1566 1119 cogatur,
1618 1050 1910 1119 postulant,

314 1162 420 1218 quo
445 1145 756 1202 Orientales
783 1159 973 1201 omnes
1019 1146 1353 1199 conveniant
1383 1162 1396 1197 :
1426 1144 1597 1199 Italici
1630 1158 1757 1200 vero
1779 1160 1915 1213 prte-

311 1238 465 1294 sules
495 1253 593 1294 eos
614 1239 761 1309 ipsos
803 1237 1032 1292 Romam
1060 1248 1296 1293 evocant
1327 1255 1339 1290 :
1374 1238 1493 1308 quis
1524 1246 1703 1292 autem
1729 1237 1916 1293 credat

311 1338 605 1402 utramque
649 1330 931 1401 epistolam
990 1332 1058 1386 ab
1090 1332 1249 1387 unius
1299 1332 1651 1402 ejusdemque
1701 1332 1912 1387 concilii

310 1426 586 1495 episc0pis
619 1465 634 1489 ,
690 1423 1031 1493 profectam?
1077 1424 1268 1479 Merito
1322 1426 1485 1495 igitur
1532 1424 1915 1480 Tillemontius

310 1533 432 1575 eam
483 1518 811 1572 sententiam
871 1517 1086 1587 rejicit,
1118 1532 1351 1588 quocum
1399 1518 1912 1589 Pagius,Fleurius,

310 1609 509 1679 aliique
538 1609 735 1665 eruditi
767 1610 1062 1681 scriptores
1092 1612 1462 1668 consentiunt.

305 1763 328 1827 ἔ
362 1763 456 1815 IlI.
476 1791 538 1832 —_-_
559 1763 859 1832 Tillemontii
884 1766 1038 1827 ipsius
1062 1770 1311 1817 sententia
1342 1768 1565 1832 affertur,
1591 1769 1909 1832 expenditur,

368 1841 426 1875 ac
450 1828 686 1892 rejicitur.
710 1826 995 1892 Aﬁeruntur
1032 1839 1323 1891 argumenta
1368 1846 1431 1880 ex
1453 1826 1563 1892 ipsa
1603 1826 1778 1879 eadem
1806 1826 1912 1892 cpi;

370 1889 515 1955 stola,
541 1892 820 1955 coaevisque
844 1891 953 1955 aliis
977 1889 1309 1955 monumentis
1330 1889 1505 1955 petita,
1531 1908 1591 1942 ex
1614 1894 1792 1955 quibus
1812 1889 1916 1941 elli-

371 1953 499 2003 citur
546 1953 801 2018 epistolam
837 1954 1006 2018 illam,
1028 1967 1121 2003 nec
1168 1952 1565 2018 Italicialicnjus
1587 1952 1795 2009 concilii.
1826 1968 1919 2005 nec

369 2028 561 2081 veram,
576 2028 741 2081 neque
766 2016 1009 2065 Ambrosii
1038 2023 1293 2081 praetcrea
1298 2016 1525 2079 umquam
1545 2032 1657 2067 esse
1678 2019 1914 2081 potuisse,

368 2054 457 2126 55a
480 2054 754 2143 habendam
777 2054 1249 2137 prouectnm'eniitia.“
1263 2054 1525 2129 B‘revisiii.
1540 2054 1790 2143 Eusebii"
1799 2054 1917 2143 Sér.’

369 2140 638 2190 scrutando
664 2148 865 2190 auctore
896 2153 1150 2190 excursus.

382 2252 671 2324 Reliquum
694 2269 839 2309 nunc
859 2263 963 2318 est,
986 2264 1045 2309 ut
1067 2256 1422 2325 inquiramus,
1443 2273 1508 2311 au
1533 2259 1710 2328 potior
1728 2274 1915 2315 eorum

305 2346 582 2402 sententia
627 2347 731 2409 sit,
787 2347 877 2417 qui
925 2350 1233 2416 posthabito
1276 2348 1607 2420 Aquileiensi
1649 2354 1914 2419 concilio,

303 2439 369 2494 ad
406 2439 657 2493 ltalicum
689 2438 825 2505 hoc,
858 2456 928 2494 ex
958 2442 1019 2494 ii-‘
1056 2442 1265 2498 scilicet
1293 2443 1564 2514 episcopis
1593 2445 1913 2514 collectum,

304 2533 399 2601 qui
445 2531 737 2588 Ambrosio
779 2532 1081 2598 suberant,
1112 2534 1407 2589 Maximum
1460 2536 1769 2607 confugisse
1820 2554 1917 2607 pu-

308 2634 451 2692 tant,
509 2635 669 2696 atque
722 2626 796 2681 illi
850 2626 1112 2684 adfuisse.
1154 2628 1267 2684 Hoc
1294 2644 1445 2693 vero,
1480 2640 1599 2700 post
1644 2631 1850 2702 aliquot
1887 2648 1917 2687 a

304 2735 398 2774 me
438 2720 748 2790 propositas
792 2719 1140 2777 difficultates
1166 2764 1180 2788 ,
1241 2722 1413 2779 lector
1448 2724 1746 2794 dijudicare
1805 2727 1918 2797 ipse

307 2812 537 2882 poterit.

377 2906 567 2962 Primo
615 2908 792 2978 itaque
835 2907 954 2963 loco
996 2923 1081 2962 me
1122 2908 1261 2963 haud
1303 2909 1445 2966 bene
1494 2909 1657 2965 habet
1704 2912 1917 2966 concilii

309 2999 471 3072 hujus
494 3042 509 3065 ,
556 3002 698 3070 quod
738 3001 981 3057 Italicum
1012 3003 1229 3071 dicitur,
1264 3006 1565 3076 inscriptio,
1600 3022 1702 3077 qua
1736 3006 1918 3062 nullus

309 3095 629 3167 designatur
668 3104 850 3151 certus
898 3096 1252 3168 cognitusque
1302 3099 1354 3152 in
1404 3098 1556 3153 Italia
1620 3100 1810 3167 locus,
1863 3100 1916 3153 in

2018 485 2243 539 omnium
2288 488 2503 551 eorum,
2546 489 2633 557 qui
2684 489 2737 541 in
2778 487 2963 544 ITALIA
3011 500 3165 558 sunt,
3210 500 3255 545 et
3299 494 3387 561 qui
3431 495 3483 549 in
3541 497 3622 550 his

2017 577 2248 647 partibus
2287 580 2505 649 (legunt,
2550 597 2656 635 esse
2697 581 2842 635 illam
2884 585 3186 637 sententiam
3226 584 3324 655 (c).
3371 586 3618 644 Liberius

2018 682 2278 742 prteterea
2330 676 2384 729 in
2438 675 2634 731 litteris
2692 677 2760 732 ad
2812 678 3114 734 Orientales
3169 682 3431 750 scriptis,
3486 698 3619 753 quas

2016 763 2268 821 Socrates
2308 767 2500 822 recitat
2553 767 2633 839 (ά)
2660 809 2674 833 ,
2715 769 3028 839 episcOpum
3072 786 3132 827 se
3196 772 3371 828 Italia:
3421 786 3618 844 vocat,

2017 848 2261 929 unusque
2291 860 2545 914 Italorum
2578 871 2739 931 atque
2766 861 3192 918 Occidentalium
3223 882 3318 920 ore
3348 867 3617 936 loquitur:

2014 964 2079 1003 ac
2124 950 2497 1007 Theodoretus
2566 953 2861 1008 Romanam
2920 956 3145 1024 primam
3218 958 3319 1012 sub
3386 959 3621 1015 Datnaso

2015 1042 2277 1112 synodum
2333 1061 2398 1100 ex
2449 1043 2610 1099 Italia
2664 1056 2718 1101 et
2774 1047 2946 1102 Gallia
2999 1048 3285 1103 collectam
3337 1050 3469 1105 dicit
3520 1052 3613 1123 (ε),

2016 1136 2363 1203 (ὶοηειιιειιυιδ,
2395 1138 2554 1193 etiam
2593 1139 2654 1194 P.
2707 1139 2978 1195 Antonius
3030 1141 3278 1209 Blancus,
3311 1159 3377 1199 ex
3428 1143 3621 1199 Obser-

2014 1232 2254 1283 vantium
2313 1230 2513 1287 familia
2579 1231 2909 1289 virsdoctus
2944 1274 2959 1299 ,
3015 1237 3102 1304 qui
3164 1236 3301 1291 hanc
3359 1239 3619 1294 adversus

2016 1319 2270 1376 Jannonii
2301 1323 2490 1377 deliria
2523 1327 2845 1380 sententiam
2875 1329 3090 1397 egregie
3118 1331 3405 1384 confirmat
3434 1331 3524 1403 (ί).
3558 1334 3623 1387 Ει

2018 1413 2102 1470 his
2131 1415 2290 1485 igitur
2311 1417 2604 1486 Colligitur,
2631 1436 2795 1474 unum
2820 1430 3024 1475 tantum
3056 1424 3108 1477 in
3138 1424 3282 1477 Italia
3308 1424 3617 1493 concilium,

2017 1507 2259 1578 illudque
2301 1509 2601 1565 Romanum
2653 1528 2719 1567 ex
2753 1518 3004 1569 universa
3031 1513 3180 1570 Italia
3210 1532 3616 1590 congregatum,

2019 1610 2145 1654 tunc
2190 1600 2375 1669 fuisse,
2418 1613 2579 1673 atque
2613 1604 2815 1659 idcirco
2852 1606 3092 1662 Italicum
3140 1608 3394 1675 alterum,
3439 1626 3470 1664 a
3510 1612 3620 1667 lto-

2019 1709 2180 1749 mano
2225 1708 2569 1766 separatum,
2612 1713 2674 1753 ac
2718 1699 3035 1767 diversum,
3088 1712 3181 1757 aut
3233 1704 3482 1772 nullum,
3532 1715 3625 1761 aut

1944 1790 2338 1859 Brecentioris
2392 1790 2585 1845 aetatis.
2645 1792 2781 1846 Hinc
2844 1808 2966 1847 cum
3022 1794 3381 1867 Hieronymus
3435 1796 3513 1870 (g)
3554 1815 3619 1854 ex

2020 1882 2158 1936 male
2209 1882 2487 1938 intellecto
2534 1884 2749 1939 Eusebii
2801 1886 2922 1940 loco
2974 1888 3261 1942 Romanam
3310 1892 3379 1945 ab
3432 1890 3621 1946 Italica

2019 1975 2286 2032 diversam
2318 1979 2607 2048 synodum,
2652 1981 2739 2033 ubi
2771 1981 2840 2035 de
2871 1979 3123 2035 Cornelio
3153 1984 3291 2052 agit,
3338 1986 3622 2052 agnovisse

2020 2072 2167 2125 visus
2212 2073 2311 2137 sit,
2362 2072 2667 2128 Pearsonus
2710 2074 2904 2129 merito
2953 2074 3208 2129 observat
3248 2076 3315 2130 de
3370 2076 3471 2131 hac
3521 2078 3626 2131 Ita-

2018 2162 2121 2217 lica
2181 2164 2379 2235 synodo
2435 2182 2541 2219 non
2602 2166 2835 2235 liquere,
2880 2182 2944 2220 ac
2990 2166 3237 2221 dubitare
3288 2182 3347 2222 se
3401 2170 3497 2233 ait,
3553 2184 3619 2222 an

2020 2256 2265 2312 Italicum
2307 2260 2595 2315 concilium
2636 2261 2765 2315 illud
2805 2261 2874 2315 ab
2926 2261 3256 2333 Hieronymo
3309 2271 3456 2317 recte
3493 2278 3625 2317 Con-

2020 2352 2205 2407 ﬂatum
2255 2353 2324 2406 sit
2374 2352 2474 2425 (h).

2092 2444 2298 2501 Tertio.
2348 2446 2684 2511 Concilium,
2738 2447 2821 2501 cui
2877 2447 3139 2502 Maximus
3183 2448 3387 2516 adfuit,
3422 2449 3465 2504 si
3498 2448 3623 2505 huic

2020 2538 2265 2608 epiStolte
2298 2538 2431 2594 ﬁdes
2470 2550 2589 2602 est,
2618 2548 2863 2594 coactum
2894 2541 2992 2595 fuit
3019 2541 3119 2595 sub
3149 2543 3461 2612 episcopatu
3491 2544 3623 2598 Gre-

2018 2631 2155 2701 gorii
2184 2631 2523 2687 Nazianzeni.
2584 2633 2663 2685 Do
2711 2633 2899 2697 verba,
2951 2649 3017 2686 ex
3064 2633 3261 2702 quibus
3302 2635 3353 2688 id
3384 2645 3618 2689 constat.

2022 2725 2262 2796 Namque
2290 2728 2341 2780 in
2366 2729 2583 2781 concilio
2630 2745 2826 2797 nuper,
2876 2744 2989 2781 cum
3038 2728 3303 2785 Maximus
3356 2733 3625 2803 episc0pus

2020 2820 2386 2875 Alexandrina
2434 2821 2677 2875 Ecclesia:
2731 2824 3137 2876 communionem
3169 2840 3374 2879 manere
3422 2843 3618 2890 secum,

2023 2917 2168 2971 lectis
2206 2915 2348 2969 Petri
2376 2916 2436 2970 S.
2470 2915 2546 2968 Μ.
2576 2916 2670 2968 uiri
2703 2916 2886 2970 litteris
2912 2916 3226 2987 prodidisset
3251 2960 3264 2981 ,
3292 2920 3413 2987 quia
3442 2920 3623 2973 Ariani

2024 3009 2261 3062 basilicas
2308 3010 2478 3062 adhuc
2528 3011 2761 3062 tenebant
2783 3051 2797 3074 ,
2831 3023 3077 3063 secretum
3109 3027 3215 3065 esse
3240 3011 3627 3067 mandatoribus

2022 3104 2271 3175 episc0pis
2302 3103 2662 3158 ordinantibus
2699 3104 2929 3159 dilucida
2967 3107 3324 3173 testiﬁcatione
3352 3108 3625 3175 docuisset,

310 3204 415 3258 quo
468 3189 601 3243 illud
635 3188 896 3251 habitum,
946 3204 1011 3245 ac
1051 3190 1382 3245 celebratum
1427 3191 1533 3245 dici
1574 3202 1756 3261 queat.
1805 3191 1918 3245 Hoc
1946 3195 1992 3259 C
2024 3194 2153 3248 nihil
2183 3194 2478 3255 habuimus.
2531 3196 2585 3248 in
2625 3213 2723 3265 quo
2776 3197 2840 3250 de
2888 3197 3185 3265 episcopatu
3233 3202 3345 3269 ejus
3393 3200 3627 3254 dubitare

310 3284 459 3337 enim
516 3283 785 3337 insuetum
817 3289 931 3347 est,
985 3296 1048 3337 ac
1096 3283 1329 3337 alienum
1387 3298 1415 3336 a
1466 3292 1685 3352 recepto
1744 3283 1920 3338 eccle-

310 3378 534 3433 siastico
590 3392 762 3439 more,
817 3392 924 3447 quo
944 3378 1170 3432 concilia
1222 3378 1401 3433 omnia
1442 3377 1507 3431 ad
1564 3378 1692 3432 illud
1750 3394 1921 3448 usque

312 3478 554 3537 tempus,
596 3485 659 3524 ac
724 3485 845 3540 qua:
875 3470 1040 3525 etiam
1082 3469 1343 3539 deinceps
1373 3471 1643 3526 celebrata
1686 3480 1842 3535 sunt,
1891 3488 1921 3527 a

292 3574 464 3618 ~ccrto
494 3562 700 3632 aliquo,
750 3562 1372 3632 deteriuinatoqucloco
1424 3562 1919 3618 denominationem

312 3664 662 3728 acceperant.
698 3656 831 3711 Hinc
861 3656 1215 3728 Hieronymus
1240 3657 1492 3712 Rufinum
1525 3658 1716 3728 synodi
1750 3673 1809 3711 se
1836 3658 1925 3724 ju-

311 3748 459 3805 dicio
526 3749 810 3819 probatum
856 3757 1230 3817 asserentem,
1290 3753 1633 3818 interrogat:
1680 3749 1925 3821 Synodus

312 3841 363 3895 in
418 3859 527 3913 qua
575 3842 699 3895 urbe
723 3842 872 3912 fuit?
912 3842 996 3895 die
1049 3844 1407 3915 episcoporum
1432 3842 1701 3909 vocabula,
1749 3846 1926 3915 profer

311 3933 599 3987 sententias
625 3931 1052 4004 subscriptorum,
1078 3935 1202 4009 doce
1229 3935 1318 4004 qui
1346 3952 1403 3988 eo
1434 3937 1668 3989 consules
1708 3936 1925 4005 fuerint;

314 4029 435 4096 quis
486 4028 769 4097 imperator
813 4026 950 4080 hanc
972 4029 1226 4097 synodum
1243 4028 1403 4099 jussit
1431 4028 1770 4100 congregari:
1796 4038 1929 4081 certe

316 4122 380 4174 ob
407 4136 573 4191 quam
603 4137 813 4175 causam
840 4121 1070 4191 synodus
1099 4132 1407 4193 congregata
1434 4123 1499 4175 sit
1529 4121 1631 4193 (a).

394 4214 678 4270 Secundo.
718 4214 816 4269 Vix
848 4214 1080 4284 proferri
1131 4217 1329 4285 poterit
1366 4215 1657 4270 concilium
1711 4214 1929 4285 aliquod

317 4306 469 4362 circa
520 4308 635 4363 haec
666 4317 943 4377 tempora,
993 4308 1137 4379 quod
1183 4307 1427 4364 ltalicum
1475 4309 1675 4365 dictum
1717 4310 1822 4376 sit,
1876 4318 1932 4364 et

318 4414 431 4454 non
489 4400 664 4468 potius
708 4400 1019 4455 Romanum.
1066 4401 1312 4456 Romano
1354 4402 1622 4473 siquidem
1673 4402 1930 4473 episcopo

314 4492 497 4547 veluti
554 4493 912 4564 metropolitze
969 4495 1217 4550 universa
1251 4495 1399 4550 Italia
1432 4496 1654 4565 parebat
1706 4495 1927 4559 adhuc;

2027 3305 2338 3357 possemus:
2385 3299 2551 3342 tamen
2603 3305 2665 3342 ne
2708 3289 2997 3343 absentibus
3039 3289 3271 3359 partibus
3320 3304 3627 3362 prtesumpte

2025 3381 2240 3450 aliquod
2272 3381 2562 3449 deﬁnivisse
2612 3380 2923 3441 videremur,
2970 3380 3291 3434 clementiam
3330 3392 3467 3435 tuam
3494 3383 3629 3437 datis

2026 3473 2209 3526 litteris
2242 3474 2531 3540 putavimus
2575 3474 2947 3537 instruendam,
2994 3483 3047 3526 ut
3079 3474 3125 3527 ei
3167 3475 3522 3530 consuleretur
3566 3493 3628 3531 ex

2026 3582 2123 3620 usu
2163 3566 2381 3637 publica:
2422 3568 2583 3635 pacis.
2617 3577 2766 3633 atque
2805 3568 3111 3628 concordiae,
3140 3569 3268 3636 quia
3315 3586 3489 3623 revera
3534 3569 3629 3621 ad-

2027 3659 2376 3724 vertebamus,
2421 3660 2737 3715 Gneconwu
2784 3677 3104 3730 nequaquam
3140 3664 3419 3715 secundum
3468 3665 3629 3717 tradi-

2027 3752 2212 3805 tionem
2262 3750 2480 3805 Patrum
2511 3753 3091 3823 ConstantinOpolttanw
3124 3753 3371 3807 Ecclesia:
3398 3754 3495 3806 sibi
3539 3771 3628 3807 sa-

2030 3843 2315 3897 cerdotium
2365 3845 2642 3898 vindicare.
2725 3843 2859 3898 Hinc
2903 3859 3054 3908 vero,
3115 3860 3233 3913 quae
3298 3854 3491 3913 Sponte
3532 3860 3629 3898 sua

2030 3934 2235 4002 fluunt,
2268 3934 2383 3989 hzec
2433 3944 2559 3990 sunt
2597 3953 2608 3988 :
2646 3935 2842 4003 primo,
2883 3935 2928 3989 si
2972 3935 3231 3989 Maximus
3274 3935 3396 3990 huic
3446 3938 3631 3992 conci-

2032 4026 2104 4081 lio
2176 4026 2380 4093 adfuit,
2430 4026 2768 4081 Nazianzeno
2830 4027 3326 4097 Constantinopolis
3377 4030 3631 4099 episcopo

2031 4120 2372 4185 confirmato,
2407 4119 2524 4189 ejus
2549 4120 2602 4173 in
2656 4119 2861 4173 Italiam
2892 4118 3178 4185 adventus,
3220 4129 3275 4174 et
3320 4121 3629 4191 confugium

2033 4213 2379 4269 referendum
2438 4213 2744 4268 necessario
2816 4213 2955 4268 foret
3006 4213 3073 4267 ad
3142 4214 3346 4282 primos
3414 4231 3632 4271 menses

2033 4312 2157 4365 anni
2189 4311 2326 4376 581,
2390 4324 2512 4364 cum
2572 4309 2867 4379 Gregorius
2920 4308 2971 4363 in
3001 4308 3142 4363 Maio
3180 4318 3272 4364 aut
3315 4309 3476 4365 Junio
3519 4311 3633 4381 epi-

2034 4417 2231 4470 sc0pus
2277 4416 2401 4456 esse
2444 4400 2701 4456 desierit:
2756 4399 2859 4454 hoc
2898 4415 3028 4454 vero
3068 4399 3263 4454 falsum
3295 4416 3415 4455 esse
3443 4400 3633 4470 probat

2034 4502 2147 4548 tum
2179 4493 2315 4548 ratio
2338 4492 2618 4562 temporis,
2652 4505 2715 4545 ac
2740 4506 2921 4545 rerum
2948 4500 3223 4560 gestarum
3256 4492 3446 4556 series,
3473 4508 3631 4562 quam

318 4595 375 4641 et
424 4586 517 4641 vix
567 4598 660 4641 aut
688 4586 1134 4655 Mediolanensis,
1180 4599 1269 4642 aut
1296 4587 1658 4659 Aquileiensis
1685 4588 1756 4643 oh
1786 4603 1927 4658 prm-
1954 4588 2193 4655 Dsupra
2226 4582 2616 4654 expendimus;
2664 4589 2775 4636 tum
2821 4581 3191 4637 Nazianzenus
3245 4583 3360 4652 ipse
3406 4585 3458 4639 in
3507 4600 3629 4640 ear-

317 4681 628 4749 rogativam
672 4680 817 4735 sedis
872 4696 901 4746 a
958 4682 1170 4736 cancris
1220 4681 1491 4752 episcopis
1535 4679 1831 4750 distingui,
1875 4690 1930 4736 et

313 4773 410 4843 jus
460 4774 591 4829 illud
630 4790 885 4831 exercere
920 4785 1224 4846 coeperant,
1274 4792 1379 4846 quo
1409 4775 1606 4831 deinde
1640 4776 1721 4830 usi
1769 4784 1926 4841 sunt;

317 4865 476 4937 quod
528 4867 741 4922 erudite
772 4867 963 4937 probat
1003 4866 1321 4924 Bacchiuius
1361 4869 1414 4922 in
1447 4868 1833 4923 dissertatione
1860 4866 1929 4922 de

320 4956 732 5014 Ecclesiasticaa
760 4959 1078 5015 hierarchia:
1111 4959 1410 5031 originibus
1454 4960 1530 5031 (b)
1552 5002 1564 5023 .
1596 4969 1786 5030 aperto
1822 4958 1931 5013 Eu-

318 5054 473 5108 sebii
531 5054 842 5109 testimonio
913 5054 1209 5109 concilium
1256 5071 1285 5108 a
1343 5053 1597 5108 Cornelio
1652 5052 1706 5105 in
1770 5064 1934 5105 causa

317 5144 620 5202 Novatiani
672 5163 739 5202 ex
769 5155 876 5201 tota
919 5162 1022 5216 qua
1074 5156 1217 5218 patet
1268 5145 1427 5200 Italia
1476 5145 1787 5210 collectum,
1829 5142 1938 5196 Ro-

320 5256 550 5293 manum
594 5240 1006 5311 compellautis:
1059 5251 1114 5295 at
1165 5256 1232 5296 ne
1262 5240 1421 5311 longe
1448 5255 1476 5292 a
1536 5239 1749 5294 Damasi
1780 5246 1941 5292 aetate

318 5335 631 5400 abeamus,
658 5334 835 5391 Julius
876 5350 907 5390 a
936 5350 1032 5391 sua
1064 5335 1273 5406 synodo
1320 5334 1387 5389 ad
1427 5334 1764 5389 Eusebianos
1807 5332 1943 5386 scri-

320 5430 523 5488 bens:
570 5429 794 5485 Necesse
854 5439 973 5497 est,
1042 5430 1258 5500 inquit,
1319 5427 1457 5483 vobis
1526 5437 1703 5482 uotum
1779 5428 1944 5496 facere

434 5592 495 5657 al
519 5594 635 5652 Lib.
660 5610 698 5650 Il
729 5601 907 5650 contr.
939 5593 1119 5649 Rufin.
1146 5593 1277 5649 n.19
1299 5634 1314 5660 ,
1345 5590 1473 5648 Ver.
1511 5589 1648 5645 edit.

444 5665 503 5735 b)
534 5666 652 5720 Par.
687 5682 753 5727 ιι,
808 5680 874 5721 ex
933 5664 960 5736 §
1019 5667 1071 5719 7.

410 5735 499 5861 (ἃ)
533 5737 681 5805 Apud
727 5736 912 5819 Ilonst.
941 5735 1030 5808 ep.
1077 5751 1218 5817 1,11.
1253 5735 1341 5790 81.

410 5810 431 5861 ι
494 5807 594 5861 HI.
619 5808 684 5861 Ε.
708 5810 804 5861 11b.
836 5825 911 5861 1v.
936 5824 1054 5861 can.
1082 5808 1169 5861 12.

409 5807 507 5884 (ά)
531 5807 594 5864 ll.
618 5808 684 5865 E.
708 5810 804 5865 lib.
836 5825 911 5874 1v,
936 5807 1054 5877 cap.
1082 5808 1169 5861 12.

884 5902 1161 5964 PATROL.
1220 5896 1401 5961 XIII.

2038 4681 2184 4735 mine
2226 4678 2295 4734 de
2322 4679 2427 4732 vita
2460 4691 2596 4741 sua;
2650 4687 2761 4730 tum
2788 4675 3134 4746 Aquileiense
3160 4678 3472 4746 concilium,
3511 4696 3634 4735 cum

2038 4771 2173 4825 nihil
2205 4784 2425 4840 prorsus
2452 4770 2566 4824 sive
2592 4769 2644 4823 in
2676 4768 2885 4840 synodo
2924 4766 3254 4839 Aquileiensi
3280 4811 3294 4835 ,
3350 4770 3465 4827 sive
3495 4773 3637 4843 apud

2038 4863 2433 4919 Nazianzenum
2468 4862 2641 4932 ipsum
2684 4862 2894 4932 legatur
2941 4861 3008 4916 de
3063 4862 3206 4919 illius
3240 4864 3308 4917 ad
3352 4866 3637 4936 episcopos

2042 4954 2255 5009 Italicos
2300 4952 2576 5022 coofugio,
2629 4963 2718 5005 aut
2768 4952 2836 5005 de
2882 4952 3078 5008 litteris
3129 4955 3183 5009 in
3233 4955 3350 5025 ejus
3380 4972 3538 5012 causa
3569 4956 3635 5011 ad

2040 5046 2407 5105 Theodosium
2430 5046 2666 5114 scriptis.
2684 5045 2953 5112 Secundo,
2977 5048 3318 5104 manifestum
3347 5059 3427 5104 est
3455 5064 3639 5103 errare

2041 5155 2136 5197 eos
2156 5181 2169 5205 ,
2201 5139 2293 5209 qui
2323 5154 2435 5194 rem
2470 5138 2628 5204 hanc,
2661 5145 2825 5208 atque
2856 5138 3098 5195 Italicum
3128 5140 3415 5196 concilium
3466 5150 3640 5194 trans-

2040 5234 2222 5291 ferunt
2279 5232 2345 5288 ad
2376 5248 2573 5293 anniun
2624 5232 2730 5287 582
2755 5278 2769 5302 ,
2820 5249 2927 5303 quo
2972 5234 3227 5288 adversus
3266 5231 3583 5302 Gregorium
3618 5277 3632 5299 ,

2047 5329 2136 5401 qui
2173 5326 2284 5398 jam
2336 5327 2677 5397 episcopatui
2723 5337 2917 5397 sponte
2966 5333 3247 5391 cesserat,
3301 5325 3446 5379 nulla
3517 5343 3640 5385 esse

2048 5422 2421 5478 coiitroversia
2468 5425 2701 5487 poterat,
2754 5418 2825 5471 ob
2864 5430 3024 5485 quam
3074 5414 3243 5471 Italici
3273 5414 3351 5470 illi
3399 5419 3640 5496 episcopi

2118 5581 2188 5653 (ε)
2228 5580 2301 5653 Β·
2329 5578 2605 5653 Ε·.¹Ξ3)-.ῑῑν
2633 5576 2871 5653 cap-ﬂia

2124 5582 2168 5653 [e
2236 5581 2301 5635 II.
2329 5581 2392 5635 E.
2425 5581 2518 5632 lib.
2548 5592 2605 5641 ιι,
2633 5590 2752 5646 cap.
2778 5581 2871 5630 22.

2124 5581 2192 5724 (fi
2224 5652 2380 5724 Tom.
2408 5647 2499 5724 1!,
2534 5646 2625 5701 lib.
2653 5648 2786 5724 ηΔὲ
2818 5651 2900 5703 16,

2252 5724 2326 5795 De
2352 5723 2410 5776 S.
2535 5734 2653 5795 cap.
2700 5719 2791 5774 76.

2123 5790 2209 5867 (li)
2241 5794 2393 5865 Ann.
2440 5790 2691 5864 Cyprian.
2743 5791 2812 5848 ad
2865 5805 2955 5848 an.
3005 5791 3149 5862 251,
3202 5811 3257 5852 n.
3311 5796 3397 5853 15.

3015 5888 3086 5953 11
