4138 6178
441 274 546 331 5M

1641 268 1952 326 SANC'I‘US
1992 267 2318 326 ΙΜΜὸυὸ
2354 268 2553 325 ΡΑΡΑ.

3653 277 3763 334 353

439 384 559 442 hinc
603 385 911 442 Theodosio
945 392 1074 439 tunc
1103 385 1431 446 scriberent.
1472 381 1722 437 Valesius
1769 396 1832 436 ac
1872 381 2041 436 'l‘ille-
2067 385 2121 448 Α
2145 395 2328 436 masus
2357 380 2666 452 propediem
2699 379 2982 436 habiturus
3029 388 3150 436 erat
3198 382 3316 453 (b),
3368 397 3489 440 eam
3539 401 3752 460 quoque

443 480 700 542 montius,
742 477 842 533 hac
881 475 1200 533 difﬁcultate
1237 475 1433 542 obruti,
1494 475 1696 532 nodum
1745 474 1924 545 gladio
1963 489 2050 530 se-

443 583 570 628 cant
594 613 614 638 ,
643 586 707 626 ac
747 573 800 626 in
835 571 966 636 illis,
1003 585 1126 639 quae
1153 569 1525 634 recitarimus,
1559 569 1807 640 epistola)
1841 568 2046 633 verbis,

444 663 698 722 mendum
743 663 925 718 inesse
965 666 1147 731 aiunt,
1175 671 1232 718 et
1280 663 1402 720 loco
1440 663 1677 734 Gregorii
1722 662 1828 733 legi
1881 676 2048 729 opor-

446 765 565 811 tere
595 753 899 810 Neoterium
939 753 1040 827 (a).
1087 758 1156 812 At
1186 754 1304 811 haec
1350 755 1515 812 lectio
1563 755 1762 810 nullius
1827 755 2052 810 omnino

444 847 651 903 codicis
699 839 1025 907 auctoritate
1077 846 1268 902 nititur
1322 857 1377 902 et
1420 847 1796 902 conlirmatur.
1845 845 2049 902 Deinde

447 954 628 995 rerum
679 939 877 996 seriem
927 938 980 992 in
1030 937 1133 993 hac
1159 938 1389 1008 epistola
1450 937 1752 1008 expositam
1815 938 1862 993 si
1928 937 2050 1007 quis

448 1041 595 1088 recte
625 1031 910 1096 advertat,
943 1031 1147 1086 nullum
1179 1045 1300 1086 esse
1343 1031 1519 1086 errori
1575 1031 1774 1098 locum,
1806 1029 1904 1086 sed
1931 1044 2051 1084 om-

449 1125 538 1179 nia
589 1139 772 1181 secum
814 1133 965 1180 recte
1011 1123 1289 1180 cohaerere
1316 1123 1718 1192 deprehendet,
1790 1137 1856 1178 ac
1910 1121 2048 1178 Gre-

446 1220 583 1292 gorii
624 1227 680 1274 et
707 1218 942 1274 Nectarii
997 1233 1232 1285 nomen,
1265 1226 1522 1288 utroque,
1564 1231 1672 1287 quo
1714 1216 1892 1286 jacet,
1927 1215 2049 1272 loco

448 1320 598 1367 recte
633 1311 865 1383 positum
911 1311 1077 1366 luisse
1115 1310 1402 1367 concedet.
1442 1309 1580 1365 Tres
1627 1309 1800 1375 enim,
1858 1318 1918 1363 ut
1960 1309 2046 1364 di-

445 1406 647 1472 ximus,
686 1406 739 1461 in
791 1405 1039 1476 ejusdem
1078 1405 1295 1460 Maximi
1343 1419 1504 1460 causa
1553 1403 1800 1474 epistolae
1827 1403 2046 1472 scriptu:

446 1506 770 1577 ﬁnguntur:
823 1505 948 1560 hinc
997 1519 1122 1560 cum
1167 1504 1260 1560 ille
1304 1502 1372 1558 ad
1423 1517 1518 1558 eos
1559 1502 1616 1556 in
1656 1499 1890 1557 concilio
1918 1513 2051 1556 con-

443 1608 696 1670 gregatos
760 1598 974 1654 Indicos
1023 1597 1314 1668 episcopos
1369 1595 1603 1665 primum
1659 1593 1926 1658 accessit,
1991 1599 2051 1648 et

440 1695 591 1764 prior
648 1692 878 1762 epistola
927 1691 1128 1761 scripta
1164 1699 1281 1751 est.
1306 1687 1602 1758 Gregorius
1640 1685 2042 1750 Nazianzenus;

2153 473 2258 530 hoc
2284 474 2404 530 loco
2429 473 2765 545 designatum
2794 474 2990 546 Pagius
3015 475 3218 545 inquit,
3248 483 3303 532 at
3328 491 3429 545 eo,
3460 494 3570 550 quo
3598 479 3755 539 Tille-

2151 568 2388 624 ntontius
2419 568 2588 622 utitur
2612 609 2626 634 ,
2656 567 3033 623 additamenta
3060 583 3170 622 non
3197 568 3469 638 adhibito,
3507 573 3614 626 vim
3637 589 3754 629 ver-

2152 660 2237 716 bis
2259 661 2658 731 apertissimam
2690 661 2890 717 inlerre
2907 702 2921 728 ,
2947 675 3010 717 ac
3032 661 3214 718 lucum
3243 662 3433 719 lectori
3466 665 3645 723 facere
3666 682 3759 723 eo-

2153 755 2313 823 gitur.
2351 753 2544 809 Verum
2567 768 2679 824 quo
2707 768 2810 809 ms.
2838 749 2930 808 aut
2960 753 3230 824 impresso
3249 754 3466 822 codice,
3492 767 3587 812 aut
3606 759 3759 814 libris

2153 845 2433 915 impressis
2463 847 2579 901 haec
2608 846 2769 902 lectio
2807 832 3031 910 nititur,
3064 855 3124 900 ut
3170 845 3317 901 illam
3348 848 3506 904 nobis
3534 864 3563 904 a
3594 849 3760 906 Tille-

2153 940 2360 994 montio
2383 939 2596 995 obtrudi
2624 939 2827 996 liceat?
2857 938 3081 1010 Insuper
3112 955 3180 994 an
3210 954 3316 994 non
3353 941 3574 996 recitata
3607 943 3757 996 illius

2151 1033 2396 1103 epistola:
2425 1034 2618 1099 verba,
2666 1048 2732 1089 ac
2772 1034 3019 1104 exposita
3043 1048 3228 1088 rerum
3268 1033 3471 1101 series,
3504 1034 3642 1098 banc
3688 1035 3757 1090 il-

2151 1125 2256 1181 lius
2276 1127 2670 1182 correctionem
2693 1168 2710 1192 ,
2741 1134 2903 1196 atque
2923 1125 3256 1181 additionem
3289 1129 3578 1198 respuunt?
3609 1128 3746 1183 Nam

2151 1234 2272 1289 qua:
2297 1220 2369 1274 sit
2397 1233 2460 1274 ea
2486 1218 2725 1287 synodus
2751 1218 2907 1273 totius
2936 1217 3073 1274 orbis
3103 1220 3408 1289 praseripla
3453 1221 3704 1290 episcopis
3729 1259 3746 1288 ,

2151 1313 2220 1368 de
2247 1328 2353 1384 qua
2384 1315 2488 1368 hoc
2510 1313 2630 1370 loco
2650 1328 2833 1369 sermo
2858 1321 2944 1368 est
2967 1354 2984 1378 ,
3013 1328 3203 1384 quaeve
3227 1313 3366 1370 nihil
3406 1324 3614 1370 temere
3642 1325 3753 1370 sta-

2153 1404 2409 1460 tuendum
2437 1405 2694 1474 censuit,
2724 1412 2910 1475 aperte
2937 1405 3212 1474 explicant
3237 1421 3302 1462 ea
3320 1447 3334 1468 .
3364 1422 3486 1477 quae
3508 1423 3632 1462 mox
3656 1407 3755 1463 ad—

2145 1497 2410 1566 jiciuntur
2440 1498 2636 1564 verba,
2665 1507 2719 1552 at
2747 1498 2836 1569 qui
2873 1497 3112 1568 generale
3148 1498 3427 1552 concilium
3465 1498 3760 1553 declinave-

2150 1599 2308 1656 runt;
2334 1606 2453 1660 quae
2482 1589 2719 1645 habitam
2761 1590 2874 1661 jam
2919 1591 2973 1645 in
3013 1590 3238 1645 Maximi
3259 1605 3456 1659 causa,
3484 1607 3592 1647 non
3621 1608 3756 1649 vero

2152 1683 2454 1738 habendam
2505 1683 2558 1738 in
2613 1683 2850 1739 futurum
2889 1684 3158 1756 synodum
3186 1686 3496 1753 exprimunt
3533 1701 3596 1741 ac
3644 1702 3754 1755 pra:

445 1801 569 1842 cum
603 1800 733 1842 vero
761 1785 878 1840 haec
903 1785 1095 1851 altera,
1138 1798 1202 1839 ac
1224 1783 1513 1853 posterior,
1542 1780 1826 1837 Nectarius
1855 1778 2048 1835 Eccle-
2075 1781 2126 1841 Β
2150 1792 2209 1833 se
2234 1778 2430 1842 ierunt,
2462 1792 2526 1833 ac
2550 1793 2662 1833 rem
2697 1791 2804 1835 non
2834 1777 3120 1848 agendam,
3149 1777 3244 1832 sed
3271 1787 3445 1833 actam
3473 1777 3585 1848 jam
3611 1794 3754 1850 pra:-

435 1878 532 1933 siaa
560 1878 1170 1947 ConstantinOpolitan:c
1190 1876 1298 1945 jam
1334 1881 1597 1946 praeerat,
1622 1874 1778 1944 cujus
1817 1870 2046 1942 proinde

442 1971 609 2026 etiam
662 1971 1031 2040 episcopatum
1089 1969 1400 2039 improbare
1449 1967 1720 2022 videntur.
1781 1965 1908 2020 Haec
1952 1978 2048 2018 au-

443 2069 554 2117 tem
609 2077 732 2116 cum
801 2061 874 2117 ita
935 2061 1084 2124 sint,
1129 2069 1224 2114 aut
1286 2060 1531 2115 Italicum
1589 2059 1692 2114 hoc
1757 2057 2046 2112 concilium

435 2165 588 2211 extra
634 2170 836 2210 annum
887 2153 997 2216 382
1041 2153 1418 2210 collocandum
1449 2163 1568 2220 est,
1626 2161 1683 2206 ut
1732 2150 1802 2207 ad
1845 2164 2046 2205 annum

436 2249 536 2305 38l
597 2248 834 2303 nondum
885 2257 1200 2316 provectum
1246 2245 1536 2309 referatur,
1595 2260 1704 2315 quo
1750 2244 2048 2313 Gregorius

437 2355 628 2396 revera
679 2339 967 2410 episcopus
1022 2339 1232 2404 fuerat;
1291 2346 1383 2392 aut
1427 2340 1471 2394 si
1520 2337 1588 2391 ab
1634 2352 1702 2392 eo
1747 2351 1890 2391 anno
1942 2337 2046 2390 mi.

443 2433 590 2489 nime
638 2433 732 2488 tibi
781 2431 1170 2488 removendum
1213 2432 1502 2493 videatur,
1545 2445 1608 2486 ac
1651 2429 1884 2485 Nectarii
1934 2430 2050 2499 epi-

441 2536 729 2598 scopatum
785 2527 1026 2581 retinere
1080 2525 1342 2590 volueris,
1379 2525 1599 2598 fatearis
1655 2537 1883 2580 necesse
1933 2531 2046 2591 est,

436 2619 576 2694 illud
621 2618 910 2674 concilium
953 2633 1018 2674 ex
1077 2633 1184 2688 quo
1250 2627 1490 2689 carptum
1556 2626 1682 2681 est,
1751 2631 2048 2686 numquam

437 2725 626 2784 postea
675 2713 1003 2769 dissolutum
1051 2713 1239 2777 fuisse,
1291 2711 1388 2769 sed
1427 2712 1494 2767 ad
1539 2711 1745 2781 aliquot
1793 2710 1937 2765 ultra
1966 2710 2052 2765 in-

443 2817 653 2879 tegrum
684 2807 811 2862 anni
834 2806 1063 2877 spatium
1095 2821 1314 2862 menses
1341 2811 1694 2875 protractum,
1718 2802 1863 2873 quod
1892 2816 2056 2858 nemo

439 2913 574 2955 sane
620 2898 837 2955 dixerit.
970 2899 976 2907 ’

505 2992 735 3060 Quarto.
767 2991 826 3046 In
856 2990 961 3046 hoc
987 2990 1218 3046 concilio
1238 3031 1254 3057 ,
1287 2989 1377 3044 cui
1404 2988 1762 3059 philosophus
1789 2990 1882 3045 ille
1911 3003 2049 3058 pm—

437 3097 565 3139 sens
599 3083 740 3150 fuit,
787 3097 1049 3153 suamque
1096 3096 1316 3138 causam
1364 3081 1767 3152 dijudicandam
1807 3082 2048 3149 obtulit,

2149 1870 2473 1937 teritantque
2500 1871 2816 1927 ostendunt.
2846 1871 3056 1927 Deinde
3077 1871 3123 1926 si
3152 1869 3398 1926 Italicum
3436 1872 3538 1927 hoe
3565 1871 3754 1928 conci-

2147 1962 2312 2029 lium,
2359 1979 2388 2019 a
2428 1979 2535 2035 quo
2566 1963 2784 2020 Maximi
2829 1977 2991 2020 causa
3021 1964 3086 2019 ad
3122 1964 3250 2034 illud
3291 1977 3321 2019 a
3370 1963 3601 2020 Damaso
3642 1965 3752 2037 jam

2149 2066 2509 2112 convocatum
2559 2059 2761 2128 rejecta
2792 2067 2914 2124 est,
2965 2057 3207 2112 habitum
3251 2057 3436 2113 l'nitea
3483 2060 3600 2129 ipso
3627 2069 3757 2113 tem-

2150 2168 2302 2221 pore,
2345 2167 2452 2220 quo
2501 2151 3104 2221 Constantinopolitano
3148 2151 3390 2223 synodus
3430 2161 3757 2222 congregata

2149 2244 2364 2311 fuerat,
2395 2255 2490 2300 aut
2517 2245 2646 2300 illud
2678 2245 2924 2301 retrahas
2965 2259 3074 2300 non
3117 2260 3280 2300 secus
3321 2260 3386 2300 ac
3410 2244 3630 2300 Maximi
3673 2261 3760 2302 re-

2150 2354 2372 2396 cursum
2399 2338 2465 2393 ad
2497 2338 2701 2409 primos
2724 2353 2940 2394 menses
2964 2339 3090 2392 anni
3121 2337 3222 2393 581
3245 2378 3259 2400 ,
3303 2351 3410 2408 quo
3448 2334 3761 2392 Constanti—

2153 2432 2464 2503 nopolitana
2493 2433 2608 2501 ipsa
2635 2430 2874 2502 synodus
2897 2430 3010 2500 jam
3033 2437 3388 2495 convenerat,
3421 2429 3761 2485 Nectariutn-

2151 2541 2260 2596 que
2286 2525 2667 2590 ordinaverat,
2697 2523 2942 2579 Romana
2984 2537 3114 2579 vero
3153 2522 3424 2594 generalis
3471 2538 3498 2575 a
3528 2522 3766 2578 Damaso

2154 2619 2394 2674 nondum
2423 2625 2719 2674 convocata
2766 2620 2968 2682 l'nerat;
3002 2617 3086 2672 vel
3137 2616 3184 2671 si
3216 2617 3345 2670 illud
3393 2619 3570 2686 ipsum
3617 2631 3764 2672 anno

2154 2709 2261 2766 58%
2289 2720 2670 2781 congregatum
2710 2709 2909 2764 asseris
2929 2749 2946 2774 ,
2976 2707 3212 2764 Nectarii
3261 2707 3434 2778 ipsius
3462 2709 3762 2764 ordinatio-

2153 2818 2278 2858 nem
2311 2802 2563 2858 conleras
2596 2816 2820 2857 necesse
2851 2811 2935 2856 est
2959 2801 3025 2855 ad
3056 2799 3305 2855 eumdem
3335 2815 3572 2866 annum,
3598 2809 3764 2870 atque

2155 2895 2221 2950 ad
2249 2905 2573 2951 conventum
2620 2895 2803 2961 illum,
2844 2909 3005 2965 quem
3051 2909 3117 2949 eo
3165 2902 3414 2963 tempore
3455 2892 3762 2950 Orientales

2154 2986 2623 3058 Constantinopoli
2653 2987 2979 3043 habuerunt.
3010 2986 3255 3042 Primum
3281 3001 3356 3041 ne
3373 2986 3525 3042 dicas
3546 3028 3560 3048 ,
3583 2987 3768 3042 obstat

2154 3081 2404 3153 Gregorii
2431 3083 2753 3137 Nazianzeni
2782 3082 3089 3145 silentium,
3118 3081 3334 3136 obstant
3353 3097 3570 3152 quoque
3595 3083 3764 3152 Aqui-

436 3181 538 3232 tria
570 3177 908 3233 inveniamus
937 3185 1158 3246 Oportet
1187 3193 1201 3230 :
1233 3177 1410 3247 primo
1438 3191 1666 3243 nempe,
1700 3184 1757 3230 ut
1786 3176 2042 3246 generale
2067 3165 2113 3227 C
2147 3175 2370 3232 leiensis
2399 3186 2518 3230 acta
2549 3175 2798 3243 concilii,
2833 3189 2898 3231 ac
2925 3173 3308 3230 Tillemontius
3339 3176 3453 3245 ipse
3478 3193 3490 3228 :
3525 3175 3760 3231 alterum

434 3285 531 3324 sua
560 3269 753 3331 saltem
785 3269 1180 3324 convocatione
1207 3268 1390 3330 fuerit;
1420 3267 1685 3333 secundo,
1717 3277 1777 3323 ut
1800 3268 2042 3323 habitum

435 3361 506 3416 sit
550 3363 692 3417 circa
743 3371 958 3432 tempus
1003 3361 1620 3430 Constantinopolitanae
1666 3361 1894 3431 synodi,
1938 3376 2044 3431 qua

436 3452 710 3508 Maximus
749 3461 1132 3510 exauctoratus
1160 3465 1268 3520 est,
1313 3464 1369 3508 et
1395 3452 1680 3511 Nectarius
1721 3455 2039 3520 ordinatus;

435 3543 598 3598 tertio
643 3542 900 3612 denique,
939 3555 1000 3598 ut
1039 3543 1170 3598 illud
1199 3544 1268 3600 ab
1294 3541 1668 3602 Orientalibus
1707 3545 2042 3602 declinatum

433 3634 619 3690 fuerit.
644 3634 773 3691 Haec
799 3635 900 3689 tria
930 3634 1096 3690 habes
1126 3649 1192 3689 ex
1223 3635 1304 3690 his
1331 3636 1576 3706 epistolae
1599 3638 1815 3694 verbis:
1846 3637 1960 3693 Nos
1987 3640 2044 3692 in

434 3727 630 3797 synodo
668 3742 761 3792 ea,
802 3742 917 3795 qua:
961 3730 1112 3782 totius
1156 3727 1292 3782 orbis
1337 3728 1592 3800 episcopis
1631 3730 1894 3785 uidebatur
1933 3747 2043 3786 esse

428 3816 738 3892 'prtuscripta
765 3861 780 3887 ,
808 3821 938 3875 nihil
981 3831 1165 3876 temere
1192 3823 1515 3876 statuendum
1543 3840 1651 3878 esse
1693 3825 1982 3878 censuimus
2023 3839 2042 3879 :

434 3921 488 3965 at
515 3927 583 3966 so
629 3897 742 3967 trso
771 3927 1019 3966 τειιιιοιιε
1041 3952 1060 3978 ,
1091 3913 1179 3982 qui
1221 3913 1459 3982 generale
1489 3914 1766 3967 concilium
1808 3914 2040 3969 declina".

435 4011 647 4067 uerunt,
694 4002 1141 4074 Constantinopoli
1182 4020 1297 4072 quia
1325 4005 1546 4074 gessisse
1575 4006 1855 4061 dicuntur?
1901 4007 2039 4063 Nam

434 4113 550 4150 cum
580 4097 927 4168 cognovissent
958 4095 1026 4149 ad
1056 4097 1160 4151 hoc
1193 4098 1422 4168 partium
1464 4100 1662 4154 venisse
1708 4099 2002 4156 Maximum
2022 4145 2038 4170 ,

435 4197 489 4241 ut
519 4204 726 4242 causam
770 4188 824 4241 in
865 4187 1069 4259 synodo
1091 4199 1260 4260 ageret
1299 4207 1479 4256 suam,
1511 4209 1628 4245 cum
1658 4210 1774 4248 eum
1819 4196 2042 4264 experiri

433 4283 561 4337 velle
593 4282 835 4336 adversus
872 4299 991 4349 eos,
1035 4284 1122 4350 qui
1169 4285 1524 4357 episcopatum
1571 4289 1684 4358 ejus
1719 4289 2039 4358 abnuerant,

433 4373 826 4443 comperissent,
852 4374 1142 4445 prwstolari
1169 4376 1346 4448 utique
1371 4379 1526 4430 etiam
1554 4388 1784 4434 nostram
1807 4397 1960 4449 super
1980 4397 2040 4436 eo

433 4467 737 4522 sententiam
767 4467 1072 4524 debuerunt.
1099 4467 1251 4525 Nunc
1267 4485 1402 4525 vero
1429 4469 1546 4526 inec
1566 4472 1777 4542 singula
1806 4489 2040 4544 perpen-

2150 3284 2301 3333 vero,
2331 3282 2657 3339 quamquam
2691 3267 2957 3337 placuerit
2981 3265 3184 3322 λοδηηὶ
3218 3266 3382 3321 David
3426 3264 3528 3338 (c),
3581 3275 3760 3322 tamen

2149 3361 2372 3416 omnino
2421 3360 2614 3415 falsum
2660 3374 2784 3415 esse
2829 3359 2998 3428 liquet
3036 3375 3102 3413 ex
3150 3359 3192 3413 l.
3237 3359 3272 3413 5
3300 3357 3360 3414 C.
3403 3357 3508 3413 'I‘h.
3537 3359 3606 3414 de
3639 3358 3757 3413 Fid.

2148 3452 2331 3519 cath.,
2377 3469 2499 3522 qua:
2526 3451 2795 3522 publicata
2828 3451 3022 3520 legitur
3049 3449 3138 3505 die
3167 3449 3236 3506 28
3278 3449 3398 3518 julii
3441 3450 3567 3504 anni
3609 3449 3710 3505 581
3744 3485 3764 3516 ,

2149 3560 2212 3600 ac
2232 3545 2538 3600 Nectarium
2563 3544 3180 3613 Constantinopolitanae
3207 3543 3464 3599 Ecclesia:
3481 3544 3594 3613 jam
3619 3560 3756 3614 prte-

2148 3638 2358 3694 sedisse
2391 3637 2604 3708 probat.
2633 3637 2920 3708 Reliquum
2953 3635 3116 3708 igitur
3144 3647 3228 3692 est
3248 3677 3263 3702 ,
3297 3645 3358 3690 ut
3383 3636 3521 3691 hanc
3554 3639 3760 3708 episto-

2150 3731 2259 3785 lam
2287 3733 2427 3787 inter
2449 3731 2702 3802 ligmenta
2725 3731 2941 3802 rejicias
2959 3771 2974 3796 ,
3007 3730 3092 3785 vel
3119 3745 3242 3786 cum
3265 3729 3615 3785 Tillenontio
3637 3731 3762 3800 ipso

2145 3823 2368 3880 fatearis
2397 3824 2722 3895 aliquando,
2753 3825 2842 3896 qui
2886 3839 3004 3880 eam
3046 3825 3266 3894 scripsit
3308 3831 3418 3880 tam
3463 3824 3752 3880 vecordem

2147 3918 2316 3973 fuisse
2337 3959 2354 3984 ,
2376 3932 2439 3972 ac
2460 3917 2686 3972 bardum
2704 3958 2720 3985 ,
2744 3925 2804 3972 ut
2829 3917 3050 3972 minime
3074 3917 3330 3984 sciverit,
3353 3915 3758 3988 adverteritqne

2145 4010 2386 4066 animum
2418 4009 2485 4065 ad
2529 4025 2591 4066 ea
2637 4025 2756 4081 quae
2801 4009 3063 4066 scriberet
3091 4008 3193 4083 (ά).
3227 4013 3306 4064 An
3358 4024 3492 4066 vero
3535 4011 3588 4066 in
3618 4009 3754 4066 adeo

2146 4105 2381 4170 recenti,
2421 4119 2485 4158 ac
2515 4103 2800 4159 manifesta
2840 4119 2932 4170 re,
2965 4106 3017 4159 in
3057 4103 3348 4160 Ambrosio
3386 4112 3647 4175 praeterea
3672 4145 3688 4169 ,
3720 4119 3751 4160 a

2146 4213 2256 4269 quo
2300 4197 2583 4268 epistolam
2633 4197 2803 4268 ipsam
2852 4197 3106 4267 scriptam
3149 4206 3413 4261 censent,
3465 4197 3750 4253 oscitantis

2147 4293 2341 4348 tanta?
2390 4293 2500 4350 Hoc
2543 4293 2730 4348 credat
2777 4291 2867 4362 qui
2916 4291 3088 4358 velit;
3139 4291 3270 4346 mihi
3315 4291 3458 4346 enim
3508 4291 3751 4362 profecto

2145 4385 2454 4456 persuaderi
2485 4399 2590 4439 non
2614 4385 2807 4455 patiar.

2221 4477 2488 4546 Denique,
2517 4476 2658 4545 quod
2694 4477 2854 4532 tertio
2886 4475 3007 4530 loco
3035 4475 3312 4546 proposui,
3347 4476 3390 4530 si
3419 4475 3705 4530 concilium
3731 4515 3746 4540 ,

436 4560 612 4616 denda
680 4571 840 4628 sunt,
911 4572 963 4617 et
1015 4560 1393 4633 inquirendum
1448 4572 1628 4620 utrum
1673 4564 1864 4621 Italico
1910 4565 2038 4623 huic
2063 4561 2118 4622 D
2143 4571 2228 4624 cui
2254 4569 2518 4625 Maximus
2544 4568 2716 4624 adluit
2739 4610 2755 4634 ,
2785 4569 2852 4624 ab
2878 4569 3244 4625 Orientalibus
3273 4567 3602 4624 declinatum
3626 4568 3749 4635 fuit,

431 4654 662 4709 concilio
682 4656 854 4725 aptari
884 4657 1090 4725 possint
1113 4697 1130 4723 ,
1160 4665 1325 4727 atque
1353 4672 1383 4713 a
1417 4659 1594 4726 primo
1615 4659 1793 4728 capite
1820 4659 2031 4716 initium

430 4741 646 4809 faciam,
675 4759 745 4800 an
771 4761 905 4801 vero
928 4746 1256 4802 Ambrosius
1284 4763 1538 4816 umquam
1572 4749 1872 4818 scripserit,
1914 4750 2030 4805 Ita-

432 4836 587 4890 licam
617 4836 760 4891 illam
802 4851 952 4891 suam
981 4849 1277 4904 paucarum
1308 4838 1686 4910 episcoporum
1717 4842 1984 4911 synodum
2011 4884 2028 4911 ,

432 4930 588 4985 totius
631 4929 765 4984 orbis
794 4931 1046 4999 episcopis
1088 4932 1440 4999 prasct'iptant
1491 4931 1698 4989 fuisse?
1744 4934 1917 4991 Nemo
1962 4951 2032 4992 ne

431 5023 537 5080 hoc
560 5023 878 5094 cogitaverit
903 5023 1139 5092 quidem.
1173 5023 1424 5080 Fleurius
1447 5026 1626 5096 itaque
1653 5027 2026 5085 difﬁcultatem

428 5117 754 5172 dissimulat.
793 5115 1178 5170 Tillemontius
1198 5128 1377 5172 autent
1401 5159 1415 5183 ,
1455 5128 1514 5173 ut
1548 5134 1667 5174 eam
1703 5121 1888 5186 tollat,
1931 5139 2034 5178 nos

424 5211 525 5264 nisi
551 5212 608 5265 in
631 5226 692 5263 ea
713 5210 942 5280 synodo,
971 5208 1256 5280 legendum
1286 5219 1472 5280 putat,
1502 5227 1600 5280 pro
1623 5213 1784 5268 unico
1813 5215 2025 5270 addita-

427 5314 611 5358 mento
657 5309 718 5357 ut
763 5301 1052 5373 hypothesi
1102 5303 1406 5358 subserviat
1454 5303 1636 5370 tacto,
1683 5307 1759 5361 ait
1807 5307 2024 5364 ltalicos

423 5393 708 5463 episcopos
737 5393 871 5449 nihil
898 5393 1264 5451 deliniendam
1312 5395 1593 5452 censuisse
1636 5395 1688 5451 in
1721 5413 1818 5466 ea,
1858 5414 2019 5469 quam

421 5485 526 5553 ipsi
561 5485 825 5540 habebant
855 5486 1093 5558 synodo;
1130 5497 1186 5542 ut
1216 5489 1434 5544 Maximi
1477 5504 1639 5545 causa
1686 5491 1737 5545 in
1782 5492 2021 5561 generali

419 5578 511 5633 illa
545 5578 753 5648 synodo
796 5592 1245 5650 cognosceretur,
1275 5598 1436 5654 quam
1471 5583 1582 5653 jam
1613 5583 1872 5640 indiciam
1920 5585 2022 5640 Da-

496 5690 812 5765 (a_)'_li|le_m.
861 5695 1106 5765 inﬂGrcg.
1150 5697 1305 5760 Nam,
1361 5707 1475 5755 not.
1528 5699 1620 5756 45.

490 5762 566 5835 (ιι)
610 5763 684 5820 Dc
711 5762 871 5836 Greg.
902 5762 1205 5838 Naz.,'cap.
1234 5770 1325 5826 8|.

2142 4673 2306 4731 atque
2332 4660 2436 4717 hoc
2467 4662 2533 4716 iis
2563 4661 2732 4716 Italici
2762 4661 3001 4732 episcopi
3032 4661 3422 4730 exprobratum
3451 4663 3621 4724 aiunt,
3665 4662 3748 4717 vel
3815 4660 3822 4665 “

2142 4753 2210 4809 de
2251 4752 2604 4822 Aquileiensi,
2634 4753 2719 4809 vel
2761 4754 2829 4809 de
2867 4753 3053 4810 Italico
3084 4753 3177 4808 illo
3203 4795 3216 4818 ,
3247 4755 3328 4808 vel
3360 4752 3432 4809 de
3462 4753 3709 4808 Romano
3729 4796 3746 4819 ,

2142 4845 2284 4916 quod
2321 4846 2578 4901 Damasus
2606 4857 3032 4910 convocaverat,
3070 4845 3342 4916 intelligas
3369 4861 3591 4902 necesse
3621 4856 3705 4902 est
3729 4889 3745 4912 ,

2141 4951 2301 5010 atque
2326 4950 2383 4994 ut
2415 4954 2480 4995 ex
2509 4940 2684 4995 tribus
2715 4941 2823 4995 illis
2853 4956 3014 4995 ttnunt
3047 4941 3234 5010 eligas.
3265 4940 3320 4995 Si
3351 4941 3614 5011 primunt;
3643 4940 3752 4997 hoc

2141 5029 2282 5087 forte
2321 5031 2444 5102 jure
2492 5031 2693 5086 dictum
2743 5032 2911 5088 videri
2966 5032 3195 5102 poterit,
3239 5048 3364 5088 cunt
3405 5033 3745 5102 Orientales,

2133 5126 2330 5195 quibus
2368 5123 2505 5179 facta
2537 5125 2710 5178 fuerat
2740 5124 3032 5180 accedendi
3074 5126 3262 5194 copia,
3295 5127 3487 5182 abesse
3535 5127 3750 5184 malue-

2133 5216 2266 5279 rint,
2297 5223 2353 5268 ut
2379 5231 2444 5271 ex
2487 5217 2622 5270 actis
2649 5224 2892 5272 constat.
2913 5215 2985 5272 At
3014 5225 3071 5271 ιιι
3101 5232 3245 5286 saepe
3267 5217 3533 5283 diximus,
3567 5234 3749 5289 neque

2131 5306 2394 5364 Maximus
2424 5306 2552 5363 huic
2595 5307 2797 5375 adl'nit,
2841 5319 2933 5364 aut
2977 5309 3173 5365 adesse
3203 5311 3416 5378 pomit,
3445 5325 3625 5379 neque
3675 5311 3748 5368 de

2097 5435 2102 5437 »
2130 5401 2249 5470 ejus
2276 5415 2436 5456 causa
2466 5413 2643 5457 actum
2677 5401 2730 5456 in
2762 5417 2827 5456 eo
2857 5401 2977 5459 fuit.
3002 5401 3058 5458 Si
3094 5417 3226 5458 vero
3257 5399 3508 5458 Italicum
3543 5403 3700 5473 eligis
3729 5445 3748 5470 ,

2129 5503 2294 5565 atque
2325 5493 2478 5557 illud,
2511 5495 2652 5566 quod
2683 5510 2749 5549 ex
2783 5495 3071 5550 vicariatus
3099 5495 3264 5549 Italiae
3287 5495 3593 5566 episcopis,
3626 5495 3742 5550 Til-

2133 5586 2426 5643 lcmontius
2457 5599 2848 5659 congregatum
2877 5588 2983 5656 ait,
3019 5586 3122 5643 hoc.
3147 5599 3351 5644 temere
3371 5599 3438 5643 ac
3461 5585 3600 5644 falso
3625 5587 3744 5644 dic.

2199 5703 2276 5844 {3)
2321 5703 2394 5758 De
2416 5703 2543 5804 Judb.
2574 5720 2696 5787 can.
2729 5705 2898 5775 Epist.
2925 5745 2942 5773 ,
2971 5720 3026 5776 p.
3053 5705 3184 5763 205.

2258 5777 2278 5844 )
2319 5774 2440 5831 Not.
2473 5777 2544 5831 lo
2572 5791 2626 5831 tn
2652 5774 2818 5844 Greg.
2846 5775 2976 5832 Naz.

2258 5777 2278 5845 )
2319 5774 2440 5831 Not.
2473 5776 2544 5831 45
2572 5775 2626 5831 in
2652 5774 2818 5848 Greg.
2846 5775 2976 5832 Naz.
