  <div class='ocr_page' id='page_1' title='image "/cluster/home/n/w/nwhite01/storage/ocr_20150623/13/hvd.32044096580428/172.png"; bbox 0 0 4138 6178; ppageno 0'>
   <div class='ocr_carea' id='block_1_1' title="bbox 360 286 465 339">
    <p class='ocr_par' dir='ltr' id='par_1_1' title="bbox 360 286 465 339">
     <span class='ocr_line' id='line_1_1' title="bbox 360 286 465 339; baseline 0.019 -2"><span class='ocrx_word' id='word_1_1' title='bbox 360 286 465 339; x_wconf 72' lang='grc'><strong>555</strong></span> 
     </span>
    </p>
   </div>
   <div class='ocr_carea' id='block_1_2' title="bbox 1735 278 2271 337">
    <p class='ocr_par' dir='ltr' id='par_1_2' title="bbox 1735 278 2271 337">
     <span class='ocr_line' id='line_1_2' title="bbox 1735 278 2271 337; baseline -0.002 -2"><span class='ocrx_word' id='word_1_2' title='bbox 1735 278 2271 337; x_wconf 74' lang='lat' dir='ltr'><strong>l’BOLEGOMENA.</strong></span> 
     </span>
    </p>
   </div>
   <div class='ocr_carea' id='block_1_3' title="bbox 3555 306 3661 358">
    <p class='ocr_par' dir='ltr' id='par_1_3' title="bbox 3555 306 3661 358">
     <span class='ocr_line' id='line_1_3' title="bbox 3555 306 3661 358; baseline -0.009 0"><span class='ocrx_word' id='word_1_3' title='bbox 3555 306 3661 358; x_wconf 71' lang='grc'><strong>554</strong></span> 
     </span>
    </p>
   </div>
   <div class='ocr_carea' id='block_1_4' title="bbox 354 394 3666 488">
    <p class='ocr_par' dir='ltr' id='par_1_4' title="bbox 354 394 3666 488">
     <span class='ocr_line' id='line_1_4' title="bbox 354 394 3666 488; baseline 0.006 -39"><span class='ocrx_word' id='word_1_4' title='bbox 354 404 472 450; x_wconf 83' lang='lat' dir='ltr'><strong>tum</strong></span> <span class='ocrx_word' id='word_1_5' title='bbox 500 394 674 452; x_wconf 86' lang='lat' dir='ltr'><strong>videri</strong></span> <span class='ocrx_word' id='word_1_6' title='bbox 702 396 867 454; x_wconf 88' lang='lat' dir='ltr'><strong>debet</strong></span> <span class='ocrx_word' id='word_1_7' title='bbox 909 413 921 451; x_wconf 89' lang='lat'><strong>:</strong></span> <span class='ocrx_word' id='word_1_8' title='bbox 958 409 1079 451; x_wconf 88' lang='lat' dir='ltr'><strong>nam</strong></span> <span class='ocrx_word' id='word_1_9' title='bbox 1119 412 1226 468; x_wconf 90' lang='lat' dir='ltr'><strong>quo</strong></span> <span class='ocrx_word' id='word_1_10' title='bbox 1249 398 1372 468; x_wconf 79' lang='lat' dir='ltr'><strong>jure</strong></span> <span class='ocrx_word' id='word_1_11' title='bbox 1404 395 1724 451; x_wconf 57' lang='lat' dir='ltr'><strong>Ambrosius</strong></span> <span class='ocrx_word' id='word_1_12' title='bbox 1755 411 1954 466; x_wconf 82' lang='lat' dir='ltr'><strong>expro-</strong></span> <span class='ocrx_word' id='word_1_13' title='bbox 1986 407 2039 466; x_wconf 75' lang='grc' dir='ltr'>Α</span> <span class='ocrx_word' id='word_1_14' title='bbox 2065 402 2254 450; x_wconf 79' lang='lat' dir='ltr'><strong>:rstate</strong></span> <span class='ocrx_word' id='word_1_15' title='bbox 2284 395 2603 454; x_wconf 91' lang='lat' dir='ltr'><strong>instituisse.</strong></span> <span class='ocrx_word' id='word_1_16' title='bbox 2630 400 2704 454; x_wconf 89' lang='lat' dir='ltr'><strong>lta</strong></span> <span class='ocrx_word' id='word_1_17' title='bbox 2732 399 2983 459; x_wconf 78' lang='lat' dir='ltr'><strong>divinans</strong></span> <span class='ocrx_word' id='word_1_18' title='bbox 3009 406 3083 459; x_wconf 89' lang='lat' dir='ltr'><strong>ait</strong></span> <span class='ocrx_word' id='word_1_19' title='bbox 3108 405 3196 463; x_wconf 91' lang='lat' dir='ltr'><strong>hic</strong></span> <span class='ocrx_word' id='word_1_20' title='bbox 3225 420 3413 467; x_wconf 84' lang='lat' dir='ltr'><strong>auctor</strong></span> <span class='ocrx_word' id='word_1_21' title='bbox 3438 453 3453 479; x_wconf 92' lang='lat'><strong>,</strong></span> <span class='ocrx_word' id='word_1_22' title='bbox 3485 426 3542 469; x_wconf 89' lang='lat' dir='ltr'><strong>ut</strong></span> <span class='ocrx_word' id='word_1_23' title='bbox 3568 418 3666 488; x_wconf 75' lang='lat' dir='ltr'><strong>Ity-</strong></span> 
     </span>
    </p>
   </div>
   <div class='ocr_carea' id='block_1_5' title="bbox 354 488 1961 560">
    <p class='ocr_par' dir='ltr' id='par_1_5' title="bbox 354 488 1961 560">
     <span class='ocr_line' id='line_1_5' title="bbox 354 488 1961 560; baseline 0.001 -17"><span class='ocrx_word' id='word_1_24' title='bbox 354 488 573 543; x_wconf 86' lang='lat' dir='ltr'><strong>bratum</strong></span> <span class='ocrx_word' id='word_1_25' title='bbox 608 490 687 545; x_wconf 90' lang='lat' dir='ltr'><strong>ire</strong></span> <span class='ocrx_word' id='word_1_26' title='bbox 736 496 950 560; x_wconf 78' lang='lat' dir='ltr'><strong>poterat</strong></span> <span class='ocrx_word' id='word_1_27' title='bbox 994 490 1385 556; x_wconf 72' lang='lat' dir='ltr'><strong>Orientalibus,</strong></span> <span class='ocrx_word' id='word_1_28' title='bbox 1437 489 1765 546; x_wconf 88' lang='lat' dir='ltr'><strong>declinatum</strong></span> <span class='ocrx_word' id='word_1_29' title='bbox 1797 490 1864 545; x_wconf 90' lang='lat' dir='ltr'><strong>ab</strong></span> <span class='ocrx_word' id='word_1_30' title='bbox 1896 490 1961 545; x_wconf 87' lang='lat' dir='ltr'><strong>iis</strong></span> 
     </span>
    </p>
   </div>
   <div class='ocr_carea' id='block_1_6' title="bbox 353 583 1963 657">
    <p class='ocr_par' dir='ltr' id='par_1_6' title="bbox 353 583 1963 657">
     <span class='ocr_line' id='line_1_6' title="bbox 353 583 1963 657; baseline -0.002 -17"><span class='ocrx_word' id='word_1_31' title='bbox 353 585 647 640; x_wconf 83' lang='lat' dir='ltr'><strong>concilium</strong></span> <span class='ocrx_word' id='word_1_32' title='bbox 697 586 828 640; x_wconf 86' lang='lat' dir='ltr'><strong>illud</strong></span> <span class='ocrx_word' id='word_1_33' title='bbox 876 600 1068 653; x_wconf 89' lang='lat' dir='ltr'><strong>suum,</strong></span> <span class='ocrx_word' id='word_1_34' title='bbox 1112 601 1140 641; x_wconf 89' lang='lat' dir='ltr'><strong>a</strong></span> <span class='ocrx_word' id='word_1_35' title='bbox 1181 601 1288 657; x_wconf 88' lang='lat' dir='ltr'><strong>quo</strong></span> <span class='ocrx_word' id='word_1_36' title='bbox 1320 586 1463 640; x_wconf 88' lang='lat' dir='ltr'><strong>nulla</strong></span> <span class='ocrx_word' id='word_1_37' title='bbox 1506 586 1715 639; x_wconf 75' lang='lat' dir='ltr'><strong>ratione</strong></span> <span class='ocrx_word' id='word_1_38' title='bbox 1761 583 1963 655; x_wconf 86' lang='lat' dir='ltr'><strong>pende-</strong></span> 
     </span>
    </p>
   </div>
   <div class='ocr_carea' id='block_1_7' title="bbox 355 678 1966 749">
    <p class='ocr_par' dir='ltr' id='par_1_7' title="bbox 355 678 1966 749">
     <span class='ocr_line' id='line_1_7' title="bbox 355 678 1966 749; baseline -0.001 -16"><span class='ocrx_word' id='word_1_39' title='bbox 355 679 525 734; x_wconf 81' lang='lat' dir='ltr'><strong>bant?</strong></span> <span class='ocrx_word' id='word_1_40' title='bbox 566 679 649 734; x_wconf 82' lang='lat' dir='ltr'><strong>An</strong></span> <span class='ocrx_word' id='word_1_41' title='bbox 693 694 821 735; x_wconf 71' lang='lat' dir='ltr'><strong>Vero</strong></span> <span class='ocrx_word' id='word_1_42' title='bbox 866 690 1128 749; x_wconf 67' lang='lat' dir='ltr'><strong>praeterea</strong></span> <span class='ocrx_word' id='word_1_43' title='bbox 1172 680 1351 735; x_wconf 70' lang='lat' dir='ltr'><strong>vocati</strong></span> <span class='ocrx_word' id='word_1_44' title='bbox 1384 679 1689 735; x_wconf 82' lang='lat' dir='ltr'><strong>Orientales</strong></span> <span class='ocrx_word' id='word_1_45' title='bbox 1720 679 1822 748; x_wconf 89' lang='lat' dir='ltr'><strong>ipsi</strong></span> <span class='ocrx_word' id='word_1_46' title='bbox 1853 678 1966 747; x_wconf 85' lang='lat' dir='ltr'><strong>epi-</strong></span> 
     </span>
    </p>
   </div>
   <div class='ocr_carea' id='block_1_8' title="bbox 358 771 1963 843">
    <p class='ocr_par' dir='ltr' id='par_1_8' title="bbox 358 771 1963 843">
     <span class='ocr_line' id='line_1_8' title="bbox 358 771 1963 843; baseline -0.001 -17"><span class='ocrx_word' id='word_1_47' title='bbox 358 773 507 840; x_wconf 85' lang='lat' dir='ltr'><strong>scopi</strong></span> <span class='ocrx_word' id='word_1_48' title='bbox 540 772 606 825; x_wconf 84' lang='lat' dir='ltr'><strong>ad</strong></span> <span class='ocrx_word' id='word_1_49' title='bbox 647 771 779 827; x_wconf 88' lang='lat' dir='ltr'><strong>illttd</strong></span> <span class='ocrx_word' id='word_1_50' title='bbox 809 772 1053 827; x_wconf 83' lang='lat' dir='ltr'><strong>fuerant?</strong></span> <span class='ocrx_word' id='word_1_51' title='bbox 1094 772 1382 842; x_wconf 80' lang='lat' dir='ltr'><strong>Reliquum</strong></span> <span class='ocrx_word' id='word_1_52' title='bbox 1417 773 1576 843; x_wconf 83' lang='lat' dir='ltr'><strong>igitur</strong></span> <span class='ocrx_word' id='word_1_53' title='bbox 1618 777 1731 835; x_wconf 89' lang='lat' dir='ltr'><strong>est,</strong></span> <span class='ocrx_word' id='word_1_54' title='bbox 1765 780 1825 825; x_wconf 89' lang='lat' dir='ltr'><strong>ut</strong></span> <span class='ocrx_word' id='word_1_55' title='bbox 1848 778 1963 825; x_wconf 82' lang='lat' dir='ltr'><strong>ter-</strong></span> 
     </span>
    </p>
   </div>
   <div class='ocr_carea' id='block_1_9' title="bbox 362 863 1963 935">
    <p class='ocr_par' dir='ltr' id='par_1_9' title="bbox 362 863 1963 935">
     <span class='ocr_line' id='line_1_9' title="bbox 362 863 1963 935; baseline 0 -18"><span class='ocrx_word' id='word_1_56' title='bbox 362 865 495 918; x_wconf 87' lang='lat' dir='ltr'><strong>tium</strong></span> <span class='ocrx_word' id='word_1_57' title='bbox 525 865 696 933; x_wconf 78' lang='lat' dir='ltr'><strong>eligas</strong></span> <span class='ocrx_word' id='word_1_58' title='bbox 718 907 731 927; x_wconf 93' lang='lat'><strong>,</strong></span> <span class='ocrx_word' id='word_1_59' title='bbox 772 874 933 935; x_wconf 88' lang='lat' dir='ltr'><strong>atque</strong></span> <span class='ocrx_word' id='word_1_60' title='bbox 980 867 1092 921; x_wconf 81' lang='lat' dir='ltr'><strong>haec</strong></span> <span class='ocrx_word' id='word_1_61' title='bbox 1136 864 1340 920; x_wconf 80' lang='lat' dir='ltr'><strong>releras</strong></span> <span class='ocrx_word' id='word_1_62' title='bbox 1368 864 1433 919; x_wconf 90' lang='lat' dir='ltr'><strong>ad</strong></span> <span class='ocrx_word' id='word_1_63' title='bbox 1474 864 1602 919; x_wconf 89' lang='lat' dir='ltr'><strong>illud</strong></span> <span class='ocrx_word' id='word_1_64' title='bbox 1633 863 1922 919; x_wconf 89' lang='lat' dir='ltr'><strong>concilium</strong></span> <span class='ocrx_word' id='word_1_65' title='bbox 1948 905 1963 929; x_wconf 93' lang='lat'><strong>,</strong></span> 
     </span>
    </p>
   </div>
   <div class='ocr_carea' id='block_1_10' title="bbox 366 958 1969 1028">
    <p class='ocr_par' dir='ltr' id='par_1_10' title="bbox 366 958 1969 1028">
     <span class='ocr_line' id='line_1_10' title="bbox 366 958 1969 1028; baseline 0 -18"><span class='ocrx_word' id='word_1_66' title='bbox 366 958 510 1028; x_wconf 86' lang='lat' dir='ltr'><strong>quod</strong></span> <span class='ocrx_word' id='word_1_67' title='bbox 556 974 625 1014; x_wconf 77' lang='lat' dir='ltr'><strong>cx</strong></span> <span class='ocrx_word' id='word_1_68' title='bbox 662 958 977 1015; x_wconf 82' lang='lat' dir='ltr'><strong>Occidentis</strong></span> <span class='ocrx_word' id='word_1_69' title='bbox 1023 966 1079 1015; x_wconf 91' lang='lat' dir='ltr'><strong>et</strong></span> <span class='ocrx_word' id='word_1_70' title='bbox 1128 958 1364 1015; x_wconf 82' lang='lat' dir='ltr'><strong>Orientis</strong></span> <span class='ocrx_word' id='word_1_71' title='bbox 1395 958 1665 1028; x_wconf 78' lang='lat' dir='ltr'><strong>episcopis</strong></span> <span class='ocrx_word' id='word_1_72' title='bbox 1711 958 1969 1027; x_wconf 88' lang='lat' dir='ltr'><strong>colligen-</strong></span> 
     </span>
    </p>
   </div>
   <div class='ocr_carea' id='block_1_11' title="bbox 366 1052 1970 1118">
    <p class='ocr_par' dir='ltr' id='par_1_11' title="bbox 366 1052 1970 1118">
     <span class='ocr_line' id='line_1_11' title="bbox 366 1052 1970 1118; baseline -0.001 -9"><span class='ocrx_word' id='word_1_73' title='bbox 366 1055 495 1109; x_wconf 77' lang='lat' dir='ltr'><strong>dum</strong></span> <span class='ocrx_word' id='word_1_74' title='bbox 526 1055 787 1109; x_wconf 78' lang='lat' dir='ltr'><strong>Damasus</strong></span> <span class='ocrx_word' id='word_1_75' title='bbox 818 1054 1003 1109; x_wconf 80' lang='lat' dir='ltr'><strong>Romae</strong></span> <span class='ocrx_word' id='word_1_76' title='bbox 1032 1062 1428 1110; x_wconf 86' lang='lat' dir='ltr'><strong>convocaverat</strong></span> <span class='ocrx_word' id='word_1_77' title='bbox 1451 1096 1464 1118; x_wconf 92' lang='lat'><strong>,</strong></span> <span class='ocrx_word' id='word_1_78' title='bbox 1506 1068 1567 1108; x_wconf 91' lang='lat' dir='ltr'><strong>ac</strong></span> <span class='ocrx_word' id='word_1_79' title='bbox 1592 1052 1787 1107; x_wconf 89' lang='lat' dir='ltr'><strong>deinde</strong></span> <span class='ocrx_word' id='word_1_80' title='bbox 1826 1066 1970 1107; x_wconf 92' lang='lat' dir='ltr'><strong>anno</strong></span> 
     </span>
    </p>
   </div>
   <div class='ocr_carea' id='block_1_12' title="bbox 363 1145 1970 1217">
    <p class='ocr_par' dir='ltr' id='par_1_12' title="bbox 363 1145 1970 1217">
     <span class='ocr_line' id='line_1_12' title="bbox 363 1145 1970 1217; baseline -0.001 -15"><span class='ocrx_word' id='word_1_81' title='bbox 363 1148 468 1202; x_wconf 68' lang='lat'><strong>532</strong></span> <span class='ocrx_word' id='word_1_82' title='bbox 488 1146 603 1216; x_wconf 89' lang='lat' dir='ltr'><strong>jam</strong></span> <span class='ocrx_word' id='word_1_83' title='bbox 631 1154 861 1204; x_wconf 81' lang='lat' dir='ltr'><strong>exeunte</strong></span> <span class='ocrx_word' id='word_1_84' title='bbox 886 1158 1132 1204; x_wconf 88' lang='lat' dir='ltr'><strong>eoactum</strong></span> <span class='ocrx_word' id='word_1_85' title='bbox 1164 1145 1282 1217; x_wconf 68' lang='lat' dir='ltr'><strong>fuit,</strong></span> <span class='ocrx_word' id='word_1_86' title='bbox 1313 1148 1383 1202; x_wconf 80' lang='lat' dir='ltr'><strong>At</strong></span> <span class='ocrx_word' id='word_1_87' title='bbox 1405 1148 1450 1202; x_wconf 91' lang='lat' dir='ltr'><strong>si</strong></span> <span class='ocrx_word' id='word_1_88' title='bbox 1482 1147 1584 1202; x_wconf 83' lang='lat' dir='ltr'><strong>ilOC</strong></span> <span class='ocrx_word' id='word_1_89' title='bbox 1615 1148 1834 1213; x_wconf 88' lang='lat' dir='ltr'><strong>asseris,</strong></span> <span class='ocrx_word' id='word_1_90' title='bbox 1872 1160 1970 1201; x_wconf 88' lang='lat' dir='ltr'><strong>ne-</strong></span> 
     </span>
    </p>
   </div>
   <div class='ocr_carea' id='block_1_13' title="bbox 364 1238 1972 1304">
    <p class='ocr_par' dir='ltr' id='par_1_13' title="bbox 364 1238 1972 1304">
     <span class='ocr_line' id='line_1_13' title="bbox 364 1238 1972 1304; baseline -0.001 -10"><span class='ocrx_word' id='word_1_91' title='bbox 364 1242 609 1294; x_wconf 86' lang='lat' dir='ltr'><strong>cessario</strong></span> <span class='ocrx_word' id='word_1_92' title='bbox 639 1239 793 1295; x_wconf 81' lang='lat' dir='ltr'><strong>lateri</strong></span> <span class='ocrx_word' id='word_1_93' title='bbox 822 1241 987 1296; x_wconf 81' lang='lat' dir='ltr'><strong>debes</strong></span> <span class='ocrx_word' id='word_1_94' title='bbox 1012 1242 1332 1304; x_wconf 77' lang='lat' dir='ltr'><strong>Ambrosio,</strong></span> <span class='ocrx_word' id='word_1_95' title='bbox 1362 1254 1423 1295; x_wconf 89' lang='lat' dir='ltr'><strong>ac</strong></span> <span class='ocrx_word' id='word_1_96' title='bbox 1450 1240 1662 1296; x_wconf 66' lang='lat' dir='ltr'><strong>caeteris</strong></span> <span class='ocrx_word' id='word_1_97' title='bbox 1692 1240 1795 1294; x_wconf 87' lang='lat' dir='ltr'><strong>illis</strong></span> <span class='ocrx_word' id='word_1_98' title='bbox 1824 1238 1972 1293; x_wconf 85' lang='lat' dir='ltr'><strong>itali-</strong></span> 
     </span>
    </p>
   </div>
   <div class='ocr_carea' id='block_1_14' title="bbox 365 1332 1978 1405">
    <p class='ocr_par' dir='ltr' id='par_1_14' title="bbox 365 1332 1978 1405">
     <span class='ocr_line' id='line_1_14' title="bbox 365 1332 1978 1405; baseline -0.001 -18"><span class='ocrx_word' id='word_1_99' title='bbox 365 1333 448 1387; x_wconf 83' lang='lat' dir='ltr'><strong>cls</strong></span> <span class='ocrx_word' id='word_1_100' title='bbox 478 1334 747 1404; x_wconf 73' lang='lat' dir='ltr'><strong>epistmpis</strong></span> <span class='ocrx_word' id='word_1_101' title='bbox 773 1334 1073 1390; x_wconf 69' lang='lat' dir='ltr'><strong>incoluisse</strong></span> <span class='ocrx_word' id='word_1_102' title='bbox 1098 1333 1210 1405; x_wconf 88' lang='lat' dir='ltr'><strong>jam</strong></span> <span class='ocrx_word' id='word_1_103' title='bbox 1234 1377 1248 1399; x_wconf 87' lang='lat'><strong>,</strong></span> <span class='ocrx_word' id='word_1_104' title='bbox 1277 1348 1397 1388; x_wconf 91' lang='lat' dir='ltr'><strong>enm</strong></span> <span class='ocrx_word' id='word_1_105' title='bbox 1425 1334 1762 1399; x_wconf 87' lang='lat' dir='ltr'><strong>scriberent,</strong></span> <span class='ocrx_word' id='word_1_106' title='bbox 1793 1332 1978 1387; x_wconf 90' lang='lat' dir='ltr'><strong>conci-</strong></span> 
     </span>
    </p>
   </div>
   <div class='ocr_carea' id='block_1_15' title="bbox 365 1426 1980 1497">
    <p class='ocr_par' dir='ltr' id='par_1_15' title="bbox 365 1426 1980 1497">
     <span class='ocr_line' id='line_1_15' title="bbox 365 1426 1980 1497; baseline -0.001 -15"><span class='ocrx_word' id='word_1_107' title='bbox 365 1427 501 1483; x_wconf 85' lang='lat' dir='ltr'><strong>lium</strong></span> <span class='ocrx_word' id='word_1_108' title='bbox 536 1429 637 1483; x_wconf 88' lang='lat' dir='ltr'><strong>ltoc</strong></span> <span class='ocrx_word' id='word_1_109' title='bbox 660 1431 731 1483; x_wconf 87' lang='lat' dir='ltr'><strong>ab</strong></span> <span class='ocrx_word' id='word_1_110' title='bbox 755 1428 1125 1485; x_wconf 83' lang='lat' dir='ltr'><strong>Orientalibus</strong></span> <span class='ocrx_word' id='word_1_111' title='bbox 1164 1437 1320 1485; x_wconf 85' lang='lat' dir='ltr'><strong>certo</strong></span> <span class='ocrx_word' id='word_1_112' title='bbox 1359 1427 1472 1497; x_wconf 81' lang='lat' dir='ltr'><strong>jam</strong></span> <span class='ocrx_word' id='word_1_113' title='bbox 1501 1426 1840 1491; x_wconf 78' lang='lat' dir='ltr'><strong>declinatum,</strong></span> <span class='ocrx_word' id='word_1_114' title='bbox 1888 1433 1980 1481; x_wconf 91' lang='lat' dir='ltr'><strong>aut</strong></span> 
     </span>
    </p>
   </div>
   <div class='ocr_carea' id='block_1_16' title="bbox 368 1516 1979 1577">
    <p class='ocr_par' dir='ltr' id='par_1_16' title="bbox 368 1516 1979 1577">
     <span class='ocr_line' id='line_1_16' title="bbox 368 1516 1979 1577; baseline -0.001 -4"><span class='ocrx_word' id='word_1_115' title='bbox 368 1518 778 1575; x_wconf 85' lang='lat' dir='ltr'><strong>declinandum.</strong></span> <span class='ocrx_word' id='word_1_116' title='bbox 822 1518 975 1577; x_wconf 73' lang='lat' dir='ltr'><strong>Nune</strong></span> <span class='ocrx_word' id='word_1_117' title='bbox 1018 1534 1147 1577; x_wconf 76' lang='lat' dir='ltr'><strong>vero</strong></span> <span class='ocrx_word' id='word_1_118' title='bbox 1180 1520 1294 1576; x_wconf 66' lang='lat' dir='ltr'><strong>haec</strong></span> <span class='ocrx_word' id='word_1_119' title='bbox 1322 1520 1483 1576; x_wconf 84' lang='lat' dir='ltr'><strong>velim</strong></span> <span class='ocrx_word' id='word_1_120' title='bbox 1530 1516 1813 1575; x_wconf 85' lang='lat' dir='ltr'><strong>observes.</strong></span> <span class='ocrx_word' id='word_1_121' title='bbox 1850 1519 1979 1573; x_wconf 79' lang='lat' dir='ltr'><strong>Ante</strong></span> 
     </span>
    </p>
   </div>
   <div class='ocr_carea' id='block_1_17' title="bbox 374 1608 1973 1685">
    <p class='ocr_par' dir='ltr' id='par_1_17' title="bbox 374 1608 1973 1685">
     <span class='ocr_line' id='line_1_17' title="bbox 374 1608 1973 1685; baseline -0.002 -18"><span class='ocrx_word' id='word_1_122' title='bbox 374 1614 597 1668; x_wconf 84' lang='lat' dir='ltr'><strong>mediam</strong></span> <span class='ocrx_word' id='word_1_123' title='bbox 625 1624 853 1670; x_wconf 74' lang='lat' dir='ltr'><strong>testatem</strong></span> <span class='ocrx_word' id='word_1_124' title='bbox 888 1612 1046 1685; x_wconf 83' lang='lat' dir='ltr'><strong>hujus</strong></span> <span class='ocrx_word' id='word_1_125' title='bbox 1068 1614 1196 1669; x_wconf 86' lang='lat' dir='ltr'><strong>anni</strong></span> <span class='ocrx_word' id='word_1_126' title='bbox 1241 1614 1373 1669; x_wconf 82' lang='lat' dir='ltr'><strong>nihil</strong></span> <span class='ocrx_word' id='word_1_127' title='bbox 1403 1614 1479 1669; x_wconf 90' lang='lat' dir='ltr'><strong>illi</strong></span> <span class='ocrx_word' id='word_1_128' title='bbox 1509 1608 1575 1669; x_wconf 91' lang='lat' dir='ltr'><strong>de</strong></span> <span class='ocrx_word' id='word_1_129' title='bbox 1596 1612 1699 1668; x_wconf 92' lang='lat' dir='ltr'><strong>hoc</strong></span> <span class='ocrx_word' id='word_1_130' title='bbox 1726 1612 1973 1668; x_wconf 88' lang='lat' dir='ltr'><strong>Romano</strong></span> 
     </span>
    </p>
   </div>
   <div class='ocr_carea' id='block_1_18' title="bbox 373 1703 1981 1777">
    <p class='ocr_par' dir='ltr' id='par_1_18' title="bbox 373 1703 1981 1777">
     <span class='ocr_line' id='line_1_18' title="bbox 373 1703 1981 1777; baseline -0.002 -16"><span class='ocrx_word' id='word_1_131' title='bbox 373 1708 607 1762; x_wconf 84' lang='lat' dir='ltr'><strong>concilio</strong></span> <span class='ocrx_word' id='word_1_132' title='bbox 654 1708 1035 1764; x_wconf 86' lang='lat' dir='ltr'><strong>intellexerant</strong></span> <span class='ocrx_word' id='word_1_133' title='bbox 1058 1750 1071 1772; x_wconf 93' lang='lat'><strong>,</strong></span> <span class='ocrx_word' id='word_1_134' title='bbox 1106 1720 1335 1777; x_wconf 87' lang='lat' dir='ltr'><strong>cumque</strong></span> <span class='ocrx_word' id='word_1_135' title='bbox 1376 1723 1404 1760; x_wconf 95' lang='lat' dir='ltr'><strong>a</strong></span> <span class='ocrx_word' id='word_1_136' title='bbox 1433 1705 1743 1761; x_wconf 87' lang='lat' dir='ltr'><strong>Theodosio</strong></span> <span class='ocrx_word' id='word_1_137' title='bbox 1782 1703 1937 1759; x_wconf 88' lang='lat' dir='ltr'><strong>acciti</strong></span> <span class='ocrx_word' id='word_1_138' title='bbox 1966 1745 1981 1772; x_wconf 88' lang='lat'><strong>,</strong></span> 
     </span>
    </p>
   </div>
   <div class='ocr_carea' id='block_1_19' title="bbox 2066 489 3665 581">
    <p class='ocr_par' dir='ltr' id='par_1_19' title="bbox 2066 489 3665 581">
     <span class='ocr_line' id='line_1_19' title="bbox 2066 489 3665 581; baseline 0.016 -39"><span class='ocrx_word' id='word_1_139' title='bbox 2066 489 2278 560; x_wconf 86' lang='lat' dir='ltr'><strong>potbesi</strong></span> <span class='ocrx_word' id='word_1_140' title='bbox 2311 507 2421 545; x_wconf 74' lang='lat' dir='ltr'><strong>sua:</strong></span> <span class='ocrx_word' id='word_1_141' title='bbox 2466 491 2744 550; x_wconf 89' lang='lat' dir='ltr'><strong>inserviat.</strong></span> <span class='ocrx_word' id='word_1_142' title='bbox 2777 494 2847 550; x_wconf 78' lang='lat' dir='ltr'><strong>At</strong></span> <span class='ocrx_word' id='word_1_143' title='bbox 2882 512 2982 567; x_wconf 90' lang='lat' dir='ltr'><strong>ego</strong></span> <span class='ocrx_word' id='word_1_144' title='bbox 3023 501 3217 556; x_wconf 87' lang='lat' dir='ltr'><strong>iterum</strong></span> <span class='ocrx_word' id='word_1_145' title='bbox 3264 520 3448 575; x_wconf 64' lang='lat' dir='ltr'><strong>quaero</strong></span> <span class='ocrx_word' id='word_1_146' title='bbox 3473 551 3489 576; x_wconf 87' lang='lat'><strong>,</strong></span> <span class='ocrx_word' id='word_1_147' title='bbox 3542 512 3665 581; x_wconf 92' lang='lat' dir='ltr'><strong>quis</strong></span> 
     </span>
    </p>
   </div>
   <div class='ocr_carea' id='block_1_20' title="bbox 2068 582 3663 668">
    <p class='ocr_par' dir='ltr' id='par_1_20' title="bbox 2068 582 3663 668">
     <span class='ocr_line' id='line_1_20' title="bbox 2068 582 3663 668; baseline 0.014 -32"><span class='ocrx_word' id='word_1_148' title='bbox 2068 582 2412 639; x_wconf 77' lang='lat' dir='ltr'><strong>Ambrosium</strong></span> <span class='ocrx_word' id='word_1_149' title='bbox 2471 596 2786 653; x_wconf 84' lang='lat' dir='ltr'><strong>monuerat,</strong></span> <span class='ocrx_word' id='word_1_150' title='bbox 2841 589 3146 649; x_wconf 84' lang='lat' dir='ltr'><strong>Orientales</strong></span> <span class='ocrx_word' id='word_1_151' title='bbox 3199 599 3465 668; x_wconf 86' lang='lat' dir='ltr'><strong>synodum</strong></span> <span class='ocrx_word' id='word_1_152' title='bbox 3519 604 3663 658; x_wconf 89' lang='lat' dir='ltr'><strong>illaut</strong></span> 
     </span>
    </p>
   </div>
   <div class='ocr_carea' id='block_1_21' title="bbox 2066 678 3669 750">
    <p class='ocr_par' dir='ltr' id='par_1_21' title="bbox 2066 678 3669 750">
     <span class='ocr_line' id='line_1_21' title="bbox 2066 678 3669 750; baseline 0.014 -21"><span class='ocrx_word' id='word_1_153' title='bbox 2066 689 2217 729; x_wconf 92' lang='lat' dir='ltr'><strong>suam</strong></span> <span class='ocrx_word' id='word_1_154' title='bbox 2253 678 2550 734; x_wconf 83' lang='lat' dir='ltr'><strong>instituisse</strong></span> <span class='ocrx_word' id='word_1_155' title='bbox 2581 695 2703 734; x_wconf 91' lang='lat' dir='ltr'><strong>eum</strong></span> <span class='ocrx_word' id='word_1_156' title='bbox 2728 680 2781 735; x_wconf 92' lang='lat' dir='ltr'><strong>in</strong></span> <span class='ocrx_word' id='word_1_157' title='bbox 2817 682 2976 738; x_wconf 84' lang='lat' dir='ltr'><strong>linem</strong></span> <span class='ocrx_word' id='word_1_158' title='bbox 3006 726 3019 747; x_wconf 94' lang='lat'><strong>,</strong></span> <span class='ocrx_word' id='word_1_159' title='bbox 3050 696 3102 739; x_wconf 91' lang='lat' dir='ltr'><strong>ut</strong></span> <span class='ocrx_word' id='word_1_160' title='bbox 3128 686 3418 746; x_wconf 85' lang='lat' dir='ltr'><strong>Romanam</strong></span> <span class='ocrx_word' id='word_1_161' title='bbox 3444 694 3669 750; x_wconf 87' lang='lat' dir='ltr'><strong>declina-</strong></span> 
     </span>
    </p>
   </div>
   <div class='ocr_carea' id='block_1_22' title="bbox 2068 770 3670 845">
    <p class='ocr_par' dir='ltr' id='par_1_22' title="bbox 2068 770 3670 845">
     <span class='ocr_line' id='line_1_22' title="bbox 2068 770 3670 845; baseline 0.014 -22"><span class='ocrx_word' id='word_1_162' title='bbox 2068 771 2217 824; x_wconf 88' lang='lat' dir='ltr'><strong>rent?</strong></span> <span class='ocrx_word' id='word_1_163' title='bbox 2244 770 2326 826; x_wconf 88' lang='lat' dir='ltr'><strong>An</strong></span> <span class='ocrx_word' id='word_1_164' title='bbox 2354 789 2484 828; x_wconf 91' lang='lat' dir='ltr'><strong>vero</strong></span> <span class='ocrx_word' id='word_1_165' title='bbox 2512 791 2617 829; x_wconf 91' lang='lat' dir='ltr'><strong>non</strong></span> <span class='ocrx_word' id='word_1_166' title='bbox 2646 786 2931 845; x_wconf 87' lang='lat' dir='ltr'><strong>poterant,</strong></span> <span class='ocrx_word' id='word_1_167' title='bbox 2978 783 3185 843; x_wconf 80' lang='lat' dir='ltr'><strong>synodo</strong></span> <span class='ocrx_word' id='word_1_168' title='bbox 3216 786 3309 839; x_wconf 91' lang='lat' dir='ltr'><strong>illa</strong></span> <span class='ocrx_word' id='word_1_169' title='bbox 3339 789 3587 845; x_wconf 83' lang='lat' dir='ltr'><strong>conlecta</strong></span> <span class='ocrx_word' id='word_1_170' title='bbox 3617 793 3670 845; x_wconf 91' lang='lat' dir='ltr'><strong>in</strong></span> 
     </span>
    </p>
   </div>
   <div class='ocr_carea' id='block_1_23' title="bbox 2070 861 3675 938">
    <p class='ocr_par' dir='ltr' id='par_1_23' title="bbox 2070 861 3675 938">
     <span class='ocr_line' id='line_1_23' title="bbox 2070 861 3675 938; baseline 0.014 -21"><span class='ocrx_word' id='word_1_171' title='bbox 2070 861 2417 919; x_wconf 88' lang='lat' dir='ltr'><strong>Occidentem</strong></span> <span class='ocrx_word' id='word_1_172' title='bbox 2445 867 2732 922; x_wconf 86' lang='lat' dir='ltr'><strong>commodo</strong></span> <span class='ocrx_word' id='word_1_173' title='bbox 2763 878 2946 938; x_wconf 87' lang='lat' dir='ltr'><strong>postea</strong></span> <span class='ocrx_word' id='word_1_174' title='bbox 2980 886 3099 928; x_wconf 85' lang='lat' dir='ltr'><strong>sese</strong></span> <span class='ocrx_word' id='word_1_175' title='bbox 3121 876 3409 934; x_wconf 81' lang='lat' dir='ltr'><strong>conferre?</strong></span> <span class='ocrx_word' id='word_1_176' title='bbox 3437 881 3546 937; x_wconf 92' lang='lat' dir='ltr'><strong>Res</strong></span> <span class='ocrx_word' id='word_1_177' title='bbox 3574 884 3675 938; x_wconf 85' lang='lat' dir='ltr'><strong>ita-</strong></span> 
     </span>
    </p>
   </div>
   <div class='ocr_carea' id='block_1_24' title="bbox 2072 960 3674 1032">
    <p class='ocr_par' dir='ltr' id='par_1_24' title="bbox 2072 960 3674 1032">
     <span class='ocr_line' id='line_1_24' title="bbox 2072 960 3674 1032; baseline 0.014 -23"><span class='ocrx_word' id='word_1_178' title='bbox 2072 970 2179 1025; x_wconf 84' lang='lat' dir='ltr'><strong>que</strong></span> <span class='ocrx_word' id='word_1_179' title='bbox 2207 972 2274 1010; x_wconf 92' lang='lat' dir='ltr'><strong>eo</strong></span> <span class='ocrx_word' id='word_1_180' title='bbox 2319 974 2532 1029; x_wconf 87' lang='lat' dir='ltr'><strong>semper</strong></span> <span class='ocrx_word' id='word_1_181' title='bbox 2561 960 2735 1028; x_wconf 92' lang='lat' dir='ltr'><strong>redit,</strong></span> <span class='ocrx_word' id='word_1_182' title='bbox 2786 972 2842 1016; x_wconf 90' lang='grc' dir='ltr'><strong>ιιι</strong></span> <span class='ocrx_word' id='word_1_183' title='bbox 2885 965 2985 1019; x_wconf 87' lang='lat' dir='ltr'><strong>hac</strong></span> <span class='ocrx_word' id='word_1_184' title='bbox 3029 967 3097 1020; x_wconf 89' lang='lat' dir='ltr'><strong>de</strong></span> <span class='ocrx_word' id='word_1_185' title='bbox 3129 982 3186 1023; x_wconf 90' lang='lat' dir='ltr'><strong>re</strong></span> <span class='ocrx_word' id='word_1_186' title='bbox 3218 970 3305 1025; x_wconf 91' lang='lat' dir='ltr'><strong>ille</strong></span> <span class='ocrx_word' id='word_1_187' title='bbox 3335 983 3515 1029; x_wconf 88' lang='lat' dir='ltr'><strong>certus</strong></span> <span class='ocrx_word' id='word_1_188' title='bbox 3554 991 3674 1032; x_wconf 85' lang='lat' dir='ltr'><strong>esse</strong></span> 
     </span>
    </p>
   </div>
   <div class='ocr_carea' id='block_1_25' title="bbox 2076 1054 3676 1127">
    <p class='ocr_par' dir='ltr' id='par_1_25' title="bbox 2076 1054 3676 1127">
     <span class='ocr_line' id='line_1_25' title="bbox 2076 1054 3676 1127; baseline 0.017 -27"><span class='ocrx_word' id='word_1_189' title='bbox 2076 1065 2179 1102; x_wconf 88' lang='lat' dir='ltr'><strong>non</strong></span> <span class='ocrx_word' id='word_1_190' title='bbox 2215 1063 2423 1119; x_wconf 85' lang='lat' dir='ltr'><strong>posset,</strong></span> <span class='ocrx_word' id='word_1_191' title='bbox 2465 1062 2753 1124; x_wconf 81' lang='lat' dir='ltr'><strong>antequam</strong></span> <span class='ocrx_word' id='word_1_192' title='bbox 2782 1054 3138 1115; x_wconf 82' lang='lat' dir='ltr'><strong>Orientalium</strong></span> <span class='ocrx_word' id='word_1_193' title='bbox 3180 1065 3494 1121; x_wconf 80' lang='lat' dir='ltr'><strong>eorumdetn</strong></span> <span class='ocrx_word' id='word_1_194' title='bbox 3529 1069 3676 1127; x_wconf 83' lang='lat' dir='ltr'><strong>litte-</strong></span> 
     </span>
    </p>
   </div>
   <div class='ocr_carea' id='block_1_26' title="bbox 2077 1144 3671 1219">
    <p class='ocr_par' dir='ltr' id='par_1_26' title="bbox 2077 1144 3671 1219">
     <span class='ocr_line' id='line_1_26' title="bbox 2077 1144 3671 1219; baseline 0.016 -24"><span class='ocrx_word' id='word_1_195' title='bbox 2077 1157 2150 1195; x_wconf 78' lang='lat' dir='ltr'><strong>r:e</strong></span> <span class='ocrx_word' id='word_1_196' title='bbox 2172 1182 2187 1207; x_wconf 94' lang='lat'><strong>,</strong></span> <span class='ocrx_word' id='word_1_197' title='bbox 2217 1144 2413 1212; x_wconf 86' lang='lat' dir='ltr'><strong>quibus</strong></span> <span class='ocrx_word' id='word_1_198' title='bbox 2444 1160 2565 1200; x_wconf 83' lang='lat' dir='ltr'><strong>sese</strong></span> <span class='ocrx_word' id='word_1_199' title='bbox 2598 1161 2993 1205; x_wconf 86' lang='lat' dir='ltr'><strong>excusaverant</strong></span> <span class='ocrx_word' id='word_1_200' title='bbox 3019 1195 3033 1219; x_wconf 91' lang='lat'><strong>,</strong></span> <span class='ocrx_word' id='word_1_201' title='bbox 3064 1153 3292 1211; x_wconf 88' lang='lat' dir='ltr'><strong>Romam</strong></span> <span class='ocrx_word' id='word_1_202' title='bbox 3324 1158 3503 1216; x_wconf 72' lang='lat' dir='ltr'><strong>allata:</strong></span> <span class='ocrx_word' id='word_1_203' title='bbox 3549 1162 3671 1219; x_wconf 65' lang='lat' dir='ltr'><strong>fuisc</strong></span> 
     </span>
    </p>
   </div>
   <div class='ocr_carea' id='block_1_27' title="bbox 2077 1240 3677 1320">
    <p class='ocr_par' dir='ltr' id='par_1_27' title="bbox 2077 1240 3677 1320">
     <span class='ocr_line' id='line_1_27' title="bbox 2077 1240 3677 1320; baseline 0.016 -33"><span class='ocrx_word' id='word_1_204' title='bbox 2077 1242 2200 1289; x_wconf 90' lang='lat' dir='ltr'><strong>sent</strong></span> <span class='ocrx_word' id='word_1_205' title='bbox 2223 1277 2235 1299; x_wconf 93' lang='lat'><strong>,</strong></span> <span class='ocrx_word' id='word_1_206' title='bbox 2261 1245 2421 1305; x_wconf 87' lang='lat' dir='ltr'><strong>atque</strong></span> <span class='ocrx_word' id='word_1_207' title='bbox 2443 1240 2630 1294; x_wconf 90' lang='lat' dir='ltr'><strong>eadem</strong></span> <span class='ocrx_word' id='word_1_208' title='bbox 2662 1241 2863 1297; x_wconf 86' lang='lat' dir='ltr'><strong>idcirco</strong></span> <span class='ocrx_word' id='word_1_209' title='bbox 2883 1243 3169 1302; x_wconf 79' lang='lat' dir='ltr'><strong>difficultas</strong></span> <span class='ocrx_word' id='word_1_210' title='bbox 3192 1263 3455 1320; x_wconf 83' lang='lat' dir='ltr'><strong>perpetuo</strong></span> <span class='ocrx_word' id='word_1_211' title='bbox 3475 1268 3677 1313; x_wconf 86' lang='lat' dir='ltr'><strong>manet.</strong></span> 
     </span>
    </p>
   </div>
   <div class='ocr_carea' id='block_1_28' title="bbox 2153 1326 3681 1405">
    <p class='ocr_par' dir='ltr' id='par_1_28' title="bbox 2153 1326 3681 1405">
     <span class='ocr_line' id='line_1_28' title="bbox 2153 1326 3681 1405; baseline 0.017 -26"><span class='ocrx_word' id='word_1_212' title='bbox 2153 1327 2373 1392; x_wconf 86' lang='lat' dir='ltr'><strong>Quinto.</strong></span> <span class='ocrx_word' id='word_1_213' title='bbox 2422 1331 2498 1383; x_wconf 80' lang='lat' dir='ltr'><strong>Ab</strong></span> <span class='ocrx_word' id='word_1_214' title='bbox 2520 1326 2718 1386; x_wconf 86' lang='lat' dir='ltr'><strong>Italicis</strong></span> <span class='ocrx_word' id='word_1_215' title='bbox 2745 1336 3011 1405; x_wconf 83' lang='lat' dir='ltr'><strong>episcopis</strong></span> <span class='ocrx_word' id='word_1_216' title='bbox 3038 1338 3301 1397; x_wconf 79' lang='lat' dir='ltr'><strong>Maximus</strong></span> <span class='ocrx_word' id='word_1_217' title='bbox 3342 1344 3413 1400; x_wconf 79' lang='lat' dir='ltr'><strong>ad</strong></span> <span class='ocrx_word' id='word_1_218' title='bbox 3437 1362 3681 1404; x_wconf 89' lang='lat' dir='ltr'><strong>commu-</strong></span> 
     </span>
    </p>
   </div>
   <div class='ocr_carea' id='block_1_29' title="bbox 2082 1418 3683 1499">
    <p class='ocr_par' dir='ltr' id='par_1_29' title="bbox 2082 1418 3683 1499">
     <span class='ocr_line' id='line_1_29' title="bbox 2082 1418 3683 1499; baseline 0.014 -26"><span class='ocrx_word' id='word_1_219' title='bbox 2082 1418 2299 1474; x_wconf 87' lang='lat' dir='ltr'><strong>nionem</strong></span> <span class='ocrx_word' id='word_1_220' title='bbox 2345 1434 2595 1491; x_wconf 86' lang='lat' dir='ltr'><strong>receptus</strong></span> <span class='ocrx_word' id='word_1_221' title='bbox 2640 1422 2862 1491; x_wconf 90' lang='lat' dir='ltr'><strong>dicitur,</strong></span> <span class='ocrx_word' id='word_1_222' title='bbox 2894 1432 3138 1499; x_wconf 86' lang='lat' dir='ltr'><strong>quoniam</strong></span> <span class='ocrx_word' id='word_1_223' title='bbox 3170 1450 3285 1488; x_wconf 90' lang='lat' dir='ltr'><strong>eum</strong></span> <span class='ocrx_word' id='word_1_224' title='bbox 3330 1454 3362 1490; x_wconf 92' lang='lat' dir='ltr'><strong>a</strong></span> <span class='ocrx_word' id='word_1_225' title='bbox 3412 1440 3683 1496; x_wconf 79' lang='lat' dir='ltr'><strong>catholicis</strong></span> 
     </span>
    </p>
   </div>
   <div class='ocr_carea' id='block_1_30' title="bbox 2085 1512 3688 1593">
    <p class='ocr_par' dir='ltr' id='par_1_30' title="bbox 2085 1512 3688 1593">
     <span class='ocr_line' id='line_1_30' title="bbox 2085 1512 3688 1593; baseline 0.016 -29"><span class='ocrx_word' id='word_1_226' title='bbox 2085 1512 2310 1566; x_wconf 75' lang='lat' dir='ltr'><strong>constitit</strong></span> <span class='ocrx_word' id='word_1_227' title='bbox 2351 1513 2601 1584; x_wconf 81' lang='lat' dir='ltr'><strong>episwpis</strong></span> <span class='ocrx_word' id='word_1_228' title='bbox 2650 1518 2965 1575; x_wconf 85' lang='lat' dir='ltr'><strong>ordinatum.</strong></span> <span class='ocrx_word' id='word_1_229' title='bbox 3006 1523 3211 1593; x_wconf 84' lang='lat' dir='ltr'><strong>Duplex</strong></span> <span class='ocrx_word' id='word_1_230' title='bbox 3263 1538 3443 1585; x_wconf 90' lang='lat' dir='ltr'><strong>autem</strong></span> <span class='ocrx_word' id='word_1_231' title='bbox 3490 1534 3542 1587; x_wconf 90' lang='lat' dir='ltr'><strong>in</strong></span> <span class='ocrx_word' id='word_1_232' title='bbox 3582 1533 3688 1589; x_wconf 85' lang='lat' dir='ltr'><strong>hoc</strong></span> 
     </span>
    </p>
   </div>
   <div class='ocr_carea' id='block_1_31' title="bbox 2088 1609 3687 1700">
    <p class='ocr_par' dir='ltr' id='par_1_31' title="bbox 2088 1609 3687 1700">
     <span class='ocr_line' id='line_1_31' title="bbox 2088 1609 3687 1700; baseline 0.019 -46"><span class='ocrx_word' id='word_1_233' title='bbox 2088 1614 2366 1700; x_wconf 76' lang='lat' dir='ltr'><strong>peccatum</strong></span> <span class='ocrx_word' id='word_1_234' title='bbox 2413 1609 2576 1675; x_wconf 89' lang='lat' dir='ltr'><strong>inest,</strong></span> <span class='ocrx_word' id='word_1_235' title='bbox 2609 1611 2782 1681; x_wconf 88' lang='lat' dir='ltr'><strong>primo</strong></span> <span class='ocrx_word' id='word_1_236' title='bbox 2814 1623 3002 1670; x_wconf 89' lang='lat' dir='ltr'><strong>contra</strong></span> <span class='ocrx_word' id='word_1_237' title='bbox 3034 1617 3309 1675; x_wconf 67' lang='lat' dir='ltr'><strong>Nicaznutn</strong></span> <span class='ocrx_word' id='word_1_238' title='bbox 3343 1640 3466 1680; x_wconf 81' lang='lat' dir='ltr'><strong>can.</strong></span> <span class='ocrx_word' id='word_1_239' title='bbox 3496 1629 3551 1693; x_wconf 80' lang='grc'>5,</span> <span class='ocrx_word' id='word_1_240' title='bbox 3578 1644 3687 1700; x_wconf 89' lang='lat' dir='ltr'><strong>quo</strong></span> 
     </span>
    </p>
   </div>
   <div class='ocr_carea' id='block_1_32' title="bbox 2088 1698 3690 1792">
    <p class='ocr_par' dir='ltr' id='par_1_32' title="bbox 2088 1698 3690 1792">
     <span class='ocr_line' id='line_1_32' title="bbox 2088 1698 3690 1792; baseline 0.015 -38"><span class='ocrx_word' id='word_1_241' title='bbox 2088 1698 2339 1768; x_wconf 86' lang='lat' dir='ltr'><strong>edicitur,</strong></span> <span class='ocrx_word' id='word_1_242' title='bbox 2392 1720 2457 1757; x_wconf 92' lang='lat' dir='ltr'><strong>ne</strong></span> <span class='ocrx_word' id='word_1_243' title='bbox 2500 1706 2622 1775; x_wconf 90' lang='lat' dir='ltr'><strong>quis</strong></span> <span class='ocrx_word' id='word_1_244' title='bbox 2663 1706 2891 1777; x_wconf 86' lang='lat' dir='ltr'><strong>ejectus,</strong></span> <span class='ocrx_word' id='word_1_245' title='bbox 2934 1714 3001 1765; x_wconf 89' lang='lat' dir='ltr'><strong>ab</strong></span> <span class='ocrx_word' id='word_1_246' title='bbox 3039 1711 3159 1769; x_wconf 84' lang='lat' dir='ltr'><strong>aliis</strong></span> <span class='ocrx_word' id='word_1_247' title='bbox 3212 1717 3539 1786; x_wconf 83' lang='lat' dir='ltr'><strong>recipiatur;</strong></span> <span class='ocrx_word' id='word_1_248' title='bbox 3579 1698 3690 1792; x_wconf 83' lang='lat' dir='ltr'><strong>quo</strong></span> 
     </span>
    </p>
   </div>
   <div class='ocr_carea' id='block_1_33' title="bbox 366 1794 3690 1873">
    <p class='ocr_par' dir='ltr' id='par_1_33' title="bbox 366 1794 3690 1873">
     <span class='ocr_line' id='line_1_33' title="bbox 366 1794 3690 1873; baseline 0.003 -21"><span class='ocrx_word' id='word_1_249' title='bbox 366 1800 525 1868; x_wconf 68' lang='lat' dir='ltr'><strong>juxta</strong></span> <span class='ocrx_word' id='word_1_250' title='bbox 568 1800 765 1854; x_wconf 74' lang='lat' dir='ltr'><strong>litteras</strong></span> <span class='ocrx_word' id='word_1_251' title='bbox 810 1798 1152 1871; x_wconf 76' lang='lat' dir='ltr'><strong>Aquileiensis</strong></span> <span class='ocrx_word' id='word_1_252' title='bbox 1198 1798 1405 1853; x_wconf 81' lang='lat' dir='ltr'><strong>concilii</strong></span> <span class='ocrx_word' id='word_1_253' title='bbox 1454 1795 1982 1868; x_wconf 86' lang='lat' dir='ltr'><strong>Constantinopolim</strong></span> <span class='ocrx_word' id='word_1_254' title='bbox 2013 1797 2061 1858; x_wconf 87' lang='lat' dir='ltr'><strong>B</strong></span> <span class='ocrx_word' id='word_1_255' title='bbox 2093 1794 2366 1865; x_wconf 76' lang='lat' dir='ltr'><strong>przesidio,</strong></span> <span class='ocrx_word' id='word_1_256' title='bbox 2405 1813 2732 1869; x_wconf 90' lang='lat' dir='ltr'><strong>quamquam</strong></span> <span class='ocrx_word' id='word_1_257' title='bbox 2776 1802 3191 1871; x_wconf 87' lang='lat' dir='ltr'><strong>absurdissime,</strong></span> <span class='ocrx_word' id='word_1_258' title='bbox 3234 1814 3525 1869; x_wconf 76' lang='lat' dir='ltr'><strong>utebantur</strong></span> <span class='ocrx_word' id='word_1_259' title='bbox 3572 1816 3690 1873; x_wconf 64' lang='lat' dir='ltr'><strong>Arri</strong></span> 
     </span>
    </p>
   </div>
   <div class='ocr_carea' id='block_1_34' title="bbox 378 1891 1991 1961">
    <p class='ocr_par' dir='ltr' id='par_1_34' title="bbox 378 1891 1991 1961">
     <span class='ocr_line' id='line_1_34' title="bbox 378 1891 1991 1961; baseline -0.001 -17"><span class='ocrx_word' id='word_1_260' title='bbox 378 1894 693 1961; x_wconf 79' lang='lat' dir='ltr'><strong>venissent,</strong></span> <span class='ocrx_word' id='word_1_261' title='bbox 725 1894 986 1948; x_wconf 87' lang='lat' dir='ltr'><strong>certiores</strong></span> <span class='ocrx_word' id='word_1_262' title='bbox 1018 1892 1144 1948; x_wconf 75' lang='lat' dir='ltr'><strong>facti</strong></span> <span class='ocrx_word' id='word_1_263' title='bbox 1176 1904 1283 1947; x_wconf 92' lang='lat' dir='ltr'><strong>tum</strong></span> <span class='ocrx_word' id='word_1_264' title='bbox 1315 1892 1445 1946; x_wconf 88' lang='lat' dir='ltr'><strong>illud</strong></span> <span class='ocrx_word' id='word_1_265' title='bbox 1477 1906 1506 1945; x_wconf 94' lang='lat' dir='ltr'><strong>a</strong></span> <span class='ocrx_word' id='word_1_266' title='bbox 1529 1891 1762 1945; x_wconf 75' lang='lat' dir='ltr'><strong>Damaso</strong></span> <span class='ocrx_word' id='word_1_267' title='bbox 1790 1904 1991 1945; x_wconf 90' lang='lat' dir='ltr'><strong>convo-</strong></span> 
     </span>
    </p>
   </div>
   <div class='ocr_carea' id='block_1_35' title="bbox 378 1981 1994 2055">
    <p class='ocr_par' dir='ltr' id='par_1_35' title="bbox 378 1981 1994 2055">
     <span class='ocr_line' id='line_1_35' title="bbox 378 1981 1994 2055; baseline -0.004 -12"><span class='ocrx_word' id='word_1_268' title='bbox 378 1998 559 2043; x_wconf 81' lang='lat' dir='ltr'><strong>catnm</strong></span> <span class='ocrx_word' id='word_1_269' title='bbox 588 2030 600 2049; x_wconf 89' lang='lat'><strong><em>.</em></strong></span> <span class='ocrx_word' id='word_1_270' title='bbox 638 1995 751 2042; x_wconf 89' lang='lat' dir='ltr'><strong>tum</strong></span> <span class='ocrx_word' id='word_1_271' title='bbox 782 2002 842 2043; x_wconf 92' lang='lat' dir='ltr'><strong>se</strong></span> <span class='ocrx_word' id='word_1_272' title='bbox 868 1997 1159 2055; x_wconf 85' lang='lat' dir='ltr'><strong>evocatos,</strong></span> <span class='ocrx_word' id='word_1_273' title='bbox 1193 1988 1270 2041; x_wconf 90' lang='lat' dir='ltr'><strong>rei</strong></span> <span class='ocrx_word' id='word_1_274' title='bbox 1304 1985 1542 2040; x_wconf 88' lang='lat' dir='ltr'><strong>novitate</strong></span> <span class='ocrx_word' id='word_1_275' title='bbox 1591 1984 1869 2054; x_wconf 91' lang='lat' dir='ltr'><strong>perculsos</strong></span> <span class='ocrx_word' id='word_1_276' title='bbox 1917 1981 1994 2037; x_wconf 86' lang='lat' dir='ltr'><strong>la-</strong></span> 
     </span>
    </p>
   </div>
   <div class='ocr_carea' id='block_1_36' title="bbox 382 2076 1993 2153">
    <p class='ocr_par' dir='ltr' id='par_1_36' title="bbox 382 2076 1993 2153">
     <span class='ocr_line' id='line_1_36' title="bbox 382 2076 1993 2153; baseline -0.003 -17"><span class='ocrx_word' id='word_1_277' title='bbox 382 2093 597 2148; x_wconf 86' lang='lat' dir='ltr'><strong>tentur,</strong></span> <span class='ocrx_word' id='word_1_278' title='bbox 622 2097 686 2138; x_wconf 91' lang='lat' dir='ltr'><strong>ac</strong></span> <span class='ocrx_word' id='word_1_279' title='bbox 713 2083 919 2153; x_wconf 79' lang='lat' dir='ltr'><strong>legatos</strong></span> <span class='ocrx_word' id='word_1_280' title='bbox 942 2082 1163 2136; x_wconf 88' lang='lat' dir='ltr'><strong>mittunt</strong></span> <span class='ocrx_word' id='word_1_281' title='bbox 1184 2094 1305 2135; x_wconf 90' lang='lat' dir='ltr'><strong>cum</strong></span> <span class='ocrx_word' id='word_1_282' title='bbox 1331 2079 1525 2133; x_wconf 84' lang='lat' dir='ltr'><strong>litteris</strong></span> <span class='ocrx_word' id='word_1_283' title='bbox 1542 2120 1557 2143; x_wconf 90' lang='lat'><strong>,</strong></span> <span class='ocrx_word' id='word_1_284' title='bbox 1585 2076 1780 2148; x_wconf 90' lang='lat' dir='ltr'><strong>quibus</strong></span> <span class='ocrx_word' id='word_1_285' title='bbox 1800 2090 1993 2131; x_wconf 89' lang='lat' dir='ltr'><strong>causas</strong></span> 
     </span>
    </p>
   </div>
   <div class='ocr_carea' id='block_1_37' title="bbox 380 2168 1993 2247">
    <p class='ocr_par' dir='ltr' id='par_1_37' title="bbox 380 2168 1993 2247">
     <span class='ocr_line' id='line_1_37' title="bbox 380 2168 1993 2247; baseline -0.004 -16"><span class='ocrx_word' id='word_1_286' title='bbox 380 2184 688 2246; x_wconf 74' lang='lat' dir='ltr'><strong>eXpomtnt,</strong></span> <span class='ocrx_word' id='word_1_287' title='bbox 737 2177 1025 2247; x_wconf 82' lang='lat' dir='ltr'><strong>quominus</strong></span> <span class='ocrx_word' id='word_1_288' title='bbox 1056 2176 1247 2230; x_wconf 85' lang='lat' dir='ltr'><strong>adesse</strong></span> <span class='ocrx_word' id='word_1_289' title='bbox 1277 2188 1465 2227; x_wconf 87' lang='lat' dir='ltr'><strong>omnes</strong></span> <span class='ocrx_word' id='word_1_290' title='bbox 1498 2181 1721 2242; x_wconf 88' lang='lat' dir='ltr'><strong>possent</strong></span> <span class='ocrx_word' id='word_1_291' title='bbox 1754 2169 1853 2243; x_wconf 91' lang='lat' dir='ltr'><strong>(a).</strong></span> <span class='ocrx_word' id='word_1_292' title='bbox 1886 2168 1993 2225; x_wconf 86' lang='lat' dir='ltr'><strong>llas</strong></span> 
     </span>
    </p>
   </div>
   <div class='ocr_carea' id='block_1_38' title="bbox 382 2263 1996 2341">
    <p class='ocr_par' dir='ltr' id='par_1_38' title="bbox 382 2263 1996 2341">
     <span class='ocr_line' id='line_1_38' title="bbox 382 2263 1996 2341; baseline -0.006 -17"><span class='ocrx_word' id='word_1_293' title='bbox 382 2286 512 2326; x_wconf 70' lang='lat' dir='ltr'><strong>vero</strong></span> <span class='ocrx_word' id='word_1_294' title='bbox 542 2273 748 2326; x_wconf 87' lang='lat' dir='ltr'><strong>litteras</strong></span> <span class='ocrx_word' id='word_1_295' title='bbox 775 2270 1005 2341; x_wconf 86' lang='lat' dir='ltr'><strong>scriptas</strong></span> <span class='ocrx_word' id='word_1_296' title='bbox 1033 2268 1199 2324; x_wconf 78' lang='lat' dir='ltr'><strong>fuisse</strong></span> <span class='ocrx_word' id='word_1_297' title='bbox 1224 2276 1435 2323; x_wconf 91' lang='lat' dir='ltr'><strong>constat</strong></span> <span class='ocrx_word' id='word_1_298' title='bbox 1458 2275 1571 2335; x_wconf 88' lang='lat' dir='ltr'><strong>post</strong></span> <span class='ocrx_word' id='word_1_299' title='bbox 1596 2263 1817 2319; x_wconf 87' lang='lat' dir='ltr'><strong>mediam</strong></span> <span class='ocrx_word' id='word_1_300' title='bbox 1844 2271 1996 2317; x_wconf 63' lang='lat' dir='ltr'><strong>aesta-</strong></span> 
     </span>
    </p>
   </div>
   <div class='ocr_carea' id='block_1_39' title="bbox 384 2357 1996 2433">
    <p class='ocr_par' dir='ltr' id='par_1_39' title="bbox 384 2357 1996 2433">
     <span class='ocr_line' id='line_1_39' title="bbox 384 2357 1996 2433; baseline -0.005 -15"><span class='ocrx_word' id='word_1_301' title='bbox 384 2375 513 2423; x_wconf 74' lang='lat' dir='ltr'><strong>tem,</strong></span> <span class='ocrx_word' id='word_1_302' title='bbox 538 2371 700 2431; x_wconf 85' lang='lat' dir='ltr'><strong>atque</strong></span> <span class='ocrx_word' id='word_1_303' title='bbox 724 2365 793 2417; x_wconf 89' lang='lat' dir='ltr'><strong>ita</strong></span> <span class='ocrx_word' id='word_1_304' title='bbox 818 2362 1085 2433; x_wconf 84' lang='lat' dir='ltr'><strong>.luliojam</strong></span> <span class='ocrx_word' id='word_1_305' title='bbox 1111 2361 1372 2416; x_wconf 87' lang='lat' dir='ltr'><strong>inclinato</strong></span> <span class='ocrx_word' id='word_1_306' title='bbox 1392 2402 1405 2425; x_wconf 95' lang='lat'><strong>,</strong></span> <span class='ocrx_word' id='word_1_307' title='bbox 1437 2357 1763 2429; x_wconf 89' lang='lat' dir='ltr'><strong>autelapso,</strong></span> <span class='ocrx_word' id='word_1_308' title='bbox 1795 2370 1996 2427; x_wconf 81' lang='lat' dir='ltr'><strong>easque</strong></span> 
     </span>
    </p>
   </div>
   <div class='ocr_carea' id='block_1_40' title="bbox 382 2448 1993 2528">
    <p class='ocr_par' dir='ltr' id='par_1_40' title="bbox 382 2448 1993 2528">
     <span class='ocr_line' id='line_1_40' title="bbox 382 2448 1993 2528; baseline -0.006 -17"><span class='ocrx_word' id='word_1_309' title='bbox 382 2459 454 2513; x_wconf 91' lang='lat' dir='ltr'><strong>ab</strong></span> <span class='ocrx_word' id='word_1_310' title='bbox 492 2457 764 2528; x_wconf 65' lang='lat' dir='ltr'><strong>epi~cttpis</strong></span> <span class='ocrx_word' id='word_1_311' title='bbox 810 2456 950 2520; x_wconf 85' lang='lat' dir='ltr'><strong>illis,</strong></span> <span class='ocrx_word' id='word_1_312' title='bbox 997 2468 1134 2526; x_wconf 88' lang='lat' dir='ltr'><strong>quos</strong></span> <span class='ocrx_word' id='word_1_313' title='bbox 1181 2454 1388 2523; x_wconf 75' lang='lat' dir='ltr'><strong>legatos</strong></span> <span class='ocrx_word' id='word_1_314' title='bbox 1434 2452 1735 2516; x_wconf 81' lang='lat' dir='ltr'><strong>miserant,</strong></span> <span class='ocrx_word' id='word_1_315' title='bbox 1782 2448 1993 2503; x_wconf 82' lang='lat' dir='ltr'><strong>allatas.</strong></span> 
     </span>
    </p>
   </div>
   <div class='ocr_carea' id='block_1_41' title="bbox 382 2544 1997 2619">
    <p class='ocr_par' dir='ltr' id='par_1_41' title="bbox 382 2544 1997 2619">
     <span class='ocr_line' id='line_1_41' title="bbox 382 2544 1997 2619; baseline -0.007 -14"><span class='ocrx_word' id='word_1_316' title='bbox 382 2550 540 2605; x_wconf 77' lang='lat' dir='ltr'><strong>Nunc</strong></span> <span class='ocrx_word' id='word_1_317' title='bbox 567 2564 751 2619; x_wconf 63' lang='lat' dir='ltr'><strong>quaero</strong></span> <span class='ocrx_word' id='word_1_318' title='bbox 775 2550 871 2602; x_wconf 87' lang='lat' dir='ltr'><strong>abs</strong></span> <span class='ocrx_word' id='word_1_319' title='bbox 904 2557 954 2602; x_wconf 90' lang='lat' dir='ltr'><strong>te</strong></span> <span class='ocrx_word' id='word_1_320' title='bbox 976 2590 989 2613; x_wconf 97' lang='lat'><strong>,</strong></span> <span class='ocrx_word' id='word_1_321' title='bbox 1016 2560 1250 2617; x_wconf 88' lang='lat' dir='ltr'><strong>quonam</strong></span> <span class='ocrx_word' id='word_1_322' title='bbox 1282 2544 1409 2598; x_wconf 89' lang='lat' dir='ltr'><strong>anni</strong></span> <span class='ocrx_word' id='word_1_323' title='bbox 1442 2544 1583 2597; x_wconf 91' lang='lat' dir='ltr'><strong>illius</strong></span> <span class='ocrx_word' id='word_1_324' title='bbox 1624 2555 1809 2595; x_wconf 89' lang='lat' dir='ltr'><strong>mense</strong></span> <span class='ocrx_word' id='word_1_325' title='bbox 1844 2548 1997 2610; x_wconf 83' lang='lat' dir='ltr'><strong>putas</strong></span> 
     </span>
    </p>
   </div>
   <div class='ocr_carea' id='block_1_42' title="bbox 384 2632 1998 2714">
    <p class='ocr_par' dir='ltr' id='par_1_42' title="bbox 384 2632 1998 2714">
     <span class='ocr_line' id='line_1_42' title="bbox 384 2632 1998 2714; baseline -0.007 -15"><span class='ocrx_word' id='word_1_326' title='bbox 384 2645 511 2700; x_wconf 85' lang='lat' dir='ltr'><strong>illos</strong></span> <span class='ocrx_word' id='word_1_327' title='bbox 540 2644 861 2714; x_wconf 83' lang='lat' dir='ltr'><strong>pervenisse</strong></span> <span class='ocrx_word' id='word_1_328' title='bbox 885 2642 1108 2697; x_wconf 80' lang='lat' dir='ltr'><strong>Romam</strong></span> <span class='ocrx_word' id='word_1_329' title='bbox 1133 2682 1146 2704; x_wconf 95' lang='lat'><strong>,</strong></span> <span class='ocrx_word' id='word_1_330' title='bbox 1181 2652 1235 2694; x_wconf 91' lang='lat' dir='ltr'><strong>ut</strong></span> <span class='ocrx_word' id='word_1_331' title='bbox 1266 2639 1589 2694; x_wconf 88' lang='lat' dir='ltr'><strong>Ambrosius</strong></span> <span class='ocrx_word' id='word_1_332' title='bbox 1610 2636 1901 2702; x_wconf 64' lang='lat' dir='ltr'><strong>ceterique</strong></span> <span class='ocrx_word' id='word_1_333' title='bbox 1922 2632 1998 2688; x_wconf 92' lang='lat' dir='ltr'><strong>illi</strong></span> 
     </span>
    </p>
   </div>
   <div class='ocr_carea' id='block_1_43' title="bbox 387 2727 1999 2806">
    <p class='ocr_par' dir='ltr' id='par_1_43' title="bbox 387 2727 1999 2806">
     <span class='ocr_line' id='line_1_43' title="bbox 387 2727 1999 2806; baseline -0.007 -14"><span class='ocrx_word' id='word_1_334' title='bbox 387 2736 556 2793; x_wconf 79' lang='lat' dir='ltr'><strong>Italici</strong></span> <span class='ocrx_word' id='word_1_335' title='bbox 596 2736 836 2806; x_wconf 84' lang='lat' dir='ltr'><strong>episcopi</strong></span> <span class='ocrx_word' id='word_1_336' title='bbox 868 2744 1018 2791; x_wconf 89' lang='lat' dir='ltr'><strong>certo</strong></span> <span class='ocrx_word' id='word_1_337' title='bbox 1063 2734 1204 2789; x_wconf 89' lang='lat' dir='ltr'><strong>scire</strong></span> <span class='ocrx_word' id='word_1_338' title='bbox 1251 2740 1509 2802; x_wconf 89' lang='lat' dir='ltr'><strong>possent,</strong></span> <span class='ocrx_word' id='word_1_339' title='bbox 1544 2732 1848 2783; x_wconf 84' lang='lat' dir='ltr'><strong>Romanum</strong></span> <span class='ocrx_word' id='word_1_340' title='bbox 1896 2727 1999 2781; x_wconf 85' lang='lat' dir='ltr'><strong>hoc</strong></span> 
     </span>
    </p>
   </div>
   <div class='ocr_carea' id='block_1_44' title="bbox 387 2819 1996 2886">
    <p class='ocr_par' dir='ltr' id='par_1_44' title="bbox 387 2819 1996 2886">
     <span class='ocr_line' id='line_1_44' title="bbox 387 2819 1996 2886; baseline -0.008 0"><span class='ocrx_word' id='word_1_341' title='bbox 387 2830 679 2886; x_wconf 62' lang='lat' dir='ltr'><strong>ancilium</strong></span> <span class='ocrx_word' id='word_1_342' title='bbox 706 2830 773 2883; x_wconf 82' lang='lat' dir='ltr'><strong>ab</strong></span> <span class='ocrx_word' id='word_1_343' title='bbox 795 2826 1165 2883; x_wconf 84' lang='lat' dir='ltr'><strong>Orientalibus</strong></span> <span class='ocrx_word' id='word_1_344' title='bbox 1196 2823 1562 2880; x_wconf 89' lang='lat' dir='ltr'><strong>declinatum?</strong></span> <span class='ocrx_word' id='word_1_345' title='bbox 1593 2821 1721 2876; x_wconf 70' lang='lat' dir='ltr'><strong>Milli</strong></span> <span class='ocrx_word' id='word_1_346' title='bbox 1758 2819 1996 2885; x_wconf 88' lang='lat' dir='ltr'><strong>videtur,</strong></span> 
     </span>
    </p>
   </div>
   <div class='ocr_carea' id='block_1_45' title="bbox 389 2914 1998 2981">
    <p class='ocr_par' dir='ltr' id='par_1_45' title="bbox 389 2914 1998 2981">
     <span class='ocr_line' id='line_1_45' title="bbox 389 2914 1998 2981; baseline -0.01 0"><span class='ocrx_word' id='word_1_347' title='bbox 389 2936 518 2981; x_wconf 82' lang='lat' dir='ltr'><strong>ante</strong></span> <span class='ocrx_word' id='word_1_348' title='bbox 556 2925 833 2979; x_wconf 90' lang='lat' dir='ltr'><strong>octobrem</strong></span> <span class='ocrx_word' id='word_1_349' title='bbox 871 2936 1112 2977; x_wconf 88' lang='lat' dir='ltr'><strong>mensem</strong></span> <span class='ocrx_word' id='word_1_350' title='bbox 1142 2934 1327 2975; x_wconf 90' lang='lat' dir='ltr'><strong>eorum</strong></span> <span class='ocrx_word' id='word_1_351' title='bbox 1361 2918 1426 2972; x_wconf 89' lang='lat' dir='ltr'><strong>ad</strong></span> <span class='ocrx_word' id='word_1_352' title='bbox 1462 2916 1663 2973; x_wconf 87' lang='lat' dir='ltr'><strong>Urbem</strong></span> <span class='ocrx_word' id='word_1_353' title='bbox 1709 2914 1998 2969; x_wconf 84' lang='lat' dir='ltr'><strong>adventum</strong></span> 
     </span>
    </p>
   </div>
   <div class='ocr_carea' id='block_1_46' title="bbox 389 3006 2002 3085">
    <p class='ocr_par' dir='ltr' id='par_1_46' title="bbox 389 3006 2002 3085">
     <span class='ocr_line' id='line_1_46' title="bbox 389 3006 2002 3085; baseline -0.007 -14"><span class='ocrx_word' id='word_1_354' title='bbox 389 3018 480 3071; x_wconf 75' lang='lat' dir='ltr'><strong>vix</strong></span> <span class='ocrx_word' id='word_1_355' title='bbox 513 3017 676 3071; x_wconf 71' lang='lat' dir='ltr'><strong>statui</strong></span> <span class='ocrx_word' id='word_1_356' title='bbox 727 3029 898 3085; x_wconf 82' lang='lat' dir='ltr'><strong>posse.</strong></span> <span class='ocrx_word' id='word_1_357' title='bbox 938 3016 1041 3068; x_wconf 80' lang='lat' dir='ltr'><strong>Aut</strong></span> <span class='ocrx_word' id='word_1_358' title='bbox 1088 3013 1266 3082; x_wconf 85' lang='lat' dir='ltr'><strong>itaque</strong></span> <span class='ocrx_word' id='word_1_359' title='bbox 1307 3008 1662 3073; x_wconf 85' lang='lat' dir='ltr'><strong>Ambrosius,</strong></span> <span class='ocrx_word' id='word_1_360' title='bbox 1710 3006 2002 3074; x_wconf 70' lang='lat' dir='ltr'><strong>eteterique</strong></span> 
     </span>
    </p>
   </div>
   <div class='ocr_carea' id='block_1_47' title="bbox 393 3104 1998 3180">
    <p class='ocr_par' dir='ltr' id='par_1_47' title="bbox 393 3104 1998 3180">
     <span class='ocr_line' id='line_1_47' title="bbox 393 3104 1998 3180; baseline -0.01 -14"><span class='ocrx_word' id='word_1_361' title='bbox 393 3110 563 3166; x_wconf 75' lang='lat' dir='ltr'><strong>Italici</strong></span> <span class='ocrx_word' id='word_1_362' title='bbox 594 3109 832 3180; x_wconf 79' lang='lat' dir='ltr'><strong>episcopi</strong></span> <span class='ocrx_word' id='word_1_363' title='bbox 856 3108 966 3177; x_wconf 86' lang='lat' dir='ltr'><strong>jam</strong></span> <span class='ocrx_word' id='word_1_364' title='bbox 999 3104 1227 3159; x_wconf 78' lang='lat' dir='ltr'><strong>Romam</strong></span> <span class='ocrx_word' id='word_1_365' title='bbox 1263 3110 1556 3165; x_wconf 88' lang='lat' dir='ltr'><strong>venerant,</strong></span> <span class='ocrx_word' id='word_1_366' title='bbox 1607 3112 1661 3154; x_wconf 92' lang='lat' dir='ltr'><strong>ut</strong></span> <span class='ocrx_word' id='word_1_367' title='bbox 1702 3116 1803 3169; x_wconf 81' lang='lat' dir='ltr'><strong>ego</strong></span> <span class='ocrx_word' id='word_1_368' title='bbox 1837 3105 1963 3168; x_wconf 88' lang='lat' dir='ltr'><strong>puto</strong></span> <span class='ocrx_word' id='word_1_369' title='bbox 1985 3139 1998 3162; x_wconf 96' lang='lat'><strong>,</strong></span> 
     </span>
    </p>
   </div>
   <div class='ocr_carea' id='block_1_48' title="bbox 392 3190 2002 3272">
    <p class='ocr_par' dir='ltr' id='par_1_48' title="bbox 392 3190 2002 3272">
     <span class='ocr_line' id='line_1_48' title="bbox 392 3190 2002 3272; baseline -0.01 -13"><span class='ocrx_word' id='word_1_370' title='bbox 392 3214 489 3259; x_wconf 68' lang='lat' dir='ltr'><strong>aut</strong></span> <span class='ocrx_word' id='word_1_371' title='bbox 516 3218 621 3258; x_wconf 81' lang='lat' dir='ltr'><strong>non</strong></span> <span class='ocrx_word' id='word_1_372' title='bbox 652 3220 664 3256; x_wconf 86' lang='lat'><strong>:</strong></span> <span class='ocrx_word' id='word_1_373' title='bbox 690 3204 732 3257; x_wconf 94' lang='lat' dir='ltr'><strong>si</strong></span> <span class='ocrx_word' id='word_1_374' title='bbox 760 3201 991 3272; x_wconf 81' lang='lat' dir='ltr'><strong>primum</strong></span> <span class='ocrx_word' id='word_1_375' title='bbox 1015 3197 1279 3261; x_wconf 89' lang='lat' dir='ltr'><strong>dicimus,</strong></span> <span class='ocrx_word' id='word_1_376' title='bbox 1308 3211 1374 3249; x_wconf 89' lang='lat' dir='ltr'><strong>an</strong></span> <span class='ocrx_word' id='word_1_377' title='bbox 1409 3192 1665 3248; x_wconf 86' lang='lat' dir='ltr'><strong>Damasus</strong></span> <span class='ocrx_word' id='word_1_378' title='bbox 1686 3234 1700 3259; x_wconf 94' lang='lat'><strong>,</strong></span> <span class='ocrx_word' id='word_1_379' title='bbox 1734 3206 1801 3245; x_wconf 91' lang='lat' dir='ltr'><strong>an</strong></span> <span class='ocrx_word' id='word_1_380' title='bbox 1823 3190 2002 3245; x_wconf 84' lang='lat' dir='ltr'><strong>Aclto-</strong></span> 
     </span>
    </p>
   </div>
   <div class='ocr_carea' id='block_1_49' title="bbox 394 3282 2002 3363">
    <p class='ocr_par' dir='ltr' id='par_1_49' title="bbox 394 3282 2002 3363">
     <span class='ocr_line' id='line_1_49' title="bbox 394 3282 2002 3363; baseline -0.011 -10"><span class='ocrx_word' id='word_1_381' title='bbox 394 3299 504 3353; x_wconf 85' lang='lat' dir='ltr'><strong>lius</strong></span> <span class='ocrx_word' id='word_1_382' title='bbox 525 3341 541 3363; x_wconf 93' lang='lat'><strong>,</strong></span> <span class='ocrx_word' id='word_1_383' title='bbox 561 3312 629 3352; x_wconf 81' lang='lat' dir='ltr'><strong>an</strong></span> <span class='ocrx_word' id='word_1_384' title='bbox 652 3296 956 3351; x_wconf 84' lang='lat' dir='ltr'><strong>Orientales</strong></span> <span class='ocrx_word' id='word_1_385' title='bbox 986 3294 1144 3362; x_wconf 85' lang='lat' dir='ltr'><strong>legati</strong></span> <span class='ocrx_word' id='word_1_386' title='bbox 1170 3333 1182 3355; x_wconf 98' lang='lat'><strong>,</strong></span> <span class='ocrx_word' id='word_1_387' title='bbox 1206 3289 1551 3344; x_wconf 72' lang='lat' dir='ltr'><strong>Ambmsium</strong></span> <span class='ocrx_word' id='word_1_388' title='bbox 1581 3287 1755 3355; x_wconf 87' lang='lat' dir='ltr'><strong>ipsum</strong></span> <span class='ocrx_word' id='word_1_389' title='bbox 1788 3282 2002 3337; x_wconf 81' lang='lat' dir='ltr'><strong>Maximi</strong></span> 
     </span>
    </p>
   </div>
   <div class='ocr_carea' id='block_1_50' title="bbox 397 3374 2002 3456">
    <p class='ocr_par' dir='ltr' id='par_1_50' title="bbox 397 3374 2002 3456">
     <span class='ocr_line' id='line_1_50' title="bbox 397 3374 2002 3456; baseline -0.012 -10"><span class='ocrx_word' id='word_1_390' title='bbox 397 3391 621 3446; x_wconf 76' lang='lat' dir='ltr'><strong>fraudes</strong></span> <span class='ocrx_word' id='word_1_391' title='bbox 650 3389 1022 3456; x_wconf 84' lang='lat' dir='ltr'><strong>ambitumque</strong></span> <span class='ocrx_word' id='word_1_392' title='bbox 1050 3386 1300 3455; x_wconf 83' lang='lat' dir='ltr'><strong>ignorare</strong></span> <span class='ocrx_word' id='word_1_393' title='bbox 1330 3380 1472 3450; x_wconf 87' lang='lat' dir='ltr'><strong>passi</strong></span> <span class='ocrx_word' id='word_1_394' title='bbox 1505 3375 1668 3432; x_wconf 86' lang='lat' dir='ltr'><strong>sunt?</strong></span> <span class='ocrx_word' id='word_1_395' title='bbox 1697 3376 1751 3430; x_wconf 91' lang='lat' dir='ltr'><strong>ld</strong></span> <span class='ocrx_word' id='word_1_396' title='bbox 1796 3391 1864 3430; x_wconf 92' lang='lat' dir='ltr'><strong>ne</strong></span> <span class='ocrx_word' id='word_1_397' title='bbox 1887 3374 2002 3437; x_wconf 77' lang='lat' dir='ltr'><strong>Til-</strong></span> 
     </span>
    </p>
   </div>
   <div class='ocr_carea' id='block_1_51' title="bbox 402 3470 2006 3551">
    <p class='ocr_par' dir='ltr' id='par_1_51' title="bbox 402 3470 2006 3551">
     <span class='ocr_line' id='line_1_51' title="bbox 402 3470 2006 3551; baseline -0.011 -13"><span class='ocrx_word' id='word_1_398' title='bbox 402 3483 699 3538; x_wconf 87' lang='lat' dir='ltr'><strong>lemontins</strong></span> <span class='ocrx_word' id='word_1_399' title='bbox 745 3480 963 3551; x_wconf 85' lang='lat' dir='ltr'><strong>quidem</strong></span> <span class='ocrx_word' id='word_1_400' title='bbox 991 3477 1298 3544; x_wconf 79' lang='lat' dir='ltr'><strong>decoquere</strong></span> <span class='ocrx_word' id='word_1_401' title='bbox 1338 3474 1531 3545; x_wconf 90' lang='lat' dir='ltr'><strong>potuit.</strong></span> <span class='ocrx_word' id='word_1_402' title='bbox 1574 3470 1657 3524; x_wconf 87' lang='lat' dir='ltr'><strong>An</strong></span> <span class='ocrx_word' id='word_1_403' title='bbox 1696 3483 1828 3523; x_wconf 87' lang='lat' dir='ltr'><strong>vero</strong></span> <span class='ocrx_word' id='word_1_404' title='bbox 1868 3481 2006 3539; x_wconf 71' lang='lat' dir='ltr'><strong>pra:-</strong></span> 
     </span>
    </p>
   </div>
   <div class='ocr_carea' id='block_1_52' title="bbox 402 3562 2002 3642">
    <p class='ocr_par' dir='ltr' id='par_1_52' title="bbox 402 3562 2002 3642">
     <span class='ocr_line' id='line_1_52' title="bbox 402 3562 2002 3642; baseline -0.009 -11"><span class='ocrx_word' id='word_1_405' title='bbox 402 3588 553 3632; x_wconf 80' lang='lat' dir='ltr'><strong>tcrea</strong></span> <span class='ocrx_word' id='word_1_406' title='bbox 574 3574 993 3630; x_wconf 68' lang='lat' dir='ltr'><strong>hledtolanensis</strong></span> <span class='ocrx_word' id='word_1_407' title='bbox 1008 3570 1201 3642; x_wconf 81' lang='lat' dir='ltr'><strong>pra-sul</strong></span> <span class='ocrx_word' id='word_1_408' title='bbox 1218 3567 1447 3623; x_wconf 86' lang='lat' dir='ltr'><strong>concilio</strong></span> <span class='ocrx_word' id='word_1_409' title='bbox 1464 3579 1723 3635; x_wconf 78' lang='lat' dir='ltr'><strong>przesens,</strong></span> <span class='ocrx_word' id='word_1_410' title='bbox 1750 3562 2002 3627; x_wconf 85' lang='lat' dir='ltr'><strong>Damaso,</strong></span> 
     </span>
    </p>
   </div>
   <div class='ocr_carea' id='block_1_53' title="bbox 396 3655 2007 3736">
    <p class='ocr_par' dir='ltr' id='par_1_53' title="bbox 396 3655 2007 3736">
     <span class='ocr_line' id='line_1_53' title="bbox 396 3655 2007 3736; baseline -0.009 -12"><span class='ocrx_word' id='word_1_411' title='bbox 396 3668 629 3724; x_wconf 78' lang='lat' dir='ltr'><strong>Acltolio</strong></span> <span class='ocrx_word' id='word_1_412' title='bbox 658 3667 977 3736; x_wconf 75' lang='lat' dir='ltr'><strong>caeterisque</strong></span> <span class='ocrx_word' id='word_1_413' title='bbox 1027 3663 1151 3717; x_wconf 86' lang='lat' dir='ltr'><strong>aliis</strong></span> <span class='ocrx_word' id='word_1_414' title='bbox 1201 3662 1306 3731; x_wconf 84' lang='lat' dir='ltr'><strong>iam</strong></span> <span class='ocrx_word' id='word_1_415' title='bbox 1349 3657 1693 3729; x_wconf 80' lang='lat' dir='ltr'><strong>congregatis</strong></span> <span class='ocrx_word' id='word_1_416' title='bbox 1735 3655 2007 3725; x_wconf 84' lang='lat' dir='ltr'><strong>episcopis</strong></span> 
     </span>
    </p>
   </div>
   <div class='ocr_carea' id='block_1_54' title="bbox 396 3746 2006 3823">
    <p class='ocr_par' dir='ltr' id='par_1_54' title="bbox 396 3746 2006 3823">
     <span class='ocr_line' id='line_1_54' title="bbox 396 3746 2006 3823; baseline -0.01 -7"><span class='ocrx_word' id='word_1_417' title='bbox 396 3761 742 3823; x_wconf 79' lang='lat' dir='ltr'><strong>inconsultis,</strong></span> <span class='ocrx_word' id='word_1_418' title='bbox 759 3774 875 3814; x_wconf 89' lang='lat' dir='ltr'><strong>rem</strong></span> <span class='ocrx_word' id='word_1_419' title='bbox 904 3765 1105 3812; x_wconf 85' lang='lat' dir='ltr'><strong>tantam</strong></span> <span class='ocrx_word' id='word_1_420' title='bbox 1130 3754 1411 3809; x_wconf 88' lang='lat' dir='ltr'><strong>solnscum</strong></span> <span class='ocrx_word' id='word_1_421' title='bbox 1436 3751 1549 3805; x_wconf 65' lang='lat' dir='ltr'><strong>Sllis’</strong></span> <span class='ocrx_word' id='word_1_422' title='bbox 1573 3762 1861 3819; x_wconf 81' lang='lat' dir='ltr'><strong>aggressus</strong></span> <span class='ocrx_word' id='word_1_423' title='bbox 1885 3746 2006 3802; x_wconf 86' lang='lat' dir='ltr'><strong>est?</strong></span> 
     </span>
    </p>
   </div>
   <div class='ocr_carea' id='block_1_55' title="bbox 396 3841 2007 3925">
    <p class='ocr_par' dir='ltr' id='par_1_55' title="bbox 396 3841 2007 3925">
     <span class='ocr_line' id='line_1_55' title="bbox 396 3841 2007 3925; baseline -0.009 -16"><span class='ocrx_word' id='word_1_424' title='bbox 396 3854 557 3909; x_wconf 67' lang='lat' dir='ltr'><strong>Absit</strong></span> <span class='ocrx_word' id='word_1_425' title='bbox 588 3862 648 3909; x_wconf 84' lang='lat' dir='ltr'><strong>ut</strong></span> <span class='ocrx_word' id='word_1_426' title='bbox 670 3869 771 3925; x_wconf 88' lang='lat' dir='ltr'><strong>ego</strong></span> <span class='ocrx_word' id='word_1_427' title='bbox 800 3853 938 3907; x_wconf 85' lang='lat' dir='ltr'><strong>hanc</strong></span> <span class='ocrx_word' id='word_1_428' title='bbox 965 3850 1082 3904; x_wconf 81' lang='lat' dir='ltr'><strong>viro</strong></span> <span class='ocrx_word' id='word_1_429' title='bbox 1111 3848 1457 3903; x_wconf 86' lang='lat' dir='ltr'><strong>sanctissimo</strong></span> <span class='ocrx_word' id='word_1_430' title='bbox 1489 3860 1549 3899; x_wconf 91' lang='lat' dir='ltr'><strong>ac</strong></span> <span class='ocrx_word' id='word_1_431' title='bbox 1583 3841 2007 3912; x_wconf 69' lang='lat' dir='ltr'><strong>prudentissimo</strong></span> 
     </span>
    </p>
   </div>
   <div class='ocr_carea' id='block_1_56' title="bbox 395 3934 2007 4005">
    <p class='ocr_par' dir='ltr' id='par_1_56' title="bbox 395 3934 2007 4005">
     <span class='ocr_line' id='line_1_56' title="bbox 395 3934 2007 4005; baseline -0.011 -1"><span class='ocrx_word' id='word_1_432' title='bbox 395 3949 728 4005; x_wconf 81' lang='lat' dir='ltr'><strong>calumniam</strong></span> <span class='ocrx_word' id='word_1_433' title='bbox 758 3944 1025 4001; x_wconf 79' lang='lat' dir='ltr'><strong>inferam!</strong></span> <span class='ocrx_word' id='word_1_434' title='bbox 1064 3941 1283 3997; x_wconf 87' lang='lat' dir='ltr'><strong>Decebat</strong></span> <span class='ocrx_word' id='word_1_435' title='bbox 1328 3941 1459 3994; x_wconf 87' lang='lat' dir='ltr'><strong>enim</strong></span> <span class='ocrx_word' id='word_1_436' title='bbox 1504 3937 1771 4003; x_wconf 87' lang='lat' dir='ltr'><strong>omnibus,</strong></span> <span class='ocrx_word' id='word_1_437' title='bbox 1819 3935 1906 4003; x_wconf 85' lang='lat' dir='ltr'><strong>qui</strong></span> <span class='ocrx_word' id='word_1_438' title='bbox 1954 3934 2007 3987; x_wconf 89' lang='lat' dir='ltr'><strong>in</strong></span> 
     </span>
    </p>
   </div>
   <div class='ocr_carea' id='block_1_57' title="bbox 396 4028 2008 4102">
    <p class='ocr_par' dir='ltr' id='par_1_57' title="bbox 396 4028 2008 4102">
     <span class='ocr_line' id='line_1_57' title="bbox 396 4028 2008 4102; baseline -0.012 -3"><span class='ocrx_word' id='word_1_439' title='bbox 396 4044 581 4099; x_wconf 77' lang='lat' dir='ltr'><strong>eadem</strong></span> <span class='ocrx_word' id='word_1_440' title='bbox 602 4041 953 4096; x_wconf 78' lang='lat' dir='ltr'><strong>communione</strong></span> <span class='ocrx_word' id='word_1_441' title='bbox 976 4046 1153 4102; x_wconf 88' lang='lat' dir='ltr'><strong>erant,</strong></span> <span class='ocrx_word' id='word_1_442' title='bbox 1186 4033 1427 4102; x_wconf 80' lang='lat' dir='ltr'><strong>satisﬁeri</strong></span> <span class='ocrx_word' id='word_1_443' title='bbox 1447 4074 1460 4099; x_wconf 95' lang='lat'><strong>,</strong></span> <span class='ocrx_word' id='word_1_444' title='bbox 1492 4042 1544 4084; x_wconf 86' lang='lat' dir='ltr'><strong>ut</strong></span> <span class='ocrx_word' id='word_1_445' title='bbox 1570 4046 1647 4084; x_wconf 87' lang='lat' dir='ltr'><strong>res</strong></span> <span class='ocrx_word' id='word_1_446' title='bbox 1669 4036 1823 4100; x_wconf 70' lang='lat' dir='ltr'><strong>gestu!</strong></span> <span class='ocrx_word' id='word_1_447' title='bbox 1844 4028 2008 4096; x_wconf 82' lang='lat' dir='ltr'><strong>magis</strong></span> 
     </span>
    </p>
   </div>
   <div class='ocr_carea' id='block_1_58' title="bbox 400 4121 2010 4207">
    <p class='ocr_par' dir='ltr' id='par_1_58' title="bbox 400 4121 2010 4207">
     <span class='ocr_line' id='line_1_58' title="bbox 400 4121 2010 4207; baseline -0.011 -17"><span class='ocrx_word' id='word_1_448' title='bbox 400 4138 738 4207; x_wconf 74' lang='lat' dir='ltr'><strong>ﬁrmarentur</strong></span> <span class='ocrx_word' id='word_1_449' title='bbox 767 4144 832 4188; x_wconf 71' lang='lat' dir='ltr'><strong>ea:</strong></span> <span class='ocrx_word' id='word_1_450' title='bbox 858 4133 1134 4187; x_wconf 85' lang='lat' dir='ltr'><strong>multorum</strong></span> <span class='ocrx_word' id='word_1_451' title='bbox 1162 4144 1412 4184; x_wconf 82' lang='lat' dir='ltr'><strong>consensu</strong></span> <span class='ocrx_word' id='word_1_452' title='bbox 1433 4169 1446 4189; x_wconf 92' lang='lat'><strong>,</strong></span> <span class='ocrx_word' id='word_1_453' title='bbox 1479 4142 1569 4179; x_wconf 89' lang='lat' dir='ltr'><strong>nec</strong></span> <span class='ocrx_word' id='word_1_454' title='bbox 1615 4139 1718 4195; x_wconf 78' lang='lat' dir='ltr'><strong>prta:</strong></span> <span class='ocrx_word' id='word_1_455' title='bbox 1748 4121 2010 4175; x_wconf 86' lang='lat' dir='ltr'><strong>scindere-</strong></span> 
     </span>
    </p>
   </div>
   <div class='ocr_carea' id='block_1_59' title="bbox 399 4215 2011 4296">
    <p class='ocr_par' dir='ltr' id='par_1_59' title="bbox 399 4215 2011 4296">
     <span class='ocr_line' id='line_1_59' title="bbox 399 4215 2011 4296; baseline -0.011 -12"><span class='ocrx_word' id='word_1_456' title='bbox 399 4241 489 4284; x_wconf 82' lang='lat' dir='ltr'><strong>tur</strong></span> <span class='ocrx_word' id='word_1_457' title='bbox 514 4272 530 4296; x_wconf 90' lang='lat'><strong>,</strong></span> <span class='ocrx_word' id='word_1_458' title='bbox 558 4229 677 4283; x_wconf 79' lang='lat' dir='ltr'><strong>aliis</strong></span> <span class='ocrx_word' id='word_1_459' title='bbox 701 4226 1115 4281; x_wconf 82' lang='lat' dir='ltr'><strong>abscindentibus</strong></span> <span class='ocrx_word' id='word_1_460' title='bbox 1158 4223 1281 4277; x_wconf 85' lang='lat' dir='ltr'><strong>dum</strong></span> <span class='ocrx_word' id='word_1_461' title='bbox 1315 4220 1409 4275; x_wconf 82' lang='lat' dir='ltr'><strong>alii</strong></span> <span class='ocrx_word' id='word_1_462' title='bbox 1456 4218 1889 4280; x_wconf 86' lang='lat' dir='ltr'><strong>admittebantur;</strong></span> <span class='ocrx_word' id='word_1_463' title='bbox 1937 4215 2011 4268; x_wconf 87' lang='lat' dir='ltr'><strong>sic</strong></span> 
     </span>
    </p>
   </div>
   <div class='ocr_carea' id='block_1_60' title="bbox 398 4308 2009 4396">
    <p class='ocr_par' dir='ltr' id='par_1_60' title="bbox 398 4308 2009 4396">
     <span class='ocr_line' id='line_1_60' title="bbox 398 4308 2009 4396; baseline -0.009 -20"><span class='ocrx_word' id='word_1_464' title='bbox 398 4324 563 4396; x_wconf 65' lang='lat' dir='ltr'><strong>igitur</strong></span> <span class='ocrx_word' id='word_1_465' title='bbox 587 4321 793 4375; x_wconf 80' lang='lat' dir='ltr'><strong>decebat</strong></span> <span class='ocrx_word' id='word_1_466' title='bbox 822 4318 1097 4375; x_wconf 77' lang='lat' dir='ltr'><strong>consilium</strong></span> <span class='ocrx_word' id='word_1_467' title='bbox 1129 4317 1348 4387; x_wconf 86' lang='lat' dir='ltr'><strong>graviter</strong></span> <span class='ocrx_word' id='word_1_468' title='bbox 1370 4356 1384 4380; x_wconf 93' lang='lat'><strong>,</strong></span> <span class='ocrx_word' id='word_1_469' title='bbox 1414 4322 1462 4367; x_wconf 90' lang='lat' dir='ltr'><strong>et</strong></span> <span class='ocrx_word' id='word_1_470' title='bbox 1485 4312 1665 4366; x_wconf 77' lang='lat' dir='ltr'><strong>leniter</strong></span> <span class='ocrx_word' id='word_1_471' title='bbox 1694 4311 1814 4363; x_wconf 87' lang='lat' dir='ltr'><strong>iniri</strong></span> <span class='ocrx_word' id='word_1_472' title='bbox 1842 4308 1903 4361; x_wconf 89' lang='lat' dir='ltr'><strong>de</strong></span> <span class='ocrx_word' id='word_1_473' title='bbox 1927 4323 2009 4361; x_wconf 82' lang='lat' dir='ltr'><strong>re-</strong></span> 
     </span>
    </p>
   </div>
   <div class='ocr_carea' id='block_1_61' title="bbox 400 4402 2003 4476">
    <p class='ocr_par' dir='ltr' id='par_1_61' title="bbox 400 4402 2003 4476">
     <span class='ocr_line' id='line_1_61' title="bbox 400 4402 2003 4476; baseline -0.007 -8"><span class='ocrx_word' id='word_1_474' title='bbox 400 4415 496 4468; x_wconf 69' lang='lat' dir='ltr'><strong>bus</strong></span> <span class='ocrx_word' id='word_1_475' title='bbox 522 4415 591 4467; x_wconf 81' lang='lat' dir='ltr'><strong>ad</strong></span> <span class='ocrx_word' id='word_1_476' title='bbox 616 4428 789 4468; x_wconf 83' lang='lat' dir='ltr'><strong>omnes</strong></span> <span class='ocrx_word' id='word_1_477' title='bbox 819 4413 953 4467; x_wconf 83' lang='lat' dir='ltr'><strong>orbis</strong></span> <span class='ocrx_word' id='word_1_478' title='bbox 981 4421 1235 4465; x_wconf 85' lang='lat' dir='ltr'><strong>terrarum</strong></span> <span class='ocrx_word' id='word_1_479' title='bbox 1256 4408 1493 4463; x_wconf 84' lang='lat' dir='ltr'><strong>ecclesias</strong></span> <span class='ocrx_word' id='word_1_480' title='bbox 1515 4403 1882 4476; x_wconf 80' lang='lat' dir='ltr'><strong>pertinentibus</strong></span> <span class='ocrx_word' id='word_1_481' title='bbox 1908 4402 2003 4474; x_wconf 90' lang='lat' dir='ltr'><strong>(b).</strong></span> 
     </span>
    </p>
   </div>
   <div class='ocr_carea' id='block_1_62' title="bbox 402 4496 2008 4574">
    <p class='ocr_par' dir='ltr' id='par_1_62' title="bbox 402 4496 2008 4574">
     <span class='ocr_line' id='line_1_62' title="bbox 402 4496 2008 4574; baseline -0.009 -12"><span class='ocrx_word' id='word_1_482' title='bbox 402 4506 564 4574; x_wconf 75' lang='lat' dir='ltr'><strong>Quod</strong></span> <span class='ocrx_word' id='word_1_483' title='bbox 592 4505 639 4561; x_wconf 89' lang='lat' dir='ltr'><strong>si</strong></span> <span class='ocrx_word' id='word_1_484' title='bbox 665 4505 903 4571; x_wconf 78' lang='lat' dir='ltr'><strong>dixeris,</strong></span> <span class='ocrx_word' id='word_1_485' title='bbox 934 4503 1282 4559; x_wconf 82' lang='lat' dir='ltr'><strong>Ambrosium</strong></span> <span class='ocrx_word' id='word_1_486' title='bbox 1321 4516 1440 4555; x_wconf 92' lang='lat' dir='ltr'><strong>cum</strong></span> <span class='ocrx_word' id='word_1_487' title='bbox 1476 4497 1659 4554; x_wconf 87' lang='lat' dir='ltr'><strong>ltalico</strong></span> <span class='ocrx_word' id='word_1_488' title='bbox 1690 4512 1789 4551; x_wconf 90' lang='lat' dir='ltr'><strong>suo</strong></span> <span class='ocrx_word' id='word_1_489' title='bbox 1820 4496 2008 4551; x_wconf 86' lang='lat' dir='ltr'><strong>conci-</strong></span> 
     </span>
    </p>
   </div>
   <div class='ocr_carea' id='block_1_63' title="bbox 2094 1888 3686 1976">
    <p class='ocr_par' dir='ltr' id='par_1_63' title="bbox 2094 1888 3686 1976">
     <span class='ocr_line' id='line_1_63' title="bbox 2094 1888 3686 1976; baseline 0.012 -32"><span class='ocrx_word' id='word_1_490' title='bbox 2094 1888 2355 1959; x_wconf 80' lang='lat' dir='ltr'><strong>episc0pi,</strong></span> <span class='ocrx_word' id='word_1_491' title='bbox 2386 1908 2451 1945; x_wconf 88' lang='lat' dir='ltr'><strong>tte</strong></span> <span class='ocrx_word' id='word_1_492' title='bbox 2480 1888 2814 1950; x_wconf 73' lang='lat' dir='ltr'><strong>leestinus</strong></span> <span class='ocrx_word' id='word_1_493' title='bbox 2845 1895 2934 1962; x_wconf 87' lang='lat' dir='ltr'><strong>iis,</strong></span> <span class='ocrx_word' id='word_1_494' title='bbox 2970 1913 3109 1967; x_wconf 90' lang='lat' dir='ltr'><strong>quos</strong></span> <span class='ocrx_word' id='word_1_495' title='bbox 3140 1899 3243 1970; x_wconf 92' lang='lat' dir='ltr'><strong>ipsi</strong></span> <span class='ocrx_word' id='word_1_496' title='bbox 3274 1903 3686 1976; x_wconf 87' lang='lat' dir='ltr'><strong>damnaverant,</strong></span> 
     </span>
    </p>
   </div>
   <div class='ocr_carea' id='block_1_64' title="bbox 2094 1982 3692 2063">
    <p class='ocr_par' dir='ltr' id='par_1_64' title="bbox 2094 1982 3692 2063">
     <span class='ocr_line' id='line_1_64' title="bbox 2094 1982 3692 2063; baseline 0.013 -27"><span class='ocrx_word' id='word_1_497' title='bbox 2094 1982 2531 2038; x_wconf 87' lang='lat' dir='ltr'><strong>communionem</strong></span> <span class='ocrx_word' id='word_1_498' title='bbox 2564 1986 2717 2040; x_wconf 85' lang='lat' dir='ltr'><strong>daret</strong></span> <span class='ocrx_word' id='word_1_499' title='bbox 2748 1987 2847 2059; x_wconf 90' lang='lat' dir='ltr'><strong>(c).</strong></span> <span class='ocrx_word' id='word_1_500' title='bbox 2882 1982 3088 2046; x_wconf 74' lang='lat' dir='ltr'><strong>Deinde</strong></span> <span class='ocrx_word' id='word_1_501' title='bbox 3114 2008 3222 2061; x_wconf 84' lang='lat' dir='ltr'><strong>quo</strong></span> <span class='ocrx_word' id='word_1_502' title='bbox 3254 2006 3412 2063; x_wconf 85' lang='lat' dir='ltr'><strong>pacto</strong></span> <span class='ocrx_word' id='word_1_503' title='bbox 3441 1997 3544 2053; x_wconf 78' lang='lat' dir='ltr'><strong>hoc</strong></span> <span class='ocrx_word' id='word_1_504' title='bbox 3588 2002 3692 2057; x_wconf 89' lang='lat' dir='ltr'><strong>sibi</strong></span> 
     </span>
    </p>
   </div>
   <div class='ocr_carea' id='block_1_65' title="bbox 2098 2075 3695 2149">
    <p class='ocr_par' dir='ltr' id='par_1_65' title="bbox 2098 2075 3695 2149">
     <span class='ocr_line' id='line_1_65' title="bbox 2098 2075 3695 2149; baseline 0.011 -19"><span class='ocrx_word' id='word_1_505' title='bbox 2098 2076 2315 2131; x_wconf 84' lang='lat' dir='ltr'><strong>licuisse</strong></span> <span class='ocrx_word' id='word_1_506' title='bbox 2358 2087 2612 2147; x_wconf 89' lang='lat' dir='ltr'><strong>putarunt</strong></span> <span class='ocrx_word' id='word_1_507' title='bbox 2644 2075 2810 2133; x_wconf 85' lang='lat' dir='ltr'><strong>Italici</strong></span> <span class='ocrx_word' id='word_1_508' title='bbox 2844 2078 2922 2134; x_wconf 90' lang='lat' dir='ltr'><strong>illi</strong></span> <span class='ocrx_word' id='word_1_509' title='bbox 2951 2083 3209 2149; x_wconf 70' lang='lat' dir='ltr'><strong>prtesules</strong></span> <span class='ocrx_word' id='word_1_510' title='bbox 3250 2086 3559 2145; x_wconf 90' lang='lat' dir='ltr'><strong>inconsulto</strong></span> <span class='ocrx_word' id='word_1_511' title='bbox 3591 2092 3695 2147; x_wconf 83' lang='lat' dir='ltr'><strong>Da-</strong></span> 
     </span>
    </p>
   </div>
   <div class='ocr_carea' id='block_1_66' title="bbox 2100 2167 3697 2250">
    <p class='ocr_par' dir='ltr' id='par_1_66' title="bbox 2100 2167 3697 2250">
     <span class='ocr_line' id='line_1_66' title="bbox 2100 2167 3697 2250; baseline 0.011 -29"><span class='ocrx_word' id='word_1_512' title='bbox 2100 2181 2250 2221; x_wconf 91' lang='lat' dir='ltr'><strong>maso</strong></span> <span class='ocrx_word' id='word_1_513' title='bbox 2279 2167 2524 2223; x_wconf 81' lang='lat' dir='ltr'><strong>Romano</strong></span> <span class='ocrx_word' id='word_1_514' title='bbox 2552 2170 2831 2240; x_wconf 91' lang='lat' dir='ltr'><strong>episcopo,</strong></span> <span class='ocrx_word' id='word_1_515' title='bbox 2865 2172 2955 2242; x_wconf 85' lang='lat' dir='ltr'><strong>qui</strong></span> <span class='ocrx_word' id='word_1_516' title='bbox 2985 2173 3277 2229; x_wconf 81' lang='lat' dir='ltr'><strong>Maximum</strong></span> <span class='ocrx_word' id='word_1_517' title='bbox 3308 2180 3623 2250; x_wconf 82' lang='lat' dir='ltr'><strong>rejecerat?</strong></span> <span class='ocrx_word' id='word_1_518' title='bbox 3648 2186 3697 2239; x_wconf 92' lang='lat' dir='ltr'><strong>si</strong></span> 
     </span>
    </p>
   </div>
   <div class='ocr_carea' id='block_1_67' title="bbox 2098 2261 3699 2343">
    <p class='ocr_par' dir='ltr' id='par_1_67' title="bbox 2098 2261 3699 2343">
     <span class='ocr_line' id='line_1_67' title="bbox 2098 2261 3699 2343; baseline 0.012 -28"><span class='ocrx_word' id='word_1_519' title='bbox 2098 2261 2244 2315; x_wconf 89' lang='lat' dir='ltr'><strong>enim</strong></span> <span class='ocrx_word' id='word_1_520' title='bbox 2275 2261 2575 2330; x_wconf 90' lang='lat' dir='ltr'><strong>apostolico</strong></span> <span class='ocrx_word' id='word_1_521' title='bbox 2604 2278 2727 2319; x_wconf 89' lang='lat' dir='ltr'><strong>can.</strong></span> <span class='ocrx_word' id='word_1_522' title='bbox 2761 2264 2831 2319; x_wconf 70' lang='lat'><strong>54</strong></span> <span class='ocrx_word' id='word_1_523' title='bbox 2872 2265 3176 2333; x_wconf 79' lang='lat' dir='ltr'><strong>definitum,</strong></span> <span class='ocrx_word' id='word_1_524' title='bbox 3219 2280 3383 2343; x_wconf 87' lang='lat' dir='ltr'><strong>atque</strong></span> <span class='ocrx_word' id='word_1_525' title='bbox 3425 2281 3699 2334; x_wconf 89' lang='lat' dir='ltr'><strong>constanti</strong></span> 
     </span>
    </p>
   </div>
   <div class='ocr_carea' id='block_1_68' title="bbox 2100 2350 3695 2443">
    <p class='ocr_par' dir='ltr' id='par_1_68' title="bbox 2100 2350 3695 2443">
     <span class='ocr_line' id='line_1_68' title="bbox 2100 2350 3695 2443; baseline 0.013 -37"><span class='ocrx_word' id='word_1_526' title='bbox 2100 2350 2359 2409; x_wconf 65' lang='lat' dir='ltr'><strong>Ecclesiae</strong></span> <span class='ocrx_word' id='word_1_527' title='bbox 2383 2354 2669 2425; x_wconf 78' lang='lat' dir='ltr'><strong>disciplina</strong></span> <span class='ocrx_word' id='word_1_528' title='bbox 2716 2368 2997 2428; x_wconf 88' lang='lat' dir='ltr'><strong>receptum</strong></span> <span class='ocrx_word' id='word_1_529' title='bbox 3030 2360 3203 2417; x_wconf 78' lang='lat' dir='ltr'><strong>fuerat</strong></span> <span class='ocrx_word' id='word_1_530' title='bbox 3235 2365 3456 2437; x_wconf 79' lang='lat' dir='ltr'><strong>ultique,</strong></span> <span class='ocrx_word' id='word_1_531' title='bbox 3490 2379 3551 2425; x_wconf 81' lang='lat' dir='ltr'><strong>ut</strong></span> <span class='ocrx_word' id='word_1_532' title='bbox 3580 2374 3695 2443; x_wconf 81' lang='lat' dir='ltr'><strong>epi-</strong></span> 
     </span>
    </p>
   </div>
   <div class='ocr_carea' id='block_1_69' title="bbox 2101 2448 3700 2531">
    <p class='ocr_par' dir='ltr' id='par_1_69' title="bbox 2101 2448 3700 2531">
     <span class='ocr_line' id='line_1_69' title="bbox 2101 2448 3700 2531; baseline 0.013 -30"><span class='ocrx_word' id='word_1_533' title='bbox 2101 2448 2249 2517; x_wconf 89' lang='lat' dir='ltr'><strong>scopi</strong></span> <span class='ocrx_word' id='word_1_534' title='bbox 2292 2448 2715 2521; x_wconf 75' lang='lat' dir='ltr'><strong>uniusCujusque</strong></span> <span class='ocrx_word' id='word_1_535' title='bbox 2743 2451 2920 2522; x_wconf 87' lang='lat' dir='ltr'><strong>gentis</strong></span> <span class='ocrx_word' id='word_1_536' title='bbox 2956 2470 3083 2510; x_wconf 88' lang='lat' dir='ltr'><strong>eum</strong></span> <span class='ocrx_word' id='word_1_537' title='bbox 3131 2469 3372 2525; x_wconf 87' lang='lat' dir='ltr'><strong>nossent,</strong></span> <span class='ocrx_word' id='word_1_538' title='bbox 3404 2465 3493 2531; x_wconf 90' lang='lat' dir='ltr'><strong>qui</strong></span> <span class='ocrx_word' id='word_1_539' title='bbox 3535 2465 3587 2519; x_wconf 92' lang='lat' dir='ltr'><strong>in</strong></span> <span class='ocrx_word' id='word_1_540' title='bbox 3633 2466 3700 2523; x_wconf 91' lang='lat' dir='ltr'><strong>iis</strong></span> 
     </span>
    </p>
   </div>
   <div class='ocr_carea' id='block_1_70' title="bbox 2101 2540 3700 2623">
    <p class='ocr_par' dir='ltr' id='par_1_70' title="bbox 2101 2540 3700 2623">
     <span class='ocr_line' id='line_1_70' title="bbox 2101 2540 3700 2623; baseline 0.014 -30"><span class='ocrx_word' id='word_1_541' title='bbox 2101 2540 2305 2611; x_wconf 88' lang='lat' dir='ltr'><strong>primus</strong></span> <span class='ocrx_word' id='word_1_542' title='bbox 2336 2550 2501 2607; x_wconf 87' lang='lat' dir='ltr'><strong>esset,</strong></span> <span class='ocrx_word' id='word_1_543' title='bbox 2543 2558 2665 2597; x_wconf 91' lang='lat' dir='ltr'><strong>eum</strong></span> <span class='ocrx_word' id='word_1_544' title='bbox 2688 2548 3066 2614; x_wconf 84' lang='lat' dir='ltr'><strong>observarent,</strong></span> <span class='ocrx_word' id='word_1_545' title='bbox 3094 2562 3155 2603; x_wconf 90' lang='lat' dir='ltr'><strong>ut</strong></span> <span class='ocrx_word' id='word_1_546' title='bbox 3184 2562 3345 2623; x_wconf 90' lang='lat' dir='ltr'><strong>caput</strong></span> <span class='ocrx_word' id='word_1_547' title='bbox 3372 2564 3426 2609; x_wconf 93' lang='lat' dir='ltr'><strong>et</strong></span> <span class='ocrx_word' id='word_1_548' title='bbox 3454 2556 3584 2613; x_wconf 91' lang='lat' dir='ltr'><strong>nihil</strong></span> <span class='ocrx_word' id='word_1_549' title='bbox 3615 2558 3700 2614; x_wconf 82' lang='lat' dir='ltr'><strong>fa-</strong></span> 
     </span>
    </p>
   </div>
   <div class='ocr_carea' id='block_1_71' title="bbox 2103 2634 3702 2715">
    <p class='ocr_par' dir='ltr' id='par_1_71' title="bbox 2103 2634 3702 2715">
     <span class='ocr_line' id='line_1_71' title="bbox 2103 2634 3702 2715; baseline 0.013 -28"><span class='ocrx_word' id='word_1_550' title='bbox 2103 2640 2310 2701; x_wconf 88' lang='lat' dir='ltr'><strong>cerent,</strong></span> <span class='ocrx_word' id='word_1_551' title='bbox 2361 2634 2502 2704; x_wconf 90' lang='lat' dir='ltr'><strong>quod</strong></span> <span class='ocrx_word' id='word_1_552' title='bbox 2559 2638 2737 2707; x_wconf 87' lang='lat' dir='ltr'><strong>magni</strong></span> <span class='ocrx_word' id='word_1_553' title='bbox 2779 2640 3040 2694; x_wconf 90' lang='lat' dir='ltr'><strong>momenti</strong></span> <span class='ocrx_word' id='word_1_554' title='bbox 3096 2652 3264 2709; x_wconf 77' lang='lat' dir='ltr'><strong>esset,</strong></span> <span class='ocrx_word' id='word_1_555' title='bbox 3315 2655 3512 2715; x_wconf 64' lang='lat' dir='ltr'><strong>praeter</strong></span> <span class='ocrx_word' id='word_1_556' title='bbox 3561 2650 3702 2708; x_wconf 91' lang='lat' dir='ltr'><strong>illius</strong></span> 
     </span>
    </p>
   </div>
   <div class='ocr_carea' id='block_1_72' title="bbox 2104 2722 3705 2805">
    <p class='ocr_par' dir='ltr' id='par_1_72' title="bbox 2104 2722 3705 2805">
     <span class='ocr_line' id='line_1_72' title="bbox 2104 2722 3705 2805; baseline 0.013 -24"><span class='ocrx_word' id='word_1_557' title='bbox 2104 2730 2465 2793; x_wconf 87' lang='lat' dir='ltr'><strong>sententiam;</strong></span> <span class='ocrx_word' id='word_1_558' title='bbox 2497 2722 2599 2784; x_wconf 82' lang='lat' dir='ltr'><strong>hoc</strong></span> <span class='ocrx_word' id='word_1_559' title='bbox 2633 2730 2875 2799; x_wconf 80' lang='lat' dir='ltr'><strong>profecto</strong></span> <span class='ocrx_word' id='word_1_560' title='bbox 2906 2735 3100 2802; x_wconf 88' lang='lat' dir='ltr'><strong>potiori</strong></span> <span class='ocrx_word' id='word_1_561' title='bbox 3122 2740 3244 2805; x_wconf 87' lang='lat' dir='ltr'><strong>jure</strong></span> <span class='ocrx_word' id='word_1_562' title='bbox 3270 2739 3571 2799; x_wconf 86' lang='lat' dir='ltr'><strong>debebatur</strong></span> <span class='ocrx_word' id='word_1_563' title='bbox 3601 2748 3705 2801; x_wconf 80' lang='lat' dir='ltr'><strong>Ro-</strong></span> 
     </span>
    </p>
   </div>
   <div class='ocr_carea' id='block_1_73' title="bbox 2104 2822 3704 2903">
    <p class='ocr_par' dir='ltr' id='par_1_73' title="bbox 2104 2822 3704 2903">
     <span class='ocr_line' id='line_1_73' title="bbox 2104 2822 3704 2903; baseline 0.015 -30"><span class='ocrx_word' id='word_1_564' title='bbox 2104 2835 2265 2874; x_wconf 87' lang='lat' dir='ltr'><strong>mano</strong></span> <span class='ocrx_word' id='word_1_565' title='bbox 2296 2822 2564 2892; x_wconf 87' lang='lat' dir='ltr'><strong>pontilici,</strong></span> <span class='ocrx_word' id='word_1_566' title='bbox 2594 2824 2679 2878; x_wconf 91' lang='lat' dir='ltr'><strong>cui</strong></span> <span class='ocrx_word' id='word_1_567' title='bbox 2711 2824 2863 2880; x_wconf 83' lang='lat' dir='ltr'><strong>Italia</strong></span> <span class='ocrx_word' id='word_1_568' title='bbox 2894 2828 3145 2883; x_wconf 81' lang='lat' dir='ltr'><strong>universa</strong></span> <span class='ocrx_word' id='word_1_569' title='bbox 3187 2832 3257 2887; x_wconf 90' lang='lat' dir='ltr'><strong>ab</strong></span> <span class='ocrx_word' id='word_1_570' title='bbox 3284 2833 3398 2903; x_wconf 87' lang='lat' dir='ltr'><strong>ipsa</strong></span> <span class='ocrx_word' id='word_1_571' title='bbox 3429 2842 3704 2897; x_wconf 86' lang='lat' dir='ltr'><strong>nascentis</strong></span> 
     </span>
    </p>
   </div>
   <div class='ocr_carea' id='block_1_74' title="bbox 2105 2906 3702 3003">
    <p class='ocr_par' dir='ltr' id='par_1_74' title="bbox 2105 2906 3702 3003">
     <span class='ocr_line' id='line_1_74' title="bbox 2105 2906 3702 3003; baseline 0.015 -39"><span class='ocrx_word' id='word_1_572' title='bbox 2105 2906 2363 2965; x_wconf 84' lang='lat' dir='ltr'><strong>Ecclesi:e</strong></span> <span class='ocrx_word' id='word_1_573' title='bbox 2385 2912 2593 2984; x_wconf 86' lang='lat' dir='ltr'><strong>origine</strong></span> <span class='ocrx_word' id='word_1_574' title='bbox 2624 2926 2910 2986; x_wconf 87' lang='lat' dir='ltr'><strong>aggregata</strong></span> <span class='ocrx_word' id='word_1_575' title='bbox 2936 2934 3180 2986; x_wconf 88' lang='lat' dir='ltr'><strong>prorsus,</strong></span> <span class='ocrx_word' id='word_1_576' title='bbox 3206 2934 3260 2978; x_wconf 89' lang='lat' dir='ltr'><strong>et</strong></span> <span class='ocrx_word' id='word_1_577' title='bbox 3281 2928 3702 3003; x_wconf 88' lang='lat' dir='ltr'><strong>quodammodo,</strong></span> 
     </span>
    </p>
   </div>
   <div class='ocr_carea' id='block_1_75' title="bbox 2105 3002 3707 3080">
    <p class='ocr_par' dir='ltr' id='par_1_75' title="bbox 2105 3002 3707 3080">
     <span class='ocr_line' id='line_1_75' title="bbox 2105 3002 3707 3080; baseline 0.014 -23"><span class='ocrx_word' id='word_1_578' title='bbox 2105 3010 2164 3058; x_wconf 88' lang='lat' dir='ltr'><strong>ut</strong></span> <span class='ocrx_word' id='word_1_579' title='bbox 2197 3002 2518 3060; x_wconf 83' lang='lat' dir='ltr'><strong>Baccltinius</strong></span> <span class='ocrx_word' id='word_1_580' title='bbox 2543 3006 2618 3060; x_wconf 90' lang='lat' dir='ltr'><strong>ait</strong></span> <span class='ocrx_word' id='word_1_581' title='bbox 2648 3008 2747 3076; x_wconf 80' lang='grc' dir='ltr'><strong>(ά),</strong></span> <span class='ocrx_word' id='word_1_582' title='bbox 2780 3010 3147 3078; x_wconf 85' lang='lat' dir='ltr'><strong>conglutinata</strong></span> <span class='ocrx_word' id='word_1_583' title='bbox 3177 3014 3351 3071; x_wconf 79' lang='lat' dir='ltr'><strong>fuerat</strong></span> <span class='ocrx_word' id='word_1_584' title='bbox 3382 3035 3535 3075; x_wconf 88' lang='lat' dir='ltr'><strong>:rem</strong></span> <span class='ocrx_word' id='word_1_585' title='bbox 3574 3038 3707 3080; x_wconf 90' lang='lat' dir='ltr'><strong>vero</strong></span> 
     </span>
    </p>
   </div>
   <div class='ocr_carea' id='block_1_76' title="bbox 2109 3092 3709 3179">
    <p class='ocr_par' dir='ltr' id='par_1_76' title="bbox 2109 3092 3709 3179">
     <span class='ocr_line' id='line_1_76' title="bbox 2109 3092 3709 3179; baseline 0.014 -32"><span class='ocrx_word' id='word_1_586' title='bbox 2109 3096 2470 3161; x_wconf 90' lang='lat' dir='ltr'><strong>notissimam,</strong></span> <span class='ocrx_word' id='word_1_587' title='bbox 2501 3100 2534 3151; x_wconf 82' lang='lat' dir='ltr'><strong>ti</strong></span> <span class='ocrx_word' id='word_1_588' title='bbox 2559 3092 2760 3153; x_wconf 66' lang='lat' dir='ltr'><strong>Nic-aeni</strong></span> <span class='ocrx_word' id='word_1_589' title='bbox 2788 3100 3013 3153; x_wconf 89' lang='lat' dir='ltr'><strong>canonis</strong></span> <span class='ocrx_word' id='word_1_590' title='bbox 3046 3102 3360 3162; x_wconf 89' lang='lat' dir='ltr'><strong>testimonio</strong></span> <span class='ocrx_word' id='word_1_591' title='bbox 3384 3114 3709 3179; x_wconf 85' lang='lat' dir='ltr'><strong>comproba-</strong></span> 
     </span>
    </p>
   </div>
   <div class='ocr_carea' id='block_1_77' title="bbox 2029 3187 3709 3272">
    <p class='ocr_par' dir='ltr' id='par_1_77' title="bbox 2029 3187 3709 3272">
     <span class='ocr_line' id='line_1_77' title="bbox 2029 3187 3709 3272; baseline 0.012 -32"><span class='ocrx_word' id='word_1_592' title='bbox 2029 3191 2074 3255; x_wconf 62' lang='grc' dir='ltr'><strong>(ζ</strong></span> <span class='ocrx_word' id='word_1_593' title='bbox 2110 3194 2241 3253; x_wconf 90' lang='lat' dir='ltr'><strong>tam,</strong></span> <span class='ocrx_word' id='word_1_594' title='bbox 2275 3187 2539 3257; x_wconf 80' lang='lat' dir='ltr'><strong>exemplis</strong></span> <span class='ocrx_word' id='word_1_595' title='bbox 2567 3198 2728 3260; x_wconf 88' lang='lat' dir='ltr'><strong>atque</strong></span> <span class='ocrx_word' id='word_1_596' title='bbox 2756 3191 2876 3245; x_wconf 90' lang='lat' dir='ltr'><strong>aliis</strong></span> <span class='ocrx_word' id='word_1_597' title='bbox 2909 3208 3017 3247; x_wconf 91' lang='lat' dir='ltr'><strong>non</strong></span> <span class='ocrx_word' id='word_1_598' title='bbox 3062 3200 3383 3253; x_wconf 82' lang='lat' dir='ltr'><strong>necessariis</strong></span> <span class='ocrx_word' id='word_1_599' title='bbox 3420 3218 3709 3272; x_wconf 86' lang='lat' dir='ltr'><strong>argumen-</strong></span> 
     </span>
    </p>
   </div>
   <div class='ocr_carea' id='block_1_78' title="bbox 2113 3281 3712 3357">
    <p class='ocr_par' dir='ltr' id='par_1_78' title="bbox 2113 3281 3712 3357">
     <span class='ocr_line' id='line_1_78' title="bbox 2113 3281 3712 3357; baseline 0.013 -24"><span class='ocrx_word' id='word_1_600' title='bbox 2113 3281 2201 3345; x_wconf 90' lang='lat' dir='ltr'><strong>tis,</strong></span> <span class='ocrx_word' id='word_1_601' title='bbox 2236 3283 2563 3339; x_wconf 85' lang='lat' dir='ltr'><strong>conlirmarc</strong></span> <span class='ocrx_word' id='word_1_602' title='bbox 2608 3297 3069 3353; x_wconf 83' lang='lat' dir='ltr'><strong>supervacaneum</strong></span> <span class='ocrx_word' id='word_1_603' title='bbox 3102 3298 3251 3357; x_wconf 91' lang='lat' dir='ltr'><strong>puto.</strong></span> <span class='ocrx_word' id='word_1_604' title='bbox 3295 3292 3430 3347; x_wconf 86' lang='lat' dir='ltr'><strong>Illud</strong></span> <span class='ocrx_word' id='word_1_605' title='bbox 3459 3305 3636 3352; x_wconf 88' lang='lat' dir='ltr'><strong>tamen</strong></span> <span class='ocrx_word' id='word_1_606' title='bbox 3680 3314 3712 3353; x_wconf 85' lang='lat' dir='ltr'><strong>a</strong></span> 
     </span>
    </p>
   </div>
   <div class='ocr_carea' id='block_1_79' title="bbox 2110 3374 3710 3456">
    <p class='ocr_par' dir='ltr' id='par_1_79' title="bbox 2110 3374 3710 3456">
     <span class='ocr_line' id='line_1_79' title="bbox 2110 3374 3710 3456; baseline 0.003 -29"><span class='ocrx_word' id='word_1_607' title='bbox 2110 3391 2198 3428; x_wconf 90' lang='lat' dir='ltr'><strong>me</strong></span> <span class='ocrx_word' id='word_1_608' title='bbox 2235 3374 2412 3428; x_wconf 91' lang='lat' dir='ltr'><strong>omitti</strong></span> <span class='ocrx_word' id='word_1_609' title='bbox 2441 3390 2547 3429; x_wconf 90' lang='lat' dir='ltr'><strong>tton</strong></span> <span class='ocrx_word' id='word_1_610' title='bbox 2580 3384 2778 3444; x_wconf 84' lang='lat' dir='ltr'><strong>petest,</strong></span> <span class='ocrx_word' id='word_1_611' title='bbox 2812 3377 2977 3431; x_wconf 86' lang='lat' dir='ltr'><strong>veluti</strong></span> <span class='ocrx_word' id='word_1_612' title='bbox 3012 3379 3112 3443; x_wconf 86' lang='lat' dir='ltr'><strong>rei,</strong></span> <span class='ocrx_word' id='word_1_613' title='bbox 3147 3380 3214 3435; x_wconf 91' lang='lat' dir='ltr'><strong>de</strong></span> <span class='ocrx_word' id='word_1_614' title='bbox 3241 3398 3348 3451; x_wconf 87' lang='lat' dir='ltr'><strong>qua</strong></span> <span class='ocrx_word' id='word_1_615' title='bbox 3378 3386 3578 3456; x_wconf 80' lang='lat' dir='ltr'><strong>agitur,</strong></span> <span class='ocrx_word' id='word_1_616' title='bbox 3614 3389 3710 3445; x_wconf 71' lang='lat' dir='ltr'><strong>de-</strong></span> 
     </span>
    </p>
   </div>
   <div class='ocr_carea' id='block_1_80' title="bbox 2112 3466 3711 3539">
    <p class='ocr_par' dir='ltr' id='par_1_80' title="bbox 2112 3466 3711 3539">
     <span class='ocr_line' id='line_1_80' title="bbox 2112 3466 3711 3539; baseline 0.011 -20"><span class='ocrx_word' id='word_1_617' title='bbox 2112 3466 2480 3520; x_wconf 75' lang='lat' dir='ltr'><strong>monstrandze</strong></span> <span class='ocrx_word' id='word_1_618' title='bbox 2531 3468 2796 3539; x_wconf 77' lang='lat' dir='ltr'><strong>imprimis</strong></span> <span class='ocrx_word' id='word_1_619' title='bbox 2827 3468 3106 3537; x_wconf 87' lang='lat' dir='ltr'><strong>idoneum,</strong></span> <span class='ocrx_word' id='word_1_620' title='bbox 3154 3474 3360 3529; x_wconf 88' lang='lat' dir='ltr'><strong>nullum</strong></span> <span class='ocrx_word' id='word_1_621' title='bbox 3406 3480 3617 3534; x_wconf 86' lang='lat' dir='ltr'><strong>scilicet</strong></span> <span class='ocrx_word' id='word_1_622' title='bbox 3644 3498 3711 3538; x_wconf 88' lang='lat' dir='ltr'><strong>ex</strong></span> 
     </span>
    </p>
   </div>
   <div class='ocr_carea' id='block_1_81' title="bbox 2110 3556 3711 3646">
    <p class='ocr_par' dir='ltr' id='par_1_81' title="bbox 2110 3556 3711 3646">
     <span class='ocr_line' id='line_1_81' title="bbox 2110 3556 3711 3646; baseline 0.011 -35"><span class='ocrx_word' id='word_1_623' title='bbox 2110 3557 2384 3627; x_wconf 88' lang='lat' dir='ltr'><strong>episcopis</strong></span> <span class='ocrx_word' id='word_1_624' title='bbox 2425 3556 2861 3614; x_wconf 80' lang='lat' dir='ltr'><strong>Occidentalibus</strong></span> <span class='ocrx_word' id='word_1_625' title='bbox 2902 3562 3259 3621; x_wconf 75' lang='lat' dir='ltr'><strong>Athanasium</strong></span> <span class='ocrx_word' id='word_1_626' title='bbox 3303 3567 3372 3624; x_wconf 88' lang='lat' dir='ltr'><strong>ab</strong></span> <span class='ocrx_word' id='word_1_627' title='bbox 3412 3574 3711 3646; x_wconf 81' lang='lat' dir='ltr'><strong>pseudosy—</strong></span> 
     </span>
    </p>
   </div>
   <div class='ocr_carea' id='block_1_82' title="bbox 2112 3650 3714 3727">
    <p class='ocr_par' dir='ltr' id='par_1_82' title="bbox 2112 3650 3714 3727">
     <span class='ocr_line' id='line_1_82' title="bbox 2112 3650 3714 3727; baseline 0.009 -20"><span class='ocrx_word' id='word_1_628' title='bbox 2112 3651 2253 3707; x_wconf 88' lang='lat' dir='ltr'><strong>nodo</strong></span> <span class='ocrx_word' id='word_1_629' title='bbox 2282 3650 2445 3723; x_wconf 91' lang='lat' dir='ltr'><strong>Tyria</strong></span> <span class='ocrx_word' id='word_1_630' title='bbox 2477 3662 2532 3706; x_wconf 92' lang='lat' dir='ltr'><strong>et</strong></span> <span class='ocrx_word' id='word_1_631' title='bbox 2570 3650 2909 3708; x_wconf 82' lang='lat' dir='ltr'><strong>Antiocltena</strong></span> <span class='ocrx_word' id='word_1_632' title='bbox 2953 3658 3219 3727; x_wconf 81' lang='lat' dir='ltr'><strong>ejectum,</strong></span> <span class='ocrx_word' id='word_1_633' title='bbox 3261 3661 3327 3716; x_wconf 87' lang='lat' dir='ltr'><strong>ad</strong></span> <span class='ocrx_word' id='word_1_634' title='bbox 3373 3668 3714 3721; x_wconf 65' lang='lat' dir='ltr'><strong>communio.</strong></span> 
     </span>
    </p>
   </div>
   <div class='ocr_carea' id='block_1_83' title="bbox 2113 3747 3713 3828">
    <p class='ocr_par' dir='ltr' id='par_1_83' title="bbox 2113 3747 3713 3828">
     <span class='ocr_line' id='line_1_83' title="bbox 2113 3747 3713 3828; baseline 0.01 -28"><span class='ocrx_word' id='word_1_635' title='bbox 2113 3762 2232 3801; x_wconf 92' lang='lat' dir='ltr'><strong>nem</strong></span> <span class='ocrx_word' id='word_1_636' title='bbox 2274 3748 2615 3803; x_wconf 83' lang='lat' dir='ltr'><strong>exiStitnasse</strong></span> <span class='ocrx_word' id='word_1_637' title='bbox 2653 3747 2756 3802; x_wconf 88' lang='lat' dir='ltr'><strong>sibi</strong></span> <span class='ocrx_word' id='word_1_638' title='bbox 2806 3750 3050 3819; x_wconf 88' lang='lat' dir='ltr'><strong>recipere</strong></span> <span class='ocrx_word' id='word_1_639' title='bbox 3077 3752 3267 3821; x_wconf 85' lang='lat' dir='ltr'><strong>licere,</strong></span> <span class='ocrx_word' id='word_1_640' title='bbox 3300 3765 3426 3811; x_wconf 89' lang='lat' dir='ltr'><strong>ante</strong></span> <span class='ocrx_word' id='word_1_641' title='bbox 3472 3775 3713 3828; x_wconf 88' lang='lat' dir='ltr'><strong>pronun-</strong></span> 
     </span>
    </p>
   </div>
   <div class='ocr_carea' id='block_1_84' title="bbox 2112 3834 3709 3917">
    <p class='ocr_par' dir='ltr' id='par_1_84' title="bbox 2112 3834 3709 3917">
     <span class='ocr_line' id='line_1_84' title="bbox 2112 3834 3709 3917; baseline 0.009 -25"><span class='ocrx_word' id='word_1_642' title='bbox 2112 3840 2294 3893; x_wconf 85' lang='lat' dir='ltr'><strong>tiatam</strong></span> <span class='ocrx_word' id='word_1_643' title='bbox 2340 3853 2370 3892; x_wconf 90' lang='lat' dir='ltr'><strong>a</strong></span> <span class='ocrx_word' id='word_1_644' title='bbox 2395 3834 2537 3894; x_wconf 82' lang='lat' dir='ltr'><strong>Julio</strong></span> <span class='ocrx_word' id='word_1_645' title='bbox 2566 3839 2913 3894; x_wconf 84' lang='lat' dir='ltr'><strong>sententiam.</strong></span> <span class='ocrx_word' id='word_1_646' title='bbox 2952 3843 3086 3898; x_wconf 94' lang='lat' dir='ltr'><strong>llinc</strong></span> <span class='ocrx_word' id='word_1_647' title='bbox 3109 3861 3239 3899; x_wconf 87' lang='lat' dir='ltr'><strong>vero</strong></span> <span class='ocrx_word' id='word_1_648' title='bbox 3268 3848 3500 3917; x_wconf 78' lang='lat' dir='ltr'><strong>factum,</strong></span> <span class='ocrx_word' id='word_1_649' title='bbox 3531 3861 3588 3905; x_wconf 91' lang='lat' dir='ltr'><strong>ut</strong></span> <span class='ocrx_word' id='word_1_650' title='bbox 3615 3852 3709 3907; x_wconf 86' lang='lat' dir='ltr'><strong>Ju-</strong></span> 
     </span>
    </p>
   </div>
   <div class='ocr_carea' id='block_1_85' title="bbox 2113 3935 3714 4006">
    <p class='ocr_par' dir='ltr' id='par_1_85' title="bbox 2113 3935 3714 4006">
     <span class='ocr_line' id='line_1_85' title="bbox 2113 3935 3714 4006; baseline 0.009 -16"><span class='ocrx_word' id='word_1_651' title='bbox 2113 3935 2215 3990; x_wconf 92' lang='lat' dir='ltr'><strong>lius</strong></span> <span class='ocrx_word' id='word_1_652' title='bbox 2275 3936 2391 4006; x_wconf 90' lang='lat' dir='ltr'><strong>ipse</strong></span> <span class='ocrx_word' id='word_1_653' title='bbox 2449 3936 2499 3989; x_wconf 93' lang='lat' dir='ltr'><strong>in</strong></span> <span class='ocrx_word' id='word_1_654' title='bbox 2568 3935 2993 4005; x_wconf 85' lang='lat' dir='ltr'><strong>Philippolitano</strong></span> <span class='ocrx_word' id='word_1_655' title='bbox 3054 3938 3381 3997; x_wconf 86' lang='lat' dir='ltr'><strong>Arianorum</strong></span> <span class='ocrx_word' id='word_1_656' title='bbox 3441 3959 3714 4005; x_wconf 89' lang='lat' dir='ltr'><strong>conventu</strong></span> 
     </span>
    </p>
   </div>
   <div class='ocr_carea' id='block_1_86' title="bbox 2112 4026 3712 4101">
    <p class='ocr_par' dir='ltr' id='par_1_86' title="bbox 2112 4026 3712 4101">
     <span class='ocr_line' id='line_1_86' title="bbox 2112 4026 3712 4101; baseline 0.009 -19"><span class='ocrx_word' id='word_1_657' title='bbox 2112 4026 2402 4083; x_wconf 68' lang='lat' dir='ltr'><strong>damnatus</strong></span> <span class='ocrx_word' id='word_1_658' title='bbox 2432 4030 2523 4093; x_wconf 83' lang='lat' dir='ltr'><strong>sit,</strong></span> <span class='ocrx_word' id='word_1_659' title='bbox 2550 4028 2693 4099; x_wconf 79' lang='lat' dir='ltr'><strong>quod</strong></span> <span class='ocrx_word' id='word_1_660' title='bbox 2722 4030 2923 4101; x_wconf 84' lang='lat' dir='ltr'><strong>primus</strong></span> <span class='ocrx_word' id='word_1_661' title='bbox 2943 4031 3167 4100; x_wconf 86' lang='lat' dir='ltr'><strong>januam</strong></span> <span class='ocrx_word' id='word_1_662' title='bbox 3207 4039 3583 4095; x_wconf 81' lang='lat' dir='ltr'><strong>communionis</strong></span> <span class='ocrx_word' id='word_1_663' title='bbox 3606 4058 3712 4095; x_wconf 84' lang='lat' dir='ltr'><strong>sce-</strong></span> 
     </span>
    </p>
   </div>
   <div class='ocr_carea' id='block_1_87' title="bbox 2111 4120 3713 4205">
    <p class='ocr_par' dir='ltr' id='par_1_87' title="bbox 2111 4120 3713 4205">
     <span class='ocr_line' id='line_1_87' title="bbox 2111 4120 3713 4205; baseline 0.009 -30"><span class='ocrx_word' id='word_1_664' title='bbox 2111 4120 2285 4175; x_wconf 86' lang='lat' dir='ltr'><strong>leratis</strong></span> <span class='ocrx_word' id='word_1_665' title='bbox 2326 4132 2480 4188; x_wconf 85' lang='lat' dir='ltr'><strong>atque</strong></span> <span class='ocrx_word' id='word_1_666' title='bbox 2506 4120 2765 4176; x_wconf 85' lang='lat' dir='ltr'><strong>damnatis</strong></span> <span class='ocrx_word' id='word_1_667' title='bbox 2795 4124 3019 4189; x_wconf 86' lang='lat' dir='ltr'><strong>aperuit,</strong></span> <span class='ocrx_word' id='word_1_668' title='bbox 3065 4128 3363 4199; x_wconf 72' lang='lat' dir='ltr'><strong>scelerisque</strong></span> <span class='ocrx_word' id='word_1_669' title='bbox 3404 4131 3606 4187; x_wconf 84' lang='lat' dir='ltr'><strong>aditum</strong></span> <span class='ocrx_word' id='word_1_670' title='bbox 3636 4138 3713 4205; x_wconf 76' lang='lat' dir='ltr'><strong>fe-</strong></span> 
     </span>
    </p>
   </div>
   <div class='ocr_carea' id='block_1_88' title="bbox 2113 4208 3713 4289">
    <p class='ocr_par' dir='ltr' id='par_1_88' title="bbox 2113 4208 3713 4289">
     <span class='ocr_line' id='line_1_88' title="bbox 2113 4208 3713 4289; baseline 0.01 -25"><span class='ocrx_word' id='word_1_671' title='bbox 2113 4213 2178 4264; x_wconf 87' lang='lat' dir='ltr'><strong>cit</strong></span> <span class='ocrx_word' id='word_1_672' title='bbox 2218 4208 2286 4265; x_wconf 89' lang='lat' dir='ltr'><strong>ad</strong></span> <span class='ocrx_word' id='word_1_673' title='bbox 2322 4212 2619 4266; x_wconf 83' lang='lat' dir='ltr'><strong>solvendum</strong></span> <span class='ocrx_word' id='word_1_674' title='bbox 2631 4215 2761 4285; x_wconf 87' lang='lat' dir='ltr'><strong>jura</strong></span> <span class='ocrx_word' id='word_1_675' title='bbox 2798 4212 2996 4267; x_wconf 85' lang='lat' dir='ltr'><strong>divina.</strong></span> <span class='ocrx_word' id='word_1_676' title='bbox 3041 4214 3227 4271; x_wconf 90' lang='lat' dir='ltr'><strong>Liceat</strong></span> <span class='ocrx_word' id='word_1_677' title='bbox 3257 4219 3418 4289; x_wconf 80' lang='lat' dir='ltr'><strong>igitur</strong></span> <span class='ocrx_word' id='word_1_678' title='bbox 3448 4224 3575 4277; x_wconf 85' lang='lat' dir='ltr'><strong>mihi</strong></span> <span class='ocrx_word' id='word_1_679' title='bbox 3609 4224 3713 4281; x_wconf 85' lang='lat' dir='ltr'><strong>hoc</strong></span> 
     </span>
    </p>
   </div>
   <div class='ocr_carea' id='block_1_89' title="bbox 2114 4303 3715 4384">
    <p class='ocr_par' dir='ltr' id='par_1_89' title="bbox 2114 4303 3715 4384">
     <span class='ocr_line' id='line_1_89' title="bbox 2114 4303 3715 4384; baseline 0.01 -27"><span class='ocrx_word' id='word_1_680' title='bbox 2114 4303 2234 4358; x_wconf 92' lang='lat' dir='ltr'><strong>loco</strong></span> <span class='ocrx_word' id='word_1_681' title='bbox 2284 4320 2405 4359; x_wconf 93' lang='lat' dir='ltr'><strong>cum</strong></span> <span class='ocrx_word' id='word_1_682' title='bbox 2458 4305 2792 4377; x_wconf 81' lang='lat' dir='ltr'><strong>Hieronymo</strong></span> <span class='ocrx_word' id='word_1_683' title='bbox 2840 4308 3064 4371; x_wconf 87' lang='lat' dir='ltr'><strong>mirari,</strong></span> <span class='ocrx_word' id='word_1_684' title='bbox 3111 4313 3366 4380; x_wconf 88' lang='lat' dir='ltr'><strong>quomodo</strong></span> <span class='ocrx_word' id='word_1_685' title='bbox 3424 4317 3715 4384; x_wconf 83' lang='lat' dir='ltr'><strong>probaverit</strong></span> 
     </span>
    </p>
   </div>
   <div class='ocr_carea' id='block_1_90' title="bbox 2113 4396 3712 4481">
    <p class='ocr_par' dir='ltr' id='par_1_90' title="bbox 2113 4396 3712 4481">
     <span class='ocr_line' id='line_1_90' title="bbox 2113 4396 3712 4481; baseline 0.008 -30"><span class='ocrx_word' id='word_1_686' title='bbox 2113 4396 2324 4461; x_wconf 76' lang='grc' dir='ltr'>ΙΤΑιιΑ,</span> <span class='ocrx_word' id='word_1_687' title='bbox 2354 4397 2491 4463; x_wconf 86' lang='lat' dir='ltr'><strong>quod</strong></span> <span class='ocrx_word' id='word_1_688' title='bbox 2539 4396 2698 4451; x_wconf 78' lang='lat' dir='ltr'><strong>Routt</strong></span> <span class='ocrx_word' id='word_1_689' title='bbox 2735 4403 3062 4470; x_wconf 84' lang='lat' dir='ltr'><strong>contempsit,</strong></span> <span class='ocrx_word' id='word_1_690' title='bbox 3108 4404 3335 4474; x_wconf 78' lang='lat' dir='ltr'><strong>episcopi</strong></span> <span class='ocrx_word' id='word_1_691' title='bbox 3376 4411 3712 4481; x_wconf 84' lang='lat' dir='ltr'><strong>susceperint,</strong></span> 
     </span>
    </p>
   </div>
   <div class='ocr_carea' id='block_1_91' title="bbox 2113 4488 3715 4565">
    <p class='ocr_par' dir='ltr' id='par_1_91' title="bbox 2113 4488 3715 4565">
     <span class='ocr_line' id='line_1_91' title="bbox 2113 4488 3715 4565; baseline 0.009 -22"><span class='ocrx_word' id='word_1_692' title='bbox 2113 4488 2248 4559; x_wconf 86' lang='lat' dir='ltr'><strong>quod</strong></span> <span class='ocrx_word' id='word_1_693' title='bbox 2277 4490 2419 4544; x_wconf 84' lang='lat' dir='ltr'><strong>sedes</strong></span> <span class='ocrx_word' id='word_1_694' title='bbox 2450 4490 2739 4560; x_wconf 89' lang='lat' dir='ltr'><strong>apostolica</strong></span> <span class='ocrx_word' id='word_1_695' title='bbox 2786 4492 3140 4547; x_wconf 86' lang='lat' dir='ltr'><strong>condemnavit</strong></span> <span class='ocrx_word' id='word_1_696' title='bbox 3170 4494 3260 4565; x_wconf 79' lang='grc' dir='ltr'><strong>(ε).</strong></span> <span class='ocrx_word' id='word_1_697' title='bbox 3296 4496 3366 4551; x_wconf 87' lang='lat' dir='ltr'><strong>At</strong></span> <span class='ocrx_word' id='word_1_698' title='bbox 3396 4514 3464 4554; x_wconf 92' lang='lat' dir='ltr'><strong>ne</strong></span> <span class='ocrx_word' id='word_1_699' title='bbox 3498 4503 3550 4556; x_wconf 91' lang='lat' dir='ltr'><strong>in</strong></span> <span class='ocrx_word' id='word_1_700' title='bbox 3593 4504 3715 4558; x_wconf 84' lang='lat' dir='ltr'><strong>ani-</strong></span> 
     </span>
    </p>
   </div>
   <div class='ocr_carea' id='block_1_92' title="bbox 404 4580 3715 4665">
    <p class='ocr_par' dir='ltr' id='par_1_92' title="bbox 404 4580 3715 4665">
     <span class='ocr_line' id='line_1_92' title="bbox 404 4580 3715 4665; baseline 0.001 -14"><span class='ocrx_word' id='word_1_701' title='bbox 404 4598 481 4653; x_wconf 88' lang='lat' dir='ltr'><strong>lio</strong></span> <span class='ocrx_word' id='word_1_702' title='bbox 515 4597 630 4653; x_wconf 52' lang='lat' dir='ltr'><strong>haec</strong></span> <span class='ocrx_word' id='word_1_703' title='bbox 654 4597 969 4665; x_wconf 85' lang='lat' dir='ltr'><strong>scripsisse,</strong></span> <span class='ocrx_word' id='word_1_704' title='bbox 1018 4580 1309 4663; x_wconf 81' lang='lat' dir='ltr'><strong>antequam</strong></span> <span class='ocrx_word' id='word_1_705' title='bbox 1343 4591 1586 4645; x_wconf 89' lang='lat' dir='ltr'><strong>Romano</strong></span> <span class='ocrx_word' id='word_1_706' title='bbox 1616 4590 1796 4644; x_wconf 90' lang='lat' dir='ltr'><strong>itineri</strong></span> <span class='ocrx_word' id='word_1_707' title='bbox 1826 4604 1885 4642; x_wconf 88' lang='lat' dir='ltr'><strong>se</strong></span> <span class='ocrx_word' id='word_1_708' title='bbox 1915 4587 2010 4641; x_wconf 89' lang='lat' dir='ltr'><strong>da-</strong></span> <span class='ocrx_word' id='word_1_709' title='bbox 2037 4582 2089 4649; x_wconf 78' lang='grc' dir='ltr'><strong>Β</strong></span> <span class='ocrx_word' id='word_1_710' title='bbox 2115 4598 2260 4637; x_wconf 88' lang='lat' dir='ltr'><strong>mum</strong></span> <span class='ocrx_word' id='word_1_711' title='bbox 2310 4599 2486 4637; x_wconf 90' lang='lat' dir='ltr'><strong>meum</strong></span> <span class='ocrx_word' id='word_1_712' title='bbox 2540 4582 2810 4646; x_wconf 91' lang='lat' dir='ltr'><strong>inducam,</strong></span> <span class='ocrx_word' id='word_1_713' title='bbox 2849 4593 2908 4638; x_wconf 95' lang='lat' dir='ltr'><strong>ut</strong></span> <span class='ocrx_word' id='word_1_714' title='bbox 2958 4585 3060 4639; x_wconf 87' lang='lat' dir='ltr'><strong>ltoc</strong></span> <span class='ocrx_word' id='word_1_715' title='bbox 3101 4587 3169 4641; x_wconf 90' lang='lat' dir='ltr'><strong>de</strong></span> <span class='ocrx_word' id='word_1_716' title='bbox 3205 4591 3496 4649; x_wconf 86' lang='lat' dir='ltr'><strong>Ambrosio</strong></span> <span class='ocrx_word' id='word_1_717' title='bbox 3528 4598 3715 4653; x_wconf 85' lang='lat' dir='ltr'><strong>existi-</strong></span> 
     </span>
    </p>
   </div>
   <div class='ocr_carea' id='block_1_93' title="bbox 404 4683 2010 4761">
    <p class='ocr_par' dir='ltr' id='par_1_93' title="bbox 404 4683 2010 4761">
     <span class='ocr_line' id='line_1_93' title="bbox 404 4683 2010 4761; baseline -0.009 -12"><span class='ocrx_word' id='word_1_718' title='bbox 404 4702 531 4757; x_wconf 71' lang='grc' dir='ltr'>πει,</span> <span class='ocrx_word' id='word_1_719' title='bbox 581 4693 669 4747; x_wconf 80' lang='lat' dir='ltr'><strong>vix</strong></span> <span class='ocrx_word' id='word_1_720' title='bbox 711 4691 841 4746; x_wconf 89' lang='lat' dir='ltr'><strong>mihi</strong></span> <span class='ocrx_word' id='word_1_721' title='bbox 888 4689 1217 4761; x_wconf 88' lang='lat' dir='ltr'><strong>persuadere</strong></span> <span class='ocrx_word' id='word_1_722' title='bbox 1264 4686 1509 4756; x_wconf 89' lang='lat' dir='ltr'><strong>poteris,</strong></span> <span class='ocrx_word' id='word_1_723' title='bbox 1557 4685 1638 4739; x_wconf 87' lang='lat' dir='ltr'><strong>vel</strong></span> <span class='ocrx_word' id='word_1_724' title='bbox 1689 4683 1765 4739; x_wconf 93' lang='lat' dir='ltr'><strong>illi</strong></span> <span class='ocrx_word' id='word_1_725' title='bbox 1799 4690 2010 4751; x_wconf 91' lang='lat' dir='ltr'><strong>tempus</strong></span> 
     </span>
    </p>
   </div>
   <div class='ocr_carea' id='block_1_94' title="bbox 404 4778 2008 4855">
    <p class='ocr_par' dir='ltr' id='par_1_94' title="bbox 404 4778 2008 4855">
     <span class='ocr_line' id='line_1_94' title="bbox 404 4778 2008 4855; baseline -0.009 -14"><span class='ocrx_word' id='word_1_726' title='bbox 404 4786 659 4841; x_wconf 83' lang='lat' dir='ltr'><strong>sufﬁcere</strong></span> <span class='ocrx_word' id='word_1_727' title='bbox 708 4786 966 4855; x_wconf 87' lang='lat' dir='ltr'><strong>potuisse,</strong></span> <span class='ocrx_word' id='word_1_728' title='bbox 998 4783 1082 4837; x_wconf 90' lang='lat' dir='ltr'><strong>vel</strong></span> <span class='ocrx_word' id='word_1_729' title='bbox 1133 4796 1221 4837; x_wconf 91' lang='lat' dir='ltr'><strong>res</strong></span> <span class='ocrx_word' id='word_1_730' title='bbox 1262 4786 1438 4833; x_wconf 89' lang='lat' dir='ltr'><strong>tantas</strong></span> <span class='ocrx_word' id='word_1_731' title='bbox 1484 4778 1646 4832; x_wconf 80' lang='lat' dir='ltr'><strong>fuisse</strong></span> <span class='ocrx_word' id='word_1_732' title='bbox 1697 4790 2008 4846; x_wconf 83' lang='lat' dir='ltr'><strong>aggressum</strong></span> 
     </span>
    </p>
   </div>
   <div class='ocr_carea' id='block_1_95' title="bbox 406 4879 2011 4950">
    <p class='ocr_par' dir='ltr' id='par_1_95' title="bbox 406 4879 2011 4950">
     <span class='ocr_line' id='line_1_95' title="bbox 406 4879 2011 4950; baseline -0.009 -14"><span class='ocrx_word' id='word_1_733' title='bbox 406 4882 587 4936; x_wconf 85' lang='lat' dir='ltr'><strong>itineri</strong></span> <span class='ocrx_word' id='word_1_734' title='bbox 613 4879 839 4950; x_wconf 85' lang='lat' dir='ltr'><strong>jamjam</strong></span> <span class='ocrx_word' id='word_1_735' title='bbox 869 4886 1113 4949; x_wconf 86' lang='lat' dir='ltr'><strong>paratum</strong></span> <span class='ocrx_word' id='word_1_736' title='bbox 1139 4918 1152 4941; x_wconf 95' lang='lat'><strong>,</strong></span> <span class='ocrx_word' id='word_1_737' title='bbox 1205 4886 1367 4946; x_wconf 87' lang='lat' dir='ltr'><strong>atque</strong></span> <span class='ocrx_word' id='word_1_738' title='bbox 1396 4889 1425 4927; x_wconf 93' lang='lat' dir='ltr'><strong>e</strong></span> <span class='ocrx_word' id='word_1_739' title='bbox 1455 4886 1750 4941; x_wconf 87' lang='lat' dir='ltr'><strong>conspectu</strong></span> <span class='ocrx_word' id='word_1_740' title='bbox 1781 4884 2011 4941; x_wconf 84' lang='lat' dir='ltr'><strong>genera-</strong></span> 
     </span>
    </p>
   </div>
   <div class='ocr_carea' id='block_1_96' title="bbox 408 4961 2012 5044">
    <p class='ocr_par' dir='ltr' id='par_1_96' title="bbox 408 4961 2012 5044">
     <span class='ocr_line' id='line_1_96' title="bbox 408 4961 2012 5044; baseline -0.008 -16"><span class='ocrx_word' id='word_1_741' title='bbox 408 4974 479 5029; x_wconf 82' lang='lat' dir='ltr'><strong>lis</strong></span> <span class='ocrx_word' id='word_1_742' title='bbox 522 4973 717 5044; x_wconf 76' lang='lat' dir='ltr'><strong>synodi</strong></span> <span class='ocrx_word' id='word_1_743' title='bbox 762 4972 946 5026; x_wconf 74' lang='lat' dir='ltr'><strong>Roma:</strong></span> <span class='ocrx_word' id='word_1_744' title='bbox 1000 4969 1315 5039; x_wconf 82' lang='lat' dir='ltr'><strong>propediem</strong></span> <span class='ocrx_word' id='word_1_745' title='bbox 1364 4964 1580 5021; x_wconf 59' lang='lat' dir='ltr'><strong>futurae.</strong></span> <span class='ocrx_word' id='word_1_746' title='bbox 1616 4964 1821 5020; x_wconf 81' lang='lat' dir='ltr'><strong>Deinde</strong></span> <span class='ocrx_word' id='word_1_747' title='bbox 1869 4961 2012 5016; x_wconf 89' lang='lat' dir='ltr'><strong>unde</strong></span> 
     </span>
    </p>
   </div>
   <div class='ocr_carea' id='block_1_97' title="bbox 406 5059 2011 5132">
    <p class='ocr_par' dir='ltr' id='par_1_97' title="bbox 406 5059 2011 5132">
     <span class='ocr_line' id='line_1_97' title="bbox 406 5059 2011 5132; baseline -0.007 -8"><span class='ocrx_word' id='word_1_748' title='bbox 406 5067 503 5124; x_wconf 76' lang='lat' dir='ltr'><strong>itte</strong></span> <span class='ocrx_word' id='word_1_749' title='bbox 549 5068 871 5128; x_wconf 82' lang='lat' dir='ltr'><strong>resciverat,</strong></span> <span class='ocrx_word' id='word_1_750' title='bbox 902 5064 1207 5120; x_wconf 86' lang='lat' dir='ltr'><strong>Orientales</strong></span> <span class='ocrx_word' id='word_1_751' title='bbox 1236 5077 1357 5117; x_wconf 91' lang='lat' dir='ltr'><strong>eam</strong></span> <span class='ocrx_word' id='word_1_752' title='bbox 1386 5060 1694 5132; x_wconf 88' lang='lat' dir='ltr'><strong>generalem</strong></span> <span class='ocrx_word' id='word_1_753' title='bbox 1743 5059 2011 5129; x_wconf 88' lang='lat' dir='ltr'><strong>synodum</strong></span> 
     </span>
    </p>
   </div>
   <div class='ocr_carea' id='block_1_98' title="bbox 407 5150 2016 5225">
    <p class='ocr_par' dir='ltr' id='par_1_98' title="bbox 407 5150 2016 5225">
     <span class='ocr_line' id='line_1_98' title="bbox 407 5150 2016 5225; baseline -0.007 -10"><span class='ocrx_word' id='word_1_754' title='bbox 407 5160 746 5215; x_wconf 74' lang='lat' dir='ltr'><strong>declineoisse</strong></span> <span class='ocrx_word' id='word_1_755' title='bbox 770 5200 785 5225; x_wconf 93' lang='lat'><strong>,</strong></span> <span class='ocrx_word' id='word_1_756' title='bbox 829 5168 887 5212; x_wconf 84' lang='lat' dir='ltr'><strong>ut</strong></span> <span class='ocrx_word' id='word_1_757' title='bbox 932 5157 1033 5212; x_wconf 87' lang='lat' dir='ltr'><strong>hoc</strong></span> <span class='ocrx_word' id='word_1_758' title='bbox 1065 5154 1173 5210; x_wconf 85' lang='lat' dir='ltr'><strong>illis</strong></span> <span class='ocrx_word' id='word_1_759' title='bbox 1219 5155 1350 5210; x_wconf 84' lang='lat' dir='ltr'><strong>vitio</strong></span> <span class='ocrx_word' id='word_1_760' title='bbox 1386 5153 1661 5208; x_wconf 85' lang='lat' dir='ltr'><strong>verteret?</strong></span> <span class='ocrx_word' id='word_1_761' title='bbox 1706 5152 1809 5215; x_wconf 84' lang='lat' dir='ltr'><strong>At,</strong></span> <span class='ocrx_word' id='word_1_762' title='bbox 1844 5150 2016 5221; x_wconf 91' lang='lat' dir='ltr'><strong>inquit</strong></span> 
     </span>
    </p>
   </div>
   <div class='ocr_carea' id='block_1_99' title="bbox 408 5244 2015 5320">
    <p class='ocr_par' dir='ltr' id='par_1_99' title="bbox 408 5244 2015 5320">
     <span class='ocr_line' id='line_1_99' title="bbox 408 5244 2015 5320; baseline -0.007 -12"><span class='ocrx_word' id='word_1_763' title='bbox 408 5251 834 5318; x_wconf 72' lang='lat' dir='ltr'><strong>Tillemontius,</strong></span> <span class='ocrx_word' id='word_1_764' title='bbox 887 5249 996 5320; x_wconf 79' lang='lat' dir='ltr'><strong>jam</strong></span> <span class='ocrx_word' id='word_1_765' title='bbox 1066 5258 1223 5303; x_wconf 85' lang='lat' dir='ltr'><strong>antea</strong></span> <span class='ocrx_word' id='word_1_766' title='bbox 1280 5245 1623 5301; x_wconf 82' lang='lat' dir='ltr'><strong>intellexerat</strong></span> <span class='ocrx_word' id='word_1_767' title='bbox 1671 5244 1825 5309; x_wconf 90' lang='lat' dir='ltr'><strong>illos,</strong></span> <span class='ocrx_word' id='word_1_768' title='bbox 1879 5257 2015 5314; x_wconf 91' lang='lat' dir='ltr'><strong>quos</strong></span> 
     </span>
    </p>
   </div>
   <div class='ocr_carea' id='block_1_100' title="bbox 406 5337 2017 5414">
    <p class='ocr_par' dir='ltr' id='par_1_100' title="bbox 406 5337 2017 5414">
     <span class='ocr_line' id='line_1_100' title="bbox 406 5337 2017 5414; baseline -0.007 -15"><span class='ocrx_word' id='word_1_769' title='bbox 406 5350 731 5414; x_wconf 75' lang='lat' dir='ltr'><strong>oportuerat</strong></span> <span class='ocrx_word' id='word_1_770' title='bbox 768 5342 1071 5397; x_wconf 86' lang='lat' dir='ltr'><strong>Romanum</strong></span> <span class='ocrx_word' id='word_1_771' title='bbox 1099 5343 1203 5395; x_wconf 84' lang='lat' dir='ltr'><strong>iter</strong></span> <span class='ocrx_word' id='word_1_772' title='bbox 1228 5352 1510 5411; x_wconf 78' lang='lat' dir='ltr'><strong>aggressos</strong></span> <span class='ocrx_word' id='word_1_773' title='bbox 1562 5352 1714 5404; x_wconf 89' lang='lat' dir='ltr'><strong>esse,</strong></span> <span class='ocrx_word' id='word_1_774' title='bbox 1750 5337 2017 5391; x_wconf 88' lang='lat' dir='ltr'><strong>Constan-</strong></span> 
     </span>
    </p>
   </div>
   <div class='ocr_carea' id='block_1_101' title="bbox 409 5428 2014 5508">
    <p class='ocr_par' dir='ltr' id='par_1_101' title="bbox 409 5428 2014 5508">
     <span class='ocr_line' id='line_1_101' title="bbox 409 5428 2014 5508; baseline -0.007 -13"><span class='ocrx_word' id='word_1_775' title='bbox 409 5439 641 5508; x_wconf 75' lang='lat' dir='ltr'><strong>tinopoli</strong></span> <span class='ocrx_word' id='word_1_776' title='bbox 676 5436 1016 5501; x_wconf 81' lang='lat' dir='ltr'><strong>substitisse,</strong></span> <span class='ocrx_word' id='word_1_777' title='bbox 1065 5449 1125 5490; x_wconf 91' lang='lat' dir='ltr'><strong>ac</strong></span> <span class='ocrx_word' id='word_1_778' title='bbox 1170 5432 1436 5506; x_wconf 82' lang='lat' dir='ltr'><strong>synodum</strong></span> <span class='ocrx_word' id='word_1_779' title='bbox 1483 5448 1635 5487; x_wconf 88' lang='lat' dir='ltr'><strong>suam</strong></span> <span class='ocrx_word' id='word_1_780' title='bbox 1686 5428 1863 5487; x_wconf 88' lang='lat' dir='ltr'><strong>media</strong></span> <span class='ocrx_word' id='word_1_781' title='bbox 1902 5429 2014 5500; x_wconf 88' lang='lat' dir='ltr'><strong>jam</strong></span> 
     </span>
    </p>
   </div>
   <div class='ocr_carea' id='block_1_102' title="bbox 484 5573 1008 5644">
    <p class='ocr_par' dir='ltr' id='par_1_102' title="bbox 484 5573 1008 5644">
     <span class='ocr_line' id='line_1_102' title="bbox 484 5573 1008 5644; baseline -0.004 -16"><span class='ocrx_word' id='word_1_782' title='bbox 484 5576 566 5644; x_wconf 83' lang='grc' dir='ltr'><strong>(α)</strong></span> <span class='ocrx_word' id='word_1_783' title='bbox 606 5573 731 5627; x_wconf 66' lang='grc' dir='ltr'>νὶιι.</span> <span class='ocrx_word' id='word_1_784' title='bbox 765 5589 884 5643; x_wconf 85' lang='lat' dir='ltr'><strong>cap.</strong></span> <span class='ocrx_word' id='word_1_785' title='bbox 918 5574 1008 5628; x_wconf 74' lang='grc'><strong>20.</strong></span> 
     </span>
    </p>
   </div>
   <div class='ocr_carea' id='block_1_103' title="bbox 485 5642 1502 5716">
    <p class='ocr_par' dir='ltr' id='par_1_103' title="bbox 485 5642 1502 5716">
     <span class='ocr_line' id='line_1_103' title="bbox 485 5642 1502 5716; baseline -0.004 -17"><span class='ocrx_word' id='word_1_786' title='bbox 485 5642 563 5716; x_wconf 79' lang='lat' dir='ltr'><strong>(b)</strong></span> <span class='ocrx_word' id='word_1_787' title='bbox 605 5646 769 5699; x_wconf 84' lang='lat' dir='ltr'><strong>Basil.</strong></span> <span class='ocrx_word' id='word_1_788' title='bbox 802 5642 964 5715; x_wconf 81' lang='lat' dir='ltr'><strong>epist.</strong></span> <span class='ocrx_word' id='word_1_789' title='bbox 993 5642 1101 5700; x_wconf 66' lang='lat'><strong>265</strong></span> <span class='ocrx_word' id='word_1_790' title='bbox 1138 5660 1201 5700; x_wconf 84' lang='lat' dir='ltr'><strong>ex</strong></span> <span class='ocrx_word' id='word_1_791' title='bbox 1234 5643 1339 5698; x_wconf 83' lang='lat' dir='ltr'><strong>BB.</strong></span> <span class='ocrx_word' id='word_1_792' title='bbox 1374 5644 1502 5698; x_wconf 86' lang='lat' dir='ltr'><strong>edit.</strong></span> 
     </span>
    </p>
   </div>
   <div class='ocr_carea' id='block_1_104' title="bbox 487 5713 1586 5785">
    <p class='ocr_par' dir='ltr' id='par_1_104' title="bbox 487 5713 1586 5785">
     <span class='ocr_line' id='line_1_104' title="bbox 487 5713 1586 5785; baseline -0.004 -16"><span class='ocrx_word' id='word_1_793' title='bbox 487 5713 563 5785; x_wconf 75' lang='lat' dir='ltr'><strong>lc)</strong></span> <span class='ocrx_word' id='word_1_794' title='bbox 609 5719 777 5785; x_wconf 76' lang='lat' dir='ltr'><strong>Epist.</strong></span> <span class='ocrx_word' id='word_1_795' title='bbox 812 5713 884 5780; x_wconf 68' lang='grc'>2,</span> <span class='ocrx_word' id='word_1_796' title='bbox 913 5717 1054 5785; x_wconf 87' lang='lat' dir='ltr'><strong>apud</strong></span> <span class='ocrx_word' id='word_1_797' title='bbox 1085 5717 1365 5769; x_wconf 76' lang='lat' dir='ltr'><strong>Constant.</strong></span> <span class='ocrx_word' id='word_1_798' title='bbox 1395 5759 1409 5781; x_wconf 88' lang='lat'><strong>,</strong></span> <span class='ocrx_word' id='word_1_799' title='bbox 1445 5726 1498 5767; x_wconf 86' lang='lat' dir='ltr'><strong>tt.</strong></span> <span class='ocrx_word' id='word_1_800' title='bbox 1532 5713 1586 5766; x_wconf 63' lang='grc' dir='ltr'><strong>ἓ.</strong></span> 
     </span>
    </p>
   </div>
   <div class='ocr_carea' id='block_1_105' title="bbox 487 5782 2026 5860">
    <p class='ocr_par' dir='ltr' id='par_1_105' title="bbox 487 5782 2026 5860">
     <span class='ocr_line' id='line_1_105' title="bbox 487 5782 2026 5860; baseline -0.005 -19"><span class='ocrx_word' id='word_1_801' title='bbox 487 5782 572 5860; x_wconf 82' lang='lat' dir='ltr'><strong>(d)</strong></span> <span class='ocrx_word' id='word_1_802' title='bbox 618 5782 690 5843; x_wconf 79' lang='lat' dir='ltr'><strong>lle</strong></span> <span class='ocrx_word' id='word_1_803' title='bbox 723 5782 1121 5843; x_wconf 49' lang='lat' dir='ltr'><strong>Ecelcsfltier.</strong></span> <span class='ocrx_word' id='word_1_804' title='bbox 1173 5787 1391 5857; x_wconf 87' lang='lat' dir='ltr'><strong>origin.,</strong></span> <span class='ocrx_word' id='word_1_805' title='bbox 1441 5802 1557 5856; x_wconf 81' lang='lat' dir='ltr'><strong>par.</strong></span> <span class='ocrx_word' id='word_1_806' title='bbox 1602 5799 1658 5848; x_wconf 89' lang='grc' dir='ltr'><strong>ιι,</strong></span> <span class='ocrx_word' id='word_1_807' title='bbox 1696 5782 1723 5853; x_wconf 83' lang='lat'>§</span> <span class='ocrx_word' id='word_1_808' title='bbox 1758 5783 1859 5847; x_wconf 78' lang='grc'>15,</span> <span class='ocrx_word' id='word_1_809' title='bbox 1905 5795 2026 5835; x_wconf 89' lang='lat' dir='ltr'><strong>cum</strong></span> 
     </span>
    </p>
   </div>
   <div class='ocr_carea' id='block_1_106' title="bbox 2116 4674 3714 4760">
    <p class='ocr_par' dir='ltr' id='par_1_106' title="bbox 2116 4674 3714 4760">
     <span class='ocr_line' id='line_1_106' title="bbox 2116 4674 3714 4760; baseline 0.011 -32"><span class='ocrx_word' id='word_1_810' title='bbox 2116 4691 2280 4741; x_wconf 89' lang='lat' dir='ltr'><strong>mem,</strong></span> <span class='ocrx_word' id='word_1_811' title='bbox 2312 4674 2438 4729; x_wconf 81' lang='lat' dir='ltr'><strong>facit</strong></span> <span class='ocrx_word' id='word_1_812' title='bbox 2469 4675 2636 4744; x_wconf 68' lang='lat' dir='ltr'><strong>ipsius</strong></span> <span class='ocrx_word' id='word_1_813' title='bbox 2664 4675 2935 4731; x_wconf 86' lang='lat' dir='ltr'><strong>Ambrosii</strong></span> <span class='ocrx_word' id='word_1_814' title='bbox 2977 4681 3296 4746; x_wconf 88' lang='lat' dir='ltr'><strong>auctoritas,</strong></span> <span class='ocrx_word' id='word_1_815' title='bbox 3327 4684 3415 4754; x_wconf 90' lang='lat' dir='ltr'><strong>qui</strong></span> <span class='ocrx_word' id='word_1_816' title='bbox 3446 4702 3511 4741; x_wconf 82' lang='lat' dir='ltr'><strong>ex</strong></span> <span class='ocrx_word' id='word_1_817' title='bbox 3542 4689 3714 4760; x_wconf 82' lang='lat' dir='ltr'><strong>Aqui-</strong></span> 
     </span>
    </p>
   </div>
   <div class='ocr_carea' id='block_1_107' title="bbox 2114 4767 3715 4841">
    <p class='ocr_par' dir='ltr' id='par_1_107' title="bbox 2114 4767 3715 4841">
     <span class='ocr_line' id='line_1_107' title="bbox 2114 4767 3715 4841; baseline 0.009 -18"><span class='ocrx_word' id='word_1_818' title='bbox 2114 4767 2303 4823; x_wconf 88' lang='lat' dir='ltr'><strong>leiensi</strong></span> <span class='ocrx_word' id='word_1_819' title='bbox 2337 4768 2569 4823; x_wconf 89' lang='lat' dir='ltr'><strong>concilio</strong></span> <span class='ocrx_word' id='word_1_820' title='bbox 2594 4769 2704 4839; x_wconf 84' lang='lat' dir='ltr'><strong>jant</strong></span> <span class='ocrx_word' id='word_1_821' title='bbox 2755 4784 2854 4824; x_wconf 93' lang='lat' dir='ltr'><strong>nos</strong></span> <span class='ocrx_word' id='word_1_822' title='bbox 2885 4770 3169 4838; x_wconf 86' lang='lat' dir='ltr'><strong>docuerat,</strong></span> <span class='ocrx_word' id='word_1_823' title='bbox 3202 4788 3231 4827; x_wconf 91' lang='lat' dir='ltr'><strong>a</strong></span> <span class='ocrx_word' id='word_1_824' title='bbox 3262 4773 3501 4834; x_wconf 87' lang='lat' dir='ltr'><strong>Romana</strong></span> <span class='ocrx_word' id='word_1_825' title='bbox 3532 4780 3715 4841; x_wconf 84' lang='lat' dir='ltr'><strong>Eccle-</strong></span> 
     </span>
    </p>
   </div>
   <div class='ocr_carea' id='block_1_108' title="bbox 2115 4864 3713 4953">
    <p class='ocr_par' dir='ltr' id='par_1_108' title="bbox 2115 4864 3713 4953">
     <span class='ocr_line' id='line_1_108' title="bbox 2115 4864 3713 4953; baseline 0.013 -36"><span class='ocrx_word' id='word_1_826' title='bbox 2115 4864 2193 4918; x_wconf 87' lang='lat' dir='ltr'><strong>sia</strong></span> <span class='ocrx_word' id='word_1_827' title='bbox 2223 4864 2510 4918; x_wconf 83' lang='lat' dir='ltr'><strong>veneranda</strong></span> <span class='ocrx_word' id='word_1_828' title='bbox 2535 4865 2588 4919; x_wconf 86' lang='lat' dir='ltr'><strong>in</strong></span> <span class='ocrx_word' id='word_1_829' title='bbox 2618 4883 2791 4921; x_wconf 78' lang='lat' dir='ltr'><strong>omnes</strong></span> <span class='ocrx_word' id='word_1_830' title='bbox 2814 4871 3190 4925; x_wconf 85' lang='lat' dir='ltr'><strong>communionis</strong></span> <span class='ocrx_word' id='word_1_831' title='bbox 3210 4874 3341 4944; x_wconf 88' lang='lat' dir='ltr'><strong>jura</strong></span> <span class='ocrx_word' id='word_1_832' title='bbox 3377 4894 3585 4935; x_wconf 81' lang='lat' dir='ltr'><strong>manare</strong></span> <span class='ocrx_word' id='word_1_833' title='bbox 3620 4882 3713 4953; x_wconf 86' lang='lat' dir='ltr'><strong>(f).</strong></span> 
     </span>
    </p>
   </div>
   <div class='ocr_carea' id='block_1_109' title="bbox 2188 4956 3712 5040">
    <p class='ocr_par' dir='ltr' id='par_1_109' title="bbox 2188 4956 3712 5040">
     <span class='ocr_line' id='line_1_109' title="bbox 2188 4956 3712 5040; baseline 0.012 -31"><span class='ocrx_word' id='word_1_834' title='bbox 2188 4956 2375 5027; x_wconf 80' lang='lat' dir='ltr'><strong>Sexto.</strong></span> <span class='ocrx_word' id='word_1_835' title='bbox 2417 4957 2539 5012; x_wconf 89' lang='lat' dir='ltr'><strong>Pari</strong></span> <span class='ocrx_word' id='word_1_836' title='bbox 2587 4959 2747 5013; x_wconf 89' lang='lat' dir='ltr'><strong>modo</strong></span> <span class='ocrx_word' id='word_1_837' title='bbox 2786 4961 2855 5015; x_wconf 89' lang='lat' dir='ltr'><strong>ob</strong></span> <span class='ocrx_word' id='word_1_838' title='bbox 2899 4962 3209 5019; x_wconf 89' lang='lat' dir='ltr'><strong>Nectariutn</strong></span> <span class='ocrx_word' id='word_1_839' title='bbox 3263 4968 3574 5040; x_wconf 81' lang='lat' dir='ltr'><strong>episcopum</strong></span> <span class='ocrx_word' id='word_1_840' title='bbox 3620 4989 3712 5027; x_wconf 85' lang='lat' dir='ltr'><strong>or-</strong></span> 
     </span>
    </p>
   </div>
   <div class='ocr_carea' id='block_1_110' title="bbox 2116 5048 3712 5133">
    <p class='ocr_par' dir='ltr' id='par_1_110' title="bbox 2116 5048 3712 5133">
     <span class='ocr_line' id='line_1_110' title="bbox 2116 5048 3712 5133; baseline 0.009 -26"><span class='ocrx_word' id='word_1_841' title='bbox 2116 5048 2357 5107; x_wconf 88' lang='lat' dir='ltr'><strong>dinatum</strong></span> <span class='ocrx_word' id='word_1_842' title='bbox 2382 5052 2586 5121; x_wconf 80' lang='lat' dir='ltr'><strong>rejecto</strong></span> <span class='ocrx_word' id='word_1_843' title='bbox 2618 5052 2873 5121; x_wconf 85' lang='lat' dir='ltr'><strong>Maximo,</strong></span> <span class='ocrx_word' id='word_1_844' title='bbox 2897 5070 3110 5128; x_wconf 90' lang='lat' dir='ltr'><strong>ruptam</strong></span> <span class='ocrx_word' id='word_1_845' title='bbox 3138 5060 3302 5117; x_wconf 89' lang='lat' dir='ltr'><strong>Italici</strong></span> <span class='ocrx_word' id='word_1_846' title='bbox 3327 5065 3563 5133; x_wconf 74' lang='lat' dir='ltr'><strong>episcopi</strong></span> <span class='ocrx_word' id='word_1_847' title='bbox 3592 5080 3712 5121; x_wconf 90' lang='lat' dir='ltr'><strong>cum</strong></span> 
     </span>
    </p>
   </div>
   <div class='ocr_carea' id='block_1_111' title="bbox 2116 5143 3717 5213">
    <p class='ocr_par' dir='ltr' id='par_1_111' title="bbox 2116 5143 3717 5213">
     <span class='ocr_line' id='line_1_111' title="bbox 2116 5143 3717 5213; baseline 0.008 -13"><span class='ocrx_word' id='word_1_848' title='bbox 2116 5143 2484 5200; x_wconf 88' lang='lat' dir='ltr'><strong>Orientalibus</strong></span> <span class='ocrx_word' id='word_1_849' title='bbox 2527 5148 2966 5210; x_wconf 80' lang='lat' dir='ltr'><strong>communionem</strong></span> <span class='ocrx_word' id='word_1_850' title='bbox 3006 5151 3369 5208; x_wconf 89' lang='lat' dir='ltr'><strong>denuntiant:</strong></span> <span class='ocrx_word' id='word_1_851' title='bbox 3412 5156 3717 5213; x_wconf 81' lang='lat' dir='ltr'><strong>Nectarium</strong></span> 
     </span>
    </p>
   </div>
   <div class='ocr_carea' id='block_1_112' title="bbox 2120 5241 3719 5321">
    <p class='ocr_par' dir='ltr' id='par_1_112' title="bbox 2120 5241 3719 5321">
     <span class='ocr_line' id='line_1_112' title="bbox 2120 5241 3719 5321; baseline 0.008 -29"><span class='ocrx_word' id='word_1_852' title='bbox 2120 5254 2236 5292; x_wconf 89' lang='lat' dir='ltr'><strong>cum</strong></span> <span class='ocrx_word' id='word_1_853' title='bbox 2268 5255 2433 5304; x_wconf 85' lang='lat' dir='ltr'><strong>nuper</strong></span> <span class='ocrx_word' id='word_1_854' title='bbox 2470 5250 2647 5294; x_wconf 84' lang='lat' dir='ltr'><strong>nostra</strong></span> <span class='ocrx_word' id='word_1_855' title='bbox 2677 5241 3009 5297; x_wconf 88' lang='lat' dir='ltr'><strong>mediocritas</strong></span> <span class='ocrx_word' id='word_1_856' title='bbox 3047 5244 3494 5314; x_wconf 84' lang='lat' dir='ltr'><strong>Constantinopoli</strong></span> <span class='ocrx_word' id='word_1_857' title='bbox 3529 5264 3719 5321; x_wconf 85' lang='lat' dir='ltr'><strong>cogno-</strong></span> 
     </span>
    </p>
   </div>
   <div class='ocr_carea' id='block_1_113' title="bbox 2119 5334 3719 5402">
    <p class='ocr_par' dir='ltr' id='par_1_113' title="bbox 2119 5334 3719 5402">
     <span class='ocr_line' id='line_1_113' title="bbox 2119 5334 3719 5402; baseline 0.008 -15"><span class='ocrx_word' id='word_1_858' title='bbox 2119 5334 2246 5387; x_wconf 85' lang='lat' dir='ltr'><strong>verit</strong></span> <span class='ocrx_word' id='word_1_859' title='bbox 2273 5350 2384 5388; x_wconf 88' lang='lat' dir='ltr'><strong>esse</strong></span> <span class='ocrx_word' id='word_1_860' title='bbox 2404 5335 2727 5402; x_wconf 88' lang='lat' dir='ltr'><strong>ordinatum,</strong></span> <span class='ocrx_word' id='word_1_861' title='bbox 2756 5338 3015 5391; x_wconf 77' lang='lat' dir='ltr'><strong>coltwrere</strong></span> <span class='ocrx_word' id='word_1_862' title='bbox 3054 5338 3461 5393; x_wconf 85' lang='lat' dir='ltr'><strong>communionem</strong></span> <span class='ocrx_word' id='word_1_863' title='bbox 3490 5352 3719 5399; x_wconf 87' lang='lat' dir='ltr'><strong>nostram</strong></span> 
     </span>
    </p>
   </div>
   <div class='ocr_carea' id='block_1_114' title="bbox 2123 5427 3725 5509">
    <p class='ocr_par' dir='ltr' id='par_1_114' title="bbox 2123 5427 3725 5509">
     <span class='ocr_line' id='line_1_114' title="bbox 2123 5427 3725 5509; baseline 0.006 -26"><span class='ocrx_word' id='word_1_864' title='bbox 2123 5445 2240 5483; x_wconf 87' lang='lat' dir='ltr'><strong>cum</strong></span> <span class='ocrx_word' id='word_1_865' title='bbox 2273 5427 2624 5483; x_wconf 85' lang='lat' dir='ltr'><strong>Orientalibus</strong></span> <span class='ocrx_word' id='word_1_866' title='bbox 2672 5446 2773 5483; x_wconf 90' lang='lat' dir='ltr'><strong>non</strong></span> <span class='ocrx_word' id='word_1_867' title='bbox 2804 5429 3104 5484; x_wconf 85' lang='lat' dir='ltr'><strong>videmus...</strong></span> <span class='ocrx_word' id='word_1_868' title='bbox 3149 5447 3241 5485; x_wconf 85' lang='lat' dir='ltr'><strong>nec</strong></span> <span class='ocrx_word' id='word_1_869' title='bbox 3275 5429 3527 5504; x_wconf 79' lang='lat' dir='ltr'><strong>videmus,</strong></span> <span class='ocrx_word' id='word_1_870' title='bbox 3574 5455 3725 5509; x_wconf 85' lang='lat' dir='ltr'><strong>posse</strong></span> 
     </span>
    </p>
   </div>
   <div class='ocr_carea' id='block_1_115' title="bbox 2125 5582 2278 5636">
    <p class='ocr_par' dir='ltr' id='par_1_115' title="bbox 2125 5582 2278 5636">
     <span class='ocr_line' id='line_1_115' title="bbox 2125 5582 2278 5636; baseline -0.026 -15"><span class='ocrx_word' id='word_1_871' title='bbox 2125 5582 2278 5636; x_wconf 86' lang='lat' dir='ltr'><strong>seqq.</strong></span> 
     </span>
    </p>
   </div>
   <div class='ocr_carea' id='block_1_116' title="bbox 2226 5656 2250 5689">
    <p class='ocr_par' dir='ltr' id='par_1_116' title="bbox 2226 5656 2250 5689">
     <span class='ocr_line' id='line_1_116' title="bbox 2226 5656 2250 5689; baseline 0 0"><span class='ocrx_word' id='word_1_872' title='bbox 2226 5656 2250 5689; x_wconf 72' lang='grc' dir='ltr'><strong>ε’</strong></span> 
     </span>
    </p>
   </div>
   <div class='ocr_carea' id='block_1_117' title="bbox 2200 5584 3287 5706">
    <p class='ocr_par' dir='ltr' id='par_1_117' title="bbox 2200 5584 3287 5706">
     <span class='ocr_line' id='line_1_117' title="bbox 2200 5584 3287 5706; baseline 0.005 -17"><span class='ocrx_word' id='word_1_873' title='bbox 2318 5637 2477 5705; x_wconf 84' lang='lat' dir='ltr'><strong>Apol.</strong></span> <span class='ocrx_word' id='word_1_874' title='bbox 2510 5636 2637 5692; x_wconf 90' lang='lat' dir='ltr'><strong>adv.</strong></span> <span class='ocrx_word' id='word_1_875' title='bbox 2667 5628 2819 5702; x_wconf 61' lang='lat' dir='ltr'><strong>Ruﬁ,</strong></span> <span class='ocrx_word' id='word_1_876' title='bbox 2852 5624 2945 5692; x_wconf 90' lang='lat' dir='ltr'><strong>lib.</strong></span> <span class='ocrx_word' id='word_1_877' title='bbox 2982 5652 3076 5705; x_wconf 87' lang='lat' dir='ltr'><strong>tu,</strong></span> <span class='ocrx_word' id='word_1_878' title='bbox 3111 5655 3165 5694; x_wconf 88' lang='grc' dir='ltr'>ιι.</span> <span class='ocrx_word' id='word_1_879' title='bbox 3204 5643 3287 5699; x_wconf 76' lang='grc'><strong>15,</strong></span> 
     </span>
    </p>
   </div>
   <div class='ocr_carea' id='block_1_118' title="bbox 2202 5707 2976 5778">
    <p class='ocr_par' dir='ltr' id='par_1_118' title="bbox 2202 5707 2976 5778">
     <span class='ocr_line' id='line_1_118' title="bbox 2202 5707 2976 5778; baseline -0.001 -13"><span class='ocrx_word' id='word_1_880' title='bbox 2202 5709 2275 5778; x_wconf 68' lang='grc' dir='ltr'><strong>(Γ)</strong></span> <span class='ocrx_word' id='word_1_881' title='bbox 2321 5710 2487 5777; x_wconf 87' lang='lat' dir='ltr'><strong>Epist.</strong></span> <span class='ocrx_word' id='word_1_882' title='bbox 2527 5707 2592 5762; x_wconf 70' lang='grc'><strong>12</strong></span> <span class='ocrx_word' id='word_1_883' title='bbox 2622 5723 2685 5763; x_wconf 79' lang='lat' dir='ltr'><strong>ex</strong></span> <span class='ocrx_word' id='word_1_884' title='bbox 2714 5708 2819 5764; x_wconf 90' lang='lat' dir='ltr'><strong>BB.</strong></span> <span class='ocrx_word' id='word_1_885' title='bbox 2846 5710 2976 5765; x_wconf 87' lang='lat' dir='ltr'><strong>edit.</strong></span> 
     </span>
    </p>
   </div>
  </div>
