4138 6178
475 250 585 310 335

1644 236 1957 296 SANCTUS
1996 232 2321 292 DAMASUS
2362 232 2447 290 PA
2457 233 2539 289 PA
2552 274 2564 287 .

3678 227 3785 287 356

476 384 589 425 eam
610 365 761 421 aliter
785 360 1072 425 convenire,
1104 356 1205 413 nisi
1238 364 1327 411 aut
1356 356 1402 411 is
1442 354 1690 411 reddatur
1713 352 2076 409 Constantino-
2102 356 2156 418 Α
2181 360 2297 406 erat
2327 349 2585 405 Ecclesia:
2630 342 3008 409 Antiochense,
3048 357 3172 399 cum
3195 340 3466 399 Diodorus
3493 343 3778 402 Tarsensis

484 460 615 532 poli,
660 457 746 527 qui
778 455 919 523 prior
949 461 1020 505 est
1053 451 1348 514 ordinatus,
1388 457 1477 501 aut
1522 456 1655 501 certe
1680 463 1831 515 super
1863 444 2083 498 duorum

484 551 863 608 ordinationem
885 545 949 598 sit
977 545 1031 597 in
1058 542 1183 597 urbe
1210 540 1399 609 Roma,
1429 550 1682 607 nostrum,
1717 537 2086 592 Orientalium-

479 660 579 714 que
608 639 910 695 concilium.
940 636 1178 690 Primum
1208 643 1389 689 autem
1416 633 1505 686 vix
1528 645 1782 700 umquam
1815 628 1956 683 dabo
1982 640 2083 696 ego

482 736 599 792 haec
622 732 789 789 scribi
812 731 1054 802 pntuisse
1085 729 1152 783 ab
1176 728 1345 783 Italia:
1367 727 1660 780 vicariatus
1682 721 1976 794 episeopis,
2001 719 2085 774 in-

481 828 756 893 consulto,
792 840 855 879 ac
889 831 1225 893 repugnante
1267 821 1517 875 Romano
1560 818 1840 888 episcopo,
1874 815 1959 869 cui
1994 828 2087 881 pa-

482 922 696 979 rebant.
730 918 935 973 Deinde
973 917 1164 970 falsum
1211 928 1332 969 esse
1359 926 1546 966 assero
1579 921 1788 979 ruptam
1830 919 2084 976 umquam

482 1017 650 1072 fuisse
681 1011 1066 1069 Occidentales
1116 1011 1261 1063 inter
1293 1019 1345 1063 et
1396 1006 1704 1061 Orientales
1740 1000 2084 1058 communio-

484 1124 607 1164 nem
666 1106 736 1161 ob
793 1103 1027 1159 Nectarii
1079 1109 1268 1156 contra
1319 1099 1607 1154 Maximum
1651 1092 2083 1157 ordinationem;

482 1212 644 1271 atque
673 1200 723 1253 in
751 1206 939 1267 aperto
967 1202 1191 1265 ponunt,
1228 1193 1280 1247 ni
1307 1192 1487 1257 fallor,
1514 1186 1807 1245 Sozomeni
1836 1201 1899 1241 ac
1922 1185 2087 1240 Boni-

484 1291 605 1347 facii
638 1305 788 1361 papte
813 1287 1120 1345 testimonia
1159 1302 1171 1336 :
1206 1286 1343 1339 alter
1370 1282 1515 1338 enim
1545 1297 1703 1335 unam
1746 1288 1949 1333 tantum
1978 1275 2086 1331 orti

482 1386 625 1441 inter
656 1396 941 1453 utramque
972 1396 1191 1436 causam
1213 1377 1425 1433 dissidii
1456 1375 1722 1431 rationem
1751 1372 1931 1437 all‘ert,
1960 1371 2084 1425 Fla-

483 1478 627 1533 viani
654 1477 861 1532 scilicet
897 1476 1292 1544 episcopatum,
1321 1484 1493 1539 eaque
1523 1468 1590 1523 de
1618 1480 1782 1521 causa
1806 1465 2089 1519 dumtaxat

488 1570 800 1627 Orientales
853 1570 918 1625 ad
972 1568 1276 1622 Romanum
1333 1562 1627 1618 concilium
1684 1564 1940 1614 evocatos
1990 1556 2089 1611 do-

482 1674 570 1721 cet
604 1664 720 1735 (a);
751 1664 887 1718 alter
920 1677 1051 1717 vero
1086 1661 1201 1713 haec
1230 1658 1421 1714 scribit
1452 1673 1464 1709 :
1501 1654 1821 1709 Theodosius
1855 1651 2088 1706 Nectarii

2183 461 2305 501 eum
2365 460 2461 514 pro
2513 440 2767 498 Nectario
2815 449 3105 509 rogaturus
3161 426 3441 493 accessitl
3490 439 3775 495 Flavianos

2183 540 2327 595 enim
2358 538 2629 607 episcopus
2658 535 2963 590 Sozomeno
2991 543 3130 589 teste
3170 533 3470 589 indiculum
3497 534 3773 605 eligendo-

2183 648 2303 687 rum
2333 630 2631 699 componit.
2664 627 2976 684 Theodosio
3014 627 3333 695 imperatori
3358 627 3540 694 offert,
3580 644 3643 683 ac
3674 630 3779 697 pri-

2185 740 2301 780 mas
2348 724 2400 778 in
2439 722 2710 779 electione
2749 720 2989 776 Nectarii
3022 731 3205 790 partes
3232 722 3345 788 agit
3385 738 3397 773 :
3426 737 3494 776 an
3530 735 3663 776 vero
3693 721 3781 776 ille

2184 818 2454 888 episcopus
2494 816 2600 871 dici
2652 812 2821 885 potuit
2868 823 2994 868 ante
3046 827 3302 867 tnanuum
3352 812 3779 884 impositionem,

2186 918 2280 964 aut
2303 919 2429 963 tunc
2453 907 2624 962 divisa
2658 905 2981 975 episc0palis
3010 911 3248 974 potestas
3276 904 3327 959 in
3370 906 3670 974 duplicem,
3695 905 3785 975 ju-

2186 1000 2519 1057 risdictionis
2559 999 2768 1054 scilicet
2812 1008 2866 1054 et
2894 996 3122 1062 ordinis,
3180 1009 3236 1051 ut
3264 996 3376 1053 haec
3421 997 3496 1053 illi
3538 998 3783 1054 nondum

2187 1093 2439 1150 ordinato
2467 1092 2635 1148 licere
2679 1091 3016 1161 potuissent?
3058 1089 3174 1145 Non
3209 1090 3409 1160 itaque,
3436 1092 3577 1162 quod
3619 1092 3783 1163 hujus

2187 1187 2433 1258 epistolae
2463 1186 2695 1255 scriptor
2721 1183 2816 1250 ait,
2846 1183 3142 1237 Flavianus
3178 1182 3436 1249 Nectarii,
3467 1185 3559 1239 sed
3582 1184 3782 1241 Necta-

2187 1280 2302 1335 rins
2330 1279 2572 1335 Flaviani
2604 1294 2766 1349 opera
2797 1285 2853 1333 ct
2880 1278 3107 1333 consilio
3147 1278 3438 1349 episcopus
3464 1286 3551 1333 est
3576 1280 3783 1334 consti-

2189 1382 2355 1426 tutus.
2392 1372 2475 1426 Me
2517 1387 2622 1425 non
2673 1370 2806 1425 latet
2851 1370 3279 1436 Tillemontium,
3327 1371 3416 1438 qui
3464 1368 3785 1427 Flavianum

2190 1463 2658 1533 Constantinopoli
2692 1461 3053 1533 designatum,
3081 1460 3386 1517 Antiochia:
3417 1476 3546 1516 vero
3573 1461 3786 1517 ordina-

2190 1564 2303 1612 tum
2336 1567 2506 1625 putat,
2539 1554 2831 1611 Sozomeni
2873 1553 3171 1609 sollicitare
3210 1552 3369 1609 ﬁdem
3403 1553 3497 1625 (e).
3548 1555 3621 1609 At
3668 1554 3786 1626 ejus

2190 1650 2377 1720 opinio
2412 1649 2560 1704 nullo
2601 1664 2827 1720 prorsus
2875 1656 3012 1703 teste
3051 1648 3280 1713 nititur;
3309 1641 3563 1719 dictoque
3611 1649 3784 1705 Sozo-

483 1757 883 1821 ordinationem,
930 1764 1201 1824 prapterea
1243 1751 1381 1820 quod
1427 1749 1479 1803 in
1525 1758 1701 1807 nostra
1731 1748 1940 1801 notione
1983 1762 2086 1800 non
2113 1743 2165 1803 B
2192 1744 2337 1799 meni
2388 1743 2545 1799 ﬁdem
2594 1744 2788 1799 astruit
2833 1744 3081 1813 epistola,
3133 1758 3296 1813 quam
3336 1743 3636 1800 Orientales
3680 1746 3786 1801 Da-

481 1861 634 1917 esset,
669 1850 853 1903 habere
901 1864 1006 1901 non
1051 1846 1355 1900 existimans
1386 1843 1701 1913 ﬁrmitatem,
1750 1841 1918 1895 missis
1962 1840 2090 1893 ela—

479 1950 587 1998 tere
624 1942 808 1997 aulicis
848 1957 963 1994 cum
994 1939 1270 2009 episcOpis,
1301 1942 1579 2010 formatam
1606 1936 1725 1989 huic
1773 1952 1804 1988 a
1832 1934 1951 1989 sede
1981 1933 2088 1988 Ro-

478 2054 634 2093 mana
664 2037 821 2107 dirigi
851 2034 1155 2107 regulariter
1181 2033 1505 2105 depOposcit,
1547 2046 1663 2101 qua:
1693 2033 1808 2101 ejus
1847 2029 2088 2082 sacerdo-

480 2133 609 2186 tium
660 2133 922 2185 roboraret
962 2128 1082 2201 (b);
1134 2127 1277 2182 nulla
1318 2127 1499 2196 itaque
1531 2133 1755 2195 propter
1794 2123 2085 2178 Maximum

477 2224 747 2293 reiectum
786 2222 1039 2292 quaeStio,
1073 2230 1161 2272 aut
1212 2218 1499 2273 dissidium
1546 2232 1670 2272 cum
1717 2215 2087 2272 Orientalibus

480 2313 677 2381 fuerat,
714 2312 972 2381 nullaque
1012 2309 1413 2366 communionis
1454 2326 1519 2363 ex
1549 2325 1614 2364 eo
1642 2308 1819 2377 capite
1862 2309 2084 2362 abrum-

482 2406 675 2478 pendae
707 2420 869 2461 causa
902 2404 1130 2461 subesse
1156 2411 1385 2474 poterat.
1423 2402 1559 2458 llinc
1590 2402 1645 2458 in
1675 2402 1922 2457 Romano
1948 2416 2084 2457 con-

488 2500 618 2557 cilio
663 2514 786 2555 cum
826 2498 1017 2554 eodem
1066 2496 1319 2552 Nectario
1371 2495 1685 2550 communio
1736 2495 1920 2550 statim
1965 2508 2086 2548 sus-

480 2603 636 2665 cepta
665 2602 769 2658 est,
802 2592 1121 2647 Flavianum
1150 2606 1281 2646 vero
1309 2592 1377 2645 ab
1404 2589 1661 2643 omnibus
1688 2589 1951 2659 rejectum
1980 2588 2086 2644 sci-

484 2701 604 2741 mus
644 2699 903 2739 :summo
955 2682 1135 2752 itaque
1175 2682 1295 2751 jure
1341 2696 1461 2737 cum
1508 2680 1733 2735 Michael
1789 2680 2086 2751 imperator

483 2777 729 2849 ejusdem
759 2777 992 2832 Nectarii
1023 2776 1297 2845 exemplo,
1332 2773 1509 2829 l‘hotii
1547 2772 1871 2827 electionem
1904 2784 2084 2830 tuere-

481 2878 591 2937 tur,
624 2869 873 2925 Nicolaus
907 2868 926 2922 ι
955 2869 1257 2937 rescripsit,
1282 2865 1584 2920 Nectarium
1619 2881 1734 2920 vere
1776 2867 2085 2921 catholicum

483 2961 1074 3034 Constantinopolitano:
1114 2958 1365 3014 Ecclesia:
1408 2959 1757 3029 gubernacula
1802 2959 2086 3029 suscepisse

480 3057 594 3109 sine
630 3053 899 3117 seandalo,
950 3068 1065 3107 smn
1095 3068 1170 3121 vn,
1214 3066 1330 3106 smn
1373 3066 1503 3105 cum
1549 3065 1882 3115 SCHISMATE;
1912 3060 1961 3103 et
2003 3050 2084 3102 id-

2192 1855 2367 1906 maso,
2402 1839 2715 1907 Ambrosio,
2745 1838 2973 1907 aliisque
3001 1838 3052 1893 in
3072 1837 3317 1893 Romana
3345 1839 3555 1911 synodo
3579 1840 3783 1896 collec-

2193 1937 2261 1991 tis
2306 1933 2576 2005 episcopis
2619 1948 2764 1987 anno
2794 1932 2901 1987 382
2944 1947 3011 1987 eo
3039 1933 3272 1987 consilio
3314 1935 3673 2003 scripserunt,
3725 1938 3803 1990 ut'

2190 2044 2375 2085 corum
2417 2042 2537 2098 qua:
2567 2028 2620 2081 in
2646 2025 3246 2096 Constantinopolitana
3278 2034 3527 2082 anteacta
3575 2028 3786 2099 synodo

2189 2131 2340 2194 gesta
2389 2138 2416 2175 a
2458 2137 2516 2176 se
2542 2120 2771 2185 fuerant,
2804 2122 3068 2176 rationem
3115 2119 3424 2186 redderent,
3472 2120 3629 2191 cujus
3670 2121 3785 2177 ha‘c

2189 2225 2316 2271 sunt
2369 2213 2532 2269 verba
2586 2232 2598 2266 :
2646 2213 3031 2284 Antiquissima:
3086 2229 3204 2267 vero
3266 2214 3318 2267 in
3377 2212 3535 2284 Syria
3600 2213 3783 2267 Antio-

2189 2308 2365 2373 cheuat
2435 2307 2681 2362 Ecclesiae
2748 2306 3221 2362 reverendissimtnn
3250 2349 3265 2373 ,
3340 2316 3389 2361 et
3459 2308 3786 2379 religiosissi-

2188 2417 2330 2454 mum
2370 2402 2666 2473 episcopum
2714 2399 3058 2475 Flavianum,
3116 2409 3223 2454 tum
3272 2398 3418 2454 illius
3472 2401 3779 2471 provinciae,

2190 2503 2298 2547 tum
2360 2493 2637 2547 Orientalis
2681 2494 2911 2548 diascesis
2955 2494 3181 2565 episcopi
3226 2494 3281 2548 in
3348 2510 3509 2548 unum
3573 2512 3785 2567 congre-

2188 2590 2296 2659 gati
2362 2589 2765 2653 ordinaverunt,
2833 2598 2937 2643 tota
2999 2586 3236 2643 Ecclesia
3294 2591 3669 2655 consentiente,
3736 2601 3785 2647 et

2189 2679 2338 2748 quasi
2388 2695 2489 2733 uno
2521 2696 2608 2733 ore
2658 2680 2823 2736 virum
2875 2681 3142 2747 laudante,
3194 2698 3347 2751 quam
3383 2682 3588 2752 quidem
3618 2684 3786 2755 legiti-

2187 2789 2322 2827 mam
2359 2774 2736 2827 ordinationem
2786 2774 2938 2827 etiam
2995 2789 3223 2830 smonth
3283 2791 3547 2831 UNIVEBSA
3586 2791 3785 2833 susce-

2188 2880 2299 2920 PIT.
2332 2866 2447 2921 Non
2473 2882 2731 2937 negamus
2761 2867 2943 2937 igitur,
3000 2869 3128 2939 quin
3157 2868 3515 2925 Antiochena:
3562 2871 3785 2939 provin-

2187 2959 2288 3013 ciae
2319 2968 2372 3013 et
2397 2958 2690 3014 Orientalis
2720 2960 2973 3016 ditecesis
2998 2962 3260 3031 episcopi,
3290 2962 3558 3019 Diodorus
3586 2979 3783 3036 nempe

2190 3050 2476 3106 Tarsensis
2500 3063 2555 3107 et
2584 3054 2814 3108 Aeacius
2843 3054 3167 3109 Beroeensis
3181 3054 3493 3111 Flavianum
3525 3057 3783 3114 ordinare

482 3150 620 3203 circo
651 3148 773 3201 bene
800 3156 845 3199 et
874 3146 1064 3216 Optime
1102 3152 1293 3198 sancta:
1321 3142 1560 3196 secunda:
1588 3142 1811 3213 synodo,
1836 3142 2084 3210 apostoli—

2192 3146 2481 3214 potuerint,
2511 3144 2653 3216 quod
2686 3146 2760 3200 illi
2790 3147 2939 3201 aiunt
2974 3165 2987 3200 :
3011 3148 3104 3203 sed
3129 3163 3253 3204 cum
3277 3149 3482 3205 addunt
3503 3152 3613 3223 ejus
3642 3151 3786 3206 ordi-

481 3257 556 3295 τω
585 3240 721 3296 sedis
751 3239 1056 3293 auctoritate
1086 3237 1231 3309 [ultre
1258 3235 1330 3288 ita
1358 3233 1422 3288 de
1435 3232 1682 3289 Nectario
1714 3232 1971 3301 placuisse
1984 3232 2079 3304 (c),

489 3353 611 3409 quae
642 3352 799 3405 quam
834 3335 990 3404 longe
1015 3332 1212 3386 abeant
1239 3330 1307 3385 ab
1335 3328 1442 3395 his,
1472 3343 1590 3398 qua:
1636 3328 1689 3382 in
1724 3326 1825 3383 hac
1851 3325 2082 3398 cpistola

491 3431 867 3494 enuntiantur,
896 3442 1058 3484 nemo
1084 3442 1189 3480 non
1212 3423 1378 3479 videt.

559 3521 829 3592 Septimo.
874 3519 955 3574 Ad
1008 3520 1123 3572 hare
1172 3516 1341 3570 Italici
1390 3514 1670 3585 episcopi,
1730 3512 1943 3569 Meletio
1991 3513 2081 3567 de-

412 3668 415 3671 .
486 3620 686 3688 functo,
712 3611 941 3666 Paulino
971 3609 1242 3673 superstite
1273 3617 1453 3661 contra
1475 3608 1556 3675 fas
1595 3616 1643 3661 et
1682 3605 2084 3661 ecclesiasticum

485 3710 739 3775 ordinem,
766 3706 1085 3762 Flavianum
1124 3719 1225 3757 non
1266 3712 1372 3756 tam
1416 3700 1766 3772 subrogatum,
1797 3715 1951 3767 quam
1997 3714 2086 3752 su—

484 3803 802 3875 perpositum
849 3807 1125 3861 asserunt,
1157 3795 1516 3857 consensione,
1568 3801 1615 3846 et
1645 3791 1861 3845 consilio
1895 3788 2086 3843 Nectao

480 3899 589 3951 rii:
618 3912 725 3966 quo
773 3892 978 3947 inloco
1006 3889 1182 3953 vides,
1227 3887 1546 3941 Flavianum
1590 3893 1769 3936 contra
1818 3885 1898 3952 {as
1938 3890 2087 3950 atque

484 3987 887 4044 ecclesiasticum
914 3981 1171 4042 ordinem,
1203 3994 1307 4031 non
1347 3985 1527 4030 contra
1554 3985 1760 4045 pactum
1792 3974 1902 4027 Deo
1948 3979 2087 4027 teste

484 4080 887 4137 continuatum,
926 4074 1275 4141 subrogatum
1303 4068 1410 4124 dici
1440 4086 1453 4122 :
1489 4075 1545 4121 at
1574 4066 1731 4137 hujus
1776 4065 1914 4135 pacti
1962 4080 2084 4118 cum

485 4171 695 4228 mentio
724 4176 906 4238 aperta
935 4165 1003 4219 sit
1033 4164 1086 4217 in
1112 4162 1305 4216 litteris
1328 4158 1698 4230 Aquileiensis
1725 4156 1968 4221 concilii,
1991 4170 2087 4210 cur

488 4264 595 4319 hoc
630 4263 749 4317 loco
782 4255 1146 4330 praetermissa
1196 4263 1300 4319 est,
1350 4253 1394 4306 si
1440 4250 1761 4306 Ambrosius
1806 4249 2088 4318 utriusque

487 4356 733 4429 cpistola:
763 4362 953 4408 auctor
981 4357 1083 4414 est,
1118 4357 1171 4404 et
1203 4362 1457 4418 magnum
1479 4359 1681 4409 causae,
1714 4358 1874 4415 quam
1901 4342 2087 4398 tueba-

487 4458 577 4506 tur
604 4447 811 4521 pondus
837 4442 1159 4513 adjiciebat?
1191 4441 1459 4495 Prmterea
1493 4438 1782 4493 Flavianus
1806 4435 2088 4491 ordinatus

2188 3239 2445 3291 nationem
2483 3238 2545 3292 ab
2575 3240 2815 3294 universa
2837 3242 3033 3312 synodo
3078 3252 3364 3311 susceptam
3410 3259 3541 3310 esse,
3595 3252 3787 3313 aperte

2189 3342 2451 3401 prieterea
2481 3333 2713 3402 probant
2762 3350 2881 3389 eam
2909 3334 3378 3405 ConstantinOpoli
3429 3336 3782 3405 celebratam,

2187 3423 2278 3479 ubi
2318 3425 2557 3496 synodus
2582 3427 2810 3482 eollecta
2832 3437 2949 3483 erat
2982 3406 3331 3499 ;t‘ru§traque
3369 3430 3621 3487 B.|llllill$
3668 3432 3785 3487 htcc

2187 3518 2352 3572 verba
2406 3518 2694 3589 detorquet
2743 3518 2809 3574 ad
2863 3519 3127 3591 synodum
3165 3520 3517 3578 Antiochense
3569 3527 3788 3592 provin-

2188 3609 2287 3664 ciae
2313 3609 2384 3681 (ί)
2428 3628 2441 3662 :
2473 3626 2592 3664 nam
2620 3611 2663 3664 si
2698 3610 3053 3667 Antiochense
3080 3614 3370 3681 provinciae
3405 3623 3461 3670 et
3494 3614 3787 3671 Orientalis

2190 3701 2442 3756 diwcesis
2463 3703 2726 3773 episcopi,
2759 3705 2813 3757 in
2840 3721 3001 3759 unum
3029 3707 3229 3760 collecti
3251 3695 3372 3763 eum
3406 3711 3667 3767 canonice
3696 3725 3787 3767 or-

2191 3791 2529 3857 dinaverunt,
2549 3795 2737 3863 procul
2764 3794 2931 3851 dubio
2952 3798 3476 3871 espenderantjam,
3505 3818 3572 3858 an
3603 3804 3691 3859 ille
3718 3806 3786 3861 ab

2190 3884 2508 3954 episcopatu
2537 3886 2747 3941 ratione
2782 3889 2961 3959 aliqua
2992 3901 3287 3958 arceretur,
3311 3901 3369 3948 ut
3399 3895 3646 3951 ferebant
3670 3897 3785 3953 dis-

2188 3977 2383 4047 ciplina
2413 3986 2468 4032 et
2512 3994 2750 4035 canones
2778 3998 2792 4035 :
2826 3983 3178 4051 quamobrem
3203 4000 3325 4040 cum
3355 3986 3593 4055 additur,
3635 3990 3786 4045 ordi-

2192 4068 2464 4123 nationem
2495 4069 2642 4124 illam
2675 4071 2743 4125 ab
2764 4073 3001 4127 universa
3028 4079 3225 4145 synodo
3278 4090 3587 4147 susceptam
3640 4095 3785 4149 esse,

2189 4161 2347 4216 aliam
2373 4167 2617 4231 omnino,
2686 4179 2915 4235 eamque
2953 4168 3260 4237 graviorem
3311 4170 3597 4242 designant
3623 4188 3776 4245 syno-

2190 4251 2341 4318 dum,
2370 4251 3027 4326 Conslantinopolitanam
3074 4260 3302 4325 scilicet,
3352 4279 3473 4333 qua:
3507 4275 3632 4320 tunc
3660 4280 3789 4335 age-

2190 4348 2369 4414 batur,
2398 4360 2456 4404 ut
2485 4352 2736 4406 Socrates
2765 4362 2952 4422 aperte
2996 4354 3231 4425 explicat
3255 4355 3355 4427 (g).
3387 4357 3678 4427 Gregorius
3704 4360 3789 4415 in-

2192 4457 2355 4512 super
2385 4442 2763 4500 Naziauzenus
2793 4446 2864 4500 ab
2886 4446 3077 4503 amicis
3104 4464 3163 4504 se
3204 4458 3448 4519 rogatum
3471 4451 3569 4513 ait,
3619 4453 3790 4523 turpi-

481 4546 595 4613 jam
621 4542 796 4596 fuerat
825 4535 1199 4592 Antiochenus
1229 4533 1538 4603 episcopus,
1579 4545 1701 4585 cum
1732 4528 1800 4583 de
1832 4527 2081 4583 Nectario

2188 4548 2292 4603 que
2321 4535 2483 4589 etiam
2507 4546 2623 4591 arte
2656 4544 2940 4602 tentatum,
2991 4549 3049 4594 ut
3099 4538 3358 4597 Flaviano
3400 4557 3523 4598 cum
3574 4545 3789 4599 caeteris

490 4652 561 4691 ne
590 4636 923 4705 cogitaretur
944 4627 1183 4700 quidem.
1241 4627 1374 4681 Item
1405 4625 1745 4679 Sozomenus
1785 4626 1973 4674 narrat
2004 4619 2087 4674 his

486 4728 668 4783 verbis
697 4726 778 4794 (d)
812 4742 825 4777 :
854 4724 1015 4777 Forte
1041 4720 1379 4775 Diodorus...
1414 4716 1723 4771 Nectarium
1759 4718 2087 4785 conspicatus

485 4836 602 4876 eum
634 4818 929 4890 episcOpatu
956 4816 1169 4884 dignum
1198 4828 1306 4866 esse
1347 4810 1566 4875 censuit,
1613 4808 1883 4879 statimque
1926 4809 1979 4861 in
2009 4810 2090 4861 itt-

489 4913 613 4966 timo
640 4909 822 4964 mentis
854 4923 1058 4961 recussu
1089 4903 1397 4973 suffragium
1422 4919 1573 4956 suum
1604 4903 1649 4956 ei
1676 4902 1915 4967 contulit,
1947 4903 2088 4956 caui-

486 5006 606 5061 tiem
655 5004 771 5067 viri,
821 5000 1118 5069 vultumque
1163 4996 1449 5050 sacerdotio
1495 4997 1727 5070 dignum,
1790 5008 1836 5051 et
1880 5013 2086 5050 morum

484 5097 786 5153 suavitatem
817 5091 1167 5146 considerans.
1202 5086 1385 5157 Itaque
1412 5098 1670 5157 tamquam
1692 5087 1908 5142 alterius
1933 5104 2087 5159 nego-

490 5193 548 5246 lii
602 5205 760 5245 causa
798 5201 917 5240 eum
964 5183 1032 5236 ad
1088 5182 1387 5253 episcopum
1427 5180 1802 5233 Antiochenam
1846 5180 2079 5247 deduxit,

488 5286 760 5353 multisque
795 5277 1031 5335 laudibus
1056 5284 1353 5345 prosecutus
1392 5272 1555 5325 oravit
1594 5272 1908 5343 episc0pum,
1940 5284 1993 5326 ut
2020 5274 2087 5328 il-

487 5374 856 5444 lumsuﬁ'ragio
875 5368 1271 5442 suoadjuvaret.
1303 5363 1593 5420 Flavianus
1617 5364 1796 5433 itaque
1812 5363 1921 5434 jam
1946 5379 2085 5436 pra:-

563 5528 636 5601 (a)
676 5528 743 5601 H.
772 5527 837 5601 E_.
863 5526 961 5601 l_ib.
993 5540 1101 5589 vn,
1132 5536 1257 5601 cap.
1286 5520 1374 5577 Η.

560 5591 633 5672 (ὁ)
673 5599 826 5672 Apud
853 5596 1041 5672 C_ous_t.
1071 5594 1290 5672 ep._‘_|5,
1323 5606 1377 5645 n.
1410 5591 1465 5672 6-τ

554 5663 626 5794 (lc)
670 5668 841 5735 Epist.
874 5667 907 5720 8
930 5667 1138 5746 “Cone.
1167 5664 1358 5719 Venet.
1387 5663 1519 5717 edit.

555 5745 571 5794 l
617 5742 634 5794 l
660 5740 903 5794 Sozom.,
934 5736 1028 5791 ltb.
1055 5750 1161 5794 vn,
1192 5749 1311 5794 cap.
1344 5733 1398 5788 8.

555 5733 634 5816 (Α)
660 5733 903 5803 δοκοίη,
934 5736 1028 5791 lib.
1055 5750 1161 5800 vn,
1192 5749 1311 5803 cap.
1344 5733 1398 5788 8.

2190 4625 2606 4696 sutiragaretur,
2641 4638 2769 4684 ante
2797 4630 3080 4686 dimissum
3134 4633 3344 4690 scilicet
3391 4635 3785 4706 episcopatum,

2190 4731 2253 4771 ac
2281 4718 2511 4773 concilio
2536 4718 2654 4785 illo,
2686 4723 2773 4776 cui
2804 4723 3148 4793 praesidebat,
3177 4726 3415 4782 nondum
3456 4729 3675 4797 soluto;
3709 4730 3791 4786 le-

2189 4820 2347 4881 gatur
2376 4820 2483 4867 tota
2508 4814 2625 4883 ejus
2657 4818 2732 4871 rei
2779 4817 2951 4873 series
2994 4819 3401 4890 elegantissime
3446 4823 3516 4880 ab
3565 4840 3632 4881 eo
3685 4825 3787 4883 de-

2188 4904 2388 4974 scripta
2422 4907 2472 4961 in
2504 4911 2746 4964 carmine.
2768 4909 2831 4963 de
2888 4910 3004 4966 Vita
3029 4930 3143 4968 sua.
3177 4913 3315 4983 Quid
3373 4916 3539 4987 igitur
3585 4922 3791 4990 negotii

2190 4996 2795 5070 Constantinopolitano
2828 5003 3066 5072 praesuli,
3118 5019 3241 5060 cum
3288 5006 3461 5077 Syriae
3503 5018 3556 5062 et
3596 5008 3793 5067 Orien-

2192 5091 2316 5146 talis
2346 5092 2596 5149 dioecesis
2633 5096 2923 5166 episc0pis,
2976 5106 3036 5153 ut
3076 5100 3195 5167 ejus
3245 5109 3299 5155 et
3349 5110 3669 5158 czeterorum
3716 5104 3791 5160 ab

2191 5186 2525 5242 Antiochena
2572 5188 2702 5243 sede
2750 5189 2897 5245 nulla
2943 5192 3153 5249 ratione
3202 5193 3545 5262 pendentium
3608 5197 3791 5253 studia

2190 5275 2402 5332 fervore
2432 5288 2578 5334 tanto
2607 5282 3066 5351 exquirerentur?
3121 5285 3205 5339 An
3257 5286 3455 5343 deinde
3500 5288 3787 5356 credibile,

2190 5385 2302 5426 rem
2328 5386 2448 5441 quae
2471 5382 2615 5429 tanta
2647 5374 2947 5431 animorum
2979 5379 3329 5437 contentione
3371 5380 3653 5452 agebatur,
3705 5394 3791 5440 at-

2263 5525 2334 5600 (e)
2378 5527 2452 5600 De
2484 5527 2726 5584 Flavian.
2758 5539 2860 5585 art.
2891 5532 2925 5587 '5
2947 5572 2962 5599 ,
2995 5540 3127 5587 tom.
3158 5533 3228 5589 X.

2260 5600 2333 5673 (Γ)
2369 5599 2441 5673 De
2470 5600 2659 5665 Conc.,
2690 5601 2790 5673 lib.
2823 5619 2937 5670 vut,
2968 5620 3090 5673 cap.
3116 5606 3172 5673 3,
3206 5622 3261 5663 η.
3289 5605 3344 5663 9.

2372 5672 2611 5740 Socrat.,
2642 5672 2737 5728 lib.
2762 5689 2816 5742 v,
2844 5667 2967 5745 Cap.
3000 5667 3060 5732 8'.
