4138 6178
321 243 431 302 557

1696 244 2164 304 PROLEGOMEN
2172 249 2232 304 Α.

3518 252 3621 309 558

320 371 427 428 que
454 354 528 411 ita
554 355 871 428 urgebatur,
918 364 980 412 ut
1029 356 1231 413 vellent
1272 357 1417 413 illam
1467 372 1570 413 una
1619 358 1923 415 confectam
1951 365 2007 426 Α
2036 359 2341 428 Paulinum,
2365 373 2516 433 atque
2537 363 2826 432 Meletium,
2860 382 2988 435 quos
3016 366 3138 436 ﬁdei
3167 367 3437 422 concinere
3473 376 3628 439 puta-

322 447 480 512 hora,
513 448 721 503 tamdiu
751 447 973 503 dilatam
1014 458 1202 519 postea
1238 450 1421 515 fuisse,
1476 459 1535 504 ut
1567 461 1687 521 post
1742 452 1925 521 plures

322 551 533 599 tantum
561 557 779 597 menses
808 542 1197 612 perﬁceretur?
1229 543 1509 599 Postremo
1551 545 1923 615 episcopatum

323 639 393 694 ab
414 637 608 694 eodem
638 637 906 708 Gregorio
937 637 1215 693 dimissum
1246 647 1457 693 constat
1488 646 1610 707 post
1634 637 1923 693 adventum

325 731 729 804 Egyptiorum,
754 746 816 786 ac
837 730 1183 786 Macedonum
1207 732 1605 801 episcoporum.
1625 729 1732 784 Cur
1758 730 1925 785 vero?

326 826 459 894 Quia
490 824 592 891 illi,
625 834 679 878 ut
708 833 892 878 veteres
919 832 965 877 et
995 833 1220 879 recentes
1249 824 1309 876 ab
1341 823 1688 877 Orientalibus
1738 840 1923 894 accep-

329 927 407 972 tas
435 916 766 970 contumelias
795 916 1177 982 ulciscerentur,
1206 927 1357 985 atque
1386 917 1607 986 aliquem
1646 915 1750 969 illis
1780 916 1927 969 dolo-

330 1028 438 1066 rem
467 1010 684 1065 vicissim
714 1011 996 1077 inurerent,
1027 1025 1266 1065 canones
1296 1011 1349 1066 in
1382 1010 1551 1080 ipsius
1575 1009 1927 1065 translatione

329 1104 555 1159 violatos
580 1103 969 1169 causabantur,
1003 1112 1060 1158 ttt
1091 1103 1230 1159 idem
1262 1103 1558 1175 Gregorius
1580 1105 1675 1158 ait.
1710 1103 1778 1158 At
1806 1120 1927 1173 qua!)

324 1198 492 1267 justa,
517 1206 577 1252 ut
605 1196 706 1252 hoc
734 1197 899 1253 verbo
946 1208 1088 1265 utar,
1130 1199 1192 1253 ob
1213 1210 1402 1253 veteres
1454 1210 1778 1268 recentesque
1806 1215 1929 1253 con-

327 1290 590 1357 tumelias,
624 1291 796 1347 vicem
832 1291 1166 1362 rependendi
1206 1307 1368 1347 causa
1421 1294 1644 1349 subesse
1694 1302 1927 1363 poterat,

326 1384 370 1437 si
402 1382 699 1438 Flavianus
742 1383 970 1440 necdum
1026 1384 1309 1440 ordinatus
1355 1386 1550 1451 fuerat,
1607 1401 1671 1441 ac
1709 1402 1796 1441 res
1838 1385 1927 1440 illa

326 1476 596 1541 confecta,
628 1491 849 1546 prorsus
898 1493 962 1533 ac
1007 1477 1262 1533 deﬁnita?
1301 1478 1457 1534 Adde
1504 1479 1745 1543 tandem,
1778 1478 1927 1533 elec-

330 1570 552 1632 tionem,
608 1583 708 1625 seu
760 1569 1187 1641 designationem
1238 1586 1302 1626 ac
1365 1571 1792 1636 ordinationem,
1853 1571 1923 1626 ita

326 1678 511 1719 secum
537 1678 637 1734 pro
652 1672 779 1719 tunc
800 1672 1036 1735 recepta,
1058 1665 1317 1720 Ecclesia)
1345 1664 1626 1735 disciplina
1652 1664 1928 1720 coliterere

325 1758 697 1822 consuevisse,
724 1766 783 1813 ut
805 1758 920 1814 haec
950 1759 1036 1813 vix
1067 1774 1319 1830 umquam
1352 1768 1597 1829 separata
1622 1758 1822 1821 fuisse,
1851 1758 1929 1812 vi-

326 1849 556 1905 deantur
587 1849 686 1920 (α),
712 1860 873 1920 atque
900 1851 1024 1906 ideo
1054 1852 1143 1906 vix
1165 1866 1286 1907 esse
1314 1865 1493 1922 posse,
1535 1851 1624 1921 qui
1653 1850 1774 1920 jure
1802 1865 1925 1905 sen-

328 1949 424 2002 tiat
470 1946 789 2001 Flavianum
843 1947 1023 2017 ipsum
1092 1946 1183 2001 diu
1240 1955 1396 2001 antea
1453 1943 1924 2015 Constantinopoli

326 2039 559 2094 electum
583 2053 647 2093 ac
674 2037 1037 2110 designatum,
1063 2038 1365 2094 Antiochiae
1389 2036 1585 2093 deinde
1615 2035 1926 2092 consecrari

328 2132 595 2203 potuisse.

400 2225 529 2281 Haec
556 2234 738 2281 autem
766 2239 887 2281 cum
917 2225 987 2280 ita
1017 2225 1148 2291 sint,
1203 2240 1494 2296 numquam
1532 2238 1634 2294 ego
1663 2222 1924 2288 adducar,

328 2329 386 2375 ut
412 2320 630 2376 credam
657 2320 942 2390 epistolam
985 2321 1132 2375 illam
1162 2331 1254 2374 aut
1306 2335 1333 2373 a
1365 2320 1595 2374 Damaso
1644 2320 1926 2388 scriptam,

328 2424 420 2468 aut
449 2414 799 2470 Ambrosium
830 2423 1108 2469 auctorem
1137 2414 1358 2479 habere,
1387 2422 1477 2468 aut
1506 2414 1738 2484 aliquem
1762 2412 1927 2467 aliutn

328 2508 548 2563 illorum
582 2516 887 2577 temporum
920 2508 1253 2578 episcopum,
1278 2523 1464 2562 eorum
1489 2523 1609 2576 qua:
1634 2507 1930 2575 agebantur

332 2599 679 2654 instructum.
731 2599 789 2653 ln
823 2614 884 2653 ea
938 2615 1068 2654 vero
1114 2600 1379 2655 sententia
1435 2600 1607 2670 magis
1651 2598 1931 2668 magisque

331 2692 647 2754 conﬁrmor,
678 2706 802 2746 cum
836 2692 1075 2746 animum
1118 2691 1446 2747 adverto'ad
1494 2691 1691 2763 stylqu
1739 2690 1929 2745 barba-

333 2801 477 2848 rum,
507 2785 873 2845 salebrosum,
922 2784 1235 2847 Obscurum,
1270 2799 1333 2839 ac
1376 2800 1404 2839 a
1432 2785 1647 2838 Damasi
1695 2793 1749 2839 et
1803 2791 1932 2837 Am-

334 2877 502 2932 brosii
549 2880 729 2933 nitore
770 2891 833 2931 ac
859 2878 1247 2947 perspicuitate
1291 2878 1550 2933 alienum.
1605 2876 1743 2944 Quid
1787 2876 1929 2930 enim

333 2970 438 3025 sibi
464 2971 654 3025 volunt
682 2970 845 3025 verba
885 2970 973 3024 illa
1021 2971 1277 3025 dolentius
1303 2973 1453 3042 forte,
1488 2988 1643 3041 quam
1668 2970 1933 3024 inconsul-

335 3064 440 3117 tius
460 3063 880 3135 iugemiscimus?
905 3063 987 3117 An
1017 3061 1153 3117 forte
1169 3063 1323 3117 dolor
1349 3063 1521 3118 fuerat
1535 3063 1752 3119 dolendi
1768 3078 1932 3119 causa

2029 455 2231 518 bamus,
2259 466 2346 510 aut
2367 458 2498 512 inter
2528 459 2666 530 ipsos
2701 475 2805 530 pax
2828 469 2875 514 et
2919 460 3196 514 concordia
3246 460 3388 514 salvo
3446 460 3629 515 ordine

2029 549 2372 603 ecclesiastico
2401 553 2714 618 conveniret,
2771 563 2858 607 aut
2884 563 3017 607 certe
3041 553 3086 605 si
3116 554 3230 622 quis
3260 569 3435 607 eorum
3466 553 3630 607 altero

2026 644 2298 713 superstite
2352 645 2670 712 decessisset,
2724 645 2870 699 nulla
2923 646 3219 715 subrogatio
3289 646 3344 699 in
3400 645 3629 713 defuncti

2030 736 2197 790 locum
2223 739 2493 807 superstite
2513 739 2675 792 altera
2705 739 3022 808 gigneretur.
3055 738 3250 793 Preces
3276 749 3454 795 autem
3494 753 3629 809 quas

2016 828 2348 884 Ambrosius
2402 839 2690 895 memorat,
2740 847 2847 899 quo
2901 846 3065 897 anno,
3117 848 3290 902 quave
3342 832 3631 889 occasione

2028 921 2335 977 Theodosio
2360 924 2555 977 oblatae
2587 923 2803 989 fuerint,
2830 923 2939 979 alio
2970 924 3092 979 loco
3123 940 3153 978 a
3185 941 3272 980 me
3294 925 3499 980 dictum
3528 927 3625 997 (b):

2030 1029 2176 1070 nunc
2215 1014 2357 1085 quod
2412 1014 2478 1069 ad
2531 1032 2644 1069 rem
2688 1020 2898 1079 attinet,
2943 1017 3065 1071 vide
3123 1018 3407 1086 imprimis,
3469 1034 3630 1087 quam

2029 1107 2230 1162 distent
2256 1123 2362 1161 tera
2394 1107 2623 1176 lupinis;
2679 1108 2875 1163 deinde
2898 1108 3054 1164 facile
3083 1109 3177 1164 tibi
3224 1111 3327 1165 erit
3362 1110 3630 1180 judicare,

2029 1215 2097 1253 an
2124 1200 2263 1254 idem
2290 1201 2624 1269 Ambrosius,
2653 1205 2933 1273 utriusque
2955 1203 3197 1274 epistolae
3226 1211 3416 1258 auctor
3434 1204 3633 1259 merito

2030 1294 2243 1349 censeri
2276 1293 2466 1361 possit.

2103 1386 2464 1455 Atquisillam
2494 1387 2914 1453 consarcinavit,
2941 1402 3114 1458 quave
3130 1388 3369 1443 decausa
3383 1390 3633 1443 eamdem

2030 1478 2189 1533 nobis
2227 1493 2349 1532 cum
2374 1477 2478 1533 hoc
2506 1478 2689 1533 Italico
2718 1480 2950 1535 concilio
2976 1480 3208 1535 obtrusit
3237 1482 3260 1534 ‘t
3298 1480 3412 1535 Hoc
3459 1480 3633 1535 fateor

2032 1586 2120 1627 me
2150 1572 2439 1643 ignorare:
2466 1572 2662 1643 siquid
2691 1582 2869 1627 tamen
2903 1572 3161 1628 hariolari
3214 1574 3361 1639 licet,
3414 1572 3636 1644 squalor

2032 1665 2183 1722 latini
2210 1668 2497 1733 sermonis,
2529 1670 2616 1734 qui
2649 1667 2897 1723 Graecam
2926 1669 3219 1739 aliquando
3262 1670 3499 1740 linguam
3548 1684 3636 1724 sa-

1959 1752 2008 1812 B
2036 1760 2133 1830 pit,
2164 1775 2225 1813 ac
2254 1759 2445 1829 peritia
2474 1760 2653 1829 aliqua
2677 1762 3065 1816 ecclesiastica:
3092 1762 3337 1816 historiae
3368 1778 3491 1816 cum
3518 1761 3638 1831 ejus

2030 1850 2367 1922 ignoratione
2416 1852 2728 1921 conjuncta,
2786 1852 2989 1907 faciunt
3036 1862 3093 1907 ut
3137 1854 3255 1909 lucc
3290 1868 3318 1906 a
3373 1853 3636 1908 Photiana

2030 1944 2243 1999 ofﬁcina
2273 1945 2537 2015 prodiisse
2565 1946 2828 2015 suspicer.
2853 1964 2861 1970 '
2882 1946 3135 1999 Photium
3190 1944 3434 2014 profeCto
3461 1945 3635 2000 versi-

2032 2038 2251 2115 pellem,
2308 2039 2474 2093 multa
2532 2038 2863 2094 conﬁnxisse
2916 2039 3197 2094 indubium
3228 2048 3359 2095 est:
3391 2054 3455 2095 ea
3506 2055 3638 2095 vero

2032 2132 2308 2203 ﬁgmenta,
2334 2148 2455 2202 qua:
2471 2133 2744 2202 produxit,
2766 2147 2911 2202 sa-pe
2942 2131 3146 2187 referre
3172 2132 3418 2188 Grtceam
3441 2132 3638 2188 dietio-

2033 2242 2179 2293 nem,
2209 2237 2263 2281 et
2289 2242 2318 2280 a
2349 2227 2680 2295 proprietate
2705 2226 2881 2280 Latini
2932 2228 3199 2281 sermonis
3242 2225 3500 2281 recedere
3550 2227 3639 2281 ob~

2032 2329 2319 2375 servarunt
2344 2320 2454 2389 jam
2482 2318 2585 2373 viri
2607 2318 2749 2374 docti
2776 2319 2872 2391 (c).
2901 2317 3140 2373 Nectarii
3171 2327 3429 2389 praeterea
3454 2333 3638 2375 exem-

2034 2415 2204 2487 plum,
2234 2431 2339 2487 quo
2368 2414 2763 2469 ordinationem
2796 2428 2949 2468 suam
2982 2423 3244 2478 tueretur,
3296 2427 3441 2485 saipe
3472 2421 3526 2468 et
3569 2412 3637 2467 ad

2036 2527 2293 2567 nauseam
2319 2526 2486 2581 usque
2508 2513 2743 2580 jactasse
2772 2510 2923 2564 illum
2954 2511 3180 2565 scimus.
3210 2509 3320 2565 Cur
3343 2524 3473 2564 vero
3501 2508 3639 2563 hanc

2035 2620 2248 2675 quoque
2289 2603 2573 2673 epistolam
2623 2602 2717 2657 ille
2768 2618 2876 2657 non
2926 2601 3248 2656 conﬁnxerit
3286 2617 3418 2666 suae,
3452 2611 3637 2656 contra

2036 2696 2385 2767 apostolicam
2417 2695 2621 2761 sedem,
2657 2695 3044 2749 conlirmandm
3068 2694 3424 2749 contumacia:
3454 2694 3644 2764 impri-

2039 2790 2141 2844 mis
2164 2789 2435 2855 idoneam,
2462 2794 2517 2841 et
2542 2786 3040 2841 accommodatam?
3064 2786 3320 2853 Accedat,
3338 2787 3478 2858 quod
3494 2788 3638 2842 idem

2037 2883 2260 2938 Photius
2281 2871 2514 2937 Maximo
2546 2879 2751 2953 Cynico
2777 2891 3120 2951 comparatus
3149 2883 3342 2936 merito
3371 2881 3543 2935 fuerat
3568 2880 3638 2935 ab

2036 2973 2311 3029 Hadriano
2337 2989 2493 3044 papa,
2527 2975 2578 3028 in
2604 2973 2798 3027 litteris
2838 2972 2904 3026 ad
2948 2973 3204 3029 Basilium
3256 2974 3637 3043 imperatorem

2038 3068 2277 3138 scriptis,
2309 3066 2463 3138 cujus
2512 3066 2629 3121 huic
2678 3075 2804 3120 sunt
2851 3066 3056 3121 verba:
3109 3065 3292 3137 Neque
3333 3068 3468 3121 enim
3508 3067 3641 3120 inter

330 3156 782 3225 major?Quolus
809 3156 953 3210 enim
974 3157 1202 3225 quisque
1230 3165 1332 3222 est,
1380 3156 1469 3225 qui
1503 3155 1572 3209 ita
1627 3156 1933 3226 loquentem
1963 3136 2009 3199 (ἶ
2041 3136 2289 3215 Plio—tium
2314 3136 2588 3222 mtechum,
2628 3168 2672 3211 et
2703 3157 2995 3212 Maximum
3046 3136 3294 3228 Cynicum
3337 3174 3368 3209 a
3413 3157 3643 3212 secunda

330 3266 405 3307 ac
436 3252 759 3322 cogitantem
790 3248 969 3304 ferat?
1001 3250 1202 3304 Deinde
1223 3249 1349 3318 quid
1382 3248 1610 3304 referam
1654 3249 1937 3303 inconcin-

333 3361 468 3402 uam
517 3358 662 3414 saepe
721 3343 1035 3400 eorumdem
1091 3344 1381 3398 verborum
1431 3343 1832 3413 repetitionem,
1882 3351 1941 3396 ut
1981 3349 1985 3353 '

337 3441 462 3494 lucc
484 3448 629 3506 sunt,
664 3440 804 3493 salvo
830 3440 1011 3494 ordine
1030 3441 1392 3503 ecclesiastico,
1423 3447 1598 3493 contra
1637 3442 1737 3508 fas,
1767 3449 1815 3491 et
1839 3436 1942 3489 Ec-

336 3531 689 3585 clesiasticunt
742 3528 1036 3597 Ordinem;
1093 3534 1242 3603 cujus
1298 3529 1589 3602 (Nectarii)
1661 3527 1935 3596 ordinatio,

337 3642 495 3695 quem
543 3624 771 3677 ordinem
820 3624 1074 3689 habuerit,
1119 3641 1222 3677 non
1268 3623 1517 3678 videmus.
1568 3621 1767 3677 Contra
1813 3635 1942 3676 vero

339 3728 549 3788 quanta
599 3733 780 3773 rerum
829 3719 1024 3789 copia,
1070 3728 1269 3789 quanta
1315 3718 1603 3772 verborum
1656 3715 1940 3786 elegantia,

339 3827 474 3866 cum
504 3815 892 3866 sententiarum
919 3812 1185 3883 gravitate
1205 3812 1492 3879 conjuncta
1522 3811 1574 3864 in
1611 3811 1675 3865 iis
1718 3809 1941 3876 litteris,

342 3920 488 3975 quas
522 3904 619 3958 hac
647 3904 757 3972 ipsa
787 3905 855 3960 de
882 3920 1043 3960 causa
1073 3906 1441 3975 Aquileiensis
1462 3905 1676 3960 concilii
1728 3906 1945 3961 nomine

343 3999 672 4056 Ambrosius
698 4015 829 4054 vere
856 3999 1167 4055 Theodosio
1194 3999 1437 4069 scripsit!
1477 3997 1772 4068 Utramque
1806 3998 1943 4067 ipse,

345 4092 501 4148 inter
529 4107 586 4146 se
614 4092 857 4147 conferat
884 4092 1074 4157 lector,
1106 4106 1168 4145 ac
1190 4106 1289 4145 suo
1314 4091 1432 4159 ipse
1454 4089 1656 4158 judicio
1702 4096 1942 4155 censeat,

344 4202 422 4239 an
448 4196 677 4253 utraque
698 4186 765 4239 ab
815 4185 1003 4239 eadem
1047 4200 1204 4237 manu
1240 4186 1474 4252 profecta
1524 4180 1696 4236 videti
1752 4182 1942 4250 pOSsit.

344 4277 492 4345 Quid
543 4276 775 4337 tandem.
833 4277 973 4346 quod
1018 4289 1207 4330 auctor
1252 4275 1447 4329 Italiam
1499 4275 1656 4344 hujus
1705 4273 1947 4343 epistola:

347 4377 594 4440 pactum,
626 4369 768 4440 quod
802 4370 1072 4425 Meletium
1098 4371 1255 4436 inter,
1304 4379 1357 4423 ct
1400 4369 1680 4422 Paulinum
1707 4367 1945 4437 juratum

353 4466 555 4531 fuerat,
589 4466 800 4533 quodve
852 4466 1198 4519 concordiam
1243 4465 1553 4519 reddiderat
1595 4462 1947 4517 Antiochenze

2041 3252 2237 3323 synodo
2263 3252 2585 3313 damnatum,
2611 3251 2688 3305 vel
2709 3252 2840 3304 inter
2857 3250 3205 3304 ordinationes
3229 3249 3403 3318 hujus,
3424 3259 3469 3301 et
3498 3250 3641 3305 illius

2043 3349 2383 3402 distinctionis
2413 3348 2612 3417 aliquid
2660 3363 2769 3401 esse
2811 3346 3132 3411 conficimus,
3188 3357 3339 3411 atque
3368 3344 3482 3399 ideo
3529 3345 3647 3414 pari

2044 3442 2146 3511 ﬁne
2177 3442 2459 3511 constringi
2491 3440 2675 3495 debere
2694 3440 2917 3507 videtur,
2941 3440 3027 3509 qui
3055 3456 3149 3507 par
3172 3437 3413 3493 habuisse
3435 3456 3553 3493 cum
3583 3455 3642 3494 eo

2046 3536 2355 3605 principium
2402 3533 2567 3586 modis
2607 3532 2842 3587 omnibus
2897 3532 3261 3602 comprobatur
3304 3532 3433 3602 (d);
3485 3540 3649 3602 atque

2046 3630 2117 3683 ob
2146 3627 2283 3682 hanc
2314 3628 2485 3695 ipsam
2515 3640 2733 3680 causam
2768 3634 2959 3679 octava
2989 3624 3226 3696 synodus
3258 3622 3447 3678 Photio
3496 3640 3642 3677 men-

2048 3724 2311 3778 daciorum
2350 3720 2673 3793 fabricatori,
2720 3718 2913 3773 Pholio
2963 3735 3093 3773 novo
3142 3717 3376 3771 Maximo
3428 3716 3645 3787 Cynico,

2049 3814 2330 3871 anathema
2362 3815 2572 3867 dixerat
2601 3830 2613 3865 :
2645 3827 2708 3865 ex
2733 3811 2928 3882 quibus
2956 3810 3123 3877 liquet
3149 3808 3335 3879 quanti
3387 3806 3641 3862 Photium

2050 3912 2330 3973 intererat,
2362 3908 2521 3962 aliam
2550 3906 2763 3961 Maximi
2789 3904 3033 3974 ejusdem
3060 3901 3247 3974 Cynici
3290 3917 3466 3957 causae
3518 3917 3646 3970 spc-

2050 4006 2185 4059 ciem
2246 4002 2450 4067 indere,
2518 4016 2677 4071 quam
2725 4014 2845 4068 quae
2896 4012 3083 4052 revera
3137 3995 3331 4050 fuerat.
3371 3993 3646 4065 Quidquid

2053 4110 2185 4149 vero
2215 4094 2406 4149 borum
2442 4092 2532 4159 sit,
2565 4091 2705 4162 quod
2730 4105 2894 4160 porro
2923 4089 3091 4144 asseri
3126 4103 3222 4159 pro
3253 4095 3405 4142 certo
3448 4095 3644 4158 potest,

2052 4191 2183 4246 illud
2216 4190 2387 4259 primo
2437 4198 2539 4255 est,
2570 4195 2693 4257 post
2743 4185 3095 4253 Aquileiense
3142 4182 3459 4248 concilium,
3502 4180 3650 4236 aliud

2052 4285 2215 4341 statui
2249 4300 2355 4339 non
2388 4298 2568 4351 posse,
2592 4279 2735 4351 quod
2765 4279 3089 4334 iutermedio
3112 4277 3215 4331 hoc
3254 4284 3499 4344 tempore
3538 4274 3652 4329 col-
3730 4346 3735 4347 γ

2053 4379 2249 4433 lectum
2276 4375 2440 4430 fuisse
2466 4384 2677 4428 constet
2704 4390 2716 4425 :
2746 4372 3006 4436 secundo,
3032 4370 3312 4438 epistolam
3338 4368 3476 4423 hanc
3501 4368 3653 4436 plura

2054 4469 2358 4532 continere,
2390 4481 2509 4535 qua:
2538 4480 2568 4517 a
2599 4464 2824 4519 veritate
2869 4476 3092 4533 prorsus
3139 4461 3317 4514 aliena
3358 4469 3507 4525 sunt,
3565 4468 3652 4513 at-

352 4559 641 4624 Ecclesia-,
668 4560 916 4628 ignorare
940 4558 1172 4622 videtur,
1203 4574 1325 4612 cum
1360 4568 1535 4612 tamen
1568 4556 1697 4611 illud
1726 4555 1954 4609 Ambro—
1982 4544 2035 4604 D
2062 4578 2165 4634 que
2204 4577 2268 4616 εχ
2302 4560 2402 4614 hoc
2455 4558 2630 4627 capite
2662 4553 3046 4609 Mediolaneiisi
3097 4551 3332 4621 prmsule
3375 4550 3652 4620 indignam

352 4653 443 4707 sio
472 4666 810 4720 perspectum
838 4652 1042 4721 optime
1068 4652 1250 4706 esset?
1299 4649 1433 4705 Hine
1480 4647 1789 4703 Theodosio
1829 4646 1955 4700 scri-

356 4747 522 4808 bens,
550 4745 623 4798 ait
649 4763 661 4799 :
689 4744 903 4798 Oblatas
926 4744 1101 4814 pietati
1125 4752 1302 4797 vestra:
1326 4741 1601 4813 apinantur
1623 4755 1798 4810 preces
1829 4754 1955 4791 nos-

354 4852 467 4894 tras
487 4839 671 4907 quibus
690 4839 846 4908 juxta
876 4836 1095 4906 partium
1124 4849 1335 4889 PACTUI
1379 4833 1721 4903 poposcimus,
1776 4838 1830 4883 ut
1877 4830 1959 4899 al-

356 4944 469 4985 tera
516 4932 815 4996 decedente,
859 4947 1010 4999 penes
1036 4930 1361 5001 superstitem
1418 4924 1667 4980 Ecclesia:
1720 4940 1956 4978 remane-

354 5034 495 5087 rent,
524 5040 613 5077 nec
640 5025 815 5092 aliqua
842 5020 1260 5091 superordinntio
1294 5028 1673 5073 attentaretur:
1727 5025 1781 5070 at
1828 5030 1957 5069 vero

355 5118 607 5181 alterius,
635 5116 703 5171 de
731 5131 836 5184 qua
868 5115 1099 5185 agimus,
1129 5112 1386 5183 scriptor,
1421 5111 1523 5165 hoc
1552 5125 1611 5165 se
1657 5109 1958 5179 postulasse

356 5214 461 5277 ait,
485 5211 625 5278 quod
652 5211 762 5281 jam
794 5210 993 5264 factum
1031 5208 1499 5276 constitutumque
1524 5204 1721 5270 fuerat,
1768 5203 1820 5258 id
1853 5215 1956 5271 est,

352 5318 420 5362 ut
448 5307 743 5363 concordia
773 5306 1004 5360 iniretur
1046 5304 1223 5372 aliqua
1258 5320 1272 5356 :
1321 5300 1708 5370 Scripseramus
1735 5299 1953 5366 dudum,

356 5410 417 5455 ut
438 5401 683 5471 quoniam
710 5398 1029 5453 Antiocltena
1054 5396 1237 5452 civitas
1258 5393 1389 5448 duos
1418 5392 1621 5446 haberet
1668 5391 1958 5461 episcopos,

440 5646 521 5717 (α)
540 5648 613 5701 De
634 5644 803 5717 Marc.
825 5641 995 5697 Cone.
1025 5633 1495 5717 lib.-Vlll,Acap..‘5,
1523 5646 1577 5717 n_.
1609 5629 1645 5683 2
1670 5644 1684 5694 ;
1708 5626 1973 5717 inquies-

363 5697 733 5788 ςίιῖξίιῖιιῖίίιέ
754 5697 846 5773 lib.
878 5729 937 5781 ιι,
970 5727 1090 5784 cap.
1117 5710 1173 5774 8,
1195 5697 1334 5773 m2;
1364 5697 1474 5760 vid.
1504 5703 1686 5765 etiam,
1707 5698 1751 5754 si
1776 5697 1969 5768 placet,

365 5810 488 5864 cap.
519 5790 607 5844 18.

2061 4669 2204 4710 esse.
2233 4650 2596 4721 Quamobrem
2647 4647 2692 4701 si
2743 4645 2907 4717 (quod
2964 4658 3127 4697 unum
3169 4640 3438 4713 supereSI)
3485 4640 3657 4696 Italici

2062 4746 2274 4802 concilii
2300 4744 2518 4797 nomine
2549 4741 2832 4811 episcopos
2865 4737 3068 4805 aliquot
3096 4735 3255 4788 unius
3281 4734 3419 4787 forte
3440 4734 3662 4802 provin-

2063 4838 2159 4892 cia:
2184 4836 2492 4905 designatos
2548 4832 2717 4894 dicas,
2774 4830 2867 4900 qui
2909 4844 3029 4884 eam
3083 4826 3358 4882 communi
3412 4826 3657 4891 nomine,

2064 4941 2390 4999 quamquam
2420 4932 2569 4978 extra
2598 4922 2863 4993 synodum
2902 4920 3353 4989 scripserint,cos
3385 4926 3440 4972 te
3463 4916 3660 4972 atl'erre

2067 5032 2302 5096 oportet,
2330 5020 2419 5090 qui
2447 5033 2652 5084 rerum,
2682 5033 2802 5087 quae
2832 5015 3179 5086 gerebantur,
3212 5012 3506 5067 inscientes
3539 5024 3660 5062 om-

2068 5116 2194 5171 nino
2247 5112 2465 5179 luerint,
2525 5120 2688 5179 atque
2740 5123 2858 5163 eam
2902 5106 3207 5162 inconsulto
3252 5114 3362 5158 tum
3420 5102 3663 5154 Romano

2069 5206 2346 5278 pontiﬁce,
2379 5215 2491 5258 tum
2533 5203 2695 5257 etiam
2737 5200 3025 5256 Ambrosio
3072 5200 3211 5268 ipso,
3259 5194 3497 5249 scribere
3544 5191 3663 5246 ausi

2070 5300 2198 5354 sint.
2227 5298 2405 5370 Atque
2428 5298 2531 5355 hoc
2558 5305 2617 5353 ut
2642 5298 2904 5369 opineris,
2940 5310 3035 5366 per
3059 5308 3146 5349 tne
3172 5292 3351 5345 liceat.

2149 5681 2221 5767 lci
2252 5681 2489 5767 Alat.d_e
2518 5690 2672 5745 eam.
2703 5686 2859 5767 εγω,
2888 5683 3069 5767 θερί»
3093 5690 3151 5767 et
3171 5681 3264 5767 te.

2150 5626 2224 5696 (ὁ)
2246 5625 2373 5681 Vid.
2397 5616 2632 5696 φιλ-15.

2152 5629 2202 5696 (b
2246 5626 2373 5681 Vid.
2397 5635 2513 5689 cap.
2545 5626 2632 5671 ‘15.

2152 5626 2224 5822 (ξ)
2252 5697 2394 5752 Atat.
2423 5693 2489 5745 de
2518 5690 2672 5745 Phot.
2697 5686 2859 5773 _Syn.,
2888 5697 3009 5755 cap.
3032 5683 3069 5765 ὅ
3093 5690 3151 5769 et
3176 5681 3220 5737 li

2152 5774 2170 5838 (
2217 5770 2233 5839 )
2262 5766 2415 5837 Apud
2444 5763 2642 5817 Baron.
2678 5760 2743 5814 ad
2772 5773 2897 5852 ann.
2930 5755 3057 5826 869,
3082 5771 3138 5811 n.
3168 5754 3220 5809 ὅ.
