4138 6178
455 230 561 287 739

455 351 482 411 §
520 348 601 400 IV.
618 376 678 384 —
696 349 871 412 Agitur
890 351 954 399 de
978 351 1132 400 altera
1153 348 1317 401 Italici
1341 349 1536 402 concilii
1557 352 1758 403 nomine
1780 365 1805 398 a
1831 350 2055 412 Simon-

517 411 986 476 dogedita’eplstoia;
1024 415 1216 462 sincera
1248 414 1355 463 haec
1391 422 1486 471 est,
1512 420 1659 476 atque
1686 414 1747 461 ab
1772 411 2051 470 Ambrosio,

522 474 602 523 vel
630 474 991 538 etiam'Siricio
1013 476 1192 538 scripta
1234 489 1246 523 :
1287 477 1522 537 quaeritur
1562 474 1657 538 qua
1680 477 1959 538 occasione,
2005 486 2062 523 ac

522 548 621 598 quo
656 536 917 596 tempore?
963 542 1015 585 et
1052 536 1125 584 ad
1150 536 1429 599 Capuanum
1472 536 1750 597 concilium,
1792 537 1927 599 velut
1952 538 2061 599 ejus

523 596 737 647 accessio
757 600 975 646 refertur
989 600 1016 649 ἢ
1038 600 1177 659 cujus
1198 596 1459 648 sementim
1503 602 1718 648 rationes
1740 596 2061 647 'affe’runtur?

520 658 623 724 Hac
640 662 932 724 occasione
954 661 1025 724 de,
1046 658 1336 724 scriptarum
1358 676 1383 715 a
1409 662 1654 723 Gregorio
1677 662 1976 711 Nazianneuo
2000 660 2062 709 ad

528 720 811 787 Qledonium
837 720 1171 787 ‘elistolarum
1210 733 1434 787 tempore
1482 720 1642 787 agitur
1682 740 1695 774 ;
1736 724 1871 773 locus
1909 724 2064 787 etiam

528 741 811 770 ιλιεαυηηιηι
858 741 900 779 8|
924 741 1171 771 lSlUlal'llm
1210 741 1308 773 ιυη]
1335 741 1434 772 ὶΟΓυ
1482 741 1642 787 3311111⁸
1682 741 1695 774 ζ
1736 741 1871 773 100115
1914 741 2064 773 CLIII"!

523 782 849 847 Citt'ysostomi
884 784 945 831 at!
968 794 1102 843 -rtur,
1130 795 1181 835 et
1223 741 1495 847 eitpiicatur
1524 802 1535 836 :
1558 800 1613 837 ac
1637 787 1869 835 Paulinus
1892 786 2065 847 Antio-

525 844 716 911 ahenus
758 848 819 895 ab
844 848 1037 896 obtorta
1068 844 1380 911 sinistras—rue
1421 851 1652 911 postremi
1697 861 1904 911 operum
1930 846 2059 908 ejus-

523 905 636 955 dem
658 908 815 958 Patris
840 911 1042 959 editoris
1064 905 1470 974 interpretatione
1497 905 1785 961 vindicatur.

538 1009 826 1081 Reliquum
850 1012 1013 1068 modo
1059 1022 1164 1077 est,
1214 1023 1273 1069 ut
1320 1014 1524 1086 aliquid
1565 1016 1739 1075 diram
1781 1013 1851 1069 de
1896 1016 2064 1068 altera

464 1102 634 1157 Italici
666 1105 881 1158 concilii
914 1104 979 1159 ad
1006 1105 1369 1161 Theodosium
1392 1108 1645 1177 epistola.
1677 1107 1833 1176 cujus
1855 1106 2064 1161 initium

467 1202 553 1249 est
582 1191 735 1247 Fidei
780 1206 901 1257 tute.
939 1214 1096 1267 quam
1141 1197 1193 1257 in
1232 1200 1331 1259 hac
1371 1202 1586 1268 eadem,
1639 1200 1852 1256 Maximi
1902 1214 2067 1261 causa

470 1288 725 1358 scriptam
757 1288 1017 1345 hactenus
1046 1299 1301 1361 putarunt
1343 1294 1540 1357 critici,
1596 1294 1896 1363 eademque
1926 1294 2069 1348 inter

470 1380 745 1435 Ambrosii
770 1384 1029 1452 epistolas
1060 1385 1235 1440 locum
1263 1396 1490 1454 occupat
1520 1384 1584 1441 14
1612 1385 1666 1440 in
1691 1387 1933 1443 editione
1960 1385 2066 1442 PP.

469 1471 575 1526 BB.
624 1472 774 1528 Hauc
799 1475 979 1543 itaque
1005 1490 1157 1547 aeque
1182 1491 1243 1531 ac
1267 1478 1400 1531 alias
1422 1479 1711 1547 genuinam
1755 1492 1979 1543 censeo,
2007 1491 2072 1532 ac

467 1564 683 1634 dignam
716 1580 961 1638 prorsus,
995 1583 1113 1637 quae
1137 1568 1424 1624 Ambrosio
1448 1569 1732 1633 tribuatur,
1764 1570 1879 1624 sive
1901 1567 2073 1633 ﬂuen-

472 1668 579 1712 tem
612 1658 808 1730 stylum
838 1662 1172 1729 consideres,
1214 1664 1329 1719 sive
1360 1664 1592 1723 nitorem
1642 1663 1922 1725 orationis.
1956 1665 2072 1723 sive

1638 233 1959 293 SANCTUS
1999 234 2326 301 DAUASUS
2364 236 2566 293 PAPA.

3662 243 3769 300 510

2082 353 2136 423 Α
2161 367 2418 413 concessa
2442 362 2547 416 est,
2572 352 2662 422 qui
2689 352 3008 417 catholicam
3033 354 3084 408 in
3112 355 3333 409 Oriente
3358 354 3520 410 fidem
3546 359 3765 426 prolite-

2168 458 2374 517 rentur,
2401 447 2517 501 sive
2548 447 2858 518 Evgrium,
2891 449 3005 502 sive
3030 447 3350 503 Flavianum
3384 461 3759 520 sequerentur;

2166 540 2394 599 duorum
2467 555 2591 597 vero
2647 540 2715 595 de
2779 540 2993 611 integro
3065 541 3380 612 episcopatu
3434 543 3762 599 contenden-

2169 635 2298 689 tium
2340 650 2519 689 causzc
2557 634 2817 703 judicium
2868 634 3171 705 Theophila
3211 636 3583 692 Alexandrino
3622 654 3767 694 com-

2170 727 2393 785 missum
2424 737 2527 793 est,
2553 742 2808 797 supremo
2832 736 3010 781 tamen
3040 730 3351 797 apostolica:
3380 729 3527 786 sedis
3566 730 3769 800 judicio

2168 819 2602 877 conﬁrmandum
2638 838 2651 873 :
2683 832 2996 889 speraverat
3018 821 3337 875 Ambrosius
3364 838 3429 875 ea:
3458 823 3538 876 his
3586 824 3773 891 (cquis-

2170 916 2313 969 simis
2342 902 2527 986 synodi
2552 916 2873 979 constitutis,
2894 916 3007 985 jam
3051 916 3329 969 remedium
3359 917 3555 981 datum,
3588 917 3795 988 ﬁnem--

2170 1026 2270 1080 quc
2300 1013 2533 1080 futurum
2556 1010 2849 1064 discordia.
2882 1011 2951 1063 At
2980 1009 3187 1063 certior:
3227 1024 3349 1063 cum
3392 1020 3534 1065 esset
3572 1010 3773 1078 factus,

2175 1101 2495 1157 Flavianum
2523 1104 2713 1162 iterum
2737 1102 2807 1155 ad
2835 1118 3043 1172 precum
3090 1103 3308 1168 auxilia,
3340 1113 3384 1155 ct
3423 1104 3773 1174 imperialium

2173 1198 2541 1267 rescriptorum
2569 1196 2824 1267 suifragia
2848 1196 3167 1261 remeavisse,
3198 1196 3386 1261 aliam,
3441 1205 3499 1250 ut
3538 1197 3773 1261 videtur,

2175 1290 2365 1361 synodi
2395 1290 2640 1360 ejusdem
2671 1292 2889 1345 nomine
2933 1291 3217 1360 epistolam
3248 1289 3556 1345 Theodosio
3605 1290 3779 1359 scrip-

2176 1384 2270 1445 sit,
2298 1397 2399 1449 qua
2430 1382 2523 1439 ille
2562 1380 2907 1437 Theodoreto
2932 1390 3070 1436 teste
3100 1383 3273 1435 acrius
3319 1380 3774 1451 perstringebatur.

2178 1473 2310 1541 Ejus
2332 1488 2528 1543 nempe
2556 1473 2814 1529 facilitate
2837 1473 3057 1540 factum,
3092 1486 3148 1529 ut
3180 1477 3373 1546 frustra
3398 1483 3661 1529 tantorum
3695 1490 3779 1527 sa-

2180 1566 2441 1621 cerdotum
2471 1569 2619 1637 [usus
2647 1566 2793 1621 labor
2838 1582 2937 1637 pro
2978 1566 3223 1622 adeunda
3264 1566 3518 1639 Capuaua
3572 1566 3781 1638 synodo

2180 1667 2499 1728 susceptus:
2532 1657 2727 1713 lterum
2754 1659 2822 1712 ad
2868 1660 3024 1730 hujus
3064 1660 3240 1715 seculi
3282 1660 3477 1713 iudicia
3523 1669 3781 1713 reverten-

473 1752 866 1806 senteutiarum
895 1754 1238 1825 gravitatem,
1268 1756 1380 1811 sive
1415 1758 1651 1811 animum
1677 1770 1804 1812 vere
1848 1765 2070 1824 aposto.
2102 1749 2151 1811 Β
2180 1752 2325 1819 dum,
2352 1753 2536 1807 iterum
2565 1753 2635 1807 ad
2660 1754 2931 1825 rescripta,
2981 1754 3166 1808 iterum
3193 1755 3451 1809 vexandos
3496 1754 3783 1808 sacerdotes

475 1843 636 1898 licum
668 1861 789 1899 cum
824 1848 937 1919 pari
968 1848 1229 1919 obsequio
1256 1852 1627 1919 conjunctum,
1653 1865 1760 1921 quo
1787 1850 1880 1907 ille
1904 1851 2075 1919 impe-

474 1938 642 1993 ratori
668 1940 939 1997 rescribit.
970 1941 1106 1997 Puto
1130 1944 1352 2015 insuper
1377 1944 1615 1999 Flaviani
1642 1945 1915 2014 negotium
1950 1944 2079 1998 Am-

479 2032 720 2085 brosium
776 2034 1129 2102 permovisse,
1163 2044 1219 2089 ut
1259 2036 1403 2091 illam
1446 2036 1731 2102 scriberet,
1782 2035 1925 2105 quod
1969 2050 2078 2091 non

481 2122 712 2179 obscure
736 2121 905 2195 liquet
927 2140 994 2180 ex
1028 2124 1113 2181 his
1161 2126 1405 2196 ejusdem
1459 2127 1639 2185 verbis
1669 2146 1682 2180 :
1714 2098 1913 2187 Dolori
1942 2127 2079 2181 enim

481 2224 612 2279 erat,
643 2216 773 2273 inter
808 2216 1095 2273 Orientales
1122 2228 1169 2273 et
1201 2218 1557 2276 Occidentales
1582 2222 1870 2293 interrupta
1920 2236 2085 2276 sacra:

482 2309 859 2363 communionis
880 2326 989 2363 esse
1016 2312 1324 2365 commercia
1357 2328 1375 2378 ;
1422 2312 1689 2383 siquidem
1724 2319 1937 2367 constat
1979 2312 2084 2368 hoc

484 2400 780 2470 contigisse
832 2402 903 2456 ob
950 2418 1109 2458 unam
1163 2403 1403 2461 Flaviani
1484 2405 1902 2465 ordinationem.
1950 2406 2083 2462 Cum

488 2493 672 2562 itaque
694 2493 995 2551 Orientales
1026 2507 1145 2568 post
1172 2498 1381 2557 Paulini
1410 2509 1661 2565 mortem,
1694 2500 1849 2571 hujus
1877 2500 2086 2557 dissidii

490 2585 705 2656 culpam
734 2585 1175 2645 Occidentalibus
1213 2590 1582 2657 ascriberent,
1639 2594 1729 2663 qui
1777 2592 2086 2663 Evagrium,

493 2683 553 2731 ut
577 2678 879 2747 videbatur,
921 2680 1199 2753 illegitime
1230 2682 1538 2741 ordinatum
1584 2682 1843 2739 Flaviano
1892 2694 2093 2754 przetu-

496 2771 670 2826 lerant
692 2769 795 2844 (ιι),
828 2775 1168 2842 Ambrosius,
1197 2776 1287 2848 qui
1319 2792 1425 2831 uno
1451 2776 1799 2845 pacificanda:
1831 2776 2093 2833 Ecclesiae

494 2862 675 2917 studio
726 2866 1025 2932 tenebatur,
1087 2876 1248 2937 atque
1296 2879 1598 2941 opportuna
1642 2867 1710 2925 ad
1762 2884 1885 2927 eum
1932 2869 2093 2923 linem

501 2954 737 3008 subsidia
768 2956 1064 3026 quzerebat,
1093 2966 1203 3019 tum
1230 2962 1283 3014 in
1312 2960 1411 3015 hac
1450 2960 1701 3029 epistola,
1751 2969 1861 3017 tum
1904 2958 1959 3015 in
1989 2960 2095 3019 alia

498 3062 658 3116 quam
682 3047 981 3118 Theophila
1004 3049 1368 3107 Alexandrino
1398 3052 1610 3117 eadem,
1642 3053 1697 3107 ni
1731 3040 1910 3121 fallor,
1939 3068 2099 3115 occa-

2183 1858 2351 1908 senes,
2382 1844 2775 1913 transfretanda
2822 1846 3008 1912 maria,
3048 1848 3233 1900 iterum
3266 1846 3521 1900 invalidos
3567 1860 3784 1915 corpore

2184 1938 2409 2009 patriam
2440 1939 2708 2010 peregrino
2741 1949 3024 1993 mutaturos
3055 1939 3187 2002 solo,
3210 1939 3397 1993 iterum
3421 1938 3611 1991 altaria
3640 1938 3785 1991 desc-

2183 2032 2365 2094 rcnda.
2398 2039 2451 2085 ut
2503 2032 2557 2084 in
2612 2031 2895 2100 longinqua
2939 2031 3376 2102 proﬁciscantur;
3426 2031 3622 2083 interea
3670 2043 3786 2083 tero

2190 2118 2479 2175 Flavianus
2505 2122 2647 2175 solus
2678 2122 2827 2175 exlex
2855 2123 2943 2189 sit,
2978 2123 3067 2192 qui
3118 2138 3293 2192 neque
3328 2123 3563 2191 Capuam
3606 2134 3791 2176 acces-

2188 2224 2357 2279 serat,
2377 2228 2551 2283 neque
2570 2212 2889 2284 prmSlitutis
2910 2229 2937 2266 a
2954 2213 3162 2285 synodo
3182 2213 3450 2283 judicibus
3466 2212 3788 2283 praesentiam

2190 2308 2380 2377 fecerat
2411 2306 2490 2360 sui
2522 2321 2541 2359 :
2583 2305 2700 2360 haec
2752 2307 2896 2361 enim
2939 2321 3061 2362 cum
3125 2306 3443 2361 Ambrosius
3488 2303 3792 2374 Theophilo

2191 2397 2563 2453 Alexandrino
2602 2408 2733 2455 tunc
2773 2399 3055 2469 scripserit
3099 2396 3195 2469 (ὁ),
3259 2398 3345 2453 vix
3385 2408 3638 2468 putamus
3681 2413 3791 2453 non

2193 2489 2405 2557 eadem,
2437 2489 2651 2559 aliaque
2679 2490 2845 2545 simili
2871 2489 3259 2547 vehementiori
3291 2490 3501 2545 ratione
3541 2488 3795 2545 Theodo-

2194 2583 2276 2637 sio
2296 2583 2601 2653 scripsisse,
2623 2584 2778 2653 cuius
2803 2585 3144 2654 potissimum
3171 2586 3326 2653 culpa
3374 2584 3491 2639 hinc
3541 2584 3791 2654 contige-

2196 2686 2337 2732 rant.
2375 2677 2508 2732 llinc
2538 2692 2667 2733 vero
2698 2681 2895 2733 factum
2950 2686 3055 2744 est,
3106 2688 3164 2732 ut
3193 2694 3314 2732 cum
3341 2679 3635 2747 imperator
3681 2694 3798 2745 per-

2198 2773 2404 2829 strictus
2434 2773 2613 2829 acrius
2643 2773 3034 2842 rescripsisset,
3072 2754 3360 2829 Ambrosio
3408 2786 3596 2826 ansam
3626 2772 3796 2827 dede-

2201 2869 2272 2923 rit
2292 2868 2562 2924 scribendi
2591 2878 2865 2937 postremo
2906 2868 3191 2937 epistolam
3247 2868 3427 2931 illam,
3477 2881 3635 2937 quam
3680 2866 3801 2922 Sir-

2203 2962 2434 3019 moudus
2482 2960 2650 3017 Italici
2698 2961 2913 3019 concilii
2954 2961 3176 3016 nomine
3232 2960 3580 3028 inscriptam,
3633 2959 3799 3014 veluti

2205 3069 2348 3119 eam,
2372 3070 2493 3123 quae
2523 3051 2791 3121 Capuam}:
2820 3052 3010 3124 synodi
3051 3067 3210 3123 pars,
3266 3060 3322 3108 et
3359 3052 3604 3106 accessio
3630 3060 3799 3117 esset,

502 3139 657 3199 sione
690 3142 984 3212 inscripsit,
1020 3145 1195 3199 neutri
1229 3147 1455 3217 partium
1482 3145 1645 3215 favet,
1670 3158 1917 3207 neutram
1941 3146 2098 3203 dante
2129 3126 2175 3191 (ἶ
2209 3147 2269 3223 in
2294 3147 2469 3203 lucem
2525 3148 2762 3215 protulit.
2803 3146 2934 3203 Eam
2975 3146 3159 3215 utique
3206 3144 3516 3200 deliniendo
3568 3144 3802 3214 impera-

502 3242 592 3284 nat
622 3242 831 3301 aperte,
865 3250 1040 3307 neque
1069 3252 1129 3293 se
1159 3238 1209 3292 in
1233 3252 1351 3295 eam
1380 3237 1799 3307 disputationem
1832 3238 2097 3313 immittit,

504 3332 791 3394 utqumrat
829 3345 1046 3398 quarunt
1074 3346 1242 3385 errore
1268 3348 1544 3407 quorumve
1588 3333 1771 3389 delicto
1823 3334 1878 3389 id
1923 3350 2104 3389 evene-

506 3427 610 3480 rat,
637 3434 700 3470 ne
727 3435 892 3474 serere
914 3421 1141 3497 fabulas,
1166 3433 1214 3477 et
1238 3426 1441 3493 eloquia
1471 3443 1619 3481 cassa
1654 3427 1932 3487 videretur.
1962 3427 2105 3485 Cou-

508 3516 616 3564 stat
656 3510 836 3581 itaque
863 3513 999 3570 hanc
1030 3516 1312 3587 epistolam
1332 3519 1382 3579 in
1404 3519 1640 3581 Flaviani
1666 3536 1825 3577 causa
1847 3523 2106 3591 scriptam

512 3615 843 3681 esse,atque
897 3622 963 3661 eo
1013 3609 1307 3681 respicere.
1344 3614 1411 3667 At
1460 3628 1565 3684 qua
1613 3616 1898 3671 occasione
1930 3632 2109 3685 quove

511 3697 790 3766 tempore?
819 3696 934 3755 Non
962 3699 1055 3761 diu
1081 3692 1325 3779 profecto
1348 3714 1469 3777 post
1492 3706 1798 3778 Capuanam
1816 3709 2105 3779 synodum.

512 3785 812 3867 Utrumque
846 3792 1001 3846 nobis
1025 3794 1230 3849 indicat
1262 3807 1373 3850 tum
1399 3799 1737 3865 Ambrosius,
1770 3808 1881 3854 tum
1926 3800 2111 3857 Theo-

514 3879 757 3945 doretus,
773 3884 862 3952 qui
880 3895 1057 3938 tamen
1081 3886 1212 3941 falsa
1237 3890 1381 3944 veris
1403 3891 1612 3957 miscet,
1628 3905 1725 3958 pro
1746 3894 2112 3962 apertosuoin

518 3986 697 4041 partes
744 3974 984 4031 Flaviani
1017 3980 1220 4035 studio.
1272 3982 1403 4036 Nam
1432 3998 1551 4037 cum
1599 3985 1824 4039 Paulino
1858 3986 2116 4043 defuncto

516 4065 829 4122 diuturnum
882 4068 1234 4127 Antiocheute
1305 4074 1563 4132 Ecclesiae
1616 4076 1897 4134 dissidium
1955 4081 2117 4135 mini-

522 4176 609 4215 me
648 4162 944 4218 extinctum
989 4175 1153 4231 esset,
1206 4168 1302 4223 sed
1359 4170 1410 4222 in
1445 4170 1673 4241 Evagrio
1702 4172 1945 4243 ejusdem
1990 4188 2115 4231 suc—

522 4266 760 4319 cessore,
797 4257 1076 4329 utriusque
1105 4258 1315 4331 imperii
1346 4261 1617 4323 Ecclesias
1646 4264 1884 4320 divulsas
1911 4273 2123 4321 teneret

522 4345 719 4413 adhuc,
750 4364 855 4403 non
885 4350 1002 4405 sine
1024 4348 1317 4408 Theodosii
1349 4362 1475 4410 tunc
1503 4355 1687 4411 Romae
1735 4359 1945 4424 agentis
1986 4373 2119 4415 con-

506 4441 647 4496 silio
670 4441 1027 4505 deliberatum
1051 4454 1133 4500 est
1157 4444 1224 4500 de
1251 4449 1602 4503 convocanda
1628 4450 1679 4505 in
1710 4448 1860 4505 Italia
1882 4451 2123 4523 generali

2210 3242 2343 3295 toris
2371 3240 2551 3301 animo
2580 3240 2736 3297 unice
2758 3248 3123 3309 comparatam
3146 3246 3359 3294 constat
3390 3256 3403 3293 :
3456 3251 3567 3292 uno
3597 3238 3806 3292 scilicet

2210 3334 2356 3403 pacis
2396 3331 2581 3389 studio
2636 3332 2898 3387 adductos
2946 3329 3114 3386 Italite
3163 3332 3447 3399 episcOpos
3498 3329 3807 3384 Theodosio

2209 3428 2519 3499 scripsisse,
2551 3442 2783 3497 eumque
2819 3438 3129 3483 currentem
3157 3426 3265 3495 jam
3293 3426 3538 3479 hortatus
3565 3439 3711 3487 esse,
3747 3435 3809 3479 ut

2213 3522 2352 3578 hanc
2377 3523 2639 3579 restitutae
2667 3521 2900 3593 publica}
2927 3522 3075 3591 pacis
3095 3521 3323 3591 gloriam
3344 3518 3445 3573 sibi
3487 3520 3577 3573 uni
3617 3522 3809 3587 acqui-

2214 3628 2362 3672 reret
2399 3616 2632 3671 :dolere
2663 3632 2722 3671 se
2775 3617 2826 3671 id
2874 3616 3069 3670 frustra
3102 3618 3367 3678 cessisse,
3421 3630 3520 3670 nec
3563 3626 3813 3684 qumrere

2216 3710 2373 3775 velle,
2424 3709 2577 3779 cujus
2624 3709 2783 3778 culpa
2831 3708 3075 3763 factum:
3130 3719 3386 3763 creterum
3426 3721 3549 3762 cum
3586 3721 3678 3775 per
3716 3718 3815 3761 eos

2219 3816 2326 3858 non
2356 3802 2588 3861 steterit.
2642 3802 2933 3865 quominus
2961 3802 3149 3869 ingens
3174 3800 3297 3862 hoc,
3344 3808 3692 3868 optatumque
3719 3797 3819 3850 bo-

2218 3910 2348 3948 num
2376 3894 2735 3962 contingeret,
2774 3908 2835 3947 se
2860 3894 3087 3948 crimine
3118 3905 3316 3947 vacuos
3340 3905 3485 3955 esse,
3524 3899 3684 3959 atque
3713 3888 3818 3944 hoc

2222 3986 2413 4040 saltem
2444 4000 2504 4040 se
2536 3995 2710 4040 tamen
2757 3995 3058 4049 assecutos,
3113 4000 3180 4040 ne
3233 3984 3516 4039 videantur
3559 3982 3819 4050 deinceps

2222 4079 2579 4135 Orientalium
2611 4079 2925 4135 societatem
2956 4079 3279 4150 neglexisse,
3312 4092 3583 4147 parvoque
3611 4077 3663 4131 in
3691 4090 3819 4145 pre-

2226 4175 2302 4228 tio
2327 4173 2581 4228 habuisse
2607 4190 2619 4227 :
2646 4172 3025 4229 Occidentales
3065 4173 3352 4242 episcopos
3401 4172 3503 4226 sibi
3558 4169 3823 4226 indixisse

2228 4266 2488 4329 laborem,
2522 4263 2840 4335 utCapuam
2867 4266 3213 4331 accederent,
3263 4265 3450 4318 nonin
3490 4262 3655 4317 Italia:
3699 4276 3824 4330 gra-

2230 4362 2380 4422 tiam,
2411 4367 2505 4414 aut
2530 4358 2739 4425 Galliae,
2770 4368 2861 4413 aut
2890 4358 3107 4423 Africm,
3133 4374 3253 4427 qua:
3283 4356 3539 4412 concerdi
3563 4356 3825 4425 religione

2230 4451 2518 4515 ﬂorebant,
2569 4451 2665 4506 sed
2718 4459 2893 4517 utea,
2949 4466 3063 4520 qua:
3101 4451 3506 4505 communionem
3563 4464 3626 4502 ea;
3676 4456 3826 4518 parte

525 4534 757 4605 synodo,
812 4553 931 4605 qua:
953 4552 1171 4593 causam
1228 4540 1373 4594 illam
1416 4551 1800 4614 cognosceret,
1858 4520 1921 4598 ac
1962 4544 2123 4603 ﬁnem
2152 4520 2206 4585 Ῐ)
2235 4544 2459 4599 Orientis
2513 4541 2871 4606 turbaverant,
2920 4542 2975 4599 in
3020 4557 3081 4596 ea
3125 4540 3322 4612 synodo
3377 4548 3825 4610 cognoscerentur,

526 4626 806 4684 schismati
832 4628 1121 4700 aliquando
1152 4632 1474 4701 imponeret.
1526 4635 1660 4689 lluic
1704 4636 1913 4706 synodo
1945 4636 2127 4691 Theo-

530 4717 717 4771 dosius
764 4719 879 4789 ipse
903 4720 1339 4779 Occidentalibus
1388 4726 1659 4798 episcopis
1696 4742 1845 4799 spem
1902 4728 2123 4799 fecerat,

530 4811 779 4865 daturum
809 4830 867 4869 se
895 4830 1137 4884 Operam,
1172 4827 1229 4871 ut
1259 4818 1555 4875 Flavianus
1579 4822 1778 4892 aliique
1814 4838 1878 4879 ex
1905 4825 2126 4882 Oriente

534 4903 772 4975 episcopi
802 4905 1075 4961 adessent.
1135 4909 1421 4979 PoStquam
1466 4913 1625 4985 igitur
1668 4915 1831 4971 rebus
1878 4918 1929 4971 in
1978 4917 2127 4973 Italia

532 4997 740 5066 pacatis
757 4995 844 5051 ille
864 4997 1206 5068 discesserat,
1234 5003 1430 5058 indicta
1454 5012 1537 5060 est
1557 5005 1756 5078 Capua:
1779 5023 1841 5063 ea
1864 5010 2123 5082 synodus,

535 5106 599 5145 ac
625 5089 913 5147 Flavianus
940 5108 969 5146 a
1012 5092 1320 5150 Theodosio
1359 5098 1883 5172 Constantinopolim
1924 5106 2127 5163 accitus

535 5194 638 5253 est,
660 5194 719 5239 ut
743 5186 866 5240 inde
894 5183 1111 5240 Romam
1130 5190 1388 5259 navigaret
1415 5233 1426 5243 .
1456 5194 1523 5247 At
1540 5192 1627 5247 hic
1648 5204 1897 5249 causatus
1920 5196 2135 5251 hiemem

530 5283 647 5351 jam
677 5295 805 5343 esse,
836 5279 1213 5351 pollicitusque,
1234 5283 1441 5337 ineunte
1460 5300 1591 5350 uere,
1615 5301 1667 5341 se
1695 5286 1943 5361 imperata
1969 5292 2138 5361 [actu-

538 5390 675 5439 rum,
705 5374 759 5426 in
788 5372 1385 5442 patriamrevertit.Cum
1416 5390 1544 5429 vero
1572 5375 1663 5429 ille
1690 5374 1887 5430 frustra
1915 5394 2139 5449 exspec-

542 5472 704 5527 tatus,
738 5480 846 5519 non
872 5467 1085 5521 adesset
1134 5466 1439 5537 praestituto
1492 5477 1769 5539 tempore,
1830 5469 2008 5525 habita
2054 5482 2140 5528 est

544 5554 749 5610 interea
779 5558 977 5613 indicta
1007 5559 1267 5629 synodus,
1310 5575 1416 5630 qua
1459 5563 1769 5616 communio
1796 5561 1860 5617 iis
1891 5563 2140 5621 omnibus

615 5741 694 5821 (α)
717 5739 1018 5811 Theodor.,
1052 5740 1116 5800 11.
1150 5741 1213 5799 Ε.
1244 5743 1343 5801 lib.
1370 5759 1425 5813 ν,
1455 5758 1580 5833 cap.
1609 5743 1699 5803 25.

2232 4646 2393 4705 atque
2416 4637 2486 4690 ita
2509 4634 2796 4704 aliquando
2825 4634 2993 4689 omnis
3020 4650 3047 4688 c
3093 4634 3259 4691 medio
3303 4633 3575 4703 scrupulus
3622 4632 3831 4685 tollere-

2233 4739 2334 4787 tur.
2352 4730 2484 4796 Quia
2508 4743 2635 4783 vero
2664 4727 2983 4785 Ambrosius
3008 4728 3387 4796 imperatorem
3408 4726 3828 4795 perstrinxerat,

2234 4820 2377 4888 quod
2407 4830 2552 4875 esset
2573 4835 2637 4875 ex
2659 4820 2778 4889 ejus
2832 4819 3089 4875 facilitate
3139 4820 3375 4884 factum,
3431 4826 3489 4873 ut
3539 4817 3833 4872 Flavianus

2234 4914 2541 4984 Capuauam
2570 4912 2837 4983 synodqu
2877 4912 3279 4975 declinavisset.
3305 4912 3531 4981 ejusque
3565 4920 3830 4981 prasterea

2236 5008 2547 5065 constitutis
2576 5022 2767 5076 parere
2797 5006 2967 5062 nollet
2999 5023 3015 5071 ;
3050 5008 3096 5061 is
3123 5016 3302 5061 autem
3328 5016 3516 5061 contra
3577 5004 3717 5061 forte
3746 5020 3834 5059 re-

2240 5104 2552 5170 scripserat.
2586 5114 2703 5155 eam
2734 5099 2929 5152 merito
2960 5114 2987 5153 a
3018 5098 3275 5155 Flaviano
3320 5098 3643 5152 declinatam
3665 5137 3682 5162 ,
3716 5106 3832 5150 tum

2239 5192 2381 5262 quod
2433 5190 2809 5245 Occidentales
2860 5191 3088 5260 Evagrio
3134 5191 3462 5256 studerent,
3516 5200 3627 5244 tum
3689 5188 3832 5258 quod

2242 5284 2378 5345 nihil
2402 5284 2541 5353 juris
2592 5284 2643 5343 iu
2693 5283 2996 5339 Orientales
3036 5282 3318 5347 haberent,
3375 5281 3655 5352 respondit
3699 5280 3837 5336 alter

2242 5378 2341 5433 hac
2372 5378 2485 5445 ipsa
2515 5376 2765 5446 cpistola,
2794 5374 3171 5437 Occidentales
3200 5374 3490 5435 concilium
3534 5374 3835 5444 postulasse

2243 5488 2307 5525 ex
2344 5469 2475 5539 ipsis
2500 5470 2659 5523 etiam
2692 5468 3055 5523 Orientalibus
3091 5468 3554 5537 congregandum,
3605 5466 3837 5519 nullam-

2244 5582 2345 5637 que
2382 5564 2607 5637 proinde
2634 5573 2724 5620 aut
2750 5564 2930 5619 nimia:
2960 5562 3234 5619 facilitatis
3269 5571 3365 5617 aut
3404 5562 3636 5633 partium
3675 5558 3835 5619 studii

2320 5746 2395 5825 (θ)
2425 5744 2596 5826 Epist.
2628 5742 2720 5801 56.
