4138 6178
440 206 593 291 διε,

1825 207 2367 279 PROLEGOMENA.

436 327 803 396 suspicionem
834 326 886 382 iu
915 342 1011 384 eos
1037 328 1234 387 cadere
1258 332 1535 401 potuisse:
1579 333 1779 391 deinde
1822 351 1883 391 se
1931 352 2035 392 non
2058 339 2110 400 Α
2138 338 2285 406 cipit.
2315 335 2570 392 Catmm
2612 335 3038 392 Thessalonicam
3072 348 3395 408 progressus,
3421 352 3663 411 magnum
3694 343 3751 396 in

433 420 738 486 deﬁniendi,
766 420 859 474 sed
884 422 1172 476 instruendi
1191 426 1378 493 gratia,
1412 439 1591 481 causa:
1620 425 1779 496 hujus
1807 443 2035 484 examen

434 514 722 584 delegasse
777 513 1083 585 Theophilo
1139 516 1529 585 Alexandrino,
1597 520 1687 574 cui
1747 520 2037 577 Flavianus

432 608 631 664 sistere
660 624 722 663 se
748 608 1010 664 debuerat
1034 626 1047 675 ;
1076 618 1237 680 atque
1263 611 1489 677 idcirco,
1522 613 1612 682 qui
1639 613 1862 669 alterius
1893 614 2037 670 arbi-

438 708 543 761 trio
568 722 681 762 rem
713 706 1120 771 commiserant,
1151 707 1295 762 salva
1311 717 1489 763 tamen
1522 723 1776 778 suprema
1805 710 2035 765 Romani

436 800 676 871 episcopi
728 801 1051 855 auctoritate
1079 816 1111 854 a
1146 816 1254 869 quo
1281 801 1545 871 judicium
1604 802 2031 857 eonllrmandum

436 904 602 963 esset,
629 897 829 966 justum
857 896 1028 965 potius
1057 894 1325 966 judicium
1352 895 1657 968 postulasse,
1702 911 1855 966 quam
1886 896 2033 950 detu-

442 992 560 1045 lisse
581 989 943 1061 pt'tzjudicium
968 1006 988 1043 :
1015 989 1310 1044 existimari
1341 1005 1445 1043 non
1471 1006 1651 1060 posse,
1705 990 1922 1061 aliquod
1964 991 2033 1045 ab

436 1082 866 1139 Occidentalibus
894 1087 1091 1153 factum
1136 1082 1501 1138 Orientalibus
1549 1086 1860 1151 convicium,
1914 1102 2032 1138 cum

435 1176 753 1247 postulatum
773 1176 1051 1229 concilium
1077 1175 1197 1244 fuit,
1225 1175 1292 1230 ad
1324 1176 1464 1245 quod
1492 1176 1569 1231 illi
1612 1192 1825 1247 quoque
1854 1177 2031 1232 vocati

430 1267 687 1333 luerunt;
717 1279 824 1321 tum
850 1268 999 1336 quia,
1029 1283 1137 1336 quo
1164 1267 1503 1338 frequentior
1523 1277 1604 1323 est
1646 1269 2027 1339 episcoporum

432 1374 715 1423 numerus,
768 1376 835 1415 eo
862 1360 1055 1415 melior
1099 1372 1153 1415 et
1200 1360 1496 1416 consultior
1545 1360 1866 1416 deliberatio
1901 1371 2023 1427 est;

430 1464 541 1507 tum
597 1454 727 1523 quia
770 1452 1080 1509 Orientales
1140 1454 1237 1522 ipsi
1289 1452 1731 1509 Occidentalibus
1775 1456 2027 1525 exemplo

428 1546 777 1616 prativerant,
807 1563 922 1599 cum
956 1545 1154 1600 Paulus
1176 1544 1779 1617 Constantinopolitanus
1820 1548 2028 1618 presby-

430 1650 504 1693 ter
530 1640 671 1692 intra
698 1638 950 1691 Achaiam
977 1639 1255 1708 synodum.
1280 1637 1625 1693 Orientalium
1671 1643 1829 1709 juxta
1874 1649 2025 1709 atque

433 1728 845 1784 Occidentalium
903 1731 1216 1800 postulasset
1261 1746 1280 1785 :

428 1824 601 1877 visum
640 1838 785 1890 esse,
819 1833 874 1877 ut
897 1821 1095 1891 Capuae
1124 1823 1474 1890 indiceretur,
1525 1840 1633 1894 quo
1664 1840 1855 1880 omnes
1899 1825 2031 1881 laci—

431 1916 536 1970 lius
564 1924 620 1970 et
650 1915 818 1969 tutius
873 1916 1142 1969 maritimo
1190 1916 1385 1970 itinere
1434 1915 1696 1971 accedere
1756 1926 2027 1986 poterant,

428 2023 547 2062 cum
594 2017 784 2062 contra
828 2015 1089 2061 terrestre
1133 2006 1359 2077 periculi
1411 2008 1628 2077 plenum
1682 2002 1860 2074 esset,
1906 2009 2031 2078 quia

430 2100 635 2171 Illyris,
669 2116 777 2168 quo
821 2100 1307 2169 pertranseundum
1363 2100 1562 2166 fuerat,
1616 2111 1855 2171 suspecta
1905 2112 2032 2157 tunc

428 2196 747 2250 movebatur.
778 2193 1021 2251 Tandem
1074 2212 1179 2250 non
1224 2196 1427 2249 evulsas
1476 2195 1544 2250 ab
1591 2196 2031 2251 Occidentalibus

430 2292 671 2345 terminos
704 2308 736 2343 a
763 2289 1013 2343 Patribus
1058 2291 1384 2357 constitutos,
1428 2305 1518 2343 nec
1548 2290 1738 2343 violata
1774 2289 2029 2344 Orienta-

433 2384 560 2436 lium
602 2385 752 2452 jura,
811 2397 932 2437 cum
987 2383 1227 2454 synodus
1273 2380 1470 2453 Capuae
1544 2382 1744 2437 indicta
1799 2382 1919 2447 fuit,
1961 2384 2030 2437 ab

427 2476 793 2530 Orientalibus
838 2476 1000 2529 etiam
1049 2474 1334 2540 adeunda,
1383 2474 1477 2530 sed
1528 2486 1719 2529 sancta:
1772 2476 2032 2528 memoria:

430 2570 723 2633 Athanasii,
750 2577 797 2621 et
824 2568 1121 2637 earumdem
1144 2567 1361 2622 Patrum
1392 2569 1604 2637 deﬁnita
1633 2582 1691 2622 se
1715 2568 1890 2635 potius
1916 2582 2032 2621 ser-

430 2675 584 2717 vasse
617 2678 631 2725 ;
663 2661 731 2715 ad
762 2664 917 2731 cujus
944 2662 1283 2730 exemplum,
1311 2670 1366 2715 et
1387 2661 1451 2715 ad
1495 2660 1849 2716 Sardiceuses
1892 2658 2030 2714 forte

427 2770 685 2822 canones,
710 2764 869 2825 atque
905 2755 973 2809 ad
997 2770 1188 2810 causas
1217 2755 1574 2810 Orientalium
1603 2770 1630 2806 a
1661 2754 1835 2820 lolio,
1866 2754 2026 2808 Libe-

432 2853 516 2905 tio
542 2853 769 2921 aliisque
790 2852 1185 2922 antiquioribus
1210 2851 1262 2905 in
1296 2852 1481 2903 Romae
1510 2848 1734 2921 synodis
1761 2849 2029 2919 judicatas

434 2961 554 2999 cum
578 2945 895 3000 Ambrosius
923 2944 1289 2999 Theodosium
1320 2952 1593 3013 provocat,
1624 2942 1821 2997 debita:
1852 2943 1924 2995 illi
1947 2956 2031 2997 re-

433 3040 693 3092 verentia:
718 3037 851 3093 nihil
878 3054 937 3093 se
973 3040 1050 3093 ait
1076 3037 1359 3109 derogare.
1392 3036 1557 3107 Igitur
1578 3036 1865 3106 epistolam
1892 3036 2030 3091 hanc

2150 430 2455 486 Macedonia
2482 432 2756 486 tumultum
2779 430 3019 499 oﬁ'endit.
3074 431 3335 503 Quotquot
3376 434 3514 489 enim
3543 434 3748 491 barbari

2141 527 2279 580 intra
2303 528 2514 596 paludes
2543 536 2594 581 et
2620 530 2885 598 proximas
2910 528 3068 583 silvas
3102 545 3165 583 ea:
3196 532 3357 600 priori
3389 530 3747 587 Romanorum

2141 620 2467 689 expeditione
2493 621 2623 674 salvi
2650 630 2934 687 evaserant,
2964 638 3028 675 ea:
3055 621 3256 677 Italicis
3280 623 3556 680 Theodosii
3591 638 3749 680 occu-

2142 714 2434 784 pationibus
2462 715 2687 778 excitati,
2721 714 3086 769 Macedoniam
3117 716 3534 789 Thessaliamque
3560 718 3745 785 effuse,

2139 807 2283 859 nullo
2307 807 2594 872 resistente,
2619 808 3035 875 populabantur;
3062 806 3353 864 Theodosio
3383 826 3502 866 vero
3525 809 3750 866 Thessa-
3780 806 3783 809 ¹

2138 899 2360 951 lonicam
2385 915 2641 969 regresso,
2674 899 2726 951 in
2755 900 2868 952 loca
2910 916 2964 953 se
2997 900 3173 954 abdita
3209 904 3550 967 contulerant,
3591 914 3745 973 atque

2137 992 2461 1046 illucescente
2488 994 2571 1045 die
2598 1002 2937 1061 erumpentes,
2958 996 3199 1063 proxima
3228 997 3400 1050 omnia
3418 998 3531 1051 loca
3558 998 3747 1067 infesta

2137 1085 2389 1140 habebant
2426 1086 2526 1158 (b).
2591 1087 2788 1140 Errant
2817 1087 2976 1156 igitur
3005 1087 3098 1157 qui
3128 1099 3305 1144 motus
3346 1088 3467 1143 illos
3501 1090 3746 1162 Illyricos

2135 1197 2362 1251 quorum
2391 1179 2443 1235 in
2474 1196 2535 1236 ea
2568 1182 2798 1250 epistola
2830 1182 3033 1237 mentio
3058 1192 3140 1238 est
3166 1224 3180 1248 ,
3232 1181 3481 1239 referunt
3530 1186 3596 1238 ad
3628 1185 3737 1240 Go-

2134 1276 2333 1330 thicum
2363 1276 2583 1343 bellum,
2612 1290 2676 1329 ac
2705 1277 3019 1343 concilium,
3050 1276 3192 1346 quod
3219 1279 3290 1332 ob
3310 1278 3531 1333 eosdem
3559 1286 3741 1334 motus

2134 1372 2185 1425 in
2220 1371 2364 1424 italia
2410 1379 2765 1424 commeatum
2804 1370 3060 1425 scribitur
3092 1411 3103 1433 ,
3158 1370 3289 1425 illud
3338 1386 3461 1426 esse
3501 1372 3691 1426 volunt
3720 1414 3733 1436 ,

2129 1463 2273 1535 quod
2299 1479 2444 1517 anno
2471 1463 2577 1518 382
2605 1472 2836 1519 exeunte
2862 1506 2877 1529 ,
2928 1465 3113 1518 Roma:
3163 1479 3193 1518 a
3222 1466 3454 1519 Damaso
3501 1466 3749 1521 celebra-

2132 1567 2241 1611 tum
2274 1556 2411 1621 fuit;
2440 1555 2726 1612 Gothicam
2757 1557 2899 1611 enim
2932 1557 3133 1612 bellum
3165 1573 3284 1612 cum
3316 1573 3459 1613 anno
3481 1560 3591 1615 580
3611 1574 3747 1613 con-

2128 1647 2325 1703 fectum
2354 1663 2593 1718 prorsus,
2625 1658 2786 1719 atque
2816 1650 2963 1703 omni
2994 1666 3058 1705 ex
3088 1660 3241 1720 parte
3276 1652 3579 1707 extinctum
3607 1650 3736 1705 fuis-

1335 1730 1775 1786 Occidenlalibus
1846 1741 2026 1789 autem
2060 1728 2104 1793 Β
2135 1754 2215 1796 set
2242 1784 2255 1806 ,
2287 1742 2489 1795 insulsa
2517 1757 2739 1812 prorsus
2767 1751 2822 1796 et
2847 1742 3146 1797 deridicula
3172 1785 3187 1809 ,
3255 1757 3321 1798 ne
3349 1744 3525 1799 dicam
3568 1743 3699 1798 falsa
3726 1787 3740 1810 ,

2134 1834 2249 1889 haec
2281 1834 2616 1904 Illyricorum
2649 1845 2889 1888 motuum
2919 1835 3199 1889 excusatio
3238 1834 3408 1889 videri
3455 1845 3655 1906 potest,
3697 1838 3745 1892 si

2134 1929 2203 1984 de
2255 1928 2500 1982 Romano
2540 1927 2635 1981 illo
2663 1927 2897 1982 concilio
2926 1942 3044 1981 eam
3096 1927 3407 1996 intelligas:
3450 1936 3507 1981 ut
3539 1943 3570 1983 e
3604 1942 3741 1981 con-
3826 1992 3829 1997 Α

2135 2037 2293 2077 verso
2313 2020 2454 2090 justa
2488 2022 2711 2075 omnino
2738 2034 2801 2075 ac
2830 2034 2959 2075 vera
2991 2029 3095 2086 est,
3123 2022 3167 2074 si
3195 2033 3313 2075 eam
3344 2020 3411 2075 ad
3428 2020 3739 2091 Capuanum

2134 2115 2359 2170 referas.

2209 2204 2444 2259 Accedat
2493 2206 2632 2259 hanc
2674 2204 2959 2275 epistolam
3013 2203 3163 2258 nullo
3206 2202 3312 2257 alio
3340 2204 3693 2259 commodiorl
3722 2245 3738 2272 ,

2134 2314 2293 2369 quam
2323 2312 2432 2368 quo
2474 2297 2584 2351 dixi
2619 2306 2861 2367 tempore
2887 2295 3143 2365 scriptam
3176 2295 3343 2351 videri
3376 2309 3555 2365 posse.
3604 2294 3737 2349 Nam

2133 2391 2346 2461 primo,
2394 2398 2604 2443 tantum
2644 2388 2799 2443 abest
2849 2397 2907 2441 ut
2952 2386 3261 2442 Orientales
3309 2387 3594 2441 convicium
3637 2383 3739 2440 sibi

2136 2483 2335 2539 factum
2363 2483 2671 2554 putaverint
2697 2498 2841 2535 anno
2868 2481 2974 2537 382
2998 2522 3011 2545 ,
3064 2497 3171 2550 quo
3199 2480 3263 2534 ad
3298 2480 3427 2534 illud
3450 2479 3739 2534 concilium

2132 2578 2340 2634 evocati
2368 2587 2513 2641 sunt,
2537 2586 2594 2630 ut
2624 2576 2693 2631 ob
2724 2576 2825 2629 hoc
2854 2575 3029 2642 potius
3058 2573 3483 2628 Occidentalium
3501 2571 3739 2627 cbarita-

2136 2681 2242 2727 tem
2274 2670 2611 2726 laudaverint
2641 2670 2692 2723 in
2742 2668 2933 2723 litteris
2973 2667 3039 2721 ad
3088 2682 3183 2723 eos
3228 2667 3485 2736 scriptis:
3543 2666 3740 2722 deinde

2134 2766 2211 2820 illi
2234 2779 2293 2818 se
2314 2764 2379 2817 ad
2406 2764 2709 2817 Romanum
2738 2760 3026 2816 concilium
3052 2773 3157 2813 non
3183 2760 3355 2813 solum
3382 2758 3614 2823 Damasi,
3642 2756 3738 2811 sed

2133 2861 2295 2913 etiam
2327 2855 2621 2911 Theodosii
2651 2854 2843 2909 litteris
2874 2864 3093 2907 vocatos
3137 2852 3321 2917 aiunt,
3371 2852 3515 2921 quod
3548 2850 3737 2905 Hiero-

2135 2966 2328 3021 nymus
2356 2950 2518 3003 etiam
2542 2946 2773 3001 asseruit
2806 2944 2904 3016 (c).
2938 2943 3039 3011 Qui
3073 2944 3253 3012 itaque
3279 2944 3395 2998 tieri
3428 2944 3606 3011 potest
3631 2981 3644 3001 .
3680 2948 3738 2994 ut

2134 3043 2475 3099 Theodosius
2504 3056 2566 3096 ea
2594 3052 2720 3094 tunc
2749 3038 3038 3095 Ambrosio
3064 3038 3341 3105 scripserit
3369 3077 3385 3103 ,
3416 3050 3539 3107 qum
3566 3033 3733 3091 Tille-

426 3145 526 3201 pro
548 3132 784 3201 genuino
809 3131 1085 3186 Ambrosii
1117 3131 1246 3187 iaetu
1275 3146 1541 3199 agnosco,
1572 3146 1748 3200 eoque
1792 3131 2025 3200 praesule
2052 3125 2095 3187 C
2133 3140 2405 3203 montius,
2463 3136 2709 3190 Flenrius
2734 3144 2784 3189 et
2811 3132 3072 3189 Cellerius
3097 3133 3295 3203 aliique
3342 3132 3635 3202 opinantur
3679 3137 3734 3183 et

426 3225 686 3293 dignam;
719 3232 774 3277 at
804 3223 852 3278 si
874 3224 996 3294 quis
1026 3224 1171 3278 illam
1228 3218 1425 3279 Siricio
1455 3224 1691 3278 tribuere
1725 3223 1877 3290 velit,
1920 3224 2017 3278 mi-

428 3317 573 3371 nime
601 3330 885 3386 repugno:
931 3325 1039 3370 tum
1076 3316 1219 3386 quod
1259 3318 1425 3388 ipsius
1462 3316 1641 3370 Siricii
1691 3317 1866 3391 stylus
1892 3315 2021 3370 Am-

423 3409 736 3463 brosianum
772 3410 952 3476 sapit;
1001 3417 1111 3463 tum
1143 3409 1286 3479 quod
1312 3408 1383 3463 de
1414 3408 1575 3463 rebus
1606 3408 1737 3478 agit,
1792 3423 2018 3478 quarum

426 3516 551 3571 pars
591 3516 784 3569 magna
826 3501 1055 3557 Siricius
1108 3502 1250 3566 luit;
1302 3510 1411 3555 tum
1454 3499 1595 3567 quod
1645 3498 2020 3554 Theodoretus

423 3595 676 3651 Siricium
732 3598 903 3666 ipsum
955 3611 1249 3651 numerare
1295 3596 1511 3650 videtur
1553 3596 1693 3649 inter
1747 3594 2021 3649 Romanos

421 3691 732 3760 episcOpos,
777 3692 865 3760 qui
890 3691 1257 3747 Theodosium
1299 3690 1373 3746 ob
1415 3691 1556 3745 hanc
1584 3705 1800 3745 causam
1841 3692 2020 3747 acrius

424 3782 857 3853 perstrinxerant
882 3784 983 3857 (a).
1050 3846 1051 3849 η

496 3875 605 3932 Cur
628 3892 758 3932 vero
779 3892 887 3942 me,
916 3887 973 3932 ut
997 3892 1115 3932 eam
1142 3878 1423 3948 epistolam
1443 3877 1696 3948 scriptam
1717 3877 2020 3932 existimem

422 3984 535 4025 non
579 3970 673 4025 diu
712 3981 832 4045 post
859 3971 1168 4041 Capuanam
1200 3972 1464 4043 synodum
1493 4016 1505 4038 ,
1557 3971 1779 4042 ejusque
1808 3972 2022 4041 sapien-

426 4064 690 4118 tissimam
718 4064 1164 4119 deliberationem
1211 4080 1239 4118 a
1271 4063 1529 4119 Flaviano
1554 4065 1761 4118 elusam
1789 4104 1804 4128 ,
1838 4073 2023 4119 movet

426 4167 687 4227 pmterea
710 4199 726 4225 ,
776 4158 917 4228 quod
943 4158 1197 4213 scribitur
1226 4160 1276 4212 in
1306 4159 1395 4213 illa
1419 4201 1433 4225 ,
1471 4159 1799 4229 postulatum
1840 4159 2023 4215 conci-

424 4250 556 4304 lium
581 4294 596 4319 ,
628 4263 737 4306 tum
768 4253 831 4306 ad
856 4252 1278 4322 extinguendum
1323 4250 1718 4308 Antiochenum
1748 4250 1982 4305 schisma
2004 4292 2019 4318 ,

425 4354 539 4397 tum
566 4354 619 4397 ut
650 4354 1037 4414 cognosceretur
1063 4346 1125 4398 de
1142 4345 1208 4399 iis
1235 4387 1249 4410 ,
1277 4346 1365 4413 qui
1387 4346 1571 4415 dogma
1598 4383 1613 4409 ,
1650 4344 1787 4414 quod
1817 4344 2018 4411 Apolli-

422 4436 571 4489 naris
592 4436 856 4503 asseritur,
886 4441 939 4490 in
973 4436 1253 4492 Ecclesium
1282 4447 1532 4491 conantur
1552 4436 1795 4491 inducere
1815 4454 1832 4501 ;
1855 4437 2023 4492 idem-

2126 3230 2370 3301 tiugunt?
2393 3230 2700 3293 Postremo,
2729 3226 3068 3281 Theodosius
3094 3224 3209 3294 ipse
3236 3222 3479 3276 scribere
3503 3220 3734 3275 Ambro-

2126 3328 2208 3382 sio
2233 3327 2346 3380 haac
2386 3323 2607 3377 minime
2651 3320 2825 3391 potuit
2854 3328 2979 3373 ante
2995 3331 3194 3371 annum
3225 3315 3330 3371 582
3355 3314 3465 3384 jam
3498 3312 3728 3368 inclina-

2126 3430 2238 3474 tum
2265 3434 2279 3470 :
2311 3429 2533 3470 necesse
2557 3414 2735 3482 itaque
2761 3418 2865 3474 est,
2892 3418 2948 3463 ut
2974 3409 3212 3474 fatearis,
3241 3407 3380 3461 hanc
3402 3406 3572 3476 ipsam
3603 3405 3733 3459 Am-

2128 3512 2289 3567 brosii
2323 3508 2607 3579 epistolam
2634 3546 2650 3573 ,
2683 3506 2750 3560 de
2778 3520 2880 3573 qua
2909 3503 3117 3574 agimus
3142 3542 3157 3567 ,
3179 3501 3359 3556 datam
3390 3500 3557 3556 luisse
3583 3512 3729 3556 anno

2128 3606 2221 3661 illo
2243 3604 2352 3673 jam
2379 3610 2637 3665 exeunte,
2667 3606 2828 3665 atque
2852 3597 2941 3651 illn
2973 3597 3090 3666 ipso
3116 3606 3383 3663 tempore,
3407 3602 3513 3662 τιυο
3531 3590 3731 3647 Roma-

2127 3711 2254 3751 num
2282 3691 2574 3749 concilium
2605 3689 2927 3744 habebatur.
2976 3688 3078 3753 Qui
3107 3700 3239 3741 vero
3260 3684 3363 3740 hoc
3388 3684 3728 3747 concedunt,

2126 3789 2285 3844 velim
2318 3797 2374 3840 ut
2404 3784 2624 3845 dicant,
2678 3797 2775 3835 cur
2821 3794 2927 3834 non
2958 3778 3183 3833 Romani
3216 3775 3463 3846 ejusdem
3511 3773 3729 3828 concilii

2126 3883 2345 3939 nomine
2368 3881 2457 3935 illa
2482 3878 2737 3947 inscripta
2764 3874 2947 3930 fuerit.
2980 3874 3244 3927 Praeterea
3269 3869 3481 3924 videant
3513 3866 3611 3932 illi,
3636 3867 3727 3937 qui

2129 3977 2232 4032 hoc
2260 3976 2444 4037 aiunt,
2478 3986 2547 4026 an
2577 3970 2763 4041 gloriae
2787 3966 3110 4022 sanctissimi
3141 3960 3555 4019 Mediolanensis
3585 3973 3723 4029 pra:-

2125 4070 2260 4128 sulis
2290 4078 2439 4125 recte
2460 4065 2766 4122 consultum
2790 4070 2933 4116 eant.

2200 4166 2325 4221 Harc
2355 4165 2535 4233 itaque
2563 4168 2687 4215 sunt
2708 4170 2829 4228 quae
2861 4169 2946 4210 me
2974 4159 3213 4217 moveut,
3244 4159 3305 4205 ut
3346 4148 3485 4203 hanc
3522 4148 3727 4217 episto-

2128 4262 2255 4324 lam,
2284 4258 2402 4312 sive
2430 4254 2630 4319 Siricii,
2664 4252 2779 4305 sive
2807 4247 3079 4304 Ambrosii
3110 4244 3200 4299 illa
3227 4245 3315 4308 sit,
3346 4257 3453 4297 non
3485 4242 3577 4295 diu
3608 4248 3729 4309 post

2125 4351 2436 4418 Capuanam
2449 4346 2734 4417 synodum,
2750 4355 2816 4396 ac
2838 4350 2956 4407 post
2983 4339 3306 4393 declinatum
3333 4334 3574 4404 ejusdem
3597 4348 3727 4403 θνη-

2128 4444 2216 4498 odi
2243 4483 2257 4508 ,
2297 4456 2360 4496 ac
2396 4437 2682 4508 Theophili
2730 4429 3079 4489 Alexandrini
3114 4425 3375 4497 judicium
3399 4464 3415 4491 ,
3464 4424 3723 4492 scriptam

421 4544 529 4598 que
552 4529 845 4585 concilium
873 4530 925 4586 in
954 4522 1103 4585 italia
1136 4532 1494 4598 postulatum,
1525 4533 1646 4602 quia
1678 4546 1801 4586 cum
1839 4531 2022 4603 Illyris
2054 4516 2097 4577 Ιῖ
2130 4546 2333 4608 putem.
2388 4533 2521 4588 lluic
2564 4526 2846 4600 quaestioni
2871 4525 2967 4579 lux
2995 4521 3274 4591 all‘ulgeret
3301 4518 3475 4587 aliqua
3508 4514 3723 4608 majori,

422 4633 663 4690 suspecta
692 4635 1003 4690 moveretur,
1032 4626 1288 4679 maritima
1312 4667 1325 4689 ,
1360 4635 1407 4679 et
1445 4626 1631 4677 tutiora
1674 4625 1836 4694 qnwri
1861 4642 2019 4694 apor-

424 4726 613 4770 tuerat.
662 4715 791 4772 Haac
819 4717 960 4772 enim
1001 4732 1099 4772 nos
1127 4718 1330 4772 ducunt
1355 4717 1419 4770 ad
1454 4726 1664 4785 tempus
1696 4716 1822 4769 illud
1850 4758 1864 4782 ,
1913 4733 2021 4787 quo

424 4808 767 4865 Theodosius
803 4819 989 4881 pacata
1038 4810 1185 4865 Italia
1212 4808 1734 4878 Constantinopolim
1764 4808 2019 4863 redierat.

422 4902 582 4958 Tunc
627 4903 773 4958 enim
816 4904 1144 4974 Apollinaris
1194 4903 1445 4957 harresim
1496 4903 1549 4957 in
1580 4901 1799 4956 Oriente
1847 4900 2020 4971 palam

421 5008 729 5069 grassatam
779 4999 1020 5064 scimus,
1068 5000 1351 5068 variosque
1398 5012 1491 5066 per
1536 4996 1807 5065 Illyricum
1847 5004 2025 5050 motus

422 5103 648 5148 exortus
672 5092 740 5147 ab
765 5106 832 5147 eo
859 5105 1223 5161 compressos.
1268 5089 1506 5144 Primum
1548 5096 1757 5142 constat
1805 5102 1871 5142 ex
1920 5086 2026 5141 Na-

424 5187 724 5250 zianzeno,
775 5186 1023 5251 Socrate,
1074 5184 1399 5247 Snzouieuo,
1455 5182 1727 5247 aliisque,
1757 5196 1893 5250 quos
1940 5181 2026 5235 hic

424 5278 792 5333 transcribere
818 5291 1279 5345 supervacaneum
1311 5283 1414 5331 est.
1441 5284 1599 5342 atque
1630 5289 1695 5328 ex
1722 5273 1759 5328 1.
1789 5273 1854 5327 Η
1880 5315 1892 5337 ,
1928 5272 2023 5327 lib.

427 5389 524 5428 xVI
550 5413 568 5437 ,
596 5372 679 5424 tit.
709 5372 745 5427 ὅ
769 5412 780 5433 ,
809 5369 944 5425 Cod.
978 5368 1183 5424 Theod.
1226 5382 1371 5423 anno
1398 5366 1505 5422 588
1535 5374 1769 5422 exeunte
1797 5366 2029 5421 Thcssa-

427 5468 623 5521 lonica:
670 5466 814 5519 data.
868 5465 1110 5519 Alterum
1160 5478 1287 5518 vero
1334 5477 1399 5517 ex
1427 5461 1645 5515 Zosimo
1690 5470 1744 5515 et
1772 5460 2027 5531 Sigoni'o,

425 5562 585 5632 cujus
612 5560 727 5615 h:rc
756 5568 882 5615 sunt
906 5559 1064 5615 verba
1091 5578 1102 5612 :
1147 5556 1465 5612 Theodosius
1493 5557 1547 5609 in
1583 5554 1835 5609 ercinm
1869 5570 1923 5608 se
1946 5572 2028 5609 re-

506 5681 586 5749 (a)
615 5678 733 5732 Lib.
761 5693 816 5743 ν,
845 5691 965 5748 cap.
994 5677 1086 5732 es.

511 5740 588 5831 ib)
625 5751 697 5807 De
720 5740 1159 5831 Occidflmperq
1186 5748 1278 5805 lib.
1304 5762 1377 5815 lx,
1400 5762 1454 5800 η.
1484 5742 1613 5814 392,
1644 5750 1681 5796 ι.
1717 5740 1735 5799 1
1766 5740 1927 5815 Oper.

2129 4607 2173 4687 si
2200 4647 2269 4686 ex
2302 4626 2541 4684 historia:
2563 4618 2925 4678 monumentis
2950 4617 3088 4670 scire
3108 4622 3257 4668 certo
3280 4623 3583 4681 possemus,
3609 4607 3729 4677 quis

2132 4726 2222 4781 ille
2255 4723 2435 4785 fuerit,
2464 4735 2525 4774 ac
2555 4716 2707 4787 cujus
2732 4712 2988 4767 Ecclesia-
3017 4707 3327 4777 episcOpus,
3358 4703 3457 4774 qui
3474 4701 3544 4756 ob
3562 4701 3728 4770 Apol-

2132 4817 2316 4873 linaris
2342 4813 2589 4867 haeresim
2619 4809 2683 4863 ad
2712 4806 3011 4862 Romanum
3038 4796 3345 4871 pontiﬁcem
3374 4796 3587 4852 delatus
3614 4795 3731 4851 lue-

2128 4918 2211 4964 rat
2240 4947 2254 4971 ,
2300 4905 2500 4976 quique
2528 4904 2690 4956 etiam
2723 4898 2923 4954 Paulus
2949 4891 3545 4955 Constantinopolitanus
3585 4905 3727 4957 pres-

2129 5000 2289 5071 byler,
2323 4997 2410 5067 qui
2442 4995 2728 5050 concilium
2761 4994 2811 5046 in
2844 4989 3043 5045 Achaia
3080 4986 3382 5057 postulasse
3408 4983 3624 5046 dicitur,
3657 4994 3724 5071 ex

2130 5089 2568 5149 Occidentalibus
2613 5098 2668 5143 et
2711 5083 3078 5141 Orientalibus
3128 5075 3510 5147 cnlligendum.
3568 5070 3726 5139 Quod

2130 5187 2275 5243 enim
2304 5185 2369 5240 ad
2404 5184 2546 5238 hunc
2584 5182 2810 5243 attinet,
2858 5178 2988 5232 nihil
3035 5174 3207 5228 habeo
3247 5169 3378 5224 certi
3409 5164 3549 5235 quod
3595 5162 3726 5218 alle-

2132 5298 2266 5337 ram.
2296 5278 2432 5335 Illud
2461 5286 2674 5334 constat
2716 5277 2995 5335 duntaxat,
3024 5266 3166 5339 quod
3194 5277 3313 5319 cum
3346 5258 3730 5313 Constantino.

2132 5375 2387 5445 politanaz
2420 5371 2671 5426 Ecclesia:
2725 5359 3197 5437 presbyteriuerit
3225 5366 3448 5422 magnus
3480 5349 3598 5418 ejus
3626 5349 3729 5405 Ec-

2135 5469 2314 5523 clesim
2346 5469 2627 5535 cpiscorus
2656 5462 2852 5515 Paulus
2876 5501 2890 5524 ,
2924 5454 3014 5527 qui
3047 5459 3249 5521 martyr
3282 5446 3382 5500 sub
3408 5445 3731 5501 Constantio

2137 5559 2368 5623 obierat,
2403 5553 2673 5624 designari
2708 5551 2807 5604 sub
2843 5565 2908 5603 eo
2936 5543 3150 5601 nomine
3183 5554 3289 5598 non
3336 5536 3528 5611 potuit,
3573 5537 3731 5611 quid-

2227 5672 2299 5744 (ε)
2334 5671 2394 5725 V.
2430 5671 2493 5725 Ι).
2521 5683 2641 5739 cap.
2673 5665 2764 5732 20,
2792 5664 2881 5717 21.

3642 224 3748 283 342
3844 254 3847 255 ν
