4138 6178
430 192 537 247 545

1629 189 1949 249 SANCTUS
1987 189 2314 249 DAMASUS
2354 190 2555 249 PAPA.

3624 198 3735 255 5M-

427 308 556 379 quid
583 307 831 366 Labbeus
856 318 913 366 et
937 308 1256 366 Sirmondus
1276 308 1476 364 fuerint
1500 308 1724 378 Opinati.
1749 309 2022 377 Quamob-
2050 312 2100 371 Α
2127 322 2280 364 suam
2311 309 2453 379 apud
2481 308 2788 365 Catholicos
2810 308 3092 367 simularet
3136 301 3308 367 fidem.
3326 350 3343 377 ,
3375 323 3441 367 ac
3480 310 3583 367 sub
3604 314 3728 383 agni

428 415 545 457 rem
594 402 786 472 aliquis
859 402 1034 471 reipsa
1079 417 1148 456 ex
1215 400 1811 472 Constantinopolitano
1878 401 2025 457 clero

429 496 717 568 presbyter
739 496 902 550 fuerit
926 536 942 561 ,
975 509 1201 551 necesse
1226 505 1308 549 est
1330 537 1345 561 ,
1377 510 1604 565 quorum
1635 495 1816 565 plures
1841 496 1893 550 in
1924 496 2029 551 Ec-

431 587 598 643 clesia
631 588 721 650 illa
748 588 1029 641 ministros
1067 602 1133 641 eo
1160 588 1378 642 nomine
1419 588 1775 658 compellatus
1822 588 1985 644 fuisse
2012 631 2026 655 ,

428 690 641 737 constat
668 697 732 736 ex
765 681 993 736 Palladii
1023 682 1244 753 Dialogo
1270 682 1337 737 de
1365 683 1471 737 vita
1492 681 1886 755 Chrysostomi.
1922 683 2030 741 Sed

430 789 531 829 nec
557 774 933 843 Tillemontio,
982 775 1210 844 aliisque
1236 775 1401 829 Italici
1433 775 1646 830 concilii
1686 777 1927 845 patronis
1958 777 2034 831 fa-

429 868 533 922 cile
560 868 853 922 concedam
882 912 895 931 ,
949 858 1209 938 postulari
1253 869 1322 924 ab
1362 883 1428 923 eo
1454 869 1771 940 presbytero
1816 869 1944 923 illud
1976 870 2029 925 in

429 960 638 1016 Achaia
665 962 954 1017 Concilium
980 962 1241 1031 potuisse,
1277 978 1419 1017 anno
1451 970 1510 1015 ut
1534 962 1619 1017 hic
1642 973 1830 1017 auctor
1861 970 2032 1031 putat,

428 1055 526 1109 581
558 1065 649 1108 aut
677 1054 786 1109 582
811 1095 826 1121 ,
857 1069 923 1109 eo
946 1055 1157 1110 scilicet
1185 1063 1428 1125 tempore
1452 1096 1468 1123 ,
1518 1070 1624 1125 quo
1662 1055 1888 1125 concilia
1920 1062 2031 1109 tum

430 1147 617 1202 Romae
643 1189 658 1214 ,
691 1159 799 1203 tum
835 1151 885 1204 in
918 1152 1064 1219 regia
1093 1152 1229 1207 urbe
1272 1153 1570 1222 frequentia
1598 1152 1763 1207 fuisse
1789 1153 1989 1207 scimus
2016 1194 2031 1219 ,

430 1252 495 1293 ac
526 1237 828 1295 Orientales
870 1241 971 1309 ipsi
1024 1246 1410 1311 imperatorum
1460 1245 1657 1299 litteris
1711 1244 2031 1311 convocati‘,

432 1332 721 1401 quominus
755 1332 980 1389 Romam
1010 1345 1327 1405 pergerent,
1354 1336 1487 1391 alias
1520 1346 1716 1407 praeter
1739 1337 1875 1392 hanc
1903 1353 2032 1392 cau-

430 1440 517 1480 sas
542 1425 900 1493 adduxerunt,
937 1437 991 1482 et
1017 1429 1220 1499 legatos
1246 1430 1539 1496 miserunt;
1564 1430 1669 1484 alio
1693 1432 1871 1501 itaque
1892 1445 2035 1486 anno

434 1518 664 1587 epistola
696 1520 782 1574 illa
815 1521 1015 1591 scripta
1044 1521 1225 1585 fuerit,
1254 1535 1418 1593 atque
1442 1523 1552 1578 alio
1581 1524 1705 1579 item
1734 1540 1876 1578 anno
1906 1539 2037 1580 con-

366 1612 371 1615 “
433 1609 615 1664 cilium
640 1609 743 1665 hoc
769 1626 836 1666 ex
856 1621 1085 1683 utraque
1107 1614 1369 1679 Ecclesia,
1396 1615 1448 1669 in
1475 1615 1673 1671 Achaia
1689 1616 1888 1672 Paulus
1911 1633 2033 1687 pos-

2135 406 2317 475 specie
2344 405 2501 476 lupus
2524 413 2685 470 esset,
2722 406 2824 476 ipsi
2855 405 3251 462 scilicet'Vitali
3279 405 3537 472 similem,
3569 422 3726 477 quem

2115 496 2302 551 virum
2334 497 2691 567 versipellem,
2720 512 2784 552 ac
2813 496 3016 552 fraudis
3047 505 3103 552 et
3151 495 3485 553 fallaciarum
3516 499 3727 569 plenum

2132 589 2488 660 Epiphanius,
2518 590 2907 655 Nazianzenus,
2943 589 3229 655 Socrates,
3263 590 3630 659 Sozomenus,
3668 608 3729 650 ac

2132 682 2505 737 Tlteodnretus
2529 681 2840 737 describunt
2867 680 2965 754 (c).

2203 772 2578 843 Conjecturam
2610 773 2750 829 hanc
2779 789 2955 829 meam
2985 774 3236 829 videntur
3265 776 3591 832 confirmare
3618 779 3733 848 epi-

2135 866 2289 920 stolae
2316 865 2560 935 ejusdem
2609 865 2935 921 Nazianzeni
2980 867 3046 921 ad
3079 866 3398 923 Clednnium
3426 912 3441 935 ,
3470 885 3534 925 ac
3563 870 3732 925 altera

2137 960 2409 1034 praecipue
2458 977 2563 1029 qua
2608 961 2699 1015 ille
2741 970 2849 1014 tum
2897 961 3067 1030 ipsius
3121 961 3345 1026 Vitalis,
3376 973 3486 1018 tum
3518 964 3733 1019 Damasi

2134 1055 2402 1110 meminit.
2435 1054 2582 1108 llanc
2611 1053 2991 1109 Tillemontius
3013 1095 3026 1115 ,
3057 1053 3256 1124 aliique
3287 1054 3528 1109 nonnulli
3557 1055 3733 1125 scrip-

2124 1152 2243 1202 tam
2275 1152 2484 1215 putant,
2510 1159 2616 1199 non
2656 1143 2748 1199 diu
2778 1144 3220 1211 postabdicatam
3252 1144 3549 1201 Ecclesiam
3582 1146 3729 1201 Con-

2136 1232 2693 1309 stantitmpolitanam,
2724 1253 2752 1291 a
2780 1238 3042 1307 Gregorio
3085 1239 3136 1293 in
3165 1253 3379 1295 recessu
3410 1239 3731 1295 Arianziano

2138 1332 2343 1401 posito,
2374 1346 2699 1401 quamquam
2726 1330 2926 1385 nullam
2973 1331 3039 1385 ad
3092 1331 3193 1386 hoc
3238 1330 3573 1401 probandum
3620 1332 3736 1387 ido—

2137 1441 2294 1480 neam
2320 1425 2586 1479 rationem
2617 1423 2863 1478 afferant.
2895 1423 3050 1491 Quod
3087 1424 3223 1479 hanc
3248 1425 3560 1495 Opinionem
3579 1440 3737 1496 aper-

2139 1524 2190 1571 te
2226 1514 2489 1582 destruit,
2522 1515 2651 1569 illud
2683 1524 2795 1583 cst,
2827 1516 2971 1586 quod
3016 1516 3156 1571 idem
3176 1516 3480 1587 Gregorius
3506 1518 3737 1574 Vitalem

2141 1618 2267 1663 tunc
2292 1607 2642 1678 superstitem
2673 1608 2779 1674 ait,
2808 1622 2872 1663 ac
2898 1609 3070 1663 virum
3101 1610 3203 1665 sibi
3228 1610 3610 1666 cltarissituum
3640 1627 3737 1666 vo-

435 1700 636 1756 tulasse
670 1700 896 1769 debuit;
956 1714 1120 1774 atque
1167 1706 1315 1761 aliud
1356 1707 1560 1763 nullum
1587 1710 1764 1779 aptius
1800 1709 1922 1766 huic
1956 1712 2031 1766 rei

2140 1710 2227 1754 cat
2252 1740 2267 1765 ,
2302 1699 2588 1753 Damasum
2636 1714 2764 1754 vero
2787 1741 2802 1765 ,
2835 1714 2995 1768 quem
3026 1700 3159 1755 beati
3208 1702 3364 1756 titulo
3403 1703 3737 1773 compellat,

435 1802 647 1864 tempus
672 1796 963 1865 excogitari
994 1807 1193 1867 potest,
1218 1814 1380 1869 quam
1410 1801 1559 1865 illud,
1584 1803 1727 1873 quod
1757 1814 1877 1874 post
1898 1804 2035 1860 frus-

434 1895 650 1941 taneam
676 1888 917 1944 Flaviani
949 1894 1284 1947 contumacia
1308 1893 1615 1965 Capuanam
1639 1898 1928 1968 synodum,
1972 1915 2035 1956 ac

433 1978 725 2033 Theodosii
756 1981 990 2036 reditum
1021 1984 1088 2037 ad
1119 1986 1321 2054 regiam
1353 1987 1538 2042 urbem
1564 2029 1581 2054 ,
1634 1988 1741 2043 labi
1771 2002 2033 2059 cmperat.

432 2068 514 2125 Eo
542 2072 683 2126 enim
714 2072 1005 2128 Flavianus
1034 2076 1101 2129 ab
1129 2075 1454 2146 imperatore
1493 2082 1721 2145 accitus,
1747 2095 1868 2135 cum
1911 2097 2034 2151 syn-

434 2161 594 2217 odum
642 2163 696 2217 in
723 2164 947 2220 Oriente
975 2205 992 2232 ,
1017 2173 1179 2235 atque
1223 2168 1276 2221 in
1308 2182 1530 2223 suorum
1558 2171 1682 2225 sinu
1723 2181 1929 2241 peteret
1958 2174 2032 2246 (a)

432 2256 1064 2326 Constantinopolitanus
1095 2260 1184 2314 hic
1237 2262 1520 2333 presbyter
1556 2264 1784 2333 publica:
1810 2282 2037 2322 concor-

434 2350 538 2404 dize
592 2350 771 2404 studio
808 2351 1022 2419 ductus,
1075 2352 1334 2409 Achaiam
1385 2355 1551 2411 veluti
1603 2356 2037 2416 Occidentalibus

433 2442 1199 2514 commodioremsuggerere
1256 2448 1450 2517 potuit.
1517 2449 1653 2505 Hinc
1719 2451 2038 2508 Ambrosius

434 2533 739 2605 Theophilo
769 2536 1013 2592 scribens
1042 2540 1287 2608 queritur
1310 2581 1324 2606 ,
1371 2551 1492 2611 post
1529 2543 1731 2597 irritam
1764 2544 1909 2599 illam
1935 2543 2039 2601 Ca-

435 2642 666 2697 puanam
696 2628 985 2699 synodum,
1011 2630 1324 2687 sacerdotes
1350 2635 1503 2688 senio
1533 2635 1810 2691 confectos
1839 2638 2035 2693 iterum

433 2722 711 2776 vexandos
740 2738 882 2788 esse,
911 2725 1309 2781 transfretanda
1333 2727 1526 2782 iterum
1555 2730 1725 2785 maria
1748 2770 1763 2795 ,
1794 2747 1857 2787 ac
1883 2747 2039 2790 sacra

430 2815 621 2868 altaria
652 2815 949 2871 deserenda
975 2859 991 2883 ,
1019 2826 1077 2873 ut
1116 2819 1169 2872 in
1210 2815 1498 2891 longinqua
1537 2823 2034 2891 proficiscerentur.

436 2908 569 2963 Illud
616 2910 793 2979 ipsum
822 2921 1001 2965 autem
1046 2912 1098 2966 in
1129 2912 1329 2968 Achaia
1362 2916 1649 2971 concilium
1677 2918 1745 2973 ab
1775 2918 2038 2976 Occiden-

436 3004 631 3059 talibus
663 3015 970 3060 recusatum
997 3016 1100 3071 est,
1126 3008 1269 3077 quod
1290 3008 1493 3080 Illyris,
1513 3012 1668 3080 cujus
1689 3013 1890 3068 Achaia
1912 3029 2037 3084 pars

433 3095 633 3163 fuerat,
667 3109 905 3167 suspecta
932 3108 1059 3170 tunc
1086 3111 1391 3155 moveretur.

506 3189 758 3259 Episcopi
814 3200 991 3245 autem
1040 3191 1181 3245 illius
1223 3194 1482 3257 nomine,
1530 3194 1620 3264 qui
1670 3196 1741 3249 ob
1787 3194 2035 3252 haeresim

434 3280 765 3349 Apollinaris
791 3280 859 3336 ad
892 3282 1244 3353 apostolicam
1273 3284 1457 3339 sedem
1490 3285 1700 3341 delatus
1727 3286 1923 3352 fuerat,
1948 3289 2036 3343 vix

432 3381 527 3427 aut
556 3373 885 3441 Apollinaris
915 3376 1070 3444 ipse,
1122 3385 1215 3430 aut
1259 3377 1615 3447 Timotheus,
1661 3380 1805 3450 quod
1857 3391 2035 3438 tamen

434 3465 650 3534 plurimi
683 3465 974 3535 opinantur
1006 3511 1019 3533 ,
1050 3468 1274 3540 intelligi
1308 3480 1523 3539 potest;
1574 3481 1685 3527 tum
1716 3474 1859 3544 quod
1890 3486 2037 3531 uter-

432 3575 539 3629 que
564 3560 633 3615 ab
678 3559 1006 3617 Occidentali
1039 3574 1093 3618 et
1135 3565 1395 3621 Orientali
1428 3570 1637 3640 synodo
1687 3571 1895 3640 pridem
1936 3572 2035 3628 de-

429 3652 605 3722 jectus
634 3652 806 3709 fuerat
836 3671 849 3718 ;
883 3666 992 3709 tum
1022 3659 1163 3727 quod
1195 3659 1335 3715 alter
1353 3659 1464 3729 jam
1487 3664 1716 3727 obierat,
1746 3664 1881 3718 alter
1906 3680 2036 3721 vero

434 3746 724 3801 mulctatus
765 3748 957 3803 exsilio
1000 3747 1177 3805 fuerat
1208 3750 1320 3823 (b);
1372 3752 1591 3809 difficile
1622 3770 1750 3808 vero
1778 3763 1861 3808 est
1888 3771 2038 3811 asse-

433 3853 558 3895 rere
583 3840 783 3911 aliquid
811 3843 943 3896 certi
974 3885 989 3910 ,
1017 3858 1139 3898 cum
1180 3844 1488 3914 frequentes
1516 3857 1701 3900 essent
1730 3849 1779 3901 iu
1812 3848 2036 3904 Oriente

433 3932 882 4002 pseudoepismpi
914 3975 930 3999 ,
959 3936 1047 3999 qui
1078 3936 1289 3988 vineam
1326 3937 1535 3990 Domini
1566 3938 1993 3996 demoliebantur
2019 3960 2032 3995 :

353 4088 355 4091 τ
435 4025 480 4078 si
525 4024 647 4094 quis
676 4035 852 4079 tamen
884 4026 1214 4094 conjecturis
1242 4026 1393 4081 locus
1427 4029 1640 4085 videtur
1664 4032 1765 4087 hnc
1792 4033 1912 4088 loco
1945 4034 2031 4090 Vi-

434 4116 558 4169 talis
589 4116 837 4183 indicari,
866 4120 956 4187 qui
980 4119 1281 4174 Antiochiae
1310 4122 1735 4191 Apollinariauis
1764 4139 1989 4196 praeerat
2016 4174 2031 4198 ,

431 4224 661 4279 quorum
695 4207 836 4263 haud
868 4210 1097 4282 exiguus
1138 4224 1256 4267 erat
1297 4230 1589 4271 numerus:
1645 4233 1765 4273 nam
1812 4235 1932 4274 cum
1979 4223 2033 4278 in

431 4301 683 4373 Capuana
713 4304 920 4374 synodo
967 4305 1033 4359 de
1080 4306 1443 4376 extinguendo
1472 4310 1811 4367 Antiocheno
1856 4314 2032 4371 schis-

432 4406 595 4464 mate,
628 4396 941 4468 integraque
962 4397 1087 4454 huic
1113 4400 1366 4456 Ecclesite
1390 4403 1679 4473 aliquando
1701 4408 2029 4465 restituenda

2136 1791 2248 1863 jam
2278 1800 2405 1847 tunc
2449 1806 2569 1846 cum
2620 1792 2906 1857 scriberet,
2934 1792 3249 1848 defunctum
3281 1793 3450 1850 fuisse
3494 1795 3737 1851 indicat:

2139 1885 2339 1954 scripta
2372 1884 2535 1954 igitur
2570 1885 2797 1955 epistola
2836 1886 2929 1939 illa
2978 1896 3060 1939 est
3092 1895 3214 1956 post
3241 1902 3440 1941 annum
3470 1888 3606 1950 384,
3635 1904 3741 1959 quo

2141 1976 2228 2033 hic
2254 1976 2387 2031 obiit
2422 1994 2436 2031 :
2468 1985 2523 2030 at
2552 1978 2697 2031 enim
2730 1992 2837 2047 quo
2885 1978 3109 2047 prmcise
3134 1979 3316 2033 anno?
3338 1978 3572 2049 Tcntpus
3600 1982 3747 2050 equi~

2140 2069 2262 2125 dem
2308 2070 2531 2124 minime
2576 2068 2857 2124 definitum
2884 2079 3201 2141 certumque
3241 2071 3415 2125 ausim
3446 2072 3741 2137 exbibere,

2140 2172 2269 2234 puto
2325 2175 2505 2220 tamen
2551 2174 2666 2220 tuto
2693 2166 2865 2222 asseri
2916 2181 3110 2236 posse,
3155 2168 3412 2237 scriptam
3460 2181 3581 2222 esse
3626 2174 3747 2244 post

2140 2272 2338 2312 annum
2372 2257 2478 2313 588
2514 2272 2577 2313 ac
2618 2257 2759 2313 circa
2806 2256 3077 2327 Capuant'e
3110 2257 3303 2330 synodi
3351 2269 3583 2329 tempus.
3613 2256 3746 2313 Nam

2143 2352 2319 2420 primo
2347 2366 2411 2404 ex
2442 2351 2479 2405 1.
2519 2349 2586 2404 14
2616 2347 2753 2404 Cod.
2784 2349 2995 2406 Theod.
3026 2352 3094 2406 de
3127 2352 3339 2418 Haeret.
3371 2367 3492 2422 quae
3540 2351 3593 2406 in
3618 2365 3743 2406 eos-

2141 2444 2264 2499 dem
2298 2445 2403 2498 lata
2430 2452 2533 2511 est,
2564 2444 2980 2513 Apollinaristas
3008 2454 3133 2500 tunc
3161 2444 3553 2510 dcbacchatos,
3586 2453 3747 2515 atque

2143 2537 2443 2593 Ecclesiam
2474 2536 2797 2592 catholicam
2832 2550 2959 2592 tunc
2990 2538 3331 2608 potissimum
3358 2551 3583 2592 vexasse
3614 2552 3747 2592 con-

2141 2641 2268 2688 stat.
2303 2630 2505 2687 Deinde
2535 2630 2827 2701 Gregorius
2857 2632 2976 2703 ipsc
3007 2631 3107 2687 hoc
3138 2632 3313 2702 ipsum
3342 2631 3591 2702 designat
3621 2640 3748 2686 tem-

2142 2740 2244 2796 pus
2269 2766 2285 2793 ,
2313 2740 2435 2780 cum
2464 2740 2560 2780 eos
2590 2736 2707 2778 ante
2750 2725 2961 2797 triginta
3006 2741 3169 2779 annos
3211 2734 3414 2779 exertos
3445 2724 3553 2792 ait,
3587 2734 3747 2794 atque

2141 2817 2214 2871 ita
2242 2817 2384 2872 circa
2414 2832 2613 2871 annum
2645 2816 2750 2873 558
2790 2828 2881 2870 aut
2911 2824 3251 2887 sequentem.
3279 2816 3437 2871 Auno
3478 2817 3743 2888 siquidem

2142 2910 2283 2976 556,
2317 2910 2519 2965 Basilio
2551 2921 2691 2966 teste
2716 2910 2816 2982 (tl),
2848 2912 3017 2982 pestis
3047 2911 3138 2966 illa
3187 2912 3423 2966 nondum
3470 2922 3742 2981 eruperat.

2142 3001 2277 3057 Hinc
2327 3002 2662 3071 Nicephorus
2703 3004 2778 3058 ait
2804 3018 2926 3058 esse
2965 3003 3056 3073 qui
3098 3003 3432 3067 scriberent,
3465 3004 3747 3073 Apollina-

2065 3089 2110 3153 C
2142 3112 2257 3153 rem
2295 3096 2662 3151 secessionem
2704 3095 2899 3151 fecisse
2941 3111 2969 3148 a
3022 3094 3258 3165 Georgio
3296 3094 3641 3163 Laudiceno,
3676 3110 3743 3150 eo

2131 3189 2285 3262 .quod
2314 3190 2403 3245 ille
2434 3189 2799 3246 Seleuciensis
2826 3188 3019 3260 synodi
3042 3187 3278 3244 decretis
3301 3203 3585 3243 assensum
3612 3203 3741 3259 prte-

2138 3283 2350 3339 stiterat
2380 3281 2474 3356 (e).
2503 3284 2700 3339 Contra
2729 3298 2856 3338 vero
2900 3298 3044 3337 anno
3074 3281 3198 3348 562,
3228 3296 3335 3352 quo
3381 3282 3743 3338 Alexandrina

2140 3378 2379 3451 synodus
2410 3394 2527 3434 eam
2556 3378 2909 3449 proscripsit,
2938 3377 3240 3433 Ecclesiam
3261 3391 3476 3433 veneno
3504 3390 3605 3432 suo
3629 3377 3741 3447 jam

2140 3472 2436 3528 alﬂaverat.
2468 3472 2525 3527 Si
2570 3486 2704 3526 vero
2732 3470 2923 3525 Vitalis
2948 3469 3186 3525 nondum
3226 3469 3329 3525 hoc
3361 3481 3605 3539 tempore
3634 3468 3743 3524 vita

2139 3578 2485 3633 excesserat;
2519 3568 2563 3622 si
2598 3566 2700 3622 fide
2725 3581 2785 3621 se
2812 3565 3133 3621 catholicum
3161 3566 3443 3632 simulans,
3478 3575 3534 3618 ut
3558 3580 3624 3619 ex
3649 3578 3744 3619 eo-

2138 3661 2263 3716 dem
2307 3659 2633 3715 Nazianzeni
2672 3659 2792 3714 loco
2829 3658 3161 3715 advertimus
3203 3656 3271 3730 (f)
3295 3700 3309 3724 ,
3336 3658 3743 3728 Apollinaristis

2139 3752 2441 3809 Antiochia:
2494 3752 2682 3822 positis
2733 3760 2996 3821 prmerat,
3028 3766 3090 3805 ac
3144 3765 3338 3822 magno
3386 3750 3513 3806 huic
3544 3750 3741 3804 hau-esi

2139 3828 2476 3903 incremento
2505 3856 2645 3912 erat,
2672 3855 2728 3900 et
2760 3846 3036 3915 praesidio,
3068 3846 3113 3899 si
3142 3845 3377 3915 denique
3404 3846 3457 3899 in
3487 3845 3738 3915 Capuana

2136 3940 2346 4011 synodo
2390 3941 2458 3996 de
2502 3940 2647 3995 illius
2697 3941 2846 3996 urbis
2894 3939 3227 4010 procuranda
3277 3939 3567 4011 aliquando
3607 3953 3739 4009 pace

2136 4039 2337 4099 actum“,
2371 4033 2841 4104 deliberatumque
2871 4033 2999 4101 fuit,
3042 4035 3129 4087 vix
3160 4034 3298 4088 alius
3325 4035 3393 4089 ab
3424 4034 3518 4088 illo
3545 4034 3596 4088 in
3632 4033 3733 4089 hac

2138 4128 2254 4197 ipsa
2286 4136 2379 4181 aut
2422 4126 2603 4181 Siricii
2647 4126 2713 4180 ad
2746 4126 3106 4182 Theodosium
3136 4127 3361 4198 epistola
3384 4125 3733 4198 designatus,

2136 4235 2535 4291 expressusque
2568 4219 2735 4275 videri
2764 4220 2978 4290 poterit.

2212 4314 2345 4368 llinc
2374 4312 2725 4382 intelligimus
2749 4353 2763 4377 ,
2793 4326 2900 4382 quo
2926 4313 3142 4367 circiter
3177 4326 3321 4367 anno
3357 4311 3495 4367 dicta
3524 4313 3594 4367 sit
3634 4311 3735 4366 hoc

2139 4408 2283 4463 milia
2341 4405 2750 4478 Chrysostomi,
2799 4420 2920 4475 quae
2973 4405 3042 4460 de
3107 4407 3431 4460 anathemate
3480 4407 3734 4476 inscripta

433 4506 564 4561 pace
587 4492 854 4563 agendum
882 4501 1027 4547 esset
1064 4494 1403 4563 potissimum
1431 4538 1445 4562 ,
1480 4498 1563 4552 vix
1599 4497 1715 4553 fieri
1760 4509 1935 4569 potest
1973 4513 2031 4557 ut
2057 4474 2112 4535 D
2137 4513 2221 4559 est
2246 4501 2322 4575 (g)
2345 4545 2359 4568 ,
2387 4474 2594 4574 quosve
2643 4503 2760 4557 haec
2798 4501 3038 4572 ejusdem
3083 4502 3243 4558 verba
3284 4502 3575 4572 reSpiciant
3601 4520 3616 4555 :
3645 4474 3737 4555 sed

430 4600 537 4641 nou
567 4585 758 4640 eodem
790 4595 1035 4656 tempore
1061 4587 1129 4641 de
1157 4586 1316 4642 Vitali
1346 4589 1462 4659 ipso
1483 4632 1497 4656 ,
1544 4606 1574 4645 a
1599 4607 1702 4662 qua
1731 4596 2027 4649 maximum

428 4679 555 4733 huic
587 4678 727 4731 bono
752 4678 1197 4748 impedimentum
1227 4680 1555 4737 aﬁ‘erebatur
1580 4726 1594 4747 ,
1637 4695 1813 4739 actum
1842 4685 2025 4754 fuerit,

427 4781 483 4828 et
508 4773 818 4841 cogitatum.
852 4773 1005 4827 Hunc
1033 4785 1294 4843 przeterea
1314 4775 1598 4845 designare
1635 4777 1885 4833 videntur
1912 4780 2027 4835 haec

429 4864 589 4934 hujus
613 4863 857 4933 epistulae
884 4865 1049 4919 verba
1078 4884 1089 4917 :
1130 4877 1186 4919 ut
1221 4868 1483 4922 convictus
1514 4869 1567 4922 in
1594 4870 1832 4943 dagmatc
1861 4888 1990 4926 novo
2010 4916 2023 4939 ,

425 4973 743 5029 nequaquam
762 4957 855 5009 sub
882 4959 1108 5026 generali
1130 4959 1252 5023 ﬁdei
1278 4960 1458 5016 lateret
1484 4965 1709 5032 nomine,
1742 4970 1834 5024 sed
1859 4972 2020 5038 illico,

426 5052 567 5126 quod
587 5051 838 5105 doctrinm
861 5051 1157 5121 magisterio
1180 5069 1283 5107 non
1309 5064 1518 5121 teneret,
1550 5067 1595 5110 et
1620 5060 1838 5129 ofﬁcium
1866 5064 2025 5135 depo-

422 5155 583 5211 neret,
612 5154 658 5199 et
680 5144 985 5198 vocabulum
1007 5145 1323 5212 sacerdotis;
1349 5165 1411 5202 ne
1433 5150 1578 5217 ﬁbra:
1599 5153 1788 5217 aliqua:
1809 5158 2026 5227 post/tat:

424 5237 607 5310 fallere
642 5236 996 5307 cupientibus,
1032 5245 1078 5289 et
1117 5238 1500 5308 praestigiarum
1533 5255 1816 5298 commenta
1853 5264 2023 5303 rema-

424 5341 620 5385 nerent.
650 5328 926 5401 Siquidem
960 5330 1249 5386 hiccnobis
1279 5331 1552 5389 hominem
1580 5336 1911 5409 exprimunt,
1931 5343 2024 5412 qui

495 5488 571 5560 (τι)
597 5491 719 5560 Bar.
749 5506 873 5545 ann.
904 5491 1029 5559 589,
1061 5509 1114 5548 η.
1143 5492 1231 5549 67.

497 5560 569 5630 (ω
598 5559 723 5630 Υἱά.
751 5575 870 5630 cap.
901 5562 992 5617 2‘2.

495 5629 569 5700 (ε)
602 5628 721 5683 Vid.
752 5628 872 5699 cap.
905 5634 991 5688 to.

494 5705 573 5771 (tt)
602 5700 751 5768 Epist
779 5701 868 5767 75,
902 5720 954 5756 n.
989 5706 1042 5771 4,
1078 5722 1205 5777 nup.
1236 5709 1367 5766 edit.

2133 4596 2259 4667 quid
2286 4596 2465 4649 dicunt
2496 4596 2575 4649 illi
2622 4597 2689 4648 ad
2733 4610 2932 4648 omnem
2959 4595 3213 4649 malitiam
3242 4594 3466 4649 audaces
3496 4593 3734 4667 (Flavia-

2135 4688 2281 4742 niani
2312 4688 2521 4741 scilicet
2550 4686 2655 4752 sui,
2685 4701 2823 4755 quos
2852 4686 3191 4757 alloquitur)?
3222 4685 3533 4750 liwreticus,
3559 4687 3731 4755 aiunt,

2129 4780 2221 4834 ille
2249 4785 2418 4851 factus
2445 4790 2553 4842 est,
2579 4779 2949 4834 inhabitantem
2976 4780 3123 4833 liabet
3154 4781 3455 4847 diabolum,
3486 4791 3534 4835 et
3568 4782 3734 4851 loqui-

2132 4885 2214 4929 tur
2242 4886 2424 4929 contra
2452 4872 2619 4928 Deum
2655 4877 2971 4945 nequitiam,
3006 4876 3291 4946 multosque
3331 4876 3547 4930 subdola
3575 4891 3733 4928 uana-

2128 4986 2227 5041 que
2254 4970 2467 5040 fallacia
2512 4972 2566 5022 in
2613 4970 2932 5042 profundum
2978 4970 3119 5024 exitii
3166 4970 3368 5025 abducit
3395 5012 3409 5032 ,
3439 4970 3656 5041 ideoque
3699 4987 3731 5024 a

2129 5060 2375 5115 Patribus
2407 5064 2598 5132 ejectus
2624 5072 2716 5126 est,
2748 5062 2969 5115 maxime
3008 5063 3163 5132 hujus
3203 5064 3467 5135 magister,
3490 5064 3577 5133 qui
3610 5078 3731 5130 par-

2128 5164 2227 5209 tem
2260 5154 2503 5209 Ecclesiaz
2527 5154 2741 5207 abscidit
2767 5169 2786 5207 :
2814 5154 2891 5206 sic
2916 5165 3006 5208 aut
3038 5154 3320 5210 Paulinum
3341 5198 3355 5221 ,
3393 5165 3483 5209 aut
3532 5155 3732 5227 Apolli-

2128 5250 2333 5304 narium
2397 5249 2689 5318 designant.
2755 5249 3223 5316 Montfauconins,
3275 5251 3429 5319 cujus
3491 5250 3730 5306 editione

2128 5352 2251 5399 utor
2271 5384 2285 5408 ,
2317 5341 2402 5397 his
2431 5342 2670 5398 recitatis
2708 5342 2785 5397 ait
2813 5361 2825 5397 :
2862 5341 2990 5399 Haec
3018 5355 3070 5398 ut
3097 5344 3264 5415 primo
3298 5345 3472 5399 statim
3518 5352 3728 5414 aspectu

2198 5502 2272 5578 (e)
2303 5502 2421 5578 Lib.
2453 5519 2547 5578 ix,
2580 5520 2700 5578 cap.
2736 5506 2822 5561 l7.

2193 5574 2262 5646 (f)
2288 5575 2421 5645 Cap.
2460 5576 2547 5631 12.

2195 5645 2272 5717 (g)
2298 5646 2485 5717 Oper.,
2518 5658 2650 5705 tom.
2684 5648 2706 5703 l
2733 5691 2747 5715 ,
2780 5664 2834 5719 p.
2864 5648 3000 5716 692,
3032 5648 3162 5707 edit.
3192 5651 3299 5707 BB.
