  <div class='ocr_page' id='page_1' title='image "/cluster/home/n/w/nwhite01/storage/ocr_20150623/13/hvd.32044096580428/178.png"; bbox 0 0 4138 6178; ppageno 0'>
   <div class='ocr_carea' id='block_1_1' title="bbox 283 227 388 286">
    <p class='ocr_par' dir='ltr' id='par_1_1' title="bbox 283 227 388 286">
     <span class='ocr_line' id='line_1_1' title="bbox 283 227 388 286; baseline -0.029 0"><span class='ocrx_word' id='word_1_1' title='bbox 283 227 388 286; x_wconf 71' lang='grc'><strong><em>545</em></strong></span> 
     </span>
    </p>
   </div>
   <div class='ocr_carea' id='block_1_2' title="bbox 1675 225 2217 286">
    <p class='ocr_par' dir='ltr' id='par_1_2' title="bbox 1675 225 2217 286">
     <span class='ocr_line' id='line_1_2' title="bbox 1675 225 2217 286; baseline 0 -3"><span class='ocrx_word' id='word_1_2' title='bbox 1675 225 2217 286; x_wconf 80' lang='lat' dir='ltr'><strong><em>PROLEGOMENA.</em></strong></span> 
     </span>
    </p>
   </div>
   <div class='ocr_carea' id='block_1_3' title="bbox 3463 231 3573 290">
    <p class='ocr_par' dir='ltr' id='par_1_3' title="bbox 3463 231 3573 290">
     <span class='ocr_line' id='line_1_3' title="bbox 3463 231 3573 290; baseline -0.009 -1"><span class='ocrx_word' id='word_1_3' title='bbox 3463 231 3573 290; x_wconf 64' lang='lat'><strong><em>546</em></strong></span> 
     </span>
    </p>
   </div>
   <div class='ocr_carea' id='block_1_4' title="bbox 280 338 3581 420">
    <p class='ocr_par' dir='ltr' id='par_1_4' title="bbox 280 338 3581 420">
     <span class='ocr_line' id='line_1_4' title="bbox 280 338 3581 420; baseline 0 -18"><span class='ocrx_word' id='word_1_4' title='bbox 280 362 384 402; x_wconf 86' lang='lat' dir='ltr'><strong><em>sese</em></strong></span> <span class='ocrx_word' id='word_1_5' title='bbox 412 341 637 412; x_wconf 68' lang='lat' dir='ltr'><strong><em>offerunt</em></strong></span> <span class='ocrx_word' id='word_1_6' title='bbox 661 383 676 409; x_wconf 93' lang='lat'><strong><em>,</em></strong></span> <span class='ocrx_word' id='word_1_7' title='bbox 724 338 1011 395; x_wconf 88' lang='lat' dir='ltr'><strong><em>Paulinum</em></strong></span> <span class='ocrx_word' id='word_1_8' title='bbox 1054 341 1297 397; x_wconf 73' lang='lat' dir='ltr'><strong><em>viventem</em></strong></span> <span class='ocrx_word' id='word_1_9' title='bbox 1348 342 1712 415; x_wconf 86' lang='lat' dir='ltr'><strong><em>docentemque</em></strong></span> <span class='ocrx_word' id='word_1_10' title='bbox 1741 345 1879 398; x_wconf 79' lang='lat' dir='ltr'><strong><em>indi~</em></strong></span> <span class='ocrx_word' id='word_1_11' title='bbox 1908 350 1958 410; x_wconf 76' lang='grc' dir='ltr'><strong>Α</strong></span> <span class='ocrx_word' id='word_1_12' title='bbox 1983 347 2068 416; x_wconf 91' lang='lat' dir='ltr'><strong><em>qui</em></strong></span> <span class='ocrx_word' id='word_1_13' title='bbox 2102 345 2418 418; x_wconf 83' lang='lat' dir='ltr'><strong><em>Apollinaris</em></strong></span> <span class='ocrx_word' id='word_1_14' title='bbox 2459 345 2648 420; x_wconf 82' lang='lat' dir='ltr'><strong><em>dogma</em></strong></span> <span class='ocrx_word' id='word_1_15' title='bbox 2686 347 2927 402; x_wconf 78' lang='lat' dir='ltr'><strong><em>inducere</em></strong></span> <span class='ocrx_word' id='word_1_16' title='bbox 2950 344 3301 420; x_wconf 53' lang='lat' dir='ltr'><strong><em>:conabantur.</em></strong></span> <span class='ocrx_word' id='word_1_17' title='bbox 3334 347 3581 404; x_wconf 82' lang='lat' dir='ltr'><strong><em>Beatissi-</em></strong></span> 
     </span>
    </p>
   </div>
   <div class='ocr_carea' id='block_1_5' title="bbox 277 434 1871 508">
    <p class='ocr_par' dir='ltr' id='par_1_5' title="bbox 277 434 1871 508">
     <span class='ocr_line' id='line_1_5' title="bbox 277 434 1871 508; baseline -0.003 -11"><span class='ocrx_word' id='word_1_18' title='bbox 277 450 391 497; x_wconf 90' lang='lat' dir='ltr'><strong><em>cant</em></strong></span> <span class='ocrx_word' id='word_1_19' title='bbox 423 456 442 494; x_wconf 89' lang='lat'><strong><em>:</em></strong></span> <span class='ocrx_word' id='word_1_20' title='bbox 469 454 591 492; x_wconf 90' lang='lat' dir='ltr'><strong><em>nam</em></strong></span> <span class='ocrx_word' id='word_1_21' title='bbox 632 436 723 491; x_wconf 88' lang='lat' dir='ltr'><strong><em>ille</em></strong></span> <span class='ocrx_word' id='word_1_22' title='bbox 757 436 843 504; x_wconf 90' lang='lat' dir='ltr'><strong><em>qui</em></strong></span> <span class='ocrx_word' id='word_1_23' title='bbox 876 435 1100 501; x_wconf 92' lang='lat' dir='ltr'><strong><em>loquitur</em></strong></span> <span class='ocrx_word' id='word_1_24' title='bbox 1138 444 1316 490; x_wconf 89' lang='lat' dir='ltr'><strong><em>contra</em></strong></span> <span class='ocrx_word' id='word_1_25' title='bbox 1358 434 1528 490; x_wconf 89' lang='lat' dir='ltr'><strong><em>Deum</em></strong></span> <span class='ocrx_word' id='word_1_26' title='bbox 1558 438 1836 508; x_wconf 72' lang='lat' dir='ltr'><strong><em>nequitiam</em></strong></span> <span class='ocrx_word' id='word_1_27' title='bbox 1856 481 1871 506; x_wconf 94' lang='lat'><strong><em>,</em></strong></span> 
     </span>
    </p>
   </div>
   <div class='ocr_carea' id='block_1_6' title="bbox 278 527 1874 600">
    <p class='ocr_par' dir='ltr' id='par_1_6' title="bbox 278 527 1874 600">
     <span class='ocr_line' id='line_1_6' title="bbox 278 527 1874 600; baseline -0.002 -13"><span class='ocrx_word' id='word_1_28' title='bbox 278 544 323 587; x_wconf 92' lang='lat' dir='ltr'><strong><em>et</em></strong></span> <span class='ocrx_word' id='word_1_29' title='bbox 343 532 532 585; x_wconf 88' lang='lat' dir='ltr'><strong><em>multos</em></strong></span> <span class='ocrx_word' id='word_1_30' title='bbox 555 531 782 600; x_wconf 85' lang='lat' dir='ltr'><strong><em>abducit,</em></strong></span> <span class='ocrx_word' id='word_1_31' title='bbox 798 538 894 595; x_wconf 90' lang='lat' dir='ltr'><strong><em>est,</em></strong></span> <span class='ocrx_word' id='word_1_32' title='bbox 927 539 984 583; x_wconf 90' lang='lat' dir='ltr'><strong><em>ut</em></strong></span> <span class='ocrx_word' id='word_1_33' title='bbox 1000 529 1218 593; x_wconf 90' lang='lat' dir='ltr'><strong><em>videtur,</em></strong></span> <span class='ocrx_word' id='word_1_34' title='bbox 1238 527 1528 584; x_wconf 86' lang='lat' dir='ltr'><strong><em>Paulinus:</em></strong></span> <span class='ocrx_word' id='word_1_35' title='bbox 1557 546 1716 600; x_wconf 89' lang='lat' dir='ltr'><strong><em>neque</em></strong></span> <span class='ocrx_word' id='word_1_36' title='bbox 1737 531 1874 584; x_wconf 89' lang='lat' dir='ltr'><strong><em>enim</em></strong></span> 
     </span>
    </p>
   </div>
   <div class='ocr_carea' id='block_1_7' title="bbox 278 622 1874 694">
    <p class='ocr_par' dir='ltr' id='par_1_7' title="bbox 278 622 1874 694">
     <span class='ocr_line' id='line_1_7' title="bbox 278 622 1874 694; baseline -0.001 -15"><span class='ocrx_word' id='word_1_37' title='bbox 278 626 329 679; x_wconf 89' lang='lat' dir='ltr'><strong><em>in</em></strong></span> <span class='ocrx_word' id='word_1_38' title='bbox 349 625 512 678; x_wconf 91' lang='lat' dir='ltr'><strong><em>alium</em></strong></span> <span class='ocrx_word' id='word_1_39' title='bbox 531 622 641 677; x_wconf 67' lang='lat' dir='ltr'><strong><em>hac</em></strong></span> <span class='ocrx_word' id='word_1_40' title='bbox 669 622 891 691; x_wconf 85' lang='lat' dir='ltr'><strong><em>conferri</em></strong></span> <span class='ocrx_word' id='word_1_41' title='bbox 919 638 1069 692; x_wconf 90' lang='lat' dir='ltr'><strong><em>posse</em></strong></span> <span class='ocrx_word' id='word_1_42' title='bbox 1091 632 1331 693; x_wconf 90' lang='lat' dir='ltr'><strong><em>putamus</em></strong></span> <span class='ocrx_word' id='word_1_43' title='bbox 1355 638 1373 676; x_wconf 90' lang='lat'><em>:</em></span> <span class='ocrx_word' id='word_1_44' title='bbox 1404 626 1514 693; x_wconf 89' lang='lat' dir='ltr'><strong><em>ejus</em></strong></span> <span class='ocrx_word' id='word_1_45' title='bbox 1544 638 1661 677; x_wconf 88' lang='lat' dir='ltr'><strong><em>vero</em></strong></span> <span class='ocrx_word' id='word_1_46' title='bbox 1684 624 1874 694; x_wconf 89' lang='lat' dir='ltr'><strong><em>magis-</em></strong></span> 
     </span>
    </p>
   </div>
   <div class='ocr_carea' id='block_1_8' title="bbox 278 715 1876 788">
    <p class='ocr_par' dir='ltr' id='par_1_8' title="bbox 278 715 1876 788">
     <span class='ocr_line' id='line_1_8' title="bbox 278 715 1876 788; baseline -0.001 -16"><span class='ocrx_word' id='word_1_47' title='bbox 278 728 369 786; x_wconf 89' lang='lat' dir='ltr'><strong><em>ter,</em></strong></span> <span class='ocrx_word' id='word_1_48' title='bbox 400 719 488 788; x_wconf 91' lang='lat' dir='ltr'><strong><em>qui</em></strong></span> <span class='ocrx_word' id='word_1_49' title='bbox 516 733 546 769; x_wconf 95' lang='lat' dir='ltr'><strong><em>a</em></strong></span> <span class='ocrx_word' id='word_1_50' title='bbox 576 715 823 771; x_wconf 84' lang='lat' dir='ltr'><strong><em>Patribus</em></strong></span> <span class='ocrx_word' id='word_1_51' title='bbox 852 717 1040 786; x_wconf 88' lang='lat' dir='ltr'><strong><em>ejectus</em></strong></span> <span class='ocrx_word' id='word_1_52' title='bbox 1063 726 1193 782; x_wconf 91' lang='lat' dir='ltr'><strong><em>erat,</em></strong></span> <span class='ocrx_word' id='word_1_53' title='bbox 1222 725 1294 771; x_wconf 92' lang='lat' dir='ltr'><strong><em>est</em></strong></span> <span class='ocrx_word' id='word_1_54' title='bbox 1321 717 1673 788; x_wconf 84' lang='lat' dir='ltr'><strong><em>Apollinarius</em></strong></span> <span class='ocrx_word' id='word_1_55' title='bbox 1693 733 1876 772; x_wconf 87' lang='lat' dir='ltr'><strong><em>secun-</em></strong></span> 
     </span>
    </p>
   </div>
   <div class='ocr_carea' id='block_1_9' title="bbox 276 809 1876 882">
    <p class='ocr_par' dir='ltr' id='par_1_9' title="bbox 276 809 1876 882">
     <span class='ocr_line' id='line_1_9' title="bbox 276 809 1876 882; baseline -0.001 -17"><span class='ocrx_word' id='word_1_56' title='bbox 276 812 342 865; x_wconf 91' lang='lat' dir='ltr'><strong><em>do</em></strong></span> <span class='ocrx_word' id='word_1_57' title='bbox 372 820 681 865; x_wconf 83' lang='lat' dir='ltr'><strong><em>memoratus</em></strong></span> <span class='ocrx_word' id='word_1_58' title='bbox 706 850 719 874; x_wconf 92' lang='lat'><strong><em>,</em></strong></span> <span class='ocrx_word' id='word_1_59' title='bbox 750 810 839 879; x_wconf 87' lang='lat' dir='ltr'><strong><em>qui</em></strong></span> <span class='ocrx_word' id='word_1_60' title='bbox 866 819 1131 882; x_wconf 90' lang='lat' dir='ltr'><strong><em>postquam</em></strong></span> <span class='ocrx_word' id='word_1_61' title='bbox 1160 810 1211 863; x_wconf 92' lang='lat' dir='ltr'><strong><em>in</em></strong></span> <span class='ocrx_word' id='word_1_62' title='bbox 1240 809 1436 879; x_wconf 89' lang='lat' dir='ltr'><strong><em>synodo</em></strong></span> <span class='ocrx_word' id='word_1_63' title='bbox 1464 810 1532 863; x_wconf 87' lang='lat' dir='ltr'><strong><em>ad</em></strong></span> <span class='ocrx_word' id='word_1_64' title='bbox 1560 811 1876 864; x_wconf 89' lang='lat' dir='ltr'><strong><em>communio-</em></strong></span> 
     </span>
    </p>
   </div>
   <div class='ocr_carea' id='block_1_10' title="bbox 277 903 1873 973">
    <p class='ocr_par' dir='ltr' id='par_1_10' title="bbox 277 903 1873 973">
     <span class='ocr_line' id='line_1_10' title="bbox 277 903 1873 973; baseline -0.002 -11"><span class='ocrx_word' id='word_1_65' title='bbox 277 924 393 963; x_wconf 89' lang='lat' dir='ltr'><strong><em>nem</em></strong></span> <span class='ocrx_word' id='word_1_66' title='bbox 420 908 672 961; x_wconf 87' lang='lat' dir='ltr'><strong><em>admissus</em></strong></span> <span class='ocrx_word' id='word_1_67' title='bbox 714 909 886 973; x_wconf 84' lang='lat' dir='ltr'><strong><em>fuerat</em></strong></span> <span class='ocrx_word' id='word_1_68' title='bbox 930 904 1278 960; x_wconf 80' lang='lat' dir='ltr'><strong><em>subscribente</em></strong></span> <span class='ocrx_word' id='word_1_69' title='bbox 1308 903 1561 972; x_wconf 87' lang='lat' dir='ltr'><strong><em>Paulino,</em></strong></span> <span class='ocrx_word' id='word_1_70' title='bbox 1595 904 1780 958; x_wconf 85' lang='lat' dir='ltr'><strong><em>deinde</em></strong></span> <span class='ocrx_word' id='word_1_71' title='bbox 1810 905 1873 959; x_wconf 91' lang='lat' dir='ltr'><strong><em>ab</em></strong></span> 
     </span>
    </p>
   </div>
   <div class='ocr_carea' id='block_1_11' title="bbox 274 993 1873 1071">
    <p class='ocr_par' dir='ltr' id='par_1_11' title="bbox 274 993 1873 1071">
     <span class='ocr_line' id='line_1_11' title="bbox 274 993 1873 1071; baseline -0.004 -14"><span class='ocrx_word' id='word_1_72' title='bbox 274 1002 579 1066; x_wconf 76' lang='lat' dir='ltr'><strong><em>Athanasio,</em></strong></span> <span class='ocrx_word' id='word_1_73' title='bbox 609 1000 827 1070; x_wconf 83' lang='lat' dir='ltr'><strong><em>aliisque</em></strong></span> <span class='ocrx_word' id='word_1_74' title='bbox 855 997 1130 1065; x_wconf 87' lang='lat' dir='ltr'><strong><em>Patribus,</em></strong></span> <span class='ocrx_word' id='word_1_75' title='bbox 1164 1014 1279 1052; x_wconf 88' lang='lat' dir='ltr'><strong><em>cum</em></strong></span> <span class='ocrx_word' id='word_1_76' title='bbox 1310 1001 1422 1071; x_wconf 86' lang='lat' dir='ltr'><strong><em>ejus</em></strong></span> <span class='ocrx_word' id='word_1_77' title='bbox 1446 993 1686 1053; x_wconf 68' lang='lat' dir='ltr'><strong><em>&#39;htvresim</em></strong></span> <span class='ocrx_word' id='word_1_78' title='bbox 1736 1014 1873 1051; x_wconf 90' lang='lat' dir='ltr'><strong><em>com-</em></strong></span> 
     </span>
    </p>
   </div>
   <div class='ocr_carea' id='block_1_12' title="bbox 274 1090 1873 1165">
    <p class='ocr_par' dir='ltr' id='par_1_12' title="bbox 274 1090 1873 1165">
     <span class='ocr_line' id='line_1_12' title="bbox 274 1090 1873 1165; baseline -0.001 -19"><span class='ocrx_word' id='word_1_79' title='bbox 274 1095 559 1165; x_wconf 79' lang='lat' dir='ltr'><strong><em>perissent,</em></strong></span> <span class='ocrx_word' id='word_1_80' title='bbox 590 1094 784 1165; x_wconf 88' lang='lat' dir='ltr'><strong><em>ejectus</em></strong></span> <span class='ocrx_word' id='word_1_81' title='bbox 834 1090 951 1161; x_wconf 87' lang='lat' dir='ltr'><strong><em>fuit.</em></strong></span> <span class='ocrx_word' id='word_1_82' title='bbox 997 1090 1139 1146; x_wconf 88' lang='lat' dir='ltr'><strong><em>Sane</em></strong></span> <span class='ocrx_word' id='word_1_83' title='bbox 1182 1092 1291 1144; x_wconf 78' lang='lat' dir='ltr'><strong><em>lucc</em></strong></span> <span class='ocrx_word' id='word_1_84' title='bbox 1336 1090 1682 1145; x_wconf 81' lang='lat' dir='ltr'><strong><em>multitudinis</em></strong></span> <span class='ocrx_word' id='word_1_85' title='bbox 1733 1090 1873 1144; x_wconf 90' lang='lat' dir='ltr'><strong><em>dicta</em></strong></span> 
     </span>
    </p>
   </div>
   <div class='ocr_carea' id='block_1_13' title="bbox 273 1182 1874 1253">
    <p class='ocr_par' dir='ltr' id='par_1_13' title="bbox 273 1182 1874 1253">
     <span class='ocr_line' id='line_1_13' title="bbox 273 1182 1874 1253; baseline 0 -14"><span class='ocrx_word' id='word_1_86' title='bbox 273 1186 401 1241; x_wconf 88' lang='lat' dir='ltr'><strong><em>duos</em></strong></span> <span class='ocrx_word' id='word_1_87' title='bbox 414 1197 617 1239; x_wconf 88' lang='lat' dir='ltr'><strong><em>tantum</em></strong></span> <span class='ocrx_word' id='word_1_88' title='bbox 630 1184 1053 1253; x_wconf 87' lang='lat' dir='ltr'><strong><em>impetuntviros,</em></strong></span> <span class='ocrx_word' id='word_1_89' title='bbox 1078 1199 1281 1252; x_wconf 87' lang='lat' dir='ltr'><strong><em>nempe,</em></strong></span> <span class='ocrx_word' id='word_1_90' title='bbox 1304 1192 1356 1235; x_wconf 91' lang='lat' dir='ltr'><strong><em>ut</em></strong></span> <span class='ocrx_word' id='word_1_91' title='bbox 1384 1183 1608 1253; x_wconf 72' lang='lat' dir='ltr'><strong><em>explicat</em></strong></span> <span class='ocrx_word' id='word_1_92' title='bbox 1623 1182 1874 1253; x_wconf 85' lang='lat' dir='ltr'><strong><em>Chrysos-</em></strong></span> 
     </span>
    </p>
   </div>
   <div class='ocr_carea' id='block_1_14' title="bbox 272 1275 1873 1347">
    <p class='ocr_par' dir='ltr' id='par_1_14' title="bbox 272 1275 1873 1347">
     <span class='ocr_line' id='line_1_14' title="bbox 272 1275 1873 1347; baseline -0.004 -12"><span class='ocrx_word' id='word_1_93' title='bbox 272 1290 472 1347; x_wconf 89' lang='lat' dir='ltr'><strong><em>tomus,</em></strong></span> <span class='ocrx_word' id='word_1_94' title='bbox 510 1277 789 1333; x_wconf 83' lang='lat' dir='ltr'><strong><em>Paulinum</em></strong></span> <span class='ocrx_word' id='word_1_95' title='bbox 834 1289 881 1331; x_wconf 90' lang='lat' dir='ltr'><strong><em>et</em></strong></span> <span class='ocrx_word' id='word_1_96' title='bbox 915 1278 1314 1347; x_wconf 81' lang='lat' dir='ltr'><strong><em>Apollinarium.</em></strong></span> <span class='ocrx_word' id='word_1_97' title='bbox 1348 1275 1491 1331; x_wconf 82' lang='lat' dir='ltr'><strong><em>Nunt</em></strong></span> <span class='ocrx_word' id='word_1_98' title='bbox 1532 1278 1575 1331; x_wconf 89' lang='lat' dir='ltr'><strong><em>si</em></strong></span> <span class='ocrx_word' id='word_1_99' title='bbox 1620 1286 1733 1345; x_wconf 90' lang='lat' dir='ltr'><strong><em>post</em></strong></span> <span class='ocrx_word' id='word_1_100' title='bbox 1778 1276 1873 1329; x_wconf 85' lang='lat' dir='ltr'><strong><em>de-</em></strong></span> 
     </span>
    </p>
   </div>
   <div class='ocr_carea' id='block_1_15' title="bbox 269 1370 1867 1445">
    <p class='ocr_par' dir='ltr' id='par_1_15' title="bbox 269 1370 1867 1445">
     <span class='ocr_line' id='line_1_15' title="bbox 269 1370 1867 1445; baseline -0.003 -19"><span class='ocrx_word' id='word_1_101' title='bbox 269 1377 506 1445; x_wconf 73' lang='lat' dir='ltr'><strong><em>furictum</em></strong></span> <span class='ocrx_word' id='word_1_102' title='bbox 551 1371 838 1425; x_wconf 87' lang='lat' dir='ltr'><strong><em>Paulinum</em></strong></span> <span class='ocrx_word' id='word_1_103' title='bbox 882 1371 1034 1424; x_wconf 89' lang='lat' dir='ltr'><strong><em>verba</em></strong></span> <span class='ocrx_word' id='word_1_104' title='bbox 1075 1370 1371 1440; x_wconf 87' lang='lat' dir='ltr'><strong><em>hujusmodi</em></strong></span> <span class='ocrx_word' id='word_1_105' title='bbox 1416 1370 1617 1442; x_wconf 90' lang='lat' dir='ltr'><strong><em>prolata</em></strong></span> <span class='ocrx_word' id='word_1_106' title='bbox 1673 1377 1867 1435; x_wconf 81' lang='lat' dir='ltr'><strong><em>essent,</em></strong></span> 
     </span>
    </p>
   </div>
   <div class='ocr_carea' id='block_1_16' title="bbox 272 1462 1873 1538">
    <p class='ocr_par' dir='ltr' id='par_1_16' title="bbox 272 1462 1873 1538">
     <span class='ocr_line' id='line_1_16' title="bbox 272 1462 1873 1538; baseline -0.006 -16"><span class='ocrx_word' id='word_1_107' title='bbox 272 1466 553 1538; x_wconf 84' lang='lat' dir='ltr'><strong><em>Evagrium</em></strong></span> <span class='ocrx_word' id='word_1_108' title='bbox 577 1469 689 1538; x_wconf 87' lang='lat' dir='ltr'><strong><em>ejus</em></strong></span> <span class='ocrx_word' id='word_1_109' title='bbox 720 1480 1060 1519; x_wconf 84' lang='lat' dir='ltr'><strong><em>successorem</em></strong></span> <span class='ocrx_word' id='word_1_110' title='bbox 1090 1464 1230 1517; x_wconf 84' lang='lat' dir='ltr'><strong><em>haud</em></strong></span> <span class='ocrx_word' id='word_1_111' title='bbox 1259 1462 1411 1517; x_wconf 83' lang='lat' dir='ltr'><strong><em>dubie</em></strong></span> <span class='ocrx_word' id='word_1_112' title='bbox 1434 1464 1749 1533; x_wconf 88' lang='lat' dir='ltr'><strong><em>impeterent,</em></strong></span> <span class='ocrx_word' id='word_1_113' title='bbox 1785 1478 1873 1514; x_wconf 90' lang='lat' dir='ltr'><strong><em>cu-</em></strong></span> 
     </span>
    </p>
   </div>
   <div class='ocr_carea' id='block_1_17' title="bbox 258 1553 1873 1633">
    <p class='ocr_par' dir='ltr' id='par_1_17' title="bbox 258 1553 1873 1633">
     <span class='ocr_line' id='line_1_17' title="bbox 258 1553 1873 1633; baseline -0.003 -20"><span class='ocrx_word' id='word_1_114' title='bbox 258 1563 355 1633; x_wconf 86' lang='lat' dir='ltr'><strong><em>jus</em></strong></span> <span class='ocrx_word' id='word_1_115' title='bbox 393 1568 559 1613; x_wconf 90' lang='lat' dir='ltr'><strong><em>tamen</em></strong></span> <span class='ocrx_word' id='word_1_116' title='bbox 589 1556 738 1610; x_wconf 90' lang='lat' dir='ltr'><strong><em>nulla</em></strong></span> <span class='ocrx_word' id='word_1_117' title='bbox 764 1556 846 1609; x_wconf 90' lang='lat' dir='ltr'><strong><em>hic</em></strong></span> <span class='ocrx_word' id='word_1_118' title='bbox 874 1557 1083 1611; x_wconf 87' lang='lat' dir='ltr'><strong><em>mentio.</em></strong></span> <span class='ocrx_word' id='word_1_119' title='bbox 1117 1554 1229 1625; x_wconf 79' lang='lat' dir='ltr'><strong><em>Ego</em></strong></span> <span class='ocrx_word' id='word_1_120' title='bbox 1267 1570 1397 1609; x_wconf 79' lang='lat' dir='ltr'><strong><em>vero</em></strong></span> <span class='ocrx_word' id='word_1_121' title='bbox 1438 1554 1538 1609; x_wconf 86' lang='lat' dir='ltr'><strong><em>sub</em></strong></span> <span class='ocrx_word' id='word_1_122' title='bbox 1580 1553 1786 1608; x_wconf 81' lang='lat' dir='ltr'><strong><em>Paulini</em></strong></span> <span class='ocrx_word' id='word_1_123' title='bbox 1818 1561 1873 1608; x_wconf 87' lang='lat' dir='ltr'><strong><em>et</em></strong></span> 
     </span>
    </p>
   </div>
   <div class='ocr_carea' id='block_1_18' title="bbox 266 1646 1871 1722">
    <p class='ocr_par' dir='ltr' id='par_1_18' title="bbox 266 1646 1871 1722">
     <span class='ocr_line' id='line_1_18' title="bbox 266 1646 1871 1722; baseline -0.003 -16"><span class='ocrx_word' id='word_1_124' title='bbox 266 1650 587 1722; x_wconf 85' lang='lat' dir='ltr'><strong><em>Apollinarii</em></strong></span> <span class='ocrx_word' id='word_1_125' title='bbox 638 1649 857 1703; x_wconf 79' lang='lat' dir='ltr'><strong><em>nomine</em></strong></span> <span class='ocrx_word' id='word_1_126' title='bbox 890 1648 1172 1718; x_wconf 79' lang='lat' dir='ltr'><strong><em>Evagrium</em></strong></span> <span class='ocrx_word' id='word_1_127' title='bbox 1210 1655 1265 1703; x_wconf 88' lang='lat' dir='ltr'><strong><em>et</em></strong></span> <span class='ocrx_word' id='word_1_128' title='bbox 1298 1646 1524 1702; x_wconf 86' lang='lat' dir='ltr'><strong><em>Vitalem</em></strong></span> <span class='ocrx_word' id='word_1_129' title='bbox 1556 1646 1871 1717; x_wconf 80' lang='lat' dir='ltr'><strong><em>designatos</em></strong></span> 
     </span>
    </p>
   </div>
   <div class='ocr_carea' id='block_1_19' title="bbox 1982 440 3575 512">
    <p class='ocr_par' dir='ltr' id='par_1_19' title="bbox 1982 440 3575 512">
     <span class='ocr_line' id='line_1_19' title="bbox 1982 440 3575 512; baseline 0.001 -18"><span class='ocrx_word' id='word_1_130' title='bbox 1982 456 2065 494; x_wconf 90' lang='lat' dir='ltr'><strong><em>mo</em></strong></span> <span class='ocrx_word' id='word_1_131' title='bbox 2108 440 2406 511; x_wconf 87' lang='lat' dir='ltr'><strong><em>imperatori</em></strong></span> <span class='ocrx_word' id='word_1_132' title='bbox 2455 450 2502 494; x_wconf 92' lang='lat' dir='ltr'><strong><em>et</em></strong></span> <span class='ocrx_word' id='word_1_133' title='bbox 2549 441 2943 495; x_wconf 88' lang='lat' dir='ltr'><strong><em>clementissimo</em></strong></span> <span class='ocrx_word' id='word_1_134' title='bbox 2984 442 3208 512; x_wconf 83' lang='lat' dir='ltr'><strong><em>principi</em></strong></span> <span class='ocrx_word' id='word_1_135' title='bbox 3254 440 3575 511; x_wconf 87' lang='lat' dir='ltr'><strong><em>Theodosio,</em></strong></span> 
     </span>
    </p>
   </div>
   <div class='ocr_carea' id='block_1_20' title="bbox 1980 530 3037 606">
    <p class='ocr_par' dir='ltr' id='par_1_20' title="bbox 1980 530 3037 606">
     <span class='ocr_line' id='line_1_20' title="bbox 1980 530 3037 606; baseline 0.001 -20"><span class='ocrx_word' id='word_1_136' title='bbox 1980 530 2282 586; x_wconf 81' lang='lat' dir='ltr'><strong><em>Ambrosius</em></strong></span> <span class='ocrx_word' id='word_1_137' title='bbox 2309 543 2356 587; x_wconf 92' lang='lat' dir='ltr'><strong><em>et</em></strong></span> <span class='ocrx_word' id='word_1_138' title='bbox 2383 533 2553 587; x_wconf 80' lang='lat' dir='ltr'><strong><em>ca&#39;teri</em></strong></span> <span class='ocrx_word' id='word_1_139' title='bbox 2582 534 2812 606; x_wconf 81' lang='lat' dir='ltr'><strong><em>episcOpi</em></strong></span> <span class='ocrx_word' id='word_1_140' title='bbox 2840 532 3037 589; x_wconf 83' lang='lat' dir='ltr'><strong><em>Italice.</em></strong></span> 
     </span>
    </p>
   </div>
   <div class='ocr_carea' id='block_1_21' title="bbox 2050 625 3581 700">
    <p class='ocr_par' dir='ltr' id='par_1_21' title="bbox 2050 625 3581 700">
     <span class='ocr_line' id='line_1_21' title="bbox 2050 625 3581 700; baseline 0.003 -21"><span class='ocrx_word' id='word_1_141' title='bbox 2050 625 2206 681; x_wconf 87' lang='lat' dir='ltr'><strong><em>Fidei</em></strong></span> <span class='ocrx_word' id='word_1_142' title='bbox 2235 636 2337 682; x_wconf 71' lang='lat' dir='ltr'><strong><em>tua:</em></strong></span> <span class='ocrx_word' id='word_1_143' title='bbox 2361 626 2557 693; x_wconf 75' lang='lat' dir='ltr'><strong><em>diffusa</em></strong></span> <span class='ocrx_word' id='word_1_144' title='bbox 2579 637 2683 682; x_wconf 89' lang='lat' dir='ltr'><strong><em>toto</em></strong></span> <span class='ocrx_word' id='word_1_145' title='bbox 2710 628 2832 681; x_wconf 89' lang='lat' dir='ltr'><strong><em>orbe</em></strong></span> <span class='ocrx_word' id='word_1_146' title='bbox 2859 628 3084 700; x_wconf 74' lang='lat' dir='ltr'><strong><em>cognitio</em></strong></span> <span class='ocrx_word' id='word_1_147' title='bbox 3126 628 3364 682; x_wconf 88' lang='lat' dir='ltr'><strong><em>intimum</em></strong></span> <span class='ocrx_word' id='word_1_148' title='bbox 3392 636 3581 684; x_wconf 76' lang='lat' dir='ltr'><strong><em>nostra:</em></strong></span> 
     </span>
    </p>
   </div>
   <div class='ocr_carea' id='block_1_22' title="bbox 1978 720 3580 793">
    <p class='ocr_par' dir='ltr' id='par_1_22' title="bbox 1978 720 3580 793">
     <span class='ocr_line' id='line_1_22' title="bbox 1978 720 3580 793; baseline 0.004 -22"><span class='ocrx_word' id='word_1_149' title='bbox 1978 720 2163 774; x_wconf 90' lang='lat' dir='ltr'><strong><em>mentis</em></strong></span> <span class='ocrx_word' id='word_1_150' title='bbox 2194 720 2432 775; x_wconf 85' lang='lat' dir='ltr'><strong><em>demulsit</em></strong></span> <span class='ocrx_word' id='word_1_151' title='bbox 2461 720 2723 786; x_wconf 69' lang='lat' dir='ltr'><strong><em>affectum.</em></strong></span> <span class='ocrx_word' id='word_1_152' title='bbox 2758 720 2935 789; x_wconf 86' lang='lat' dir='ltr'><strong><em>quue</em></strong></span> <span class='ocrx_word' id='word_1_153' title='bbox 2959 730 3014 774; x_wconf 90' lang='lat' dir='ltr'><strong><em>ut</em></strong></span> <span class='ocrx_word' id='word_1_154' title='bbox 3042 720 3150 776; x_wconf 65' lang='lat' dir='ltr'><strong><em>haec</em></strong></span> <span class='ocrx_word' id='word_1_155' title='bbox 3178 739 3376 793; x_wconf 90' lang='lat' dir='ltr'><strong><em>quoque</em></strong></span> <span class='ocrx_word' id='word_1_156' title='bbox 3411 722 3580 792; x_wconf 87' lang='lat' dir='ltr'><strong><em>gloria</em></strong></span> 
     </span>
    </p>
   </div>
   <div class='ocr_carea' id='block_1_23' title="bbox 1975 813 3572 883">
    <p class='ocr_par' dir='ltr' id='par_1_23' title="bbox 1975 813 3572 883">
     <span class='ocr_line' id='line_1_23' title="bbox 1975 813 3572 883; baseline 0.003 -18"><span class='ocrx_word' id='word_1_157' title='bbox 1975 813 2188 883; x_wconf 87' lang='lat' dir='ltr'><strong><em>imperio</em></strong></span> <span class='ocrx_word' id='word_1_158' title='bbox 2220 824 2306 867; x_wconf 90' lang='lat' dir='ltr'><strong><em>tuo</em></strong></span> <span class='ocrx_word' id='word_1_159' title='bbox 2335 823 2624 879; x_wconf 83' lang='lat' dir='ltr'><strong><em>crearetur,</em></strong></span> <span class='ocrx_word' id='word_1_160' title='bbox 2656 813 2794 883; x_wconf 90' lang='lat' dir='ltr'><strong><em>quod</em></strong></span> <span class='ocrx_word' id='word_1_161' title='bbox 2824 814 3071 867; x_wconf 86' lang='lat' dir='ltr'><strong><em>unitatem</em></strong></span> <span class='ocrx_word' id='word_1_162' title='bbox 3094 815 3381 869; x_wconf 81' lang='lat' dir='ltr'><strong><em>reddidisse</em></strong></span> <span class='ocrx_word' id='word_1_163' title='bbox 3421 814 3572 871; x_wconf 81' lang='lat' dir='ltr'><strong><em>Occi-</em></strong></span> 
     </span>
    </p>
   </div>
   <div class='ocr_carea' id='block_1_24' title="bbox 1978 905 3575 978">
    <p class='ocr_par' dir='ltr' id='par_1_24' title="bbox 1978 905 3575 978">
     <span class='ocr_line' id='line_1_24' title="bbox 1978 905 3575 978; baseline 0.003 -21"><span class='ocrx_word' id='word_1_164' title='bbox 1978 906 2256 958; x_wconf 89' lang='lat' dir='ltr'><strong><em>dentalium</em></strong></span> <span class='ocrx_word' id='word_1_165' title='bbox 2278 910 2435 978; x_wconf 75' lang='lat' dir='ltr'><strong><em>juxta</em></strong></span> <span class='ocrx_word' id='word_1_166' title='bbox 2465 914 2616 972; x_wconf 90' lang='lat' dir='ltr'><strong><em>atque</em></strong></span> <span class='ocrx_word' id='word_1_167' title='bbox 2660 905 3002 959; x_wconf 82' lang='lat' dir='ltr'><strong><em>Orientalium</em></strong></span> <span class='ocrx_word' id='word_1_168' title='bbox 3033 906 3279 961; x_wconf 84' lang='lat' dir='ltr'><strong><em>Ecclesiis</em></strong></span> <span class='ocrx_word' id='word_1_169' title='bbox 3311 906 3575 974; x_wconf 89' lang='lat' dir='ltr'><strong><em>videreris,</em></strong></span> 
     </span>
    </p>
   </div>
   <div class='ocr_carea' id='block_1_25' title="bbox 1977 997 3580 1069">
    <p class='ocr_par' dir='ltr' id='par_1_25' title="bbox 1977 997 3580 1069">
     <span class='ocr_line' id='line_1_25' title="bbox 1977 997 3580 1069; baseline 0.001 -18"><span class='ocrx_word' id='word_1_170' title='bbox 1977 998 2298 1053; x_wconf 88' lang='lat' dir='ltr'><strong><em>clementiam</em></strong></span> <span class='ocrx_word' id='word_1_171' title='bbox 2330 1007 2471 1051; x_wconf 86' lang='lat' dir='ltr'><strong><em>tuam</em></strong></span> <span class='ocrx_word' id='word_1_172' title='bbox 2513 997 2885 1051; x_wconf 84' lang='lat' dir='ltr'><strong><em>obsecrandam</em></strong></span> <span class='ocrx_word' id='word_1_173' title='bbox 2926 999 3117 1066; x_wconf 90' lang='lat' dir='ltr'><strong><em>pariter</em></strong></span> <span class='ocrx_word' id='word_1_174' title='bbox 3145 1015 3207 1051; x_wconf 90' lang='lat' dir='ltr'><strong><em>ac</em></strong></span> <span class='ocrx_word' id='word_1_175' title='bbox 3240 1014 3395 1069; x_wconf 82' lang='lat' dir='ltr'><strong><em>super</em></strong></span> <span class='ocrx_word' id='word_1_176' title='bbox 3420 998 3580 1053; x_wconf 90' lang='lat' dir='ltr'><strong><em>eccle-</em></strong></span> 
     </span>
    </p>
   </div>
   <div class='ocr_carea' id='block_1_26' title="bbox 1976 1088 3580 1159">
    <p class='ocr_par' dir='ltr' id='par_1_26' title="bbox 1976 1088 3580 1159">
     <span class='ocr_line' id='line_1_26' title="bbox 1976 1088 3580 1159; baseline 0.001 -16"><span class='ocrx_word' id='word_1_177' title='bbox 1976 1090 2198 1144; x_wconf 88' lang='lat' dir='ltr'><strong><em>siasticis</em></strong></span> <span class='ocrx_word' id='word_1_178' title='bbox 2230 1090 2447 1159; x_wconf 90' lang='lat' dir='ltr'><strong><em>negotiis</em></strong></span> <span class='ocrx_word' id='word_1_179' title='bbox 2476 1088 2829 1143; x_wconf 86' lang='lat' dir='ltr'><strong><em>instruendam</em></strong></span> <span class='ocrx_word' id='word_1_180' title='bbox 2867 1090 3057 1143; x_wconf 81' lang='lat' dir='ltr'><strong><em>nostris</em></strong></span> <span class='ocrx_word' id='word_1_181' title='bbox 3088 1089 3276 1145; x_wconf 88' lang='lat' dir='ltr'><strong><em>litteris</em></strong></span> <span class='ocrx_word' id='word_1_182' title='bbox 3305 1090 3580 1144; x_wconf 58' lang='lat' dir='ltr'><strong><em>aestimavi-</em></strong></span> 
     </span>
    </p>
   </div>
   <div class='ocr_carea' id='block_1_27' title="bbox 1979 1181 3581 1255">
    <p class='ocr_par' dir='ltr' id='par_1_27' title="bbox 1979 1181 3581 1255">
     <span class='ocr_line' id='line_1_27' title="bbox 1979 1181 3581 1255; baseline 0 -18"><span class='ocrx_word' id='word_1_183' title='bbox 1979 1200 2092 1238; x_wconf 90' lang='lat' dir='ltr'><strong><em>mus</em></strong></span> <span class='ocrx_word' id='word_1_184' title='bbox 2114 1225 2128 1248; x_wconf 95' lang='lat'><strong><em>,</em></strong></span> <span class='ocrx_word' id='word_1_185' title='bbox 2155 1184 2438 1255; x_wconf 88' lang='lat' dir='ltr'><strong><em>imperator</em></strong></span> <span class='ocrx_word' id='word_1_186' title='bbox 2480 1183 2904 1250; x_wconf 84' lang='lat' dir='ltr'><strong><em>tranquillissime</em></strong></span> <span class='ocrx_word' id='word_1_187' title='bbox 2948 1199 3011 1236; x_wconf 89' lang='lat' dir='ltr'><strong><em>ac</em></strong></span> <span class='ocrx_word' id='word_1_188' title='bbox 3052 1183 3367 1252; x_wconf 85' lang='lat' dir='ltr'><strong><em>fidelissime.</em></strong></span> <span class='ocrx_word' id='word_1_189' title='bbox 3400 1181 3581 1237; x_wconf 89' lang='lat' dir='ltr'><strong><em>Dolori</em></strong></span> 
     </span>
    </p>
   </div>
   <div class='ocr_carea' id='block_1_28' title="bbox 1976 1275 3577 1347">
    <p class='ocr_par' dir='ltr' id='par_1_28' title="bbox 1976 1275 3577 1347">
     <span class='ocr_line' id='line_1_28' title="bbox 1976 1275 3577 1347; baseline -0.002 -14"><span class='ocrx_word' id='word_1_190' title='bbox 1976 1280 2111 1333; x_wconf 87' lang='lat' dir='ltr'><strong><em>enim</em></strong></span> <span class='ocrx_word' id='word_1_191' title='bbox 2154 1288 2295 1342; x_wconf 89' lang='lat' dir='ltr'><strong><em>erat,</em></strong></span> <span class='ocrx_word' id='word_1_192' title='bbox 2322 1278 2456 1332; x_wconf 90' lang='lat' dir='ltr'><strong><em>inter</em></strong></span> <span class='ocrx_word' id='word_1_193' title='bbox 2502 1276 2792 1331; x_wconf 85' lang='lat' dir='ltr'><strong><em>Orientales</em></strong></span> <span class='ocrx_word' id='word_1_194' title='bbox 2822 1287 2972 1347; x_wconf 89' lang='lat' dir='ltr'><strong><em>atque</em></strong></span> <span class='ocrx_word' id='word_1_195' title='bbox 3020 1275 3375 1331; x_wconf 86' lang='lat' dir='ltr'><strong><em>Occidentales</em></strong></span> <span class='ocrx_word' id='word_1_196' title='bbox 3413 1277 3577 1330; x_wconf 91' lang='lat' dir='ltr'><strong><em>inter-</em></strong></span> 
     </span>
    </p>
   </div>
   <div class='ocr_carea' id='block_1_29' title="bbox 1976 1369 3573 1442">
    <p class='ocr_par' dir='ltr' id='par_1_29' title="bbox 1976 1369 3573 1442">
     <span class='ocr_line' id='line_1_29' title="bbox 1976 1369 3573 1442; baseline 0.001 -19"><span class='ocrx_word' id='word_1_197' title='bbox 1976 1382 2130 1439; x_wconf 89' lang='lat' dir='ltr'><strong><em>rupta</em></strong></span> <span class='ocrx_word' id='word_1_198' title='bbox 2154 1385 2316 1424; x_wconf 76' lang='lat' dir='ltr'><strong><em>sacra:</em></strong></span> <span class='ocrx_word' id='word_1_199' title='bbox 2344 1369 2714 1423; x_wconf 85' lang='lat' dir='ltr'><strong><em>communionis</em></strong></span> <span class='ocrx_word' id='word_1_200' title='bbox 2753 1386 2860 1424; x_wconf 87' lang='lat' dir='ltr'><strong><em>esse</em></strong></span> <span class='ocrx_word' id='word_1_201' title='bbox 2897 1370 3174 1424; x_wconf 88' lang='lat' dir='ltr'><strong><em>consortia.</em></strong></span> <span class='ocrx_word' id='word_1_202' title='bbox 3208 1369 3437 1425; x_wconf 87' lang='lat' dir='ltr'><strong><em>Silemus</em></strong></span> <span class='ocrx_word' id='word_1_203' title='bbox 3456 1373 3573 1442; x_wconf 89' lang='lat' dir='ltr'><strong><em>jam</em></strong></span> 
     </span>
    </p>
   </div>
   <div class='ocr_carea' id='block_1_30' title="bbox 1974 1461 3581 1533">
    <p class='ocr_par' dir='ltr' id='par_1_30' title="bbox 1974 1461 3581 1533">
     <span class='ocr_line' id='line_1_30' title="bbox 1974 1461 3581 1533; baseline 0 -18"><span class='ocrx_word' id='word_1_204' title='bbox 1974 1478 2199 1533; x_wconf 91' lang='lat' dir='ltr'><strong><em>quorum</em></strong></span> <span class='ocrx_word' id='word_1_205' title='bbox 2227 1477 2420 1527; x_wconf 90' lang='lat' dir='ltr'><strong><em>errore,</em></strong></span> <span class='ocrx_word' id='word_1_206' title='bbox 2448 1476 2727 1531; x_wconf 91' lang='lat' dir='ltr'><strong><em>quorumve</em></strong></span> <span class='ocrx_word' id='word_1_207' title='bbox 2754 1462 2964 1527; x_wconf 90' lang='lat' dir='ltr'><strong><em>delicto,</em></strong></span> <span class='ocrx_word' id='word_1_208' title='bbox 2996 1478 3058 1515; x_wconf 91' lang='lat' dir='ltr'><strong><em>ne</em></strong></span> <span class='ocrx_word' id='word_1_209' title='bbox 3082 1478 3249 1516; x_wconf 88' lang='lat' dir='ltr'><strong><em>serere</em></strong></span> <span class='ocrx_word' id='word_1_210' title='bbox 3274 1461 3508 1532; x_wconf 86' lang='lat' dir='ltr'><strong><em>fabulas,</em></strong></span> <span class='ocrx_word' id='word_1_211' title='bbox 3532 1472 3581 1516; x_wconf 87' lang='lat' dir='ltr'><strong><em>et</em></strong></span> 
     </span>
    </p>
   </div>
   <div class='ocr_carea' id='block_1_31' title="bbox 1976 1553 3576 1627">
    <p class='ocr_par' dir='ltr' id='par_1_31' title="bbox 1976 1553 3576 1627">
     <span class='ocr_line' id='line_1_31' title="bbox 1976 1553 3576 1627; baseline 0.001 -18"><span class='ocrx_word' id='word_1_212' title='bbox 1976 1556 2207 1627; x_wconf 89' lang='lat' dir='ltr'><strong><em>alloquia</em></strong></span> <span class='ocrx_word' id='word_1_213' title='bbox 2249 1571 2396 1609; x_wconf 87' lang='lat' dir='ltr'><strong><em>cassa</em></strong></span> <span class='ocrx_word' id='word_1_214' title='bbox 2442 1554 2725 1609; x_wconf 88' lang='lat' dir='ltr'><strong><em>videamur.</em></strong></span> <span class='ocrx_word' id='word_1_215' title='bbox 2779 1553 2893 1608; x_wconf 86' lang='lat' dir='ltr'><strong><em>Nec</em></strong></span> <span class='ocrx_word' id='word_1_216' title='bbox 2941 1570 3035 1609; x_wconf 91' lang='lat' dir='ltr'><strong><em>nos</em></strong></span> <span class='ocrx_word' id='word_1_217' title='bbox 3075 1564 3297 1611; x_wconf 83' lang='lat' dir='ltr'><strong><em>tentasse</em></strong></span> <span class='ocrx_word' id='word_1_218' title='bbox 3336 1556 3576 1627; x_wconf 67' lang='lat' dir='ltr'><strong><em>panitet,</em></strong></span> 
     </span>
    </p>
   </div>
   <div class='ocr_carea' id='block_1_32' title="bbox 1975 1648 3580 1720">
    <p class='ocr_par' dir='ltr' id='par_1_32' title="bbox 1975 1648 3580 1720">
     <span class='ocr_line' id='line_1_32' title="bbox 1975 1648 3580 1720; baseline 0.001 -17"><span class='ocrx_word' id='word_1_219' title='bbox 1975 1650 2114 1719; x_wconf 91' lang='lat' dir='ltr'><strong><em>quod</em></strong></span> <span class='ocrx_word' id='word_1_220' title='bbox 2158 1651 2469 1704; x_wconf 90' lang='lat' dir='ltr'><strong><em>intentatum</em></strong></span> <span class='ocrx_word' id='word_1_221' title='bbox 2516 1649 2719 1704; x_wconf 89' lang='lat' dir='ltr'><strong><em>caderet</em></strong></span> <span class='ocrx_word' id='word_1_222' title='bbox 2765 1650 2820 1703; x_wconf 88' lang='lat' dir='ltr'><strong><em>in</em></strong></span> <span class='ocrx_word' id='word_1_223' title='bbox 2865 1649 3091 1720; x_wconf 87' lang='lat' dir='ltr'><strong><em>culpam.</em></strong></span> <span class='ocrx_word' id='word_1_224' title='bbox 3127 1648 3237 1704; x_wconf 89' lang='lat' dir='ltr'><strong><em>Isto</em></strong></span> <span class='ocrx_word' id='word_1_225' title='bbox 3263 1650 3398 1704; x_wconf 91' lang='lat' dir='ltr'><strong><em>enim</em></strong></span> <span class='ocrx_word' id='word_1_226' title='bbox 3443 1665 3580 1720; x_wconf 80' lang='lat' dir='ltr'><strong><em>scepe</em></strong></span> 
     </span>
    </p>
   </div>
   <div class='ocr_carea' id='block_1_33' title="bbox 264 1740 3574 1817">
    <p class='ocr_par' dir='ltr' id='par_1_33' title="bbox 264 1740 3574 1817">
     <span class='ocr_line' id='line_1_33' title="bbox 264 1740 3574 1817; baseline -0.001 -18"><span class='ocrx_word' id='word_1_227' title='bbox 264 1756 430 1817; x_wconf 87' lang='lat' dir='ltr'><strong><em>puto,</em></strong></span> <span class='ocrx_word' id='word_1_228' title='bbox 464 1743 812 1813; x_wconf 87' lang='lat' dir='ltr'><strong><em>habitamque</em></strong></span> <span class='ocrx_word' id='word_1_229' title='bbox 841 1742 1045 1797; x_wconf 88' lang='lat' dir='ltr'><strong><em>idcirco</em></strong></span> <span class='ocrx_word' id='word_1_230' title='bbox 1075 1741 1354 1797; x_wconf 88' lang='lat' dir='ltr'><strong><em>homiliam</em></strong></span> <span class='ocrx_word' id='word_1_231' title='bbox 1400 1740 1536 1795; x_wconf 88' lang='lat' dir='ltr'><strong><em>hanc</em></strong></span> <span class='ocrx_word' id='word_1_232' title='bbox 1556 1782 1570 1803; x_wconf 90' lang='lat'><strong><em>,</em></strong></span> <span class='ocrx_word' id='word_1_233' title='bbox 1605 1740 1829 1794; x_wconf 89' lang='lat' dir='ltr'><strong><em>Paulino</em></strong></span> <span class='ocrx_word' id='word_1_234' title='bbox 1850 1781 1866 1808; x_wconf 93' lang='lat'><strong><em>,</em></strong></span> <span class='ocrx_word' id='word_1_235' title='bbox 1899 1743 1947 1803; x_wconf 90' lang='lat' dir='ltr'><strong>B</strong></span> <span class='ocrx_word' id='word_1_236' title='bbox 1973 1743 2337 1815; x_wconf 87' lang='lat' dir='ltr'><strong><em>arguebamur,</em></strong></span> <span class='ocrx_word' id='word_1_237' title='bbox 2370 1743 2507 1813; x_wconf 90' lang='lat' dir='ltr'><strong><em>quod</em></strong></span> <span class='ocrx_word' id='word_1_238' title='bbox 2536 1742 2839 1815; x_wconf 85' lang='lat' dir='ltr'><strong><em>posthubere</em></strong></span> <span class='ocrx_word' id='word_1_239' title='bbox 2872 1741 3216 1797; x_wconf 84' lang='lat' dir='ltr'><strong><em>Orientalium</em></strong></span> <span class='ocrx_word' id='word_1_240' title='bbox 3244 1742 3537 1797; x_wconf 88' lang='lat' dir='ltr'><strong><em>societatem</em></strong></span> <span class='ocrx_word' id='word_1_241' title='bbox 3560 1785 3574 1809; x_wconf 89' lang='lat'><strong><em>,</em></strong></span> 
     </span>
    </p>
   </div>
   <div class='ocr_carea' id='block_1_34' title="bbox 261 1832 1867 1911">
    <p class='ocr_par' dir='ltr' id='par_1_34' title="bbox 261 1832 1867 1911">
     <span class='ocr_line' id='line_1_34' title="bbox 261 1832 1867 1911; baseline -0.005 -18"><span class='ocrx_word' id='word_1_242' title='bbox 261 1840 360 1911; x_wconf 89' lang='lat' dir='ltr'><strong><em>qui</em></strong></span> <span class='ocrx_word' id='word_1_243' title='bbox 388 1853 510 1893; x_wconf 90' lang='lat' dir='ltr'><strong><em>eum</em></strong></span> <span class='ocrx_word' id='word_1_244' title='bbox 539 1837 643 1891; x_wconf 84' lang='lat' dir='ltr'><strong><em>sibi</em></strong></span> <span class='ocrx_word' id='word_1_245' title='bbox 689 1850 1067 1891; x_wconf 86' lang='lat' dir='ltr'><strong><em>successorem</em></strong></span> <span class='ocrx_word' id='word_1_246' title='bbox 1114 1834 1391 1905; x_wconf 48' lang='lat' dir='ltr'><strong><em>elegerat”</em></strong></span> <span class='ocrx_word' id='word_1_247' title='bbox 1417 1834 1528 1901; x_wconf 89' lang='lat' dir='ltr'><strong><em>jam</em></strong></span> <span class='ocrx_word' id='word_1_248' title='bbox 1575 1832 1867 1898; x_wconf 83' lang='lat' dir='ltr'><strong><em>defuncto,</em></strong></span> 
     </span>
    </p>
   </div>
   <div class='ocr_carea' id='block_1_35' title="bbox 261 1924 1869 1997">
    <p class='ocr_par' dir='ltr' id='par_1_35' title="bbox 261 1924 1869 1997">
     <span class='ocr_line' id='line_1_35' title="bbox 261 1924 1869 1997; baseline -0.002 -13"><span class='ocrx_word' id='word_1_249' title='bbox 261 1946 410 1985; x_wconf 85' lang='lat' dir='ltr'><strong><em>anno</em></strong></span> <span class='ocrx_word' id='word_1_250' title='bbox 439 1930 650 1984; x_wconf 88' lang='lat' dir='ltr'><strong><em>scilicet</em></strong></span> <span class='ocrx_word' id='word_1_251' title='bbox 676 1928 782 1984; x_wconf 80' lang='grc'><strong><em>588</em></strong></span> <span class='ocrx_word' id='word_1_252' title='bbox 802 1928 914 1997; x_wconf 85' lang='lat' dir='ltr'><strong><em>jam</em></strong></span> <span class='ocrx_word' id='word_1_253' title='bbox 946 1927 1156 1996; x_wconf 91' lang='lat' dir='ltr'><strong><em>elapso,</em></strong></span> <span class='ocrx_word' id='word_1_254' title='bbox 1190 1942 1253 1981; x_wconf 88' lang='lat' dir='ltr'><strong><em>ac</em></strong></span> <span class='ocrx_word' id='word_1_255' title='bbox 1282 1942 1388 1981; x_wconf 90' lang='lat' dir='ltr'><strong><em>non</em></strong></span> <span class='ocrx_word' id='word_1_256' title='bbox 1416 1926 1574 1996; x_wconf 85' lang='lat' dir='ltr'><strong><em>longe</em></strong></span> <span class='ocrx_word' id='word_1_257' title='bbox 1600 1940 1627 1978; x_wconf 83' lang='lat' dir='ltr'><strong><em>a</em></strong></span> <span class='ocrx_word' id='word_1_258' title='bbox 1660 1924 1869 1996; x_wconf 85' lang='lat' dir='ltr'><strong><em>Capua-</em></strong></span> 
     </span>
    </p>
   </div>
   <div class='ocr_carea' id='block_1_36' title="bbox 261 2017 1871 2094">
    <p class='ocr_par' dir='ltr' id='par_1_36' title="bbox 261 2017 1871 2094">
     <span class='ocr_line' id='line_1_36' title="bbox 261 2017 1871 2094; baseline -0.004 -17"><span class='ocrx_word' id='word_1_259' title='bbox 261 2038 353 2091; x_wconf 74' lang='lat' dir='ltr'><strong><em>nae</em></strong></span> <span class='ocrx_word' id='word_1_260' title='bbox 406 2021 599 2094; x_wconf 87' lang='lat' dir='ltr'><strong><em>synodi</em></strong></span> <span class='ocrx_word' id='word_1_261' title='bbox 651 2027 831 2075; x_wconf 71' lang='lat' dir='ltr'><strong><em>mtate.</em></strong></span> <span class='ocrx_word' id='word_1_262' title='bbox 884 2019 1170 2074; x_wconf 83' lang='lat' dir='ltr'><strong><em>Enimvero</em></strong></span> <span class='ocrx_word' id='word_1_263' title='bbox 1218 2017 1615 2088; x_wconf 85' lang='lat' dir='ltr'><strong><em>Apollinarium</em></strong></span> <span class='ocrx_word' id='word_1_264' title='bbox 1662 2017 1871 2071; x_wconf 76' lang='lat' dir='ltr'><strong><em>Paulini</em></strong></span> 
     </span>
    </p>
   </div>
   <div class='ocr_carea' id='block_1_37' title="bbox 260 2108 1869 2185">
    <p class='ocr_par' dir='ltr' id='par_1_37' title="bbox 260 2108 1869 2185">
     <span class='ocr_line' id='line_1_37' title="bbox 260 2108 1869 2185; baseline -0.004 -14"><span class='ocrx_word' id='word_1_265' title='bbox 260 2115 585 2185; x_wconf 83' lang='lat' dir='ltr'><strong><em>magistrum</em></strong></span> <span class='ocrx_word' id='word_1_266' title='bbox 633 2123 725 2167; x_wconf 87' lang='lat' dir='ltr'><strong><em>aut</em></strong></span> <span class='ocrx_word' id='word_1_267' title='bbox 769 2112 940 2167; x_wconf 84' lang='lat' dir='ltr'><strong><em>videri</em></strong></span> <span class='ocrx_word' id='word_1_268' title='bbox 966 2154 981 2177; x_wconf 89' lang='lat'><strong><em>,</em></strong></span> <span class='ocrx_word' id='word_1_269' title='bbox 1012 2121 1107 2166; x_wconf 91' lang='lat' dir='ltr'><strong><em>aut</em></strong></span> <span class='ocrx_word' id='word_1_270' title='bbox 1136 2111 1239 2166; x_wconf 91' lang='lat' dir='ltr'><strong><em>dici</em></strong></span> <span class='ocrx_word' id='word_1_271' title='bbox 1288 2126 1318 2165; x_wconf 88' lang='lat' dir='ltr'><strong><em>a</em></strong></span> <span class='ocrx_word' id='word_1_272' title='bbox 1349 2108 1739 2182; x_wconf 83' lang='lat' dir='ltr'><strong><em>Chrysostomo</em></strong></span> <span class='ocrx_word' id='word_1_273' title='bbox 1771 2124 1869 2178; x_wconf 74' lang='lat' dir='ltr'><strong><em>po-</em></strong></span> 
     </span>
    </p>
   </div>
   <div class='ocr_carea' id='block_1_38' title="bbox 260 2202 1867 2277">
    <p class='ocr_par' dir='ltr' id='par_1_38' title="bbox 260 2202 1867 2277">
     <span class='ocr_line' id='line_1_38' title="bbox 260 2202 1867 2277; baseline -0.004 -14"><span class='ocrx_word' id='word_1_274' title='bbox 260 2209 431 2264; x_wconf 89' lang='lat' dir='ltr'><strong><em>tuisse</em></strong></span> <span class='ocrx_word' id='word_1_275' title='bbox 462 2222 625 2263; x_wconf 89' lang='lat' dir='ltr'><strong><em>nemo</em></strong></span> <span class='ocrx_word' id='word_1_276' title='bbox 654 2221 909 2277; x_wconf 87' lang='lat' dir='ltr'><strong><em>umquam</em></strong></span> <span class='ocrx_word' id='word_1_277' title='bbox 936 2212 1144 2259; x_wconf 88' lang='lat' dir='ltr'><strong><em>asseret</em></strong></span> <span class='ocrx_word' id='word_1_278' title='bbox 1164 2245 1178 2270; x_wconf 90' lang='lat'><strong><em>,</em></strong></span> <span class='ocrx_word' id='word_1_279' title='bbox 1208 2204 1299 2274; x_wconf 86' lang='lat' dir='ltr'><strong><em>qui</em></strong></span> <span class='ocrx_word' id='word_1_280' title='bbox 1332 2204 1501 2273; x_wconf 86' lang='lat' dir='ltr'><strong><em>probe</em></strong></span> <span class='ocrx_word' id='word_1_281' title='bbox 1530 2202 1867 2271; x_wconf 80' lang='lat' dir='ltr'><strong><em>c0gnoverit,</em></strong></span> 
     </span>
    </p>
   </div>
   <div class='ocr_carea' id='block_1_39' title="bbox 259 2292 1870 2374">
    <p class='ocr_par' dir='ltr' id='par_1_39' title="bbox 259 2292 1870 2374">
     <span class='ocr_line' id='line_1_39' title="bbox 259 2292 1870 2374; baseline -0.007 -16"><span class='ocrx_word' id='word_1_282' title='bbox 259 2312 396 2374; x_wconf 89' lang='lat' dir='ltr'><strong><em>quot</em></strong></span> <span class='ocrx_word' id='word_1_283' title='bbox 425 2300 677 2357; x_wconf 78' lang='lat' dir='ltr'><strong><em>Paulinus</em></strong></span> <span class='ocrx_word' id='word_1_284' title='bbox 709 2300 824 2369; x_wconf 90' lang='lat' dir='ltr'><strong><em>ipse</em></strong></span> <span class='ocrx_word' id='word_1_285' title='bbox 854 2313 977 2353; x_wconf 91' lang='lat' dir='ltr'><strong><em>cum</em></strong></span> <span class='ocrx_word' id='word_1_286' title='bbox 1005 2296 1342 2367; x_wconf 87' lang='lat' dir='ltr'><strong><em>Apollinario</em></strong></span> <span class='ocrx_word' id='word_1_287' title='bbox 1362 2336 1377 2361; x_wconf 90' lang='lat'><strong><em>,</em></strong></span> <span class='ocrx_word' id='word_1_288' title='bbox 1405 2307 1565 2365; x_wconf 86' lang='lat' dir='ltr'><strong><em>atque</em></strong></span> <span class='ocrx_word' id='word_1_289' title='bbox 1593 2294 1707 2364; x_wconf 88' lang='lat' dir='ltr'><strong><em>ejus</em></strong></span> <span class='ocrx_word' id='word_1_290' title='bbox 1756 2292 1870 2348; x_wconf 57' lang='lat' dir='ltr'><strong><em>diss</em></strong></span> 
     </span>
    </p>
   </div>
   <div class='ocr_carea' id='block_1_40' title="bbox 258 2388 1869 2465">
    <p class='ocr_par' dir='ltr' id='par_1_40' title="bbox 258 2388 1869 2465">
     <span class='ocr_line' id='line_1_40' title="bbox 258 2388 1869 2465; baseline -0.006 -15"><span class='ocrx_word' id='word_1_291' title='bbox 258 2395 456 2465; x_wconf 84' lang='lat' dir='ltr'><strong><em>cipulis</em></strong></span> <span class='ocrx_word' id='word_1_292' title='bbox 531 2408 628 2462; x_wconf 91' lang='lat' dir='ltr'><strong><em>pro</em></strong></span> <span class='ocrx_word' id='word_1_293' title='bbox 692 2390 960 2446; x_wconf 84' lang='lat' dir='ltr'><strong><em>catholica</em></strong></span> <span class='ocrx_word' id='word_1_294' title='bbox 1010 2389 1116 2444; x_wconf 71' lang='lat' dir='ltr'><strong><em>liile</em></strong></span> <span class='ocrx_word' id='word_1_295' title='bbox 1163 2388 1543 2443; x_wconf 80' lang='lat' dir='ltr'><strong><em>contentiones</em></strong></span> <span class='ocrx_word' id='word_1_296' title='bbox 1606 2396 1869 2457; x_wconf 86' lang='lat' dir='ltr'><strong><em>perpetuo</em></strong></span> 
     </span>
    </p>
   </div>
   <div class='ocr_carea' id='block_1_41' title="bbox 263 2479 1871 2559">
    <p class='ocr_par' dir='ltr' id='par_1_41' title="bbox 263 2479 1871 2559">
     <span class='ocr_line' id='line_1_41' title="bbox 263 2479 1871 2559; baseline -0.007 -15"><span class='ocrx_word' id='word_1_297' title='bbox 263 2487 575 2544; x_wconf 78' lang='lat' dir='ltr'><strong><em>exercuerit</em></strong></span> <span class='ocrx_word' id='word_1_298' title='bbox 603 2485 715 2559; x_wconf 77' lang='grc' dir='ltr'><strong><em>(τι),</em></strong></span> <span class='ocrx_word' id='word_1_299' title='bbox 746 2498 847 2539; x_wconf 90' lang='lat' dir='ltr'><strong><em>nec</em></strong></span> <span class='ocrx_word' id='word_1_300' title='bbox 885 2483 1020 2538; x_wconf 81' lang='lat' dir='ltr'><strong><em>satis</em></strong></span> <span class='ocrx_word' id='word_1_301' title='bbox 1069 2482 1252 2536; x_wconf 88' lang='lat' dir='ltr'><strong><em>mirari</em></strong></span> <span class='ocrx_word' id='word_1_302' title='bbox 1300 2494 1517 2550; x_wconf 85' lang='lat' dir='ltr'><strong><em>possum</em></strong></span> <span class='ocrx_word' id='word_1_303' title='bbox 1541 2521 1554 2545; x_wconf 93' lang='lat'><strong><em>,</em></strong></span> <span class='ocrx_word' id='word_1_304' title='bbox 1588 2479 1705 2533; x_wconf 66' lang='lat' dir='ltr'><strong><em>haec</em></strong></span> <span class='ocrx_word' id='word_1_305' title='bbox 1752 2479 1871 2533; x_wconf 86' lang='lat' dir='ltr'><strong><em>viro</em></strong></span> 
     </span>
    </p>
   </div>
   <div class='ocr_carea' id='block_1_42' title="bbox 261 2569 1868 2644">
    <p class='ocr_par' dir='ltr' id='par_1_42' title="bbox 261 2569 1868 2644">
     <span class='ocr_line' id='line_1_42' title="bbox 261 2569 1868 2644; baseline -0.007 -10"><span class='ocrx_word' id='word_1_306' title='bbox 261 2579 583 2634; x_wconf 88' lang='lat' dir='ltr'><strong><em>doctissimo</em></strong></span> <span class='ocrx_word' id='word_1_307' title='bbox 630 2576 891 2631; x_wconf 80' lang='lat' dir='ltr'><strong><em>adversus</em></strong></span> <span class='ocrx_word' id='word_1_308' title='bbox 934 2572 1248 2644; x_wconf 82' lang='lat' dir='ltr'><strong><em>episcopum</em></strong></span> <span class='ocrx_word' id='word_1_309' title='bbox 1282 2571 1497 2641; x_wconf 81' lang='lat' dir='ltr'><strong><em>egregie</em></strong></span> <span class='ocrx_word' id='word_1_310' title='bbox 1545 2569 1868 2624; x_wconf 88' lang='lat' dir='ltr'><strong><em>catholicum</em></strong></span> 
     </span>
    </p>
   </div>
   <div class='ocr_carea' id='block_1_43' title="bbox 261 2663 1873 2737">
    <p class='ocr_par' dir='ltr' id='par_1_43' title="bbox 261 2663 1873 2737">
     <span class='ocr_line' id='line_1_43' title="bbox 261 2663 1873 2737; baseline -0.006 -11"><span class='ocrx_word' id='word_1_311' title='bbox 261 2673 437 2737; x_wconf 83' lang='lat' dir='ltr'><strong><em>dicta,</em></strong></span> <span class='ocrx_word' id='word_1_312' title='bbox 486 2670 780 2725; x_wconf 76' lang='lat' dir='ltr'><strong><em>excidisse.</em></strong></span> <span class='ocrx_word' id='word_1_313' title='bbox 817 2666 969 2723; x_wconf 90' lang='lat' dir='ltr'><strong><em>Unus</em></strong></span> <span class='ocrx_word' id='word_1_314' title='bbox 1017 2666 1199 2736; x_wconf 90' lang='lat' dir='ltr'><strong><em>itaque</em></strong></span> <span class='ocrx_word' id='word_1_315' title='bbox 1225 2664 1418 2720; x_wconf 85' lang='lat' dir='ltr'><strong><em>Vitalis</em></strong></span> <span class='ocrx_word' id='word_1_316' title='bbox 1448 2664 1513 2719; x_wconf 92' lang='lat' dir='ltr'><strong><em>iis</em></strong></span> <span class='ocrx_word' id='word_1_317' title='bbox 1559 2663 1873 2731; x_wconf 81' lang='lat' dir='ltr'><strong><em>designatur</em></strong></span> 
     </span>
    </p>
   </div>
   <div class='ocr_carea' id='block_1_44' title="bbox 265 2758 1873 2834">
    <p class='ocr_par' dir='ltr' id='par_1_44' title="bbox 265 2758 1873 2834">
     <span class='ocr_line' id='line_1_44' title="bbox 265 2758 1873 2834; baseline -0.004 -14"><span class='ocrx_word' id='word_1_318' title='bbox 265 2767 468 2831; x_wconf 73' lang='lat' dir='ltr'><strong><em>verbis,</em></strong></span> <span class='ocrx_word' id='word_1_319' title='bbox 503 2764 662 2834; x_wconf 90' lang='lat' dir='ltr'><strong><em>cujus</em></strong></span> <span class='ocrx_word' id='word_1_320' title='bbox 692 2761 938 2833; x_wconf 80' lang='lat' dir='ltr'><strong><em>profecto</em></strong></span> <span class='ocrx_word' id='word_1_321' title='bbox 966 2759 1360 2831; x_wconf 81' lang='lat' dir='ltr'><strong><em>Apollinarium</em></strong></span> <span class='ocrx_word' id='word_1_322' title='bbox 1392 2759 1704 2829; x_wconf 82' lang='lat' dir='ltr'><strong><em>magistrum</em></strong></span> <span class='ocrx_word' id='word_1_323' title='bbox 1731 2758 1873 2827; x_wconf 66' lang='lat' dir='ltr'><strong><em>luis-</em></strong></span> 
     </span>
    </p>
   </div>
   <div class='ocr_carea' id='block_1_45' title="bbox 265 2850 1869 2923">
    <p class='ocr_par' dir='ltr' id='par_1_45' title="bbox 265 2850 1869 2923">
     <span class='ocr_line' id='line_1_45' title="bbox 265 2850 1869 2923; baseline -0.005 -10"><span class='ocrx_word' id='word_1_324' title='bbox 265 2874 354 2923; x_wconf 91' lang='lat' dir='ltr'><strong><em>se,</em></strong></span> <span class='ocrx_word' id='word_1_325' title='bbox 386 2857 640 2923; x_wconf 88' lang='lat' dir='ltr'><strong><em>Socrate,</em></strong></span> <span class='ocrx_word' id='word_1_326' title='bbox 673 2854 999 2918; x_wconf 88' lang='lat' dir='ltr'><strong><em>Sozomeno,</em></strong></span> <span class='ocrx_word' id='word_1_327' title='bbox 1028 2867 1091 2907; x_wconf 88' lang='lat' dir='ltr'><strong><em>ac</em></strong></span> <span class='ocrx_word' id='word_1_328' title='bbox 1118 2851 1463 2907; x_wconf 85' lang='lat' dir='ltr'><strong><em>Theodorelo</em></strong></span> <span class='ocrx_word' id='word_1_329' title='bbox 1493 2859 1661 2916; x_wconf 86' lang='lat' dir='ltr'><strong><em>teste,</em></strong></span> <span class='ocrx_word' id='word_1_330' title='bbox 1695 2850 1869 2920; x_wconf 89' lang='lat' dir='ltr'><strong><em>palam</em></strong></span> 
     </span>
    </p>
   </div>
   <div class='ocr_carea' id='block_1_46' title="bbox 261 2944 1870 3017">
    <p class='ocr_par' dir='ltr' id='par_1_46' title="bbox 261 2944 1870 3017">
     <span class='ocr_line' id='line_1_46' title="bbox 261 2944 1870 3017; baseline -0.004 -12"><span class='ocrx_word' id='word_1_331' title='bbox 261 2951 443 3007; x_wconf 84' lang='lat' dir='ltr'><strong><em>luerat</em></strong></span> <span class='ocrx_word' id='word_1_332' title='bbox 489 2950 776 3016; x_wconf 89' lang='lat' dir='ltr'><strong><em>omnibus,</em></strong></span> <span class='ocrx_word' id='word_1_333' title='bbox 810 2947 1085 3017; x_wconf 77' lang='lat' dir='ltr'><strong><em>digitoque</em></strong></span> <span class='ocrx_word' id='word_1_334' title='bbox 1108 2988 1122 3012; x_wconf 94' lang='lat'><strong><em>,</em></strong></span> <span class='ocrx_word' id='word_1_335' title='bbox 1158 2960 1293 3015; x_wconf 85' lang='lat' dir='ltr'><strong><em>pene</em></strong></span> <span class='ocrx_word' id='word_1_336' title='bbox 1338 2945 1564 2999; x_wconf 84' lang='lat' dir='ltr'><strong><em>dixerim</em></strong></span> <span class='ocrx_word' id='word_1_337' title='bbox 1592 2985 1607 3009; x_wconf 89' lang='lat'><strong><em>,</em></strong></span> <span class='ocrx_word' id='word_1_338' title='bbox 1640 2944 1870 3000; x_wconf 84' lang='lat' dir='ltr'><strong><em>Vitalem</em></strong></span> 
     </span>
    </p>
   </div>
   <div class='ocr_carea' id='block_1_47' title="bbox 265 3037 1873 3111">
    <p class='ocr_par' dir='ltr' id='par_1_47' title="bbox 265 3037 1873 3111">
     <span class='ocr_line' id='line_1_47' title="bbox 265 3037 1873 3111; baseline -0.006 -11"><span class='ocrx_word' id='word_1_339' title='bbox 265 3045 607 3100; x_wconf 86' lang='lat' dir='ltr'><strong><em>demonstrat</em></strong></span> <span class='ocrx_word' id='word_1_340' title='bbox 648 3041 1069 3111; x_wconf 79' lang='lat' dir='ltr'><strong><em>Clirysostomus</em></strong></span> <span class='ocrx_word' id='word_1_341' title='bbox 1127 3040 1311 3092; x_wconf 87' lang='lat' dir='ltr'><strong><em>multos</em></strong></span> <span class='ocrx_word' id='word_1_342' title='bbox 1362 3037 1579 3092; x_wconf 89' lang='lat' dir='ltr'><strong><em>subdola</em></strong></span> <span class='ocrx_word' id='word_1_343' title='bbox 1646 3053 1873 3107; x_wconf 85' lang='lat' dir='ltr'><strong><em>vanaque</em></strong></span> 
     </span>
    </p>
   </div>
   <div class='ocr_carea' id='block_1_48' title="bbox 1974 1834 3576 1907">
    <p class='ocr_par' dir='ltr' id='par_1_48' title="bbox 1974 1834 3576 1907">
     <span class='ocr_line' id='line_1_48' title="bbox 1974 1834 3576 1907; baseline -0.001 -17"><span class='ocrx_word' id='word_1_344' title='bbox 1974 1847 2021 1890; x_wconf 94' lang='lat' dir='ltr'><strong><em>et</em></strong></span> <span class='ocrx_word' id='word_1_345' title='bbox 2072 1840 2302 1907; x_wconf 79' lang='lat' dir='ltr'><strong><em>refutare</em></strong></span> <span class='ocrx_word' id='word_1_346' title='bbox 2338 1836 2557 1906; x_wconf 88' lang='lat' dir='ltr'><strong><em>gratiam</em></strong></span> <span class='ocrx_word' id='word_1_347' title='bbox 2606 1835 2917 1888; x_wconf 83' lang='lat' dir='ltr'><strong><em>videremur.</em></strong></span> <span class='ocrx_word' id='word_1_348' title='bbox 2968 1834 3219 1889; x_wconf 88' lang='lat' dir='ltr'><strong><em>Laborem</em></strong></span> <span class='ocrx_word' id='word_1_349' title='bbox 3271 1836 3393 1905; x_wconf 89' lang='lat' dir='ltr'><strong><em>quin</em></strong></span> <span class='ocrx_word' id='word_1_350' title='bbox 3424 1836 3576 1907; x_wconf 86' lang='lat' dir='ltr'><strong><em>etiam</em></strong></span> 
     </span>
    </p>
   </div>
   <div class='ocr_carea' id='block_1_49' title="bbox 1974 1925 3577 1998">
    <p class='ocr_par' dir='ltr' id='par_1_49' title="bbox 1974 1925 3577 1998">
     <span class='ocr_line' id='line_1_49' title="bbox 1974 1925 3577 1998; baseline -0.001 -16"><span class='ocrx_word' id='word_1_351' title='bbox 1974 1928 2121 1983; x_wconf 91' lang='lat' dir='ltr'><strong><em>nobis</em></strong></span> <span class='ocrx_word' id='word_1_352' title='bbox 2170 1927 2503 1981; x_wconf 87' lang='lat' dir='ltr'><strong><em>indicendum</em></strong></span> <span class='ocrx_word' id='word_1_353' title='bbox 2548 1929 2873 1998; x_wconf 86' lang='lat' dir='ltr'><strong><em>putavimus,</em></strong></span> <span class='ocrx_word' id='word_1_354' title='bbox 2910 1942 3011 1980; x_wconf 86' lang='lat' dir='ltr'><strong><em>non</em></strong></span> <span class='ocrx_word' id='word_1_355' title='bbox 3066 1943 3162 1997; x_wconf 92' lang='lat' dir='ltr'><strong><em>pro</em></strong></span> <span class='ocrx_word' id='word_1_356' title='bbox 3208 1925 3369 1980; x_wconf 89' lang='lat' dir='ltr'><strong><em>Italia</em></strong></span> <span class='ocrx_word' id='word_1_357' title='bbox 3396 1968 3411 1991; x_wconf 92' lang='lat'><strong><em>,</em></strong></span> <span class='ocrx_word' id='word_1_358' title='bbox 3459 1942 3577 1997; x_wconf 67' lang='lat' dir='ltr'><strong><em>quin</em></strong></span> 
     </span>
    </p>
   </div>
   <div class='ocr_carea' id='block_1_50' title="bbox 1965 2020 3576 2093">
    <p class='ocr_par' dir='ltr' id='par_1_50' title="bbox 1965 2020 3576 2093">
     <span class='ocr_line' id='line_1_50' title="bbox 1965 2020 3576 2093; baseline 0 -18"><span class='ocrx_word' id='word_1_359' title='bbox 1965 2022 2277 2093; x_wconf 88' lang='lat' dir='ltr'><strong><em>jamdudum</em></strong></span> <span class='ocrx_word' id='word_1_360' title='bbox 2304 2025 2366 2076; x_wconf 90' lang='lat' dir='ltr'><strong><em>ab</em></strong></span> <span class='ocrx_word' id='word_1_361' title='bbox 2398 2021 2602 2076; x_wconf 84' lang='lat' dir='ltr'><strong><em>Arionis</em></strong></span> <span class='ocrx_word' id='word_1_362' title='bbox 2627 2022 2799 2091; x_wconf 91' lang='lat' dir='ltr'><strong><em>quieta</em></strong></span> <span class='ocrx_word' id='word_1_363' title='bbox 2826 2032 2978 2085; x_wconf 91' lang='lat' dir='ltr'><strong><em>atque</em></strong></span> <span class='ocrx_word' id='word_1_364' title='bbox 2997 2036 3176 2075; x_wconf 90' lang='lat' dir='ltr'><strong><em>secura</em></strong></span> <span class='ocrx_word' id='word_1_365' title='bbox 3204 2029 3277 2076; x_wconf 86' lang='lat' dir='ltr'><strong><em>est</em></strong></span> <span class='ocrx_word' id='word_1_366' title='bbox 3300 2062 3314 2085; x_wconf 94' lang='lat'><strong><em>,</em></strong></span> <span class='ocrx_word' id='word_1_367' title='bbox 3340 2035 3433 2074; x_wconf 88' lang='lat' dir='ltr'><strong><em>nec</em></strong></span> <span class='ocrx_word' id='word_1_368' title='bbox 3464 2020 3576 2075; x_wconf 89' lang='lat' dir='ltr'><strong><em>ulla</em></strong></span> 
     </span>
    </p>
   </div>
   <div class='ocr_carea' id='block_1_51' title="bbox 1974 2114 3575 2185">
    <p class='ocr_par' dir='ltr' id='par_1_51' title="bbox 1974 2114 3575 2185">
     <span class='ocr_line' id='line_1_51' title="bbox 1974 2114 3575 2185; baseline 0 -17"><span class='ocrx_word' id='word_1_369' title='bbox 1974 2115 2328 2169; x_wconf 77' lang='lat' dir='ltr'><strong><em>hccreticorum</em></strong></span> <span class='ocrx_word' id='word_1_370' title='bbox 2378 2114 2762 2185; x_wconf 88' lang='lat' dir='ltr'><strong><em>perturbatione</em></strong></span> <span class='ocrx_word' id='word_1_371' title='bbox 2808 2123 3048 2179; x_wconf 77' lang='lat' dir='ltr'><strong><em>vexatur,</em></strong></span> <span class='ocrx_word' id='word_1_372' title='bbox 3073 2130 3175 2168; x_wconf 90' lang='lat' dir='ltr'><strong><em>non</em></strong></span> <span class='ocrx_word' id='word_1_373' title='bbox 3227 2115 3437 2185; x_wconf 90' lang='lat' dir='ltr'><strong><em>inquam</em></strong></span> <span class='ocrx_word' id='word_1_374' title='bbox 3480 2130 3575 2184; x_wconf 84' lang='lat' dir='ltr'><strong><em>pro</em></strong></span> 
     </span>
    </p>
   </div>
   <div class='ocr_carea' id='block_1_52' title="bbox 1973 2206 3575 2277">
    <p class='ocr_par' dir='ltr' id='par_1_52' title="bbox 1973 2206 3575 2277">
     <span class='ocr_line' id='line_1_52' title="bbox 1973 2206 3575 2277; baseline -0.001 -16"><span class='ocrx_word' id='word_1_375' title='bbox 1973 2206 2147 2273; x_wconf 89' lang='lat' dir='ltr'><strong><em>nobis,</em></strong></span> <span class='ocrx_word' id='word_1_376' title='bbox 2177 2209 2300 2277; x_wconf 87' lang='lat' dir='ltr'><strong><em>quia</em></strong></span> <span class='ocrx_word' id='word_1_377' title='bbox 2336 2224 2439 2261; x_wconf 91' lang='lat' dir='ltr'><strong><em>non</em></strong></span> <span class='ocrx_word' id='word_1_378' title='bbox 2479 2209 2755 2277; x_wconf 76' lang='lat' dir='ltr'><strong><em>quwrimus</em></strong></span> <span class='ocrx_word' id='word_1_379' title='bbox 2795 2223 2910 2276; x_wconf 72' lang='lat' dir='ltr'><strong><em>qua:</em></strong></span> <span class='ocrx_word' id='word_1_380' title='bbox 2948 2216 3125 2261; x_wconf 91' lang='lat' dir='ltr'><strong><em>nostra</em></strong></span> <span class='ocrx_word' id='word_1_381' title='bbox 3153 2216 3302 2273; x_wconf 90' lang='lat' dir='ltr'><strong><em>sunt,</em></strong></span> <span class='ocrx_word' id='word_1_382' title='bbox 3331 2206 3423 2260; x_wconf 91' lang='lat' dir='ltr'><strong><em>sed</em></strong></span> <span class='ocrx_word' id='word_1_383' title='bbox 3458 2221 3575 2275; x_wconf 79' lang='lat' dir='ltr'><strong><em>qua:</em></strong></span> 
     </span>
    </p>
   </div>
   <div class='ocr_carea' id='block_1_53' title="bbox 1973 2298 3577 2373">
    <p class='ocr_par' dir='ltr' id='par_1_53' title="bbox 1973 2298 3577 2373">
     <span class='ocr_line' id='line_1_53' title="bbox 1973 2298 3577 2373; baseline -0.002 -17"><span class='ocrx_word' id='word_1_384' title='bbox 1973 2311 2094 2356; x_wconf 89' lang='lat' dir='ltr'><strong><em>sunt</em></strong></span> <span class='ocrx_word' id='word_1_385' title='bbox 2127 2303 2352 2355; x_wconf 89' lang='lat' dir='ltr'><strong><em>omnium</em></strong></span> <span class='ocrx_word' id='word_1_386' title='bbox 2383 2318 2400 2355; x_wconf 92' lang='lat'><em>:</em></span> <span class='ocrx_word' id='word_1_387' title='bbox 2431 2318 2531 2355; x_wconf 90' lang='lat' dir='ltr'><strong><em>non</em></strong></span> <span class='ocrx_word' id='word_1_388' title='bbox 2571 2317 2664 2373; x_wconf 91' lang='lat' dir='ltr'><strong><em>pro</em></strong></span> <span class='ocrx_word' id='word_1_389' title='bbox 2694 2298 2869 2354; x_wconf 88' lang='lat' dir='ltr'><strong><em>Gallia</em></strong></span> <span class='ocrx_word' id='word_1_390' title='bbox 2900 2310 3049 2370; x_wconf 91' lang='lat' dir='ltr'><strong><em>atque</em></strong></span> <span class='ocrx_word' id='word_1_391' title='bbox 3089 2299 3288 2371; x_wconf 78' lang='lat' dir='ltr'><strong><em>Africa,</em></strong></span> <span class='ocrx_word' id='word_1_392' title='bbox 3319 2314 3435 2367; x_wconf 74' lang='lat' dir='ltr'><strong><em>qua:</em></strong></span> <span class='ocrx_word' id='word_1_393' title='bbox 3464 2316 3577 2353; x_wconf 89' lang='lat' dir='ltr'><strong><em>om-</em></strong></span> 
     </span>
    </p>
   </div>
   <div class='ocr_carea' id='block_1_54' title="bbox 1974 2391 3578 2459">
    <p class='ocr_par' dir='ltr' id='par_1_54' title="bbox 1974 2391 3578 2459">
     <span class='ocr_line' id='line_1_54' title="bbox 1974 2391 3578 2459; baseline -0.004 -8"><span class='ocrx_word' id='word_1_394' title='bbox 1974 2398 2121 2451; x_wconf 89' lang='lat' dir='ltr'><strong><em>nium</em></strong></span> <span class='ocrx_word' id='word_1_395' title='bbox 2158 2396 2485 2450; x_wconf 85' lang='lat' dir='ltr'><strong><em>sacerdotum</em></strong></span> <span class='ocrx_word' id='word_1_396' title='bbox 2520 2395 2762 2449; x_wconf 87' lang='lat' dir='ltr'><strong><em>concordi</em></strong></span> <span class='ocrx_word' id='word_1_397' title='bbox 2794 2395 3033 2448; x_wconf 90' lang='lat' dir='ltr'><strong><em>societate</em></strong></span> <span class='ocrx_word' id='word_1_398' title='bbox 3055 2394 3343 2459; x_wconf 83' lang='lat' dir='ltr'><strong><em>potiuntur.</em></strong></span> <span class='ocrx_word' id='word_1_399' title='bbox 3378 2391 3489 2447; x_wconf 87' lang='lat' dir='ltr'><strong><em>Sed</em></strong></span> <span class='ocrx_word' id='word_1_400' title='bbox 3521 2400 3578 2445; x_wconf 91' lang='lat' dir='ltr'><strong><em>ut</em></strong></span> 
     </span>
    </p>
   </div>
   <div class='ocr_carea' id='block_1_55' title="bbox 1975 2485 3579 2558">
    <p class='ocr_par' dir='ltr' id='par_1_55' title="bbox 1975 2485 3579 2558">
     <span class='ocr_line' id='line_1_55' title="bbox 1975 2485 3579 2558; baseline -0.004 -14"><span class='ocrx_word' id='word_1_401' title='bbox 1975 2507 2056 2553; x_wconf 89' lang='lat' dir='ltr'><strong><em>ea,</em></strong></span> <span class='ocrx_word' id='word_1_402' title='bbox 2090 2505 2205 2558; x_wconf 69' lang='lat' dir='ltr'><strong><em>qua:</em></strong></span> <span class='ocrx_word' id='word_1_403' title='bbox 2236 2489 2645 2543; x_wconf 88' lang='lat' dir='ltr'><strong><em>communionem</em></strong></span> <span class='ocrx_word' id='word_1_404' title='bbox 2685 2498 2915 2541; x_wconf 90' lang='lat' dir='ltr'><strong><em>nostram</em></strong></span> <span class='ocrx_word' id='word_1_405' title='bbox 2946 2486 3010 2542; x_wconf 88' lang='lat' dir='ltr'><strong><em>de</em></strong></span> <span class='ocrx_word' id='word_1_406' title='bbox 3040 2485 3267 2540; x_wconf 88' lang='lat' dir='ltr'><strong><em>Orientis</em></strong></span> <span class='ocrx_word' id='word_1_407' title='bbox 3291 2495 3438 2557; x_wconf 89' lang='lat' dir='ltr'><strong><em>parte</em></strong></span> <span class='ocrx_word' id='word_1_408' title='bbox 3468 2496 3579 2538; x_wconf 89' lang='lat' dir='ltr'><strong><em>tur-</em></strong></span> 
     </span>
    </p>
   </div>
   <div class='ocr_carea' id='block_1_56' title="bbox 1976 2577 3580 2651">
    <p class='ocr_par' dir='ltr' id='par_1_56' title="bbox 1976 2577 3580 2651">
     <span class='ocr_line' id='line_1_56' title="bbox 1976 2577 3580 2651; baseline -0.001 -18"><span class='ocrx_word' id='word_1_409' title='bbox 1976 2581 2246 2643; x_wconf 88' lang='lat' dir='ltr'><strong><em>baverunt,</em></strong></span> <span class='ocrx_word' id='word_1_410' title='bbox 2275 2588 2704 2651; x_wconf 86' lang='lat' dir='ltr'><strong><em>cognoscerentur</em></strong></span> <span class='ocrx_word' id='word_1_411' title='bbox 2732 2582 2785 2633; x_wconf 90' lang='lat' dir='ltr'><strong><em>in</em></strong></span> <span class='ocrx_word' id='word_1_412' title='bbox 2818 2578 3050 2649; x_wconf 82' lang='lat' dir='ltr'><strong><em>synodo,</em></strong></span> <span class='ocrx_word' id='word_1_413' title='bbox 3080 2588 3128 2632; x_wconf 92' lang='lat' dir='ltr'><strong><em>et</em></strong></span> <span class='ocrx_word' id='word_1_414' title='bbox 3155 2578 3318 2632; x_wconf 87' lang='lat' dir='ltr'><strong><em>omnis</em></strong></span> <span class='ocrx_word' id='word_1_415' title='bbox 3355 2594 3382 2631; x_wconf 91' lang='lat' dir='ltr'><strong><em>e</em></strong></span> <span class='ocrx_word' id='word_1_416' title='bbox 3408 2577 3580 2631; x_wconf 91' lang='lat' dir='ltr'><strong><em>medio</em></strong></span> 
     </span>
    </p>
   </div>
   <div class='ocr_carea' id='block_1_57' title="bbox 1974 2671 3579 2745">
    <p class='ocr_par' dir='ltr' id='par_1_57' title="bbox 1974 2671 3579 2745">
     <span class='ocr_line' id='line_1_57' title="bbox 1974 2671 3579 2745; baseline -0.002 -15"><span class='ocrx_word' id='word_1_417' title='bbox 1974 2676 2247 2745; x_wconf 87' lang='lat' dir='ltr'><strong><em>scrupulus</em></strong></span> <span class='ocrx_word' id='word_1_418' title='bbox 2279 2676 2564 2729; x_wconf 88' lang='lat' dir='ltr'><strong><em>tolleretur.</em></strong></span> <span class='ocrx_word' id='word_1_419' title='bbox 2598 2672 2719 2727; x_wconf 85' lang='lat' dir='ltr'><strong><em>Non</em></strong></span> <span class='ocrx_word' id='word_1_420' title='bbox 2752 2674 2928 2743; x_wconf 80' lang='lat' dir='ltr'><strong><em>solum</em></strong></span> <span class='ocrx_word' id='word_1_421' title='bbox 2956 2673 3093 2726; x_wconf 89' lang='lat' dir='ltr'><strong><em>enim</em></strong></span> <span class='ocrx_word' id='word_1_422' title='bbox 3118 2672 3181 2725; x_wconf 91' lang='lat' dir='ltr'><strong><em>de</em></strong></span> <span class='ocrx_word' id='word_1_423' title='bbox 3202 2671 3304 2737; x_wconf 89' lang='lat' dir='ltr'><strong><em>his,</em></strong></span> <span class='ocrx_word' id='word_1_424' title='bbox 3336 2688 3451 2742; x_wconf 75' lang='lat' dir='ltr'><strong><em>qua:</em></strong></span> <span class='ocrx_word' id='word_1_425' title='bbox 3472 2673 3579 2727; x_wconf 86' lang='lat' dir='ltr'><strong><em>cle-</em></strong></span> 
     </span>
    </p>
   </div>
   <div class='ocr_carea' id='block_1_58' title="bbox 1975 2766 3565 2839">
    <p class='ocr_par' dir='ltr' id='par_1_58' title="bbox 1975 2766 3565 2839">
     <span class='ocr_line' id='line_1_58' title="bbox 1975 2766 3565 2839; baseline -0.003 -16"><span class='ocrx_word' id='word_1_426' title='bbox 1975 2771 2160 2824; x_wconf 89' lang='lat' dir='ltr'><strong><em>mentia</em></strong></span> <span class='ocrx_word' id='word_1_427' title='bbox 2187 2779 2275 2824; x_wconf 89' lang='lat' dir='ltr'><strong><em>tua</em></strong></span> <span class='ocrx_word' id='word_1_428' title='bbox 2311 2770 2521 2839; x_wconf 89' lang='lat' dir='ltr'><strong><em>dignata</em></strong></span> <span class='ocrx_word' id='word_1_429' title='bbox 2550 2779 2621 2821; x_wconf 92' lang='lat' dir='ltr'><strong><em>est</em></strong></span> <span class='ocrx_word' id='word_1_430' title='bbox 2647 2768 2884 2831; x_wconf 85' lang='lat' dir='ltr'><strong><em>scribere,</em></strong></span> <span class='ocrx_word' id='word_1_431' title='bbox 2916 2766 3006 2820; x_wconf 90' lang='lat' dir='ltr'><strong><em>sed</em></strong></span> <span class='ocrx_word' id='word_1_432' title='bbox 3035 2767 3188 2820; x_wconf 88' lang='lat' dir='ltr'><strong><em>etiam</em></strong></span> <span class='ocrx_word' id='word_1_433' title='bbox 3215 2766 3279 2819; x_wconf 89' lang='lat' dir='ltr'><strong><em>de</em></strong></span> <span class='ocrx_word' id='word_1_434' title='bbox 3308 2766 3444 2830; x_wconf 89' lang='lat' dir='ltr'><strong><em>illis,</em></strong></span> <span class='ocrx_word' id='word_1_435' title='bbox 3478 2766 3565 2836; x_wconf 87' lang='lat' dir='ltr'><strong><em>qui</em></strong></span> 
     </span>
    </p>
   </div>
   <div class='ocr_carea' id='block_1_59' title="bbox 1976 2856 3581 2933">
    <p class='ocr_par' dir='ltr' id='par_1_59' title="bbox 1976 2856 3581 2933">
     <span class='ocr_line' id='line_1_59' title="bbox 1976 2856 3581 2933; baseline -0.004 -16"><span class='ocrx_word' id='word_1_436' title='bbox 1976 2864 2168 2933; x_wconf 88' lang='lat' dir='ltr'><strong><em>dogma</em></strong></span> <span class='ocrx_word' id='word_1_437' title='bbox 2190 2863 2363 2917; x_wconf 89' lang='lat' dir='ltr'><strong><em>nescio</em></strong></span> <span class='ocrx_word' id='word_1_438' title='bbox 2384 2860 2542 2931; x_wconf 91' lang='lat' dir='ltr'><strong><em>quod,</em></strong></span> <span class='ocrx_word' id='word_1_439' title='bbox 2568 2859 2888 2929; x_wconf 83' lang='lat' dir='ltr'><strong><em>Apollinaris</em></strong></span> <span class='ocrx_word' id='word_1_440' title='bbox 2918 2858 3186 2923; x_wconf 86' lang='lat' dir='ltr'><strong><em>asserilur,</em></strong></span> <span class='ocrx_word' id='word_1_441' title='bbox 3211 2859 3265 2911; x_wconf 90' lang='lat' dir='ltr'><strong><em>in</em></strong></span> <span class='ocrx_word' id='word_1_442' title='bbox 3294 2856 3581 2912; x_wconf 83' lang='lat' dir='ltr'><strong><em>Ecclesium</em></strong></span> 
     </span>
    </p>
   </div>
   <div class='ocr_carea' id='block_1_60' title="bbox 1976 2951 3581 3021">
    <p class='ocr_par' dir='ltr' id='par_1_60' title="bbox 1976 2951 3581 3021">
     <span class='ocr_line' id='line_1_60' title="bbox 1976 2951 3581 3021; baseline -0.004 -14"><span class='ocrx_word' id='word_1_443' title='bbox 1976 2966 2232 3008; x_wconf 87' lang='lat' dir='ltr'><strong><em>conantur</em></strong></span> <span class='ocrx_word' id='word_1_444' title='bbox 2271 2953 2550 3017; x_wconf 84' lang='lat' dir='ltr'><strong><em>inducere;</em></strong></span> <span class='ocrx_word' id='word_1_445' title='bbox 2575 2967 2666 3005; x_wconf 90' lang='lat' dir='ltr'><strong><em>nos</em></strong></span> <span class='ocrx_word' id='word_1_446' title='bbox 2706 2951 2947 3021; x_wconf 87' lang='lat' dir='ltr'><strong><em>pleraque</em></strong></span> <span class='ocrx_word' id='word_1_447' title='bbox 2972 2960 3266 3016; x_wconf 86' lang='lat' dir='ltr'><strong><em>moverunt,</em></strong></span> <span class='ocrx_word' id='word_1_448' title='bbox 3297 2965 3412 3020; x_wconf 76' lang='lat' dir='ltr'><strong><em>qua:</em></strong></span> <span class='ocrx_word' id='word_1_449' title='bbox 3452 2965 3581 3020; x_wconf 84' lang='lat' dir='ltr'><strong><em>par-</em></strong></span> 
     </span>
    </p>
   </div>
   <div class='ocr_carea' id='block_1_61' title="bbox 1976 3040 3581 3118">
    <p class='ocr_par' dir='ltr' id='par_1_61' title="bbox 1976 3040 3581 3118">
     <span class='ocr_line' id='line_1_61' title="bbox 1976 3040 3581 3118; baseline -0.005 -17"><span class='ocrx_word' id='word_1_450' title='bbox 1976 3049 2106 3102; x_wconf 87' lang='lat' dir='ltr'><strong><em>tibus</em></strong></span> <span class='ocrx_word' id='word_1_451' title='bbox 2152 3051 2357 3118; x_wconf 83' lang='lat' dir='ltr'><strong><em>fuerant</em></strong></span> <span class='ocrx_word' id='word_1_452' title='bbox 2400 3043 2679 3099; x_wconf 89' lang='lat' dir='ltr'><strong><em>resecanda</em></strong></span> <span class='ocrx_word' id='word_1_453' title='bbox 2728 3042 3098 3112; x_wconf 79' lang='lat' dir='ltr'><strong><em>prcesentibus,</em></strong></span> <span class='ocrx_word' id='word_1_454' title='bbox 3131 3050 3187 3095; x_wconf 90' lang='lat' dir='ltr'><strong><em>ut</em></strong></span> <span class='ocrx_word' id='word_1_455' title='bbox 3236 3043 3497 3094; x_wconf 88' lang='lat' dir='ltr'><strong><em>convictus</em></strong></span> <span class='ocrx_word' id='word_1_456' title='bbox 3526 3040 3581 3093; x_wconf 91' lang='lat' dir='ltr'><strong><em>in</em></strong></span> 
     </span>
    </p>
   </div>
   <div class='ocr_carea' id='block_1_62' title="bbox 264 3132 3582 3209">
    <p class='ocr_par' dir='ltr' id='par_1_62' title="bbox 264 3132 3582 3209">
     <span class='ocr_line' id='line_1_62' title="bbox 264 3132 3582 3209; baseline -0.005 -16"><span class='ocrx_word' id='word_1_457' title='bbox 264 3139 481 3209; x_wconf 85' lang='lat' dir='ltr'><strong><em>fallacia</em></strong></span> <span class='ocrx_word' id='word_1_458' title='bbox 526 3137 581 3189; x_wconf 88' lang='lat' dir='ltr'><strong><em>in</em></strong></span> <span class='ocrx_word' id='word_1_459' title='bbox 627 3137 946 3206; x_wconf 88' lang='lat' dir='ltr'><strong><em>profundum</em></strong></span> <span class='ocrx_word' id='word_1_460' title='bbox 1002 3133 1146 3187; x_wconf 72' lang='lat' dir='ltr'><strong><em>exitii</em></strong></span> <span class='ocrx_word' id='word_1_461' title='bbox 1194 3132 1551 3186; x_wconf 86' lang='lat' dir='ltr'><strong><em>ubducentem.</em></strong></span> <span class='ocrx_word' id='word_1_462' title='bbox 1599 3132 1866 3187; x_wconf 64' lang='lat' dir='ltr'><strong><em>Praeterea</em></strong></span> <span class='ocrx_word' id='word_1_463' title='bbox 1894 3134 1940 3196; x_wconf 70' lang='grc' dir='ltr'><strong>ί]</strong></span> <span class='ocrx_word' id='word_1_464' title='bbox 1973 3140 2211 3209; x_wconf 68' lang='lat' dir='ltr'><strong><em>dogmate</em></strong></span> <span class='ocrx_word' id='word_1_465' title='bbox 2245 3154 2406 3202; x_wconf 53' lang='grc' dir='ltr'><strong><em>ηουο,</em></strong></span> <span class='ocrx_word' id='word_1_466' title='bbox 2459 3147 2507 3192; x_wconf 78' lang='grc' dir='ltr'><strong><em>ει</em></strong></span> <span class='ocrx_word' id='word_1_467' title='bbox 2551 3135 2858 3207; x_wconf 65' lang='grc' dir='ltr'><strong><em>νεάανριιιυε</em></strong></span> <span class='ocrx_word' id='word_1_468' title='bbox 2904 3134 2958 3187; x_wconf 75' lang='lat' dir='ltr'><strong><em>in</em></strong></span> <span class='ocrx_word' id='word_1_469' title='bbox 2998 3149 3204 3198; x_wconf 61' lang='lat' dir='ltr'><strong><em>errore,</em></strong></span> <span class='ocrx_word' id='word_1_470' title='bbox 3258 3148 3582 3200; x_wconf 78' lang='lat' dir='ltr'><strong><em>nequaquam</em></strong></span> 
     </span>
    </p>
   </div>
   <div class='ocr_carea' id='block_1_63' title="bbox 266 3226 1866 3299">
    <p class='ocr_par' dir='ltr' id='par_1_63' title="bbox 266 3226 1866 3299">
     <span class='ocr_line' id='line_1_63' title="bbox 266 3226 1866 3299; baseline -0.003 -14"><span class='ocrx_word' id='word_1_471' title='bbox 266 3230 450 3299; x_wconf 86' lang='lat' dir='ltr'><strong><em>hujus,</em></strong></span> <span class='ocrx_word' id='word_1_472' title='bbox 479 3244 641 3299; x_wconf 90' lang='lat' dir='ltr'><strong><em>quem</em></strong></span> <span class='ocrx_word' id='word_1_473' title='bbox 671 3227 1091 3299; x_wconf 88' lang='lat' dir='ltr'><strong><em>Chrysostomus</em></strong></span> <span class='ocrx_word' id='word_1_474' title='bbox 1122 3226 1344 3292; x_wconf 84' lang='lat' dir='ltr'><strong><em>indicat,</em></strong></span> <span class='ocrx_word' id='word_1_475' title='bbox 1374 3227 1636 3296; x_wconf 84' lang='lat' dir='ltr'><strong><em>magister,</em></strong></span> <span class='ocrx_word' id='word_1_476' title='bbox 1662 3235 1866 3295; x_wconf 86' lang='lat' dir='ltr'><strong><em>partem</em></strong></span> 
     </span>
    </p>
   </div>
   <div class='ocr_carea' id='block_1_64' title="bbox 264 3321 1868 3389">
    <p class='ocr_par' dir='ltr' id='par_1_64' title="bbox 264 3321 1868 3389">
     <span class='ocr_line' id='line_1_64' title="bbox 264 3321 1868 3389; baseline -0.004 -9"><span class='ocrx_word' id='word_1_477' title='bbox 264 3325 531 3380; x_wconf 69' lang='lat' dir='ltr'><strong><em>Ecclesiae</em></strong></span> <span class='ocrx_word' id='word_1_478' title='bbox 575 3322 913 3389; x_wconf 81' lang='lat' dir='ltr'><strong><em>absciderat,</em></strong></span> <span class='ocrx_word' id='word_1_479' title='bbox 946 3331 999 3377; x_wconf 89' lang='lat' dir='ltr'><strong><em>et</em></strong></span> <span class='ocrx_word' id='word_1_480' title='bbox 1043 3321 1284 3389; x_wconf 85' lang='lat' dir='ltr'><strong><em>abjecms</em></strong></span> <span class='ocrx_word' id='word_1_481' title='bbox 1316 3336 1377 3375; x_wconf 89' lang='lat' dir='ltr'><strong><em>ea</em></strong></span> <span class='ocrx_word' id='word_1_482' title='bbox 1417 3321 1484 3375; x_wconf 90' lang='lat' dir='ltr'><strong><em>de</em></strong></span> <span class='ocrx_word' id='word_1_483' title='bbox 1514 3336 1674 3375; x_wconf 80' lang='lat' dir='ltr'><strong><em>causa</em></strong></span> <span class='ocrx_word' id='word_1_484' title='bbox 1705 3337 1735 3375; x_wconf 90' lang='lat' dir='ltr'><strong><em>a</em></strong></span> <span class='ocrx_word' id='word_1_485' title='bbox 1765 3322 1868 3375; x_wconf 89' lang='lat' dir='ltr'><strong><em>Pa-</em></strong></span> 
     </span>
    </p>
   </div>
   <div class='ocr_carea' id='block_1_65' title="bbox 266 3418 1869 3488">
    <p class='ocr_par' dir='ltr' id='par_1_65' title="bbox 266 3418 1869 3488">
     <span class='ocr_line' id='line_1_65' title="bbox 266 3418 1869 3488; baseline -0.002 -13"><span class='ocrx_word' id='word_1_486' title='bbox 266 3421 441 3476; x_wconf 86' lang='lat' dir='ltr'><strong><em>tribus</em></strong></span> <span class='ocrx_word' id='word_1_487' title='bbox 472 3420 668 3474; x_wconf 78' lang='lat' dir='ltr'><strong><em>fuerat.</em></strong></span> <span class='ocrx_word' id='word_1_488' title='bbox 701 3419 812 3473; x_wconf 92' lang='lat' dir='ltr'><strong><em>Hoc</em></strong></span> <span class='ocrx_word' id='word_1_489' title='bbox 843 3433 970 3472; x_wconf 81' lang='lat' dir='ltr'><strong><em>vero</em></strong></span> <span class='ocrx_word' id='word_1_490' title='bbox 997 3427 1057 3472; x_wconf 89' lang='lat' dir='ltr'><strong><em>ut</em></strong></span> <span class='ocrx_word' id='word_1_491' title='bbox 1084 3418 1151 3471; x_wconf 84' lang='lat' dir='ltr'><strong><em>de</em></strong></span> <span class='ocrx_word' id='word_1_492' title='bbox 1180 3418 1514 3488; x_wconf 85' lang='lat' dir='ltr'><strong><em>Apollinario</em></strong></span> <span class='ocrx_word' id='word_1_493' title='bbox 1539 3418 1731 3472; x_wconf 86' lang='lat' dir='ltr'><strong><em>merito</em></strong></span> <span class='ocrx_word' id='word_1_494' title='bbox 1758 3418 1869 3472; x_wconf 86' lang='lat' dir='ltr'><strong><em>dic-</em></strong></span> 
     </span>
    </p>
   </div>
   <div class='ocr_carea' id='block_1_66' title="bbox 266 3510 1870 3582">
    <p class='ocr_par' dir='ltr' id='par_1_66' title="bbox 266 3510 1870 3582">
     <span class='ocr_line' id='line_1_66' title="bbox 266 3510 1870 3582; baseline -0.002 -12"><span class='ocrx_word' id='word_1_495' title='bbox 266 3523 375 3570; x_wconf 90' lang='lat' dir='ltr'><strong><em>tum</em></strong></span> <span class='ocrx_word' id='word_1_496' title='bbox 434 3521 681 3579; x_wconf 85' lang='lat' dir='ltr'><strong><em>constat,</em></strong></span> <span class='ocrx_word' id='word_1_497' title='bbox 715 3513 805 3582; x_wconf 85' lang='lat' dir='ltr'><strong><em>qui</em></strong></span> <span class='ocrx_word' id='word_1_498' title='bbox 834 3527 900 3566; x_wconf 86' lang='lat' dir='ltr'><strong><em>ex</em></strong></span> <span class='ocrx_word' id='word_1_499' title='bbox 946 3511 1242 3565; x_wconf 87' lang='lat' dir='ltr'><strong><em>Catholicis</em></strong></span> <span class='ocrx_word' id='word_1_500' title='bbox 1284 3510 1639 3565; x_wconf 86' lang='lat' dir='ltr'><strong><em>Antiochenis</em></strong></span> <span class='ocrx_word' id='word_1_501' title='bbox 1687 3511 1870 3581; x_wconf 91' lang='lat' dir='ltr'><strong><em>plures</em></strong></span> 
     </span>
    </p>
   </div>
   <div class='ocr_carea' id='block_1_67' title="bbox 265 3602 1866 3675">
    <p class='ocr_par' dir='ltr' id='par_1_67' title="bbox 265 3602 1866 3675">
     <span class='ocr_line' id='line_1_67' title="bbox 265 3602 1866 3675; baseline -0.004 -12"><span class='ocrx_word' id='word_1_502' title='bbox 265 3609 327 3663; x_wconf 91' lang='lat' dir='ltr'><strong><em>ad</em></strong></span> <span class='ocrx_word' id='word_1_503' title='bbox 382 3607 618 3661; x_wconf 83' lang='lat' dir='ltr'><strong><em>Vitalcm</em></strong></span> <span class='ocrx_word' id='word_1_504' title='bbox 666 3604 890 3675; x_wconf 81' lang='lat' dir='ltr'><strong><em>profane</em></strong></span> <span class='ocrx_word' id='word_1_505' title='bbox 962 3605 1266 3659; x_wconf 82' lang='lat' dir='ltr'><strong><em>ordinatum</em></strong></span> <span class='ocrx_word' id='word_1_506' title='bbox 1319 3618 1349 3656; x_wconf 88' lang='lat' dir='ltr'><strong><em>a</em></strong></span> <span class='ocrx_word' id='word_1_507' title='bbox 1398 3618 1457 3657; x_wconf 88' lang='lat' dir='ltr'><strong><em>se</em></strong></span> <span class='ocrx_word' id='word_1_508' title='bbox 1506 3602 1866 3673; x_wconf 87' lang='lat' dir='ltr'><strong><em>episcopum,</em></strong></span> 
     </span>
    </p>
   </div>
   <div class='ocr_carea' id='block_1_68' title="bbox 265 3694 1871 3770">
    <p class='ocr_par' dir='ltr' id='par_1_68' title="bbox 265 3694 1871 3770">
     <span class='ocr_line' id='line_1_68' title="bbox 265 3694 1871 3770; baseline -0.002 -13"><span class='ocrx_word' id='word_1_509' title='bbox 265 3715 535 3770; x_wconf 87' lang='lat' dir='ltr'><strong><em>suamque</em></strong></span> <span class='ocrx_word' id='word_1_510' title='bbox 566 3698 816 3753; x_wconf 76' lang='lat' dir='ltr'><strong><em>lucresim</em></strong></span> <span class='ocrx_word' id='word_1_511' title='bbox 855 3695 1189 3759; x_wconf 83' lang='lat' dir='ltr'><strong><em>abduxerat,</em></strong></span> <span class='ocrx_word' id='word_1_512' title='bbox 1216 3710 1279 3749; x_wconf 88' lang='lat' dir='ltr'><strong><em>ac</em></strong></span> <span class='ocrx_word' id='word_1_513' title='bbox 1307 3709 1337 3748; x_wconf 82' lang='lat' dir='ltr'><strong><em>a</em></strong></span> <span class='ocrx_word' id='word_1_514' title='bbox 1381 3695 1629 3750; x_wconf 86' lang='lat' dir='ltr'><strong><em>Patribus</em></strong></span> <span class='ocrx_word' id='word_1_515' title='bbox 1671 3694 1871 3753; x_wconf 86' lang='lat' dir='ltr'><strong><em>deinde</em></strong></span> 
     </span>
    </p>
   </div>
   <div class='ocr_carea' id='block_1_69' title="bbox 264 3789 1871 3858">
    <p class='ocr_par' dir='ltr' id='par_1_69' title="bbox 264 3789 1871 3858">
     <span class='ocr_line' id='line_1_69' title="bbox 264 3789 1871 3858; baseline -0.005 -9"><span class='ocrx_word' id='word_1_516' title='bbox 264 3806 421 3849; x_wconf 78' lang='lat' dir='ltr'><strong><em>extra</em></strong></span> <span class='ocrx_word' id='word_1_517' title='bbox 454 3791 752 3847; x_wconf 54' lang='lat' dir='ltr'><strong><em>Ecclesium</em></strong></span> <span class='ocrx_word' id='word_1_518' title='bbox 784 3789 957 3845; x_wconf 79' lang='lat' dir='ltr'><strong><em>factus</em></strong></span> <span class='ocrx_word' id='word_1_519' title='bbox 983 3800 1085 3852; x_wconf 84' lang='lat' dir='ltr'><strong><em>est,</em></strong></span> <span class='ocrx_word' id='word_1_520' title='bbox 1116 3789 1183 3842; x_wconf 86' lang='lat' dir='ltr'><strong><em>ita</em></strong></span> <span class='ocrx_word' id='word_1_521' title='bbox 1214 3798 1410 3858; x_wconf 63' lang='lat' dir='ltr'><strong><em>praeter</em></strong></span> <span class='ocrx_word' id='word_1_522' title='bbox 1436 3797 1674 3857; x_wconf 83' lang='lat' dir='ltr'><strong><em>apertam</em></strong></span> <span class='ocrx_word' id='word_1_523' title='bbox 1699 3789 1871 3842; x_wconf 86' lang='lat' dir='ltr'><strong><em>mani-</em></strong></span> 
     </span>
    </p>
   </div>
   <div class='ocr_carea' id='block_1_70' title="bbox 264 3882 1870 3959">
    <p class='ocr_par' dir='ltr' id='par_1_70' title="bbox 264 3882 1870 3959">
     <span class='ocr_line' id='line_1_70' title="bbox 264 3882 1870 3959; baseline -0.007 -13"><span class='ocrx_word' id='word_1_524' title='bbox 264 3890 569 3959; x_wconf 77' lang='lat' dir='ltr'><strong><em>festamque</em></strong></span> <span class='ocrx_word' id='word_1_525' title='bbox 614 3885 941 3942; x_wconf 85' lang='lat' dir='ltr'><strong><em>calumniam</em></strong></span> <span class='ocrx_word' id='word_1_526' title='bbox 988 3882 1056 3938; x_wconf 88' lang='lat' dir='ltr'><strong><em>de</em></strong></span> <span class='ocrx_word' id='word_1_527' title='bbox 1086 3883 1314 3938; x_wconf 89' lang='lat' dir='ltr'><strong><em>Paulino</em></strong></span> <span class='ocrx_word' id='word_1_528' title='bbox 1368 3897 1435 3937; x_wconf 87' lang='lat' dir='ltr'><strong><em>ne</em></strong></span> <span class='ocrx_word' id='word_1_529' title='bbox 1487 3882 1710 3952; x_wconf 81' lang='lat' dir='ltr'><strong><em>cogitari</em></strong></span> <span class='ocrx_word' id='word_1_530' title='bbox 1754 3882 1870 3952; x_wconf 83' lang='lat' dir='ltr'><strong><em>qni-</em></strong></span> 
     </span>
    </p>
   </div>
   <div class='ocr_carea' id='block_1_71' title="bbox 264 3975 1872 4053">
    <p class='ocr_par' dir='ltr' id='par_1_71' title="bbox 264 3975 1872 4053">
     <span class='ocr_line' id='line_1_71' title="bbox 264 3975 1872 4053; baseline -0.007 -13"><span class='ocrx_word' id='word_1_531' title='bbox 264 3985 387 4040; x_wconf 87' lang='lat' dir='ltr'><strong><em>dem</em></strong></span> <span class='ocrx_word' id='word_1_532' title='bbox 423 3990 674 4053; x_wconf 82' lang='lat' dir='ltr'><strong><em>poterat,</em></strong></span> <span class='ocrx_word' id='word_1_533' title='bbox 709 3994 871 4050; x_wconf 83' lang='lat' dir='ltr'><strong><em>quem</em></strong></span> <span class='ocrx_word' id='word_1_534' title='bbox 900 3976 1163 4032; x_wconf 85' lang='lat' dir='ltr'><strong><em>Catholici</em></strong></span> <span class='ocrx_word' id='word_1_535' title='bbox 1194 3975 1531 4030; x_wconf 85' lang='lat' dir='ltr'><strong><em>Eustathiani</em></strong></span> <span class='ocrx_word' id='word_1_536' title='bbox 1561 3985 1753 4045; x_wconf 76' lang='lat' dir='ltr'><strong><em>Sponte</em></strong></span> <span class='ocrx_word' id='word_1_537' title='bbox 1785 3990 1872 4031; x_wconf 86' lang='lat' dir='ltr'><strong><em>se-</em></strong></span> 
     </span>
    </p>
   </div>
   <div class='ocr_carea' id='block_1_72' title="bbox 265 4066 1870 4143">
    <p class='ocr_par' dir='ltr' id='par_1_72' title="bbox 265 4066 1870 4143">
     <span class='ocr_line' id='line_1_72' title="bbox 265 4066 1870 4143; baseline -0.007 -9"><span class='ocrx_word' id='word_1_538' title='bbox 265 4079 373 4134; x_wconf 90' lang='lat' dir='ltr'><strong><em>cuti</em></strong></span> <span class='ocrx_word' id='word_1_539' title='bbox 407 4075 657 4141; x_wconf 81' lang='lat' dir='ltr'><strong><em>fuerant,</em></strong></span> <span class='ocrx_word' id='word_1_540' title='bbox 687 4072 963 4143; x_wconf 89' lang='lat' dir='ltr'><strong><em>antiquior</em></strong></span> <span class='ocrx_word' id='word_1_541' title='bbox 992 4077 1138 4126; x_wconf 82' lang='lat' dir='ltr'><strong><em>certe</em></strong></span> <span class='ocrx_word' id='word_1_542' title='bbox 1166 4078 1219 4124; x_wconf 90' lang='lat' dir='ltr'><strong><em>et</em></strong></span> <span class='ocrx_word' id='word_1_543' title='bbox 1252 4070 1433 4139; x_wconf 85' lang='lat' dir='ltr'><strong><em>purior</em></strong></span> <span class='ocrx_word' id='word_1_544' title='bbox 1463 4066 1724 4124; x_wconf 67' lang='lat' dir='ltr'><strong><em>Ecclesiae</em></strong></span> <span class='ocrx_word' id='word_1_545' title='bbox 1760 4069 1870 4124; x_wconf 84' lang='lat' dir='ltr'><strong><em>An-</em></strong></span> 
     </span>
    </p>
   </div>
   <div class='ocr_carea' id='block_1_73' title="bbox 266 4160 1866 4237">
    <p class='ocr_par' dir='ltr' id='par_1_73' title="bbox 266 4160 1866 4237">
     <span class='ocr_line' id='line_1_73' title="bbox 266 4160 1866 4237; baseline -0.005 -14"><span class='ocrx_word' id='word_1_546' title='bbox 266 4169 538 4225; x_wconf 66' lang='lat' dir='ltr'><strong><em>tiochense</em></strong></span> <span class='ocrx_word' id='word_1_547' title='bbox 569 4183 716 4237; x_wconf 80' lang='lat' dir='ltr'><strong><em>pars.</em></strong></span> <span class='ocrx_word' id='word_1_548' title='bbox 760 4163 1183 4236; x_wconf 83' lang='lat' dir='ltr'><strong><em>Chrysoslomus</em></strong></span> <span class='ocrx_word' id='word_1_549' title='bbox 1231 4162 1411 4231; x_wconf 83' lang='lat' dir='ltr'><strong><em>itaque</em></strong></span> <span class='ocrx_word' id='word_1_550' title='bbox 1455 4160 1519 4215; x_wconf 87' lang='lat' dir='ltr'><strong><em>ad</em></strong></span> <span class='ocrx_word' id='word_1_551' title='bbox 1548 4176 1675 4214; x_wconf 91' lang='lat' dir='ltr'><strong><em>suos</em></strong></span> <span class='ocrx_word' id='word_1_552' title='bbox 1703 4160 1866 4215; x_wconf 86' lang='lat' dir='ltr'><strong><em>verba</em></strong></span> 
     </span>
    </p>
   </div>
   <div class='ocr_carea' id='block_1_74' title="bbox 264 4254 1868 4332">
    <p class='ocr_par' dir='ltr' id='par_1_74' title="bbox 264 4254 1868 4332">
     <span class='ocr_line' id='line_1_74' title="bbox 264 4254 1868 4332; baseline -0.009 -10"><span class='ocrx_word' id='word_1_553' title='bbox 264 4266 495 4331; x_wconf 74' lang='lat' dir='ltr'><strong><em>iaciens,</em></strong></span> <span class='ocrx_word' id='word_1_554' title='bbox 519 4279 585 4318; x_wconf 89' lang='lat' dir='ltr'><strong><em>ne</em></strong></span> <span class='ocrx_word' id='word_1_555' title='bbox 608 4261 895 4332; x_wconf 81' lang='lat' dir='ltr'><strong><em>Evagrium</em></strong></span> <span class='ocrx_word' id='word_1_556' title='bbox 922 4269 975 4314; x_wconf 92' lang='lat' dir='ltr'><strong><em>et</em></strong></span> <span class='ocrx_word' id='word_1_557' title='bbox 997 4257 1177 4311; x_wconf 68' lang='lat' dir='ltr'><strong><em>dubiae</em></strong></span> <span class='ocrx_word' id='word_1_558' title='bbox 1201 4257 1463 4311; x_wconf 86' lang='lat' dir='ltr'><strong><em>hactenus</em></strong></span> <span class='ocrx_word' id='word_1_559' title='bbox 1488 4254 1611 4310; x_wconf 83' lang='lat' dir='ltr'><strong><em>lidei</em></strong></span> <span class='ocrx_word' id='word_1_560' title='bbox 1634 4263 1691 4308; x_wconf 91' lang='lat' dir='ltr'><strong><em>et</em></strong></span> <span class='ocrx_word' id='word_1_561' title='bbox 1716 4270 1868 4309; x_wconf 90' lang='lat' dir='ltr'><strong><em>com-</em></strong></span> 
     </span>
    </p>
   </div>
   <div class='ocr_carea' id='block_1_75' title="bbox 265 4348 1873 4418">
    <p class='ocr_par' dir='ltr' id='par_1_75' title="bbox 265 4348 1873 4418">
     <span class='ocr_line' id='line_1_75' title="bbox 265 4348 1873 4418; baseline -0.01 -1"><span class='ocrx_word' id='word_1_562' title='bbox 265 4358 546 4417; x_wconf 88' lang='lat' dir='ltr'><strong><em>munionis</em></strong></span> <span class='ocrx_word' id='word_1_563' title='bbox 588 4356 814 4411; x_wconf 85' lang='lat' dir='ltr'><strong><em>Vitalem</em></strong></span> <span class='ocrx_word' id='word_1_564' title='bbox 869 4363 996 4407; x_wconf 91' lang='lat' dir='ltr'><strong><em>tunc</em></strong></span> <span class='ocrx_word' id='word_1_565' title='bbox 1047 4352 1289 4406; x_wconf 88' lang='lat' dir='ltr'><strong><em>viventes</em></strong></span> <span class='ocrx_word' id='word_1_566' title='bbox 1334 4350 1649 4405; x_wconf 82' lang='lat' dir='ltr'><strong><em>nominatim</em></strong></span> <span class='ocrx_word' id='word_1_567' title='bbox 1696 4348 1873 4418; x_wconf 83' lang='lat' dir='ltr'><strong><em>expri-</em></strong></span> 
     </span>
    </p>
   </div>
   <div class='ocr_carea' id='block_1_76' title="bbox 266 4441 1871 4520">
    <p class='ocr_par' dir='ltr' id='par_1_76' title="bbox 266 4441 1871 4520">
     <span class='ocr_line' id='line_1_76' title="bbox 266 4441 1871 4520; baseline -0.009 -11"><span class='ocrx_word' id='word_1_568' title='bbox 266 4462 405 4517; x_wconf 86' lang='lat' dir='ltr'><strong><em>mat,</em></strong></span> <span class='ocrx_word' id='word_1_569' title='bbox 437 4461 724 4520; x_wconf 88' lang='lat' dir='ltr'><strong><em>utrumque</em></strong></span> <span class='ocrx_word' id='word_1_570' title='bbox 744 4463 809 4503; x_wconf 80' lang='lat' dir='ltr'><strong><em>ex</em></strong></span> <span class='ocrx_word' id='word_1_571' title='bbox 839 4446 988 4517; x_wconf 90' lang='lat' dir='ltr'><strong><em>ipsis,</em></strong></span> <span class='ocrx_word' id='word_1_572' title='bbox 1016 4459 1312 4514; x_wconf 86' lang='lat' dir='ltr'><strong><em>eorumque</em></strong></span> <span class='ocrx_word' id='word_1_573' title='bbox 1336 4442 1574 4497; x_wconf 81' lang='lat' dir='ltr'><strong><em>asscclas</em></strong></span> <span class='ocrx_word' id='word_1_574' title='bbox 1604 4441 1705 4496; x_wconf 90' lang='lat' dir='ltr'><strong><em>sub</em></strong></span> <span class='ocrx_word' id='word_1_575' title='bbox 1736 4441 1871 4495; x_wconf 85' lang='lat' dir='ltr'><strong><em>Pau-</em></strong></span> 
     </span>
    </p>
   </div>
   <div class='ocr_carea' id='block_1_77' title="bbox 1972 3225 3584 3305">
    <p class='ocr_par' dir='ltr' id='par_1_77' title="bbox 1972 3225 3584 3305">
     <span class='ocr_line' id='line_1_77' title="bbox 1972 3225 3584 3305; baseline -0.007 -18"><span class='ocrx_word' id='word_1_576' title='bbox 1972 3232 2064 3286; x_wconf 90' lang='lat' dir='ltr'><strong><em>sub</em></strong></span> <span class='ocrx_word' id='word_1_577' title='bbox 2097 3231 2325 3305; x_wconf 87' lang='lat' dir='ltr'><strong><em>generali</em></strong></span> <span class='ocrx_word' id='word_1_578' title='bbox 2348 3230 2468 3299; x_wconf 84' lang='lat' dir='ltr'><strong><em>ﬁdei</em></strong></span> <span class='ocrx_word' id='word_1_579' title='bbox 2493 3231 2670 3283; x_wconf 90' lang='lat' dir='ltr'><strong><em>lateret</em></strong></span> <span class='ocrx_word' id='word_1_580' title='bbox 2698 3228 2905 3282; x_wconf 85' lang='lat' dir='ltr'><strong><em>nomine</em></strong></span> <span class='ocrx_word' id='word_1_581' title='bbox 2935 3242 2953 3281; x_wconf 92' lang='lat'><strong><em>:</em></strong></span> <span class='ocrx_word' id='word_1_582' title='bbox 2984 3226 3071 3279; x_wconf 90' lang='lat' dir='ltr'><strong><em>sed</em></strong></span> <span class='ocrx_word' id='word_1_583' title='bbox 3097 3226 3240 3279; x_wconf 90' lang='lat' dir='ltr'><strong><em>illico</em></strong></span> <span class='ocrx_word' id='word_1_584' title='bbox 3260 3267 3275 3290; x_wconf 92' lang='lat'><strong><em>,</em></strong></span> <span class='ocrx_word' id='word_1_585' title='bbox 3301 3226 3440 3294; x_wconf 86' lang='lat' dir='ltr'><strong><em>quod</em></strong></span> <span class='ocrx_word' id='word_1_586' title='bbox 3460 3225 3584 3278; x_wconf 88' lang='lat' dir='ltr'><strong><em>doc-</em></strong></span> 
     </span>
    </p>
   </div>
   <div class='ocr_carea' id='block_1_78' title="bbox 1973 3305 3582 3396">
    <p class='ocr_par' dir='ltr' id='par_1_78' title="bbox 1973 3305 3582 3396">
     <span class='ocr_line' id='line_1_78' title="bbox 1973 3305 3582 3396; baseline -0.006 -19"><span class='ocrx_word' id='word_1_587' title='bbox 1973 3324 2123 3378; x_wconf 75' lang='lat' dir='ltr'><strong><em>trina:</em></strong></span> <span class='ocrx_word' id='word_1_588' title='bbox 2161 3305 2462 3396; x_wconf 81' lang='lat' dir='ltr'><strong><em>magisterio</em></strong></span> <span class='ocrx_word' id='word_1_589' title='bbox 2492 3338 2593 3375; x_wconf 91' lang='lat' dir='ltr'><strong><em>non</em></strong></span> <span class='ocrx_word' id='word_1_590' title='bbox 2625 3329 2849 3385; x_wconf 89' lang='lat' dir='ltr'><strong><em>teneret,</em></strong></span> <span class='ocrx_word' id='word_1_591' title='bbox 2883 3328 2929 3372; x_wconf 91' lang='lat' dir='ltr'><strong><em>et</em></strong></span> <span class='ocrx_word' id='word_1_592' title='bbox 2955 3317 3173 3387; x_wconf 78' lang='lat' dir='ltr'><strong><em>ofﬁciunt</em></strong></span> <span class='ocrx_word' id='word_1_593' title='bbox 3199 3317 3503 3388; x_wconf 88' lang='lat' dir='ltr'><strong><em>deponeret,</em></strong></span> <span class='ocrx_word' id='word_1_594' title='bbox 3535 3324 3582 3368; x_wconf 92' lang='lat' dir='ltr'><strong><em>et</em></strong></span> 
     </span>
    </p>
   </div>
   <div class='ocr_carea' id='block_1_79' title="bbox 1972 3406 3581 3479">
    <p class='ocr_par' dir='ltr' id='par_1_79' title="bbox 1972 3406 3581 3479">
     <span class='ocr_line' id='line_1_79' title="bbox 1972 3406 3581 3479; baseline -0.005 -9"><span class='ocrx_word' id='word_1_595' title='bbox 1972 3416 2275 3471; x_wconf 89' lang='lat' dir='ltr'><strong><em>vocabulum</em></strong></span> <span class='ocrx_word' id='word_1_596' title='bbox 2304 3414 2588 3468; x_wconf 89' lang='lat' dir='ltr'><strong><em>sacerdotis</em></strong></span> <span class='ocrx_word' id='word_1_597' title='bbox 2622 3429 2640 3466; x_wconf 89' lang='lat'><strong><em>:</em></strong></span> <span class='ocrx_word' id='word_1_598' title='bbox 2666 3428 2756 3465; x_wconf 91' lang='lat' dir='ltr'><strong><em>nec</em></strong></span> <span class='ocrx_word' id='word_1_599' title='bbox 2787 3410 2933 3478; x_wconf 78' lang='lat' dir='ltr'><strong><em>ﬂbrce</em></strong></span> <span class='ocrx_word' id='word_1_600' title='bbox 2959 3411 3150 3479; x_wconf 71' lang='lat' dir='ltr'><strong><em>aliqua:</em></strong></span> <span class='ocrx_word' id='word_1_601' title='bbox 3204 3418 3318 3479; x_wconf 86' lang='lat' dir='ltr'><strong><em>post</em></strong></span> <span class='ocrx_word' id='word_1_602' title='bbox 3345 3406 3444 3461; x_wconf 91' lang='lat' dir='ltr'><strong><em>hac</em></strong></span> <span class='ocrx_word' id='word_1_603' title='bbox 3480 3409 3581 3478; x_wconf 89' lang='lat' dir='ltr'><strong><em>fal-</em></strong></span> 
     </span>
    </p>
   </div>
   <div class='ocr_carea' id='block_1_80' title="bbox 1973 3498 3579 3578">
    <p class='ocr_par' dir='ltr' id='par_1_80' title="bbox 1973 3498 3579 3578">
     <span class='ocr_line' id='line_1_80' title="bbox 1973 3498 3579 3578; baseline -0.006 -16"><span class='ocrx_word' id='word_1_604' title='bbox 1973 3509 2078 3563; x_wconf 87' lang='lat' dir='ltr'><strong><em>lere</em></strong></span> <span class='ocrx_word' id='word_1_605' title='bbox 2097 3507 2435 3578; x_wconf 89' lang='lat' dir='ltr'><strong><em>cupientibus,</em></strong></span> <span class='ocrx_word' id='word_1_606' title='bbox 2457 3516 2505 3558; x_wconf 93' lang='lat' dir='ltr'><strong><em>et</em></strong></span> <span class='ocrx_word' id='word_1_607' title='bbox 2532 3504 2911 3577; x_wconf 77' lang='lat' dir='ltr'><strong><em>prwstigiarum</em></strong></span> <span class='ocrx_word' id='word_1_608' title='bbox 2933 3511 3217 3556; x_wconf 83' lang='lat' dir='ltr'><strong><em>commenta</em></strong></span> <span class='ocrx_word' id='word_1_609' title='bbox 3238 3498 3579 3554; x_wconf 86' lang='lat' dir='ltr'><strong><em>remanerent.</em></strong></span> 
     </span>
    </p>
   </div>
   <div class='ocr_carea' id='block_1_81' title="bbox 1976 3593 3580 3672">
    <p class='ocr_par' dir='ltr' id='par_1_81' title="bbox 1976 3593 3580 3672">
     <span class='ocr_line' id='line_1_81' title="bbox 1976 3593 3580 3672; baseline -0.005 -15"><span class='ocrx_word' id='word_1_610' title='bbox 1976 3601 2116 3657; x_wconf 85' lang='lat' dir='ltr'><strong><em>Nam</em></strong></span> <span class='ocrx_word' id='word_1_611' title='bbox 2146 3602 2230 3672; x_wconf 89' lang='lat' dir='ltr'><strong><em>qui</em></strong></span> <span class='ocrx_word' id='word_1_612' title='bbox 2280 3601 2544 3655; x_wconf 89' lang='lat' dir='ltr'><strong><em>convictus</em></strong></span> <span class='ocrx_word' id='word_1_613' title='bbox 2594 3615 2695 3652; x_wconf 86' lang='lat' dir='ltr'><strong><em>non</em></strong></span> <span class='ocrx_word' id='word_1_614' title='bbox 2739 3598 2894 3668; x_wconf 83' lang='lat' dir='ltr'><strong><em>fuerit</em></strong></span> <span class='ocrx_word' id='word_1_615' title='bbox 2936 3596 3271 3667; x_wconf 80' lang='lat' dir='ltr'><strong><em>pra&#39;sentibus</em></strong></span> <span class='ocrx_word' id='word_1_616' title='bbox 3302 3593 3580 3665; x_wconf 85' lang='lat' dir='ltr'><strong><em>partibus;</em></strong></span> 
     </span>
    </p>
   </div>
   <div class='ocr_carea' id='block_1_82' title="bbox 1972 3687 3579 3764">
    <p class='ocr_par' dir='ltr' id='par_1_82' title="bbox 1972 3687 3579 3764">
     <span class='ocr_line' id='line_1_82' title="bbox 1972 3687 3579 3764; baseline -0.006 -15"><span class='ocrx_word' id='word_1_617' title='bbox 1972 3695 2111 3764; x_wconf 89' lang='lat' dir='ltr'><strong><em>quod</em></strong></span> <span class='ocrx_word' id='word_1_618' title='bbox 2140 3710 2253 3748; x_wconf 87' lang='lat' dir='ltr'><strong><em>vere</em></strong></span> <span class='ocrx_word' id='word_1_619' title='bbox 2290 3702 2506 3764; x_wconf 90' lang='lat' dir='ltr'><strong><em>augusto</em></strong></span> <span class='ocrx_word' id='word_1_620' title='bbox 2547 3690 2923 3763; x_wconf 86' lang='lat' dir='ltr'><strong><em>principalique</em></strong></span> <span class='ocrx_word' id='word_1_621' title='bbox 2960 3704 3207 3758; x_wconf 89' lang='lat' dir='ltr'><strong><em>responso</em></strong></span> <span class='ocrx_word' id='word_1_622' title='bbox 3240 3687 3579 3740; x_wconf 84' lang='lat' dir='ltr'><strong><em>tua&#39;clemeu-</em></strong></span> 
     </span>
    </p>
   </div>
   <div class='ocr_carea' id='block_1_83' title="bbox 1975 3778 3581 3855">
    <p class='ocr_par' dir='ltr' id='par_1_83' title="bbox 1975 3778 3581 3855">
     <span class='ocr_line' id='line_1_83' title="bbox 1975 3778 3581 3855; baseline -0.007 -13"><span class='ocrx_word' id='word_1_623' title='bbox 1975 3790 2048 3842; x_wconf 92' lang='lat' dir='ltr'><strong><em>tia</em></strong></span> <span class='ocrx_word' id='word_1_624' title='bbox 2093 3787 2358 3855; x_wconf 84' lang='lat' dir='ltr'><strong><em>definivit,</em></strong></span> <span class='ocrx_word' id='word_1_625' title='bbox 2390 3784 2710 3854; x_wconf 85' lang='lat' dir='ltr'><strong><em>referendam</em></strong></span> <span class='ocrx_word' id='word_1_626' title='bbox 2755 3798 2954 3847; x_wconf 87' lang='lat' dir='ltr'><strong><em>semper</em></strong></span> <span class='ocrx_word' id='word_1_627' title='bbox 2999 3780 3239 3833; x_wconf 87' lang='lat' dir='ltr'><strong><em>ansulam</em></strong></span> <span class='ocrx_word' id='word_1_628' title='bbox 3281 3778 3581 3849; x_wconf 80' lang='lat' dir='ltr'><strong><em>quwstionis</em></strong></span> 
     </span>
    </p>
   </div>
   <div class='ocr_carea' id='block_1_84' title="bbox 1977 3867 3580 3949">
    <p class='ocr_par' dir='ltr' id='par_1_84' title="bbox 1977 3867 3580 3949">
     <span class='ocr_line' id='line_1_84' title="bbox 1977 3867 3580 3949; baseline -0.009 -14"><span class='ocrx_word' id='word_1_629' title='bbox 1977 3880 2215 3949; x_wconf 85' lang='lat' dir='ltr'><strong><em>arripiet.</em></strong></span> <span class='ocrx_word' id='word_1_630' title='bbox 2240 3878 2322 3949; x_wconf 78' lang='lat' dir='ltr'><strong><em>Eo</em></strong></span> <span class='ocrx_word' id='word_1_631' title='bbox 2352 3879 2511 3948; x_wconf 87' lang='lat' dir='ltr'><strong><em>igitur</em></strong></span> <span class='ocrx_word' id='word_1_632' title='bbox 2535 3874 2914 3930; x_wconf 83' lang='lat' dir='ltr'><strong><em>obsecravimus</em></strong></span> <span class='ocrx_word' id='word_1_633' title='bbox 2935 3871 3255 3925; x_wconf 88' lang='lat' dir='ltr'><strong><em>sacerdotale</em></strong></span> <span class='ocrx_word' id='word_1_634' title='bbox 3281 3867 3580 3934; x_wconf 88' lang='lat' dir='ltr'><strong><em>concilium,</em></strong></span> 
     </span>
    </p>
   </div>
   <div class='ocr_carea' id='block_1_85' title="bbox 1975 3966 3579 4031">
    <p class='ocr_par' dir='ltr' id='par_1_85' title="bbox 1975 3966 3579 4031">
     <span class='ocr_line' id='line_1_85' title="bbox 1975 3966 3579 4031; baseline -0.008 -3"><span class='ocrx_word' id='word_1_635' title='bbox 1975 3982 2031 4028; x_wconf 89' lang='lat' dir='ltr'><strong><em>ut</em></strong></span> <span class='ocrx_word' id='word_1_636' title='bbox 2060 3974 2252 4027; x_wconf 89' lang='lat' dir='ltr'><strong><em>nemini</em></strong></span> <span class='ocrx_word' id='word_1_637' title='bbox 2294 3972 2465 4025; x_wconf 89' lang='lat' dir='ltr'><strong><em>liceret</em></strong></span> <span class='ocrx_word' id='word_1_638' title='bbox 2503 3968 2829 4023; x_wconf 90' lang='lat' dir='ltr'><strong><em>mendacium</em></strong></span> <span class='ocrx_word' id='word_1_639' title='bbox 2867 3967 2923 4020; x_wconf 90' lang='lat' dir='ltr'><strong><em>in</em></strong></span> <span class='ocrx_word' id='word_1_640' title='bbox 2951 3966 3209 4019; x_wconf 89' lang='lat' dir='ltr'><strong><em>absentem</em></strong></span> <span class='ocrx_word' id='word_1_641' title='bbox 3238 3978 3579 4031; x_wconf 83' lang='lat' dir='ltr'><strong><em>componere,</em></strong></span> 
     </span>
    </p>
   </div>
   <div class='ocr_carea' id='block_1_86' title="bbox 1975 4055 3584 4139">
    <p class='ocr_par' dir='ltr' id='par_1_86' title="bbox 1975 4055 3584 4139">
     <span class='ocr_line' id='line_1_86' title="bbox 1975 4055 3584 4139; baseline -0.007 -16"><span class='ocrx_word' id='word_1_642' title='bbox 1975 4079 2021 4123; x_wconf 86' lang='lat' dir='ltr'><strong><em>et</em></strong></span> <span class='ocrx_word' id='word_1_643' title='bbox 2066 4069 2120 4121; x_wconf 91' lang='lat' dir='ltr'><strong><em>in</em></strong></span> <span class='ocrx_word' id='word_1_644' title='bbox 2162 4066 2381 4139; x_wconf 81' lang='lat' dir='ltr'><strong><em>concilio</em></strong></span> <span class='ocrx_word' id='word_1_645' title='bbox 2431 4065 2773 4118; x_wconf 88' lang='lat' dir='ltr'><strong><em>discuteretur</em></strong></span> <span class='ocrx_word' id='word_1_646' title='bbox 2813 4061 2935 4131; x_wconf 90' lang='lat' dir='ltr'><strong><em>quid</em></strong></span> <span class='ocrx_word' id='word_1_647' title='bbox 2978 4069 3105 4113; x_wconf 88' lang='lat' dir='ltr'><strong><em>esset</em></strong></span> <span class='ocrx_word' id='word_1_648' title='bbox 3134 4060 3188 4112; x_wconf 92' lang='lat' dir='ltr'><strong><em>in</em></strong></span> <span class='ocrx_word' id='word_1_649' title='bbox 3230 4073 3366 4112; x_wconf 90' lang='lat' dir='ltr'><strong><em>vero.</em></strong></span> <span class='ocrx_word' id='word_1_650' title='bbox 3402 4055 3584 4127; x_wconf 88' lang='lat' dir='ltr'><strong><em>Itaque</em></strong></span> 
     </span>
    </p>
   </div>
   <div class='ocr_carea' id='block_1_87' title="bbox 1974 4149 3580 4223">
    <p class='ocr_par' dir='ltr' id='par_1_87' title="bbox 1974 4149 3580 4223">
     <span class='ocr_line' id='line_1_87' title="bbox 1974 4149 3580 4223; baseline -0.009 -7"><span class='ocrx_word' id='word_1_651' title='bbox 1974 4178 2078 4216; x_wconf 89' lang='lat' dir='ltr'><strong><em>non</em></strong></span> <span class='ocrx_word' id='word_1_652' title='bbox 2110 4160 2249 4215; x_wconf 90' lang='lat' dir='ltr'><strong><em>cadit</em></strong></span> <span class='ocrx_word' id='word_1_653' title='bbox 2279 4161 2331 4213; x_wconf 90' lang='lat' dir='ltr'><strong><em>in</em></strong></span> <span class='ocrx_word' id='word_1_654' title='bbox 2359 4174 2442 4212; x_wconf 88' lang='lat' dir='ltr'><strong><em>eos</em></strong></span> <span class='ocrx_word' id='word_1_655' title='bbox 2467 4156 2768 4212; x_wconf 88' lang='lat' dir='ltr'><strong><em>intentionis</em></strong></span> <span class='ocrx_word' id='word_1_656' title='bbox 2796 4154 2874 4208; x_wconf 93' lang='lat' dir='ltr'><strong><em>vel</em></strong></span> <span class='ocrx_word' id='word_1_657' title='bbox 2907 4152 3175 4223; x_wconf 79' lang='lat' dir='ltr'><strong><em>facilitatis</em></strong></span> <span class='ocrx_word' id='word_1_658' title='bbox 3201 4150 3297 4204; x_wconf 89' lang='lat' dir='ltr'><strong><em>ulli</em></strong></span> <span class='ocrx_word' id='word_1_659' title='bbox 3323 4149 3580 4221; x_wconf 87' lang='lat' dir='ltr'><strong><em>suspicio,</em></strong></span> 
     </span>
    </p>
   </div>
   <div class='ocr_carea' id='block_1_88' title="bbox 1981 4242 3583 4323">
    <p class='ocr_par' dir='ltr' id='par_1_88' title="bbox 1981 4242 3583 4323">
     <span class='ocr_line' id='line_1_88' title="bbox 1981 4242 3583 4323; baseline -0.006 -17"><span class='ocrx_word' id='word_1_660' title='bbox 1981 4254 2067 4323; x_wconf 91' lang='lat' dir='ltr'><strong><em>qui</em></strong></span> <span class='ocrx_word' id='word_1_661' title='bbox 2097 4253 2270 4306; x_wconf 84' lang='lat' dir='ltr'><strong><em>omnia</em></strong></span> <span class='ocrx_word' id='word_1_662' title='bbox 2301 4249 2637 4322; x_wconf 68' lang='lat' dir='ltr'><strong><em>praesentibus</em></strong></span> <span class='ocrx_word' id='word_1_663' title='bbox 2668 4248 2905 4317; x_wconf 90' lang='lat' dir='ltr'><strong><em>partibus</em></strong></span> <span class='ocrx_word' id='word_1_664' title='bbox 2935 4245 3266 4298; x_wconf 76' lang='lat' dir='ltr'><strong><em>observarunt</em></strong></span> <span class='ocrx_word' id='word_1_665' title='bbox 3299 4260 3317 4298; x_wconf 90' lang='lat'><strong><em>:</em></strong></span> <span class='ocrx_word' id='word_1_666' title='bbox 3349 4260 3473 4297; x_wconf 88' lang='lat' dir='ltr'><strong><em>sane</em></strong></span> <span class='ocrx_word' id='word_1_667' title='bbox 3498 4242 3583 4296; x_wconf 72' lang='grc' dir='ltr'><strong><em>ιιι-</em></strong></span> 
     </span>
    </p>
   </div>
   <div class='ocr_carea' id='block_1_89' title="bbox 1977 4336 3583 4418">
    <p class='ocr_par' dir='ltr' id='par_1_89' title="bbox 1977 4336 3583 4418">
     <span class='ocr_line' id='line_1_89' title="bbox 1977 4336 3583 4418; baseline -0.007 -18"><span class='ocrx_word' id='word_1_668' title='bbox 1977 4347 2147 4418; x_wconf 89' lang='lat' dir='ltr'><strong><em>legata</em></strong></span> <span class='ocrx_word' id='word_1_669' title='bbox 2189 4345 2473 4408; x_wconf 75' lang='lat' dir='ltr'><strong><em>(exuimus,</em></strong></span> <span class='ocrx_word' id='word_1_670' title='bbox 2512 4358 2613 4395; x_wconf 90' lang='lat' dir='ltr'><strong><em>non</em></strong></span> <span class='ocrx_word' id='word_1_671' title='bbox 2655 4338 2937 4410; x_wconf 81' lang='lat' dir='ltr'><strong><em>deﬁniendi</em></strong></span> <span class='ocrx_word' id='word_1_672' title='bbox 2961 4380 2974 4399; x_wconf 95' lang='lat'><strong><em>,</em></strong></span> <span class='ocrx_word' id='word_1_673' title='bbox 3005 4337 3096 4391; x_wconf 90' lang='lat' dir='ltr'><strong><em>sed</em></strong></span> <span class='ocrx_word' id='word_1_674' title='bbox 3136 4336 3427 4389; x_wconf 85' lang='lat' dir='ltr'><strong><em>instruendi</em></strong></span> <span class='ocrx_word' id='word_1_675' title='bbox 3464 4352 3583 4406; x_wconf 84' lang='lat' dir='ltr'><strong><em>gra-</em></strong></span> 
     </span>
    </p>
   </div>
   <div class='ocr_carea' id='block_1_90' title="bbox 1978 4428 3582 4509">
    <p class='ocr_par' dir='ltr' id='par_1_90' title="bbox 1978 4428 3582 4509">
     <span class='ocr_line' id='line_1_90' title="bbox 1978 4428 3582 4509; baseline -0.008 -15"><span class='ocrx_word' id='word_1_676' title='bbox 1978 4441 2048 4495; x_wconf 89' lang='lat' dir='ltr'><strong><em>tia</em></strong></span> <span class='ocrx_word' id='word_1_677' title='bbox 2069 4481 2084 4505; x_wconf 93' lang='lat'><strong><em>,</em></strong></span> <span class='ocrx_word' id='word_1_678' title='bbox 2110 4449 2155 4492; x_wconf 92' lang='lat' dir='ltr'><strong><em>et</em></strong></span> <span class='ocrx_word' id='word_1_679' title='bbox 2193 4438 2280 4508; x_wconf 91' lang='lat' dir='ltr'><strong><em>qui</em></strong></span> <span class='ocrx_word' id='word_1_680' title='bbox 2296 4436 2557 4509; x_wconf 87' lang='lat' dir='ltr'><strong><em>judicium</em></strong></span> <span class='ocrx_word' id='word_1_681' title='bbox 2590 4434 2858 4504; x_wconf 82' lang='lat' dir='ltr'><strong><em>petivimus</em></strong></span> <span class='ocrx_word' id='word_1_682' title='bbox 2880 4472 2896 4498; x_wconf 93' lang='lat'><strong><em>,</em></strong></span> <span class='ocrx_word' id='word_1_683' title='bbox 2932 4448 3033 4484; x_wconf 86' lang='lat' dir='ltr'><strong><em>non</em></strong></span> <span class='ocrx_word' id='word_1_684' title='bbox 3072 4430 3353 4501; x_wconf 78' lang='lat' dir='ltr'><strong><em>deferimus</em></strong></span> <span class='ocrx_word' id='word_1_685' title='bbox 3390 4428 3582 4499; x_wconf 80' lang='lat' dir='ltr'><strong><em>prceju-</em></strong></span> 
     </span>
    </p>
   </div>
   <div class='ocr_carea' id='block_1_91' title="bbox 266 4520 3581 4610">
    <p class='ocr_par' dir='ltr' id='par_1_91' title="bbox 266 4520 3581 4610">
     <span class='ocr_line' id='line_1_91' title="bbox 266 4520 3581 4610; baseline -0.008 -11"><span class='ocrx_word' id='word_1_686' title='bbox 266 4546 402 4609; x_wconf 91' lang='lat' dir='ltr'><strong><em>lini,</em></strong></span> <span class='ocrx_word' id='word_1_687' title='bbox 446 4554 502 4598; x_wconf 88' lang='lat' dir='ltr'><strong><em>et</em></strong></span> <span class='ocrx_word' id='word_1_688' title='bbox 529 4538 846 4610; x_wconf 86' lang='lat' dir='ltr'><strong><em>Apollinarii</em></strong></span> <span class='ocrx_word' id='word_1_689' title='bbox 873 4581 887 4601; x_wconf 94' lang='lat'><strong><em>,</em></strong></span> <span class='ocrx_word' id='word_1_690' title='bbox 937 4538 1026 4607; x_wconf 88' lang='lat' dir='ltr'><strong><em>qui</em></strong></span> <span class='ocrx_word' id='word_1_691' title='bbox 1072 4536 1280 4606; x_wconf 86' lang='lat' dir='ltr'><strong><em>pridem</em></strong></span> <span class='ocrx_word' id='word_1_692' title='bbox 1319 4535 1610 4599; x_wconf 88' lang='lat' dir='ltr'><strong><em>obierant,</em></strong></span> <span class='ocrx_word' id='word_1_693' title='bbox 1642 4548 1871 4603; x_wconf 85' lang='lat' dir='ltr'><strong><em>persona</em></strong></span> <span class='ocrx_word' id='word_1_694' title='bbox 1900 4527 1953 4586; x_wconf 92' lang='lat' dir='ltr'><strong>D</strong></span> <span class='ocrx_word' id='word_1_695' title='bbox 1979 4532 2173 4586; x_wconf 90' lang='lat' dir='ltr'><strong><em>dicium</em></strong></span> <span class='ocrx_word' id='word_1_696' title='bbox 2206 4546 2224 4595; x_wconf 89' lang='lat'><em>;</em></span> <span class='ocrx_word' id='word_1_697' title='bbox 2262 4544 2426 4599; x_wconf 89' lang='lat' dir='ltr'><strong><em>neque</em></strong></span> <span class='ocrx_word' id='word_1_698' title='bbox 2469 4527 2635 4580; x_wconf 88' lang='lat' dir='ltr'><strong><em>ullum</em></strong></span> <span class='ocrx_word' id='word_1_699' title='bbox 2676 4540 2847 4579; x_wconf 89' lang='lat' dir='ltr'><strong><em>eorum</em></strong></span> <span class='ocrx_word' id='word_1_700' title='bbox 2897 4522 3255 4576; x_wconf 81' lang='lat' dir='ltr'><strong><em>cestimandum</em></strong></span> <span class='ocrx_word' id='word_1_701' title='bbox 3303 4520 3581 4574; x_wconf 91' lang='lat' dir='ltr'><strong><em>convitium</em></strong></span> 
     </span>
    </p>
   </div>
   <div class='ocr_carea' id='block_1_92' title="bbox 268 4627 1872 4708">
    <p class='ocr_par' dir='ltr' id='par_1_92' title="bbox 268 4627 1872 4708">
     <span class='ocr_line' id='line_1_92' title="bbox 268 4627 1872 4708; baseline -0.009 -12"><span class='ocrx_word' id='word_1_702' title='bbox 268 4640 552 4695; x_wconf 85' lang='lat' dir='ltr'><strong><em>indicavit.</em></strong></span> <span class='ocrx_word' id='word_1_703' title='bbox 585 4638 751 4708; x_wconf 75' lang='lat' dir='ltr'><strong><em>Igitur</em></strong></span> <span class='ocrx_word' id='word_1_704' title='bbox 807 4649 881 4689; x_wconf 79' lang='lat' dir='ltr'><strong><em>ex-</em></strong></span> <span class='ocrx_word' id='word_1_705' title='bbox 923 4632 1022 4686; x_wconf 86' lang='lat' dir='ltr'><strong><em>hac</em></strong></span> <span class='ocrx_word' id='word_1_706' title='bbox 1070 4632 1183 4701; x_wconf 89' lang='lat' dir='ltr'><strong><em>ipsa</em></strong></span> <span class='ocrx_word' id='word_1_707' title='bbox 1228 4628 1604 4700; x_wconf 78' lang='lat' dir='ltr'><strong><em>Chrysostomi</em></strong></span> <span class='ocrx_word' id='word_1_708' title='bbox 1653 4627 1872 4682; x_wconf 87' lang='lat' dir='ltr'><strong><em>bomilia</em></strong></span> 
     </span>
    </p>
   </div>
   <div class='ocr_carea' id='block_1_93' title="bbox 267 4720 1871 4801">
    <p class='ocr_par' dir='ltr' id='par_1_93' title="bbox 267 4720 1871 4801">
     <span class='ocr_line' id='line_1_93' title="bbox 267 4720 1871 4801; baseline -0.009 -14"><span class='ocrx_word' id='word_1_709' title='bbox 267 4732 452 4801; x_wconf 76' lang='lat' dir='ltr'><strong><em>colligi</em></strong></span> <span class='ocrx_word' id='word_1_710' title='bbox 505 4727 749 4801; x_wconf 84' lang='lat' dir='ltr'><strong><em>profecto</em></strong></span> <span class='ocrx_word' id='word_1_711' title='bbox 775 4734 984 4795; x_wconf 86' lang='lat' dir='ltr'><strong><em>potest,</em></strong></span> <span class='ocrx_word' id='word_1_712' title='bbox 1014 4736 1238 4794; x_wconf 81' lang='lat' dir='ltr'><strong><em>magnas</em></strong></span> <span class='ocrx_word' id='word_1_713' title='bbox 1268 4722 1411 4776; x_wconf 89' lang='lat' dir='ltr'><strong><em>circa</em></strong></span> <span class='ocrx_word' id='word_1_714' title='bbox 1461 4720 1579 4775; x_wconf 70' lang='lat' dir='ltr'><strong><em>haec</em></strong></span> <span class='ocrx_word' id='word_1_715' title='bbox 1631 4729 1871 4790; x_wconf 88' lang='lat' dir='ltr'><strong><em>tempora</em></strong></span> 
     </span>
    </p>
   </div>
   <div class='ocr_carea' id='block_1_94' title="bbox 268 4811 1873 4880">
    <p class='ocr_par' dir='ltr' id='par_1_94' title="bbox 268 4811 1873 4880">
     <span class='ocr_line' id='line_1_94' title="bbox 268 4811 1873 4880; baseline -0.009 0"><span class='ocrx_word' id='word_1_716' title='bbox 268 4825 339 4880; x_wconf 89' lang='lat' dir='ltr'><strong><em>ob</em></strong></span> <span class='ocrx_word' id='word_1_717' title='bbox 372 4822 693 4879; x_wconf 70' lang='lat' dir='ltr'><strong><em>bmreticum</em></strong></span> <span class='ocrx_word' id='word_1_718' title='bbox 720 4818 871 4873; x_wconf 90' lang='lat' dir='ltr'><strong><em>illum</em></strong></span> <span class='ocrx_word' id='word_1_719' title='bbox 905 4816 1091 4871; x_wconf 88' lang='lat' dir='ltr'><strong><em>turbas</em></strong></span> <span class='ocrx_word' id='word_1_720' title='bbox 1142 4816 1195 4869; x_wconf 91' lang='lat' dir='ltr'><strong><em>in</em></strong></span> <span class='ocrx_word' id='word_1_721' title='bbox 1246 4813 1581 4869; x_wconf 77' lang='lat' dir='ltr'><strong><em>Antiocliena</em></strong></span> <span class='ocrx_word' id='word_1_722' title='bbox 1632 4811 1873 4866; x_wconf 86' lang='lat' dir='ltr'><strong><em>Ecclesia</em></strong></span> 
     </span>
    </p>
   </div>
   <div class='ocr_carea' id='block_1_95' title="bbox 268 4906 1873 4983">
    <p class='ocr_par' dir='ltr' id='par_1_95' title="bbox 268 4906 1873 4983">
     <span class='ocr_line' id='line_1_95' title="bbox 268 4906 1873 4983; baseline -0.009 -8"><span class='ocrx_word' id='word_1_723' title='bbox 268 4920 557 4981; x_wconf 72' lang='lat' dir='ltr'><strong><em>excitatas,</em></strong></span> <span class='ocrx_word' id='word_1_724' title='bbox 591 4928 825 4983; x_wconf 88' lang='lat' dir='ltr'><strong><em>eumque</em></strong></span> <span class='ocrx_word' id='word_1_725' title='bbox 849 4920 1135 4982; x_wconf 86' lang='lat' dir='ltr'><strong><em>propterea</em></strong></span> <span class='ocrx_word' id='word_1_726' title='bbox 1165 4908 1265 4963; x_wconf 87' lang='lat' dir='ltr'><strong><em>hac</em></strong></span> <span class='ocrx_word' id='word_1_727' title='bbox 1285 4907 1473 4963; x_wconf 87' lang='lat' dir='ltr'><strong><em>eadem</em></strong></span> <span class='ocrx_word' id='word_1_728' title='bbox 1504 4906 1731 4973; x_wconf 83' lang='lat' dir='ltr'><strong><em>epistola</em></strong></span> <span class='ocrx_word' id='word_1_729' title='bbox 1762 4921 1873 4960; x_wconf 82' lang='lat' dir='ltr'><strong><em>me-</em></strong></span> 
     </span>
    </p>
   </div>
   <div class='ocr_carea' id='block_1_96' title="bbox 268 4999 1873 5081">
    <p class='ocr_par' dir='ltr' id='par_1_96' title="bbox 268 4999 1873 5081">
     <span class='ocr_line' id='line_1_96' title="bbox 268 4999 1873 5081; baseline -0.011 -14"><span class='ocrx_word' id='word_1_730' title='bbox 268 5014 376 5068; x_wconf 81' lang='lat' dir='ltr'><strong><em>rito</em></strong></span> <span class='ocrx_word' id='word_1_731' title='bbox 411 5010 751 5081; x_wconf 81' lang='lat' dir='ltr'><strong><em>designatum</em></strong></span> <span class='ocrx_word' id='word_1_732' title='bbox 794 5021 821 5058; x_wconf 90' lang='lat' dir='ltr'><strong><em>a</em></strong></span> <span class='ocrx_word' id='word_1_733' title='bbox 871 5019 958 5059; x_wconf 91' lang='lat' dir='ltr'><strong><em>me</em></strong></span> <span class='ocrx_word' id='word_1_734' title='bbox 995 5003 1164 5057; x_wconf 86' lang='lat' dir='ltr'><strong><em>asseri</em></strong></span> <span class='ocrx_word' id='word_1_735' title='bbox 1187 5042 1203 5068; x_wconf 97' lang='lat'><strong><em>,</em></strong></span> <span class='ocrx_word' id='word_1_736' title='bbox 1232 5009 1395 5074; x_wconf 72' lang='lat' dir='ltr'><strong><em>atque</em></strong></span> <span class='ocrx_word' id='word_1_737' title='bbox 1424 4999 1567 5053; x_wconf 90' lang='lat' dir='ltr'><strong><em>illam</em></strong></span> <span class='ocrx_word' id='word_1_738' title='bbox 1596 5006 1873 5068; x_wconf 87' lang='lat' dir='ltr'><strong><em>postremo</em></strong></span> 
     </span>
    </p>
   </div>
   <div class='ocr_carea' id='block_1_97' title="bbox 266 5092 1871 5175">
    <p class='ocr_par' dir='ltr' id='par_1_97' title="bbox 266 5092 1871 5175">
     <span class='ocr_line' id='line_1_97' title="bbox 266 5092 1871 5175; baseline -0.011 -14"><span class='ocrx_word' id='word_1_739' title='bbox 266 5107 335 5161; x_wconf 85' lang='lat' dir='ltr'><strong><em>ad</em></strong></span> <span class='ocrx_word' id='word_1_740' title='bbox 365 5104 679 5175; x_wconf 75' lang='lat' dir='ltr'><strong><em>Capuanum</em></strong></span> <span class='ocrx_word' id='word_1_741' title='bbox 712 5096 1005 5171; x_wconf 84' lang='lat' dir='ltr'><strong><em>synodum,</em></strong></span> <span class='ocrx_word' id='word_1_742' title='bbox 1034 5106 1193 5165; x_wconf 88' lang='lat' dir='ltr'><strong><em>atque</em></strong></span> <span class='ocrx_word' id='word_1_743' title='bbox 1224 5095 1343 5165; x_wconf 86' lang='lat' dir='ltr'><strong><em>ejus</em></strong></span> <span class='ocrx_word' id='word_1_744' title='bbox 1378 5100 1531 5163; x_wconf 79' lang='lat' dir='ltr'><strong><em>gesta</em></strong></span> <span class='ocrx_word' id='word_1_745' title='bbox 1562 5092 1834 5163; x_wconf 89' lang='lat' dir='ltr'><strong><em>pertinere</em></strong></span> <span class='ocrx_word' id='word_1_746' title='bbox 1855 5130 1871 5156; x_wconf 92' lang='lat'><strong><em>,</em></strong></span> 
     </span>
    </p>
   </div>
   <div class='ocr_carea' id='block_1_98' title="bbox 267 5184 1875 5258">
    <p class='ocr_par' dir='ltr' id='par_1_98' title="bbox 267 5184 1875 5258">
     <span class='ocr_line' id='line_1_98' title="bbox 267 5184 1875 5258; baseline -0.01 -3"><span class='ocrx_word' id='word_1_747' title='bbox 267 5213 433 5254; x_wconf 89' lang='lat' dir='ltr'><strong><em>secus</em></strong></span> <span class='ocrx_word' id='word_1_748' title='bbox 460 5213 524 5252; x_wconf 86' lang='lat' dir='ltr'><strong><em>ac</em></strong></span> <span class='ocrx_word' id='word_1_749' title='bbox 548 5194 883 5251; x_wconf 88' lang='lat' dir='ltr'><strong><em>eruditorum</em></strong></span> <span class='ocrx_word' id='word_1_750' title='bbox 916 5190 1177 5245; x_wconf 86' lang='lat' dir='ltr'><strong><em>hactenus</em></strong></span> <span class='ocrx_word' id='word_1_751' title='bbox 1203 5188 1387 5258; x_wconf 91' lang='lat' dir='ltr'><strong><em>opinio</em></strong></span> <span class='ocrx_word' id='word_1_752' title='bbox 1410 5188 1531 5242; x_wconf 88' lang='lat' dir='ltr'><strong><em>tulit</em></strong></span> <span class='ocrx_word' id='word_1_753' title='bbox 1563 5202 1578 5241; x_wconf 89' lang='lat'><strong>:</strong></span> <span class='ocrx_word' id='word_1_754' title='bbox 1612 5184 1705 5241; x_wconf 89' lang='lat' dir='ltr'><strong><em>sed</em></strong></span> <span class='ocrx_word' id='word_1_755' title='bbox 1734 5184 1875 5239; x_wconf 91' lang='lat' dir='ltr'><strong><em>hanc</em></strong></span> 
     </span>
    </p>
   </div>
   <div class='ocr_carea' id='block_1_99' title="bbox 267 5279 1873 5365">
    <p class='ocr_par' dir='ltr' id='par_1_99' title="bbox 267 5279 1873 5365">
     <span class='ocr_line' id='line_1_99' title="bbox 267 5279 1873 5365; baseline -0.009 -16"><span class='ocrx_word' id='word_1_756' title='bbox 267 5296 442 5365; x_wconf 88' lang='lat' dir='ltr'><strong><em>ipsam</em></strong></span> <span class='ocrx_word' id='word_1_757' title='bbox 466 5338 481 5361; x_wconf 95' lang='lat'><strong><em>,</em></strong></span> <span class='ocrx_word' id='word_1_758' title='bbox 516 5301 572 5348; x_wconf 90' lang='lat' dir='ltr'><strong><em>ut</em></strong></span> <span class='ocrx_word' id='word_1_759' title='bbox 599 5291 825 5345; x_wconf 73' lang='lat' dir='ltr'><strong><em>alteram</em></strong></span> <span class='ocrx_word' id='word_1_760' title='bbox 853 5287 1119 5343; x_wconf 84' lang='lat' dir='ltr'><strong><em>lectorum</em></strong></span> <span class='ocrx_word' id='word_1_761' title='bbox 1150 5284 1351 5350; x_wconf 88' lang='lat' dir='ltr'><strong><em>oculis,</em></strong></span> <span class='ocrx_word' id='word_1_762' title='bbox 1400 5298 1464 5339; x_wconf 89' lang='lat' dir='ltr'><strong><em>ac</em></strong></span> <span class='ocrx_word' id='word_1_763' title='bbox 1493 5292 1704 5339; x_wconf 89' lang='lat' dir='ltr'><strong><em>maturo</em></strong></span> <span class='ocrx_word' id='word_1_764' title='bbox 1735 5279 1873 5336; x_wconf 89' lang='lat' dir='ltr'><strong><em>indi-</em></strong></span> 
     </span>
    </p>
   </div>
   <div class='ocr_carea' id='block_1_100' title="bbox 269 5377 1474 5453">
    <p class='ocr_par' dir='ltr' id='par_1_100' title="bbox 269 5377 1474 5453">
     <span class='ocr_line' id='line_1_100' title="bbox 269 5377 1474 5453; baseline -0.012 -9"><span class='ocrx_word' id='word_1_765' title='bbox 269 5390 358 5444; x_wconf 88' lang='lat' dir='ltr'><strong><em>cio</em></strong></span> <span class='ocrx_word' id='word_1_766' title='bbox 391 5391 586 5442; x_wconf 85' lang='lat' dir='ltr'><strong><em>iterum</em></strong></span> <span class='ocrx_word' id='word_1_767' title='bbox 617 5381 1011 5453; x_wconf 86' lang='lat' dir='ltr'><strong><em>subjiciendam</em></strong></span> <span class='ocrx_word' id='word_1_768' title='bbox 1042 5380 1145 5434; x_wconf 86' lang='lat' dir='ltr'><strong><em>hoc</em></strong></span> <span class='ocrx_word' id='word_1_769' title='bbox 1175 5379 1293 5433; x_wconf 92' lang='lat' dir='ltr'><strong><em>loco</em></strong></span> <span class='ocrx_word' id='word_1_770' title='bbox 1318 5377 1474 5431; x_wconf 77' lang='lat' dir='ltr'><strong><em>duxi.</em></strong></span> 
     </span>
    </p>
   </div>
   <div class='ocr_carea' id='block_1_101' title="bbox 343 5468 1877 5551">
    <p class='ocr_par' dir='ltr' id='par_1_101' title="bbox 343 5468 1877 5551">
     <span class='ocr_line' id='line_1_101' title="bbox 343 5468 1877 5551; baseline -0.009 -19"><span class='ocrx_word' id='word_1_771' title='bbox 343 5478 586 5551; x_wconf 82' lang='lat' dir='ltr'><strong><em>Epistola</em></strong></span> <span class='ocrx_word' id='word_1_772' title='bbox 628 5474 837 5531; x_wconf 86' lang='lat' dir='ltr'><strong><em>concilii</em></strong></span> <span class='ocrx_word' id='word_1_773' title='bbox 877 5472 1055 5527; x_wconf 69' lang='lat' dir='ltr'><strong><em>Italica</em></strong></span> <span class='ocrx_word' id='word_1_774' title='bbox 1101 5470 1169 5524; x_wconf 93' lang='lat' dir='ltr'><strong><em>ad</em></strong></span> <span class='ocrx_word' id='word_1_775' title='bbox 1212 5469 1556 5524; x_wconf 81' lang='lat' dir='ltr'><strong><em>Theodosium</em></strong></span> <span class='ocrx_word' id='word_1_776' title='bbox 1597 5468 1877 5539; x_wconf 77' lang='lat' dir='ltr'><strong><em>intperato-</em></strong></span> 
     </span>
    </p>
   </div>
   <div class='ocr_carea' id='block_1_102' title="bbox 269 5566 1872 5639">
    <p class='ocr_par' dir='ltr' id='par_1_102' title="bbox 269 5566 1872 5639">
     <span class='ocr_line' id='line_1_102' title="bbox 269 5566 1872 5639; baseline -0.006 -10"><span class='ocrx_word' id='word_1_777' title='bbox 269 5591 404 5629; x_wconf 88' lang='lat' dir='ltr'><strong><em>rem.</em></strong></span> <span class='ocrx_word' id='word_1_778' title='bbox 440 5571 581 5628; x_wconf 91' lang='lat' dir='ltr'><strong><em>Inter</em></strong></span> <span class='ocrx_word' id='word_1_779' title='bbox 607 5582 793 5628; x_wconf 67' lang='lat' dir='ltr'><strong><em>cetera</em></strong></span> <span class='ocrx_word' id='word_1_780' title='bbox 834 5574 1106 5629; x_wconf 87' lang='lat' dir='ltr'><strong><em>damnatos</em></strong></span> <span class='ocrx_word' id='word_1_781' title='bbox 1133 5571 1307 5629; x_wconf 87' lang='lat' dir='ltr'><strong><em>scribit</em></strong></span> <span class='ocrx_word' id='word_1_782' title='bbox 1349 5571 1405 5626; x_wconf 92' lang='lat' dir='ltr'><strong><em>in</em></strong></span> <span class='ocrx_word' id='word_1_783' title='bbox 1452 5566 1650 5639; x_wconf 85' lang='lat' dir='ltr'><strong><em>synodo</em></strong></span> <span class='ocrx_word' id='word_1_784' title='bbox 1677 5566 1872 5637; x_wconf 85' lang='lat' dir='ltr'><strong><em>fuisse,</em></strong></span> 
     </span>
    </p>
   </div>
   <div class='ocr_carea' id='block_1_103' title="bbox 346 5750 978 5825">
    <p class='ocr_par' dir='ltr' id='par_1_103' title="bbox 346 5750 978 5825">
     <span class='ocr_line' id='line_1_103' title="bbox 346 5750 978 5825; baseline -0.013 -9"><span class='ocrx_word' id='word_1_785' title='bbox 346 5750 427 5825; x_wconf 77' lang='lat' dir='ltr'><strong><em>la)</em></strong></span> <span class='ocrx_word' id='word_1_786' title='bbox 454 5750 575 5810; x_wconf 79' lang='lat' dir='ltr'><strong><em>Vid.</em></strong></span> <span class='ocrx_word' id='word_1_787' title='bbox 603 5767 727 5824; x_wconf 87' lang='lat' dir='ltr'><strong><em>cap.</em></strong></span> <span class='ocrx_word' id='word_1_788' title='bbox 757 5752 859 5824; x_wconf 75' lang='grc'><strong><em>10,</em></strong></span> <span class='ocrx_word' id='word_1_789' title='bbox 890 5754 978 5809; x_wconf 77' lang='grc' dir='ltr'><strong><em>Η.</em></strong></span> 
     </span>
    </p>
   </div>
   <div class='ocr_carea' id='block_1_104' title="bbox 1978 4613 3579 4697">
    <p class='ocr_par' dir='ltr' id='par_1_104' title="bbox 1978 4613 3579 4697">
     <span class='ocr_line' id='line_1_104' title="bbox 1978 4613 3579 4697; baseline -0.008 -21"><span class='ocrx_word' id='word_1_790' title='bbox 1978 4625 2099 4697; x_wconf 85' lang='lat' dir='ltr'><strong><em>fuit,</em></strong></span> <span class='ocrx_word' id='word_1_791' title='bbox 2131 4638 2247 4675; x_wconf 87' lang='lat' dir='ltr'><strong><em>cum</em></strong></span> <span class='ocrx_word' id='word_1_792' title='bbox 2273 4628 2581 4692; x_wconf 90' lang='lat' dir='ltr'><strong><em>rogarentur</em></strong></span> <span class='ocrx_word' id='word_1_793' title='bbox 2608 4616 2675 4670; x_wconf 86' lang='lat' dir='ltr'><strong><em>ad</em></strong></span> <span class='ocrx_word' id='word_1_794' title='bbox 2705 4613 2985 4669; x_wconf 85' lang='lat' dir='ltr'><strong><em>concilium</em></strong></span> <span class='ocrx_word' id='word_1_795' title='bbox 3015 4613 3327 4676; x_wconf 88' lang='lat' dir='ltr'><strong><em>sacerdotes,</em></strong></span> <span class='ocrx_word' id='word_1_796' title='bbox 3361 4627 3579 4681; x_wconf 88' lang='lat' dir='ltr'><strong><em>quorum</em></strong></span> 
     </span>
    </p>
   </div>
   <div class='ocr_carea' id='block_1_105' title="bbox 1978 4705 3583 4788">
    <p class='ocr_par' dir='ltr' id='par_1_105' title="bbox 1978 4705 3583 4788">
     <span class='ocr_line' id='line_1_105' title="bbox 1978 4705 3583 4788; baseline -0.007 -16"><span class='ocrx_word' id='word_1_797' title='bbox 1978 4722 2270 4788; x_wconf 87' lang='lat' dir='ltr'><strong><em>frequenter</em></strong></span> <span class='ocrx_word' id='word_1_798' title='bbox 2302 4713 2609 4786; x_wconf 81' lang='lat' dir='ltr'><strong><em>prtesentior</em></strong></span> <span class='ocrx_word' id='word_1_799' title='bbox 2634 4709 2861 4765; x_wconf 87' lang='lat' dir='ltr'><strong><em>absentia</em></strong></span> <span class='ocrx_word' id='word_1_800' title='bbox 2885 4708 2983 4779; x_wconf 92' lang='lat' dir='ltr'><strong><em>fuit</em></strong></span> <span class='ocrx_word' id='word_1_801' title='bbox 3005 4705 3213 4774; x_wconf 90' lang='lat' dir='ltr'><strong><em>quando</em></strong></span> <span class='ocrx_word' id='word_1_802' title='bbox 3240 4707 3294 4759; x_wconf 88' lang='lat' dir='ltr'><strong><em>in</em></strong></span> <span class='ocrx_word' id='word_1_803' title='bbox 3314 4720 3583 4760; x_wconf 85' lang='lat' dir='ltr'><strong><em>commune</em></strong></span> 
     </span>
    </p>
   </div>
   <div class='ocr_carea' id='block_1_106' title="bbox 1977 4799 3585 4875">
    <p class='ocr_par' dir='ltr' id='par_1_106' title="bbox 1977 4799 3585 4875">
     <span class='ocr_line' id='line_1_106' title="bbox 1977 4799 3585 4875; baseline -0.007 -11"><span class='ocrx_word' id='word_1_804' title='bbox 1977 4810 2253 4864; x_wconf 88' lang='lat' dir='ltr'><strong><em>consuluit.</em></strong></span> <span class='ocrx_word' id='word_1_805' title='bbox 2290 4807 2472 4875; x_wconf 84' lang='lat' dir='ltr'><strong><em>Neque</em></strong></span> <span class='ocrx_word' id='word_1_806' title='bbox 2495 4808 2629 4860; x_wconf 90' lang='lat' dir='ltr'><strong><em>enim</em></strong></span> <span class='ocrx_word' id='word_1_807' title='bbox 2659 4804 2736 4858; x_wconf 86' lang='lat' dir='ltr'><strong><em>vel</em></strong></span> <span class='ocrx_word' id='word_1_808' title='bbox 2766 4819 2859 4857; x_wconf 91' lang='lat' dir='ltr'><strong><em>nos</em></strong></span> <span class='ocrx_word' id='word_1_809' title='bbox 2884 4801 3249 4857; x_wconf 63' lang='lat' dir='ltr'><strong><em>estimavimus</em></strong></span> <span class='ocrx_word' id='word_1_810' title='bbox 3271 4816 3381 4854; x_wconf 90' lang='lat' dir='ltr'><strong><em>esse</em></strong></span> <span class='ocrx_word' id='word_1_811' title='bbox 3409 4799 3585 4854; x_wconf 92' lang='lat' dir='ltr'><strong><em>convi-</em></strong></span> 
     </span>
    </p>
   </div>
   <div class='ocr_carea' id='block_1_107' title="bbox 1980 4892 3583 4968">
    <p class='ocr_par' dir='ltr' id='par_1_107' title="bbox 1980 4892 3583 4968">
     <span class='ocr_line' id='line_1_107' title="bbox 1980 4892 3583 4968; baseline -0.008 -10"><span class='ocrx_word' id='word_1_812' title='bbox 1980 4904 2140 4967; x_wconf 88' lang='lat' dir='ltr'><strong><em>tium,</em></strong></span> <span class='ocrx_word' id='word_1_813' title='bbox 2166 4918 2282 4955; x_wconf 90' lang='lat' dir='ltr'><strong><em>cum</em></strong></span> <span class='ocrx_word' id='word_1_814' title='bbox 2313 4916 2449 4953; x_wconf 85' lang='lat' dir='ltr'><strong><em>unus</em></strong></span> <span class='ocrx_word' id='word_1_815' title='bbox 2476 4895 3059 4968; x_wconf 68' lang='lat' dir='ltr'><strong><em>Constantinopolitanae</em></strong></span> <span class='ocrx_word' id='word_1_816' title='bbox 3086 4892 3333 4947; x_wconf 66' lang='lat' dir='ltr'><strong><em>Ecclesia:</em></strong></span> <span class='ocrx_word' id='word_1_817' title='bbox 3373 4892 3583 4963; x_wconf 85' lang='lat' dir='ltr'><strong><em>presby-</em></strong></span> 
     </span>
    </p>
   </div>
   <div class='ocr_carea' id='block_1_108' title="bbox 1980 4986 3576 5063">
    <p class='ocr_par' dir='ltr' id='par_1_108' title="bbox 1980 4986 3576 5063">
     <span class='ocr_line' id='line_1_108' title="bbox 1980 4986 3576 5063; baseline -0.007 -13"><span class='ocrx_word' id='word_1_818' title='bbox 1980 5006 2076 5063; x_wconf 90' lang='lat' dir='ltr'><strong><em>ter,</em></strong></span> <span class='ocrx_word' id='word_1_819' title='bbox 2115 4995 2317 5048; x_wconf 86' lang='lat' dir='ltr'><strong><em>Paulus</em></strong></span> <span class='ocrx_word' id='word_1_820' title='bbox 2344 4993 2570 5055; x_wconf 90' lang='lat' dir='ltr'><strong><em>nomine,</em></strong></span> <span class='ocrx_word' id='word_1_821' title='bbox 2600 4992 2736 5044; x_wconf 88' lang='lat' dir='ltr'><strong><em>intra</em></strong></span> <span class='ocrx_word' id='word_1_822' title='bbox 2772 4990 3017 5043; x_wconf 75' lang='lat' dir='ltr'><strong><em>Achaiam</em></strong></span> <span class='ocrx_word' id='word_1_823' title='bbox 3048 4987 3305 5058; x_wconf 81' lang='lat' dir='ltr'><strong><em>synodum</em></strong></span> <span class='ocrx_word' id='word_1_824' title='bbox 3337 4986 3576 5040; x_wconf 85' lang='lat' dir='ltr'><strong><em>Orienta-</em></strong></span> 
     </span>
    </p>
   </div>
   <div class='ocr_carea' id='block_1_109' title="bbox 1983 5078 3579 5162">
    <p class='ocr_par' dir='ltr' id='par_1_109' title="bbox 1983 5078 3579 5162">
     <span class='ocr_line' id='line_1_109' title="bbox 1983 5078 3579 5162; baseline -0.009 -18"><span class='ocrx_word' id='word_1_825' title='bbox 1983 5090 2111 5145; x_wconf 90' lang='lat' dir='ltr'><strong><em>lium</em></strong></span> <span class='ocrx_word' id='word_1_826' title='bbox 2146 5090 2302 5162; x_wconf 76' lang='lat' dir='ltr'><strong><em>juxta</em></strong></span> <span class='ocrx_word' id='word_1_827' title='bbox 2348 5094 2499 5155; x_wconf 90' lang='lat' dir='ltr'><strong><em>atque</em></strong></span> <span class='ocrx_word' id='word_1_828' title='bbox 2528 5083 2943 5138; x_wconf 84' lang='lat' dir='ltr'><strong><em>Occidentalium</em></strong></span> <span class='ocrx_word' id='word_1_829' title='bbox 2974 5081 3323 5151; x_wconf 86' lang='lat' dir='ltr'><strong><em>postulaverit.</em></strong></span> <span class='ocrx_word' id='word_1_830' title='bbox 3354 5078 3579 5132; x_wconf 83' lang='lat' dir='ltr'><strong><em>Advertit</em></strong></span> 
     </span>
    </p>
   </div>
   <div class='ocr_carea' id='block_1_110' title="bbox 1982 5172 3574 5250">
    <p class='ocr_par' dir='ltr' id='par_1_110' title="bbox 1982 5172 3574 5250">
     <span class='ocr_line' id='line_1_110' title="bbox 1982 5172 3574 5250; baseline -0.011 -11"><span class='ocrx_word' id='word_1_831' title='bbox 1982 5183 2252 5239; x_wconf 91' lang='lat' dir='ltr'><strong><em>clementia</em></strong></span> <span class='ocrx_word' id='word_1_832' title='bbox 2294 5190 2419 5244; x_wconf 91' lang='lat' dir='ltr'><strong><em>tua,</em></strong></span> <span class='ocrx_word' id='word_1_833' title='bbox 2470 5196 2570 5233; x_wconf 90' lang='lat' dir='ltr'><strong><em>non</em></strong></span> <span class='ocrx_word' id='word_1_834' title='bbox 2613 5179 2775 5250; x_wconf 86' lang='lat' dir='ltr'><strong><em>fuisse</em></strong></span> <span class='ocrx_word' id='word_1_835' title='bbox 2818 5176 3174 5231; x_wconf 88' lang='lat' dir='ltr'><strong><em>irrationabile</em></strong></span> <span class='ocrx_word' id='word_1_836' title='bbox 3223 5172 3574 5242; x_wconf 90' lang='lat' dir='ltr'><strong><em>postulatum,</em></strong></span> 
     </span>
    </p>
   </div>
   <div class='ocr_carea' id='block_1_111' title="bbox 1981 5260 3579 5349">
    <p class='ocr_par' dir='ltr' id='par_1_111' title="bbox 1981 5260 3579 5349">
     <span class='ocr_line' id='line_1_111' title="bbox 1981 5260 3579 5349; baseline -0.013 -17"><span class='ocrx_word' id='word_1_837' title='bbox 1981 5277 2122 5349; x_wconf 87' lang='lat' dir='ltr'><strong><em>quod</em></strong></span> <span class='ocrx_word' id='word_1_838' title='bbox 2147 5276 2301 5332; x_wconf 89' lang='lat' dir='ltr'><strong><em>etiam</em></strong></span> <span class='ocrx_word' id='word_1_839' title='bbox 2324 5272 2386 5328; x_wconf 90' lang='lat' dir='ltr'><strong><em>ab</em></strong></span> <span class='ocrx_word' id='word_1_840' title='bbox 2418 5272 2772 5327; x_wconf 87' lang='lat' dir='ltr'><strong><em>Orientalibus</em></strong></span> <span class='ocrx_word' id='word_1_841' title='bbox 2801 5279 2873 5324; x_wconf 90' lang='lat' dir='ltr'><strong><em>est</em></strong></span> <span class='ocrx_word' id='word_1_842' title='bbox 2909 5270 3119 5341; x_wconf 85' lang='lat' dir='ltr'><strong><em>petitum</em></strong></span> <span class='ocrx_word' id='word_1_843' title='bbox 3138 5309 3153 5331; x_wconf 90' lang='lat'><strong><em>,</em></strong></span> <span class='ocrx_word' id='word_1_844' title='bbox 3184 5264 3273 5319; x_wconf 91' lang='lat' dir='ltr'><strong><em>sed</em></strong></span> <span class='ocrx_word' id='word_1_845' title='bbox 3296 5263 3416 5332; x_wconf 88' lang='lat' dir='ltr'><strong><em>quia</em></strong></span> <span class='ocrx_word' id='word_1_846' title='bbox 3447 5260 3579 5332; x_wconf 86' lang='lat' dir='ltr'><strong><em>Illy-</em></strong></span> 
     </span>
    </p>
   </div>
   <div class='ocr_carea' id='block_1_112' title="bbox 1980 5356 3580 5442">
    <p class='ocr_par' dir='ltr' id='par_1_112' title="bbox 1980 5356 3580 5442">
     <span class='ocr_line' id='line_1_112' title="bbox 1980 5356 3580 5442; baseline -0.013 -13"><span class='ocrx_word' id='word_1_847' title='bbox 1980 5376 2075 5428; x_wconf 89' lang='lat' dir='ltr'><strong><em>riis</em></strong></span> <span class='ocrx_word' id='word_1_848' title='bbox 2102 5382 2341 5442; x_wconf 89' lang='lat' dir='ltr'><strong><em>suspecta</em></strong></span> <span class='ocrx_word' id='word_1_849' title='bbox 2368 5381 2617 5435; x_wconf 90' lang='lat' dir='ltr'><strong><em>movetur,</em></strong></span> <span class='ocrx_word' id='word_1_850' title='bbox 2632 5367 2750 5421; x_wconf 90' lang='lat' dir='ltr'><strong><em>ideo</em></strong></span> <span class='ocrx_word' id='word_1_851' title='bbox 2772 5364 3031 5419; x_wconf 87' lang='lat' dir='ltr'><strong><em>maritima</em></strong></span> <span class='ocrx_word' id='word_1_852' title='bbox 3057 5377 3116 5414; x_wconf 89' lang='lat' dir='ltr'><strong><em>ac</em></strong></span> <span class='ocrx_word' id='word_1_853' title='bbox 3144 5357 3335 5413; x_wconf 90' lang='lat' dir='ltr'><strong><em>tutiora</em></strong></span> <span class='ocrx_word' id='word_1_854' title='bbox 3364 5356 3580 5426; x_wconf 78' lang='lat' dir='ltr'><strong><em>qucesita</em></strong></span> 
     </span>
    </p>
   </div>
   <div class='ocr_carea' id='block_1_113' title="bbox 1981 5451 3581 5534">
    <p class='ocr_par' dir='ltr' id='par_1_113' title="bbox 1981 5451 3581 5534">
     <span class='ocr_line' id='line_1_113' title="bbox 1981 5451 3581 5534; baseline -0.012 -11"><span class='ocrx_word' id='word_1_855' title='bbox 1981 5476 2122 5524; x_wconf 90' lang='lat' dir='ltr'><strong><em>sunt.</em></strong></span> <span class='ocrx_word' id='word_1_856' title='bbox 2164 5465 2349 5534; x_wconf 83' lang='lat' dir='ltr'><strong><em>Neque</em></strong></span> <span class='ocrx_word' id='word_1_857' title='bbox 2389 5464 2541 5533; x_wconf 89' lang='lat' dir='ltr'><strong><em>plane</em></strong></span> <span class='ocrx_word' id='word_1_858' title='bbox 2590 5477 2684 5515; x_wconf 91' lang='lat' dir='ltr'><strong><em>nos</em></strong></span> <span class='ocrx_word' id='word_1_859' title='bbox 2746 5468 3005 5526; x_wconf 89' lang='lat' dir='ltr'><strong><em>tamquam</em></strong></span> <span class='ocrx_word' id='word_1_860' title='bbox 3049 5468 3114 5507; x_wconf 82' lang='lat' dir='ltr'><strong><em>ea:</em></strong></span> <span class='ocrx_word' id='word_1_861' title='bbox 3165 5455 3333 5521; x_wconf 91' lang='lat' dir='ltr'><strong><em>forma</em></strong></span> <span class='ocrx_word' id='word_1_862' title='bbox 3380 5451 3581 5518; x_wconf 87' lang='lat' dir='ltr'><strong><em>aliquid</em></strong></span> 
     </span>
    </p>
   </div>
   <div class='ocr_carea' id='block_1_114' title="bbox 1982 5544 3581 5616">
    <p class='ocr_par' dir='ltr' id='par_1_114' title="bbox 1982 5544 3581 5616">
     <span class='ocr_line' id='line_1_114' title="bbox 1982 5544 3581 5616; baseline -0.011 0"><span class='ocrx_word' id='word_1_863' title='bbox 1982 5560 2335 5616; x_wconf 90' lang='lat' dir='ltr'><strong><em>innovavimus</em></strong></span> <span class='ocrx_word' id='word_1_864' title='bbox 2380 5572 2400 5612; x_wconf 91' lang='lat'><strong><em>:</em></strong></span> <span class='ocrx_word' id='word_1_865' title='bbox 2442 5555 2532 5611; x_wconf 87' lang='lat' dir='ltr'><strong><em>sed</em></strong></span> <span class='ocrx_word' id='word_1_866' title='bbox 2578 5560 2767 5607; x_wconf 79' lang='lat' dir='ltr'><strong><em>sancta:</em></strong></span> <span class='ocrx_word' id='word_1_867' title='bbox 2820 5545 3080 5603; x_wconf 78' lang='lat' dir='ltr'><strong><em>memoria:</em></strong></span> <span class='ocrx_word' id='word_1_868' title='bbox 3131 5544 3443 5612; x_wconf 87' lang='lat' dir='ltr'><strong><em>Athanasii,</em></strong></span> <span class='ocrx_word' id='word_1_869' title='bbox 3493 5545 3581 5615; x_wconf 90' lang='lat' dir='ltr'><strong><em>qui</em></strong></span> 
     </span>
    </p>
   </div>
  </div>
