4138 6178
529 216 634 276 547

1783 203 2026 265 SANCTI
2068 201 2322 262 DAIASI
2362 200 2567 260 ΡΔΡᾹΞ

3743 198 3847 256 ῖιιι

529 330 678 402 quasi
703 328 939 384 columen
973 305 1099 396 ’βαιά
1129 324 1258 396 fuit,
1288 332 1334 376 et
1360 321 1542 378 ueteris
1580 319 1872 374 sanctitatis
1913 316 2129 372 Patrum
2157 318 2209 379 Α
2236 315 2330 370 rite
2379 314 2753 376 communionis
2786 315 2914 385 jura
2961 313 3218 368 uiolamus
3240 352 3256 378 ,
3284 311 3376 368 sed
3420 312 3642 367 debitam
3681 325 3846 370 ucstra

533 431 826 477 nostrorum
850 421 903 474 in
928 417 1162 472 conciliis
1192 414 1407 484 deﬁnita
1430 422 1682 467 servantes
1700 455 1715 475 ,
1741 427 1844 465 non
1868 410 2132 466 euellimsts

532 520 776 570 terminos
801 555 816 579 ,
847 529 976 583 quos
1007 517 1287 582 posuerunt
1316 517 1487 578 patres
1515 507 1678 561 nostri
1695 548 1710 574 ,
1739 522 1832 560 nec
1860 505 2134 560 heredita-

546 643 1170 668 W—

2239 410 2455 480 imperio
2485 409 2932 479 honoriﬁcentiam
2958 420 3274 464 reservantes
3297 449 3312 476 ,
3346 408 3602 464 studiosos
3631 427 3722 466 nos
3750 428 3844 482 pa-

2241 503 2313 556 cis
2335 511 2383 556 et
2412 502 2598 569 quietis
2621 501 2958 555 ostendimus.

949 643 1588 892 simul
1662 643 3428 882 DAMOPUSCULA.

1764 964 2683 1096 EPISTOLZE.‘

2006 1189 2388 1246 4⁵1(Βᾶωο

980 1300 1371 1366 EPISTOLA
1417 1297 1669 1360 PRIMA
1683 1340 1696 1356 .

543 1453 831 1496 EXBIPLUI
871 1451 1056 1494 SYNODI
1099 1449 1308 1488 ΗΛΒΙΤΛΕ
1359 1447 1516 1488 ROIE
1567 1441 1936 1488 EPISCOPORUI
1982 1439 2148 1496 XCIII,

973 1545 1004 1586 Ε
1014 1543 1046 1582 Χ
1088 1540 1379 1582 RESCBIPTO
1418 1537 1712 1578 HIPEIUALI.

1178 1659 1512 1717 MONITUM.

625 1783 775 1838 Ilanc
803 1779 1122 1837 Sarazanius
1158 1795 1189 1830 a
1228 1775 1546 1830 Theodoreto
1573 1780 1835 1841 acceptam
1873 1787 1968 1824 sua
1991 1769 2150 1823 inter-

548 1879 834 1948 pretatione
860 1872 1068 1928 donavit
1099 1889 1116 1926 :
1156 1887 1250 1941 ego
1277 1885 1397 1923 vero
1427 1869 1589 1922 latina
1623 1863 1885 1918 Holstenii
1925 1861 2153 1916 editione

545 1981 686 2032 utor,
723 1967 857 2021 velut
894 1964 1198 2036 primigenio
1242 1960 1452 2014 Damasi
1505 1959 1651 2027 fastu,
1681 1965 1734 2010 ut
1787 1955 1892 2008 dixi
1933 1970 2050 2025 cap.
2095 1951 2148 2005 5.

548 2065 654 2118 Cur
696 2078 812 2116 vero
861 2060 1002 2129 apud
1034 2058 1380 2112 Sozomenum
1414 2063 1459 2106 et
1491 2050 1867 2105 Tlteodoretum
1904 2045 2149 2116 Illyricis,

495 2177 501 2184 ·
553 2155 892 2211 llolsteniana
934 2167 1050 2206 vero
1081 2147 1350 2220 episcopis
1388 2162 1481 2216 per
1513 2145 1787 2200 Orientem
1848 2136 2156 2196 constitutis

551 2249 803 2317 inscripta
848 2247 949 2311 sit,
993 2244 1105 2296 vide
1137 2259 1270 2314 cap._
1296 2241 1350 2294 7.
1383 2240 1633 2293 Caeterum
1674 2254 1772 2292 ms.
1809 2235 2056 2294 codicem.
2093 2249 2157 2286 ex

549 2359 651 2414 quo
676 2351 882 2410 sumpta
909 2349 978 2393 est
1009 2355 1071 2392 ex
1115 2337 1356 2391 Bobiensi
1382 2337 1434 2389 in
1469 2336 1774 2388 Vaticanam
1803 2328 2156 2385 bibliothecam

554 2436 801 2506 Scipione
844 2432 1099 2486 cardinali
1148 2431 1208 2485 S.
1257 2429 1515 2485 Susannrc
1559 2425 1943 2482 bibliothecario
1989 2433 2158 2476 trans-

552 2529 736 2591 latum,
773 2528 862 2580 diu
885 2535 1002 2579 ante
1034 2523 1364 2578 Holsteniunt
1396 2523 1711 2590 inspexerat,
1737 2535 1797 2572 ac
1825 2534 1876 2571 se
1901 2515 2158 2570 editurum

553 2621 857 2694 promiserat
895 2618 987 2672 Fr.
1037 2616 1330 2670 Ludovicus
1373 2615 1614 2686 Capellus
1647 2614 1709 2667 de
1746 2627 1942 2666 succes.
1979 2607 2154 2680 Episc.

561 2712 708 2766 Rom.
749 2711 958 2765 dissert.
988 2719 1180 2778 poster.
1213 2723 1328 2778 cap.
1357 2708 1423 2774 5;
1451 2715 1614 2762 exstat
1645 2707 1794 2759 etiam
1822 2705 1872 2756 in
1912 2700 2158 2755 Vullicel-

554 2804 672 2856 (a-to
700 2801 816 2855 cod.
845 2801 936 2865 ‘23,
967 2819 1020 2873 p.
1055 2801 1173 2866 l07,
1217 2797 1488 2867 exscripta
1521 2813 1584 2851 ex
1610 2795 1781 2850 veteri
1807 2791 2157 2856 Tridentino,

553 2900 622 2948 ad
652 2911 763 2948 eam
804 2893 994 2948 scilicet
1039 2893 1212 2946 urbem
1258 2890 1463 2944 concilii
1503 2899 1728 2958 tempore
1765 2886 1956 2949 allato,
1991 2881 2156 2938 libro.

1165 3025 1521 3082 EPISTOLA.

557 3151 840 3216 Damasus,
884 3147 1202 3203 Valerianus
1233 3157 1259 3184 ει
1279 3189 1292 3212 ,
1319 3147 1624 3203 Vitalianus
1650 3143 1700 3210 ι’,
1731 3141 1975 3199 Auﬁdius
1999 3186 2013 3208 ,
2057 3141 2157 3196 Pa-

625 3242 818 3297 cianus
841 3281 857 3308 ,
889 3239 1076 3295 Vielor
1101 3282 1115 3306 ,
1166 3240 1384 3294 Priscus
1404 3281 1416 3302 .
1451 3238 1814 3302 Innocentius,
1849 3234 2153 3302 Abundius,

629 3333 978 3400 Theodulus,
1012 3342 1067 3389 et
1116 3334 1297 3389 eteteri
1336 3333 1426 3404 qui
1476 3331 1542 3387 ad
1591 3330 1909 3386 audiendam
1939 3343 2156 3384 causam

635 3428 924 3494 Auxentii,
971 3427 1458 3498 exponendamqtte
1504 3425 1699 3489 ﬁdem,
1741 3428 1792 3478 in
1826 3423 1956 3478 urbe
1985 3421 2157 3476 Roma

629 3530 1038 3585 convenerunt,
1076 3521 1355 3589 EpiSl'OltiS
1396 3518 1692 3574 Catholicis
1736 3533 1833 3588 per
1881 3515 2156 3572 Orientem

635 3615 945 3668 constitutis
977 3614 1028 3668 in
1061 3615 1287 3668 Domino
1313 3614 1566 3669 salutem.

629 3725 962 3782 Condidimus
989 3727 1208 3799 quidem
1230 3771 1244 3796 ,
1279 3727 1635 3784 Sanctitatem
1665 3734 1898 3784 vestram
1927 3725 2162 3796 Aposto-

631 3879 655 3908 ⁸
695 3868 941 3925 Celebris
985 3871 1191 3926 scilicet
1225 3872 1588 3942 Aquileiensis
1629 3871 1949 3942 episcopus,
1984 3867 2155 3942 cujus

561 3942 959 3997 ordinationem
991 3943 1269 3997 Dandulus
1292 3938 1348 3996 in
1378 3942 1652 3996 Chronico
1670 3938 1908 3995 collocat
1932 3938 1996 3991 ad
2025 3954 2155 3992 ann.

561 4013 696 4074 568;
723 4013 987 4077 siquidem
1030 4013 1394 4067 Fortunianus
1416 4029 1558 4066 anno
1582 4012 1794 4065 labente
1822 4011 1928 4066 566
1957 4020 2047 4063 aut
2074 4010 2153 4062 al-

565 4093 687 4137 tero
709 4081 1243 4151 obierat(Fontanin.
1263 4085 1441 4151 script.
1462 4083 1632 4153 Aquil.
1651 4099 1697 4136 ι’.
1715 4083 1770 4143 2,
1795 4082 2002 4148 ἰηΙὶιι.).
2022 4079 2157 4153 Huic

564 4153 810 4208 rescribit
838 4150 1068 4208 Basilius
1101 4155 1340 4220 Magnus,
1367 4150 1527 4223 epist.
1552 4154 1638 4212 9|.
1671 4153 1860 4221 Oper.,
1896 4163 2028 4206 tom.
2060 4150 2149 4204 lll.

635 4223 662 4262 δ
709 4223 1030 4280 Vitalianum
1083 4240 1145 4279 ac
1197 4227 1462 4280 Victorem
1525 4228 1666 4281 inter
1729 4239 1823 4279 eos
1871 4223 2153 4292 episcopos

562 4295 863 4350 recensitos
898 4296 1121 4365 legimus
1151 4298 1290 4365 apttd
1319 4297 1512 4352 Baron.
1546 4313 1672 4351 ann.
1706 4295 1828 4360 155,
1858 4312 1910 4348 ιι.
1936 4295 2028 4360 2'2,
2063 4294 2150 4362 qui

565 4369 618 4442 in
653 4366 1034 4442 Mediolaoensi
1086 4369 1382 4442 latrocinali
1432 4369 1638 4442 synodo
1679 4375 1868 4442 contra
1917 4366 2154 4420 Albana-

566 4439 704 4492 siutn
737 4438 1171 4508 subscripserunt
1198 4459 1208 4492 :
1244 4451 1298 4494 at
1329 4419 1603 4504 Εεριὶἶδίτε,
1633 4440 1826 4508 quibus
1859 4443 2149 4506 pr:eerant,
2179 4419 2234 4478 D

567 4525 674 4582 non
729 4511 1123 4576 eitprimuntnr.
1178 4510 1460 4582 Ughellius
1513 4518 1656 4567 circa
1712 4511 1826 4564 haec
1877 4518 2153 4582 tempora,

579 4580 831 4636 Victorem
866 4580 1246 4638 Placentinam'
1283 4583 1582 4640 Eeclesiam
1621 4583 2030 4638 administrasse
2052 4580 2158 4643 ait;

578 4652 832 4707 Victorem
896 4667 1162 4722 prtclet'ea
1220 4655 1590 4710 Florentinum
1644 4650 2158 4722 epise0puntinobis

567 4724 756 4793 statuit
786 4721 974 4779 Petrus
1018 4727 1222 4780 (Iasella
1254 4727 1322 4780 de
1351 4727 1577 4780 Tuscor.
1609 4721 1747 4793 orig.
1775 4738 1894 4790 cap.
1931 4721 2032 4793 12,
2071 4721 2157 4774 cui

570 4791 866 4848 Zenobium
918 4799 1249 4851 successisse
1307 4797 1488 4851 tradit.
1541 4791 1756 4850 Priscus
1800 4793 1938 4863 apud
1986 4792 2153 4846 llilar.

571 4863 762 4938 fragm.
794 4864 828 4918 8
869 4867 1064 4935 legitur
1101 4883 1225 4938 cum
1275 4868 1464 4938 legatis
1506 4866 1866 4938 Ariminensis
1907 4863 2156 4938 concilii.

570 4937 657 5007 qui
685 4946 966 5007 postremo
1010 4952 1037 4990 a
1085 4937 1189 4994 ﬁde
1233 4935 1562 5007 praivaricati
1605 4946 1770 4992 sunt:
1819 4935 1934 4991 ﬁeri
1982 4938 2160 5007 itaque

571 5004 726 5060 facile
781 5017 997 5072 poteSt,
1059 5019 1114 5062 ut
1168 5004 1287 5064 eum
1343 5027 1532 5065 «mutes
1587 5011 1980 5075 resipuisscnl.
2035 5005 2158 5060 ἤυἱο

572 5077 910 5160 synodosub
937 5079 1168 5136 Damaso
1190 5081 1496 5136 adfuerint:
1527 5082 1594 5136 de
1629 5081 1839 5136 ceteris
1863 5078 1994 5134 nihil
2027 5076 2158 5131 mihi

570 5158 826 5206 occurrit.

649 5232 669 5258 θ
716 5221 838 5277 llarc
869 5224 998 5277 clar.
1032 5223 1208 5278 editor
1238 5225 1588 5290 epistularum
1623 5223 1987 5277 Romanorum
2019 5235 2154 5290 pon-

577 5293 774 5345 tilicum
807 5295 894 5348 vix
930 5295 1090 5348 scribi
1135 5296 1372 5362 potuis~e
1401 5304 1587 5350 censet
1623 5311 1688 5347 eo
1729 5302 2003 5360 tempore,
2051 5305 2158 5360 quo

578 5372 653 5417 tot
691 5365 868 5418 Ariani
909 5365 1148 5434 epis-capi
1190 5367 1240 5420 in
1273 5367 1512 5420 omnium
1557 5365 1724 5418 oculis
1763 5363 2157 5417 versabantur:

575 5443 736 5503 atque
785 5435 907 5492 hinc
952 5437 1358 5493 llolstcnianum
1402 5439 1680 5505 exemplar
1728 5451 1834 5491 non
1880 5435 1947 5487 de
1995 5433 2160 5490 latino

576 5507 908 5575 authentico,
937 5509 1030 5563 sed
1056 5525 1120 5564 ex
1148 5527 1324 5579 graeco
1353 5511 1420 5563 ab
1459 5509 1705 5577 imperito
1737 5509 2049 5579 interprete.
2074 5507 2156 5579 vel

577 5587 834 5653 corrupto
873 5575 1175 5653 exemplari
1200 5593 1470 5653 sumptum
1505 5575 1669 5635 fuisse
1712 5575 1986 5653 putat._At
2015 5575 2156 5630 ludi-

579 5658 671 5699 cra
719 5649 817 5704 viri
861 5648 1002 5705 docti
1037 5648 1366 5724 observatio
1401 5666 1528 5710 est:
1581 5653 1843 5724 siquidem
1896 5649 2160 5724 Damasus

579 5725 783 5776 tantum
815 5735 933 5776 esse
966 5723 1090 5780 mali
1139 5727 1384 5785 haeresim
1417 5720 1722 5796 monet,'ut
1762 5725 1850 5794 vix
1879 5720 2074 5780 cadere
2104 5721 2156 5786 in

2252 1288 2426 1346 lorum
2477 1292 2833 1348 instructione
2881 1290 3188 1355 fundatam,
3238 1308 3356 1347 eam
3419 1301 3605 1349 tenere
3655 1293 3850 1362 iidem,

2252 1401 2480 1456 eamque
2511 1385 2755 1455 plebibus
2787 1385 3060 1451 intimare,
3095 1400 3213 1454 qua:
3236 1400 3266 1439 a
3291 1386 3560 1452 majorum
3593 1385 3854 1442 inStitutis

2253 1480 2395 1532 nulla
2420 1479 2628 1534 ratione
2647 1478 3172 1550 dissenti.tt.-Neque
3195 1479 3336 1532 enim
3351 1479 3507 1533 aliter
3529 1479 3625 1534 Dei
3651 1480 3855 1536 sentire

2179 1595 2227 1655 Β
2254 1574 2506 1628 Convenit
2549 1573 2860 1628 sacerdotes
2883 1615 2897 1638 ,
2928 1589 3158 1643 quorum
3196 1589 3319 1642 pars
3363 1585 3446 1628 est
3475 1585 3704 1630 exteros
3734 1591 3857 1629 eru-

2253 1669 2394 1723 dire.
2456 1667 2562 1722 Sed
2619 1668 2898 1723 Gallorum
2954 1677 3114 1737 atque
3172 1666 3554 1722 Venetensium
3627 1667 3855 1722 fratrum

2252 1764 2519 1820 relatione
2547 1765 2931 1833 comperimus,
2956 1765 3248 1819 nonnullos
3271 1782 3376 1819 non
3407 1764 3630 1822 haeresis
3653 1765 3857 1834 studio,

2255 1873 2429 1925 neque
2471 1856 2614 1911 enim
2647 1868 2668 1894 ο
2717 1857 2817 1911 hoc
2850 1866 3057 1912 tantum
3095 1859 3218 1912 mali
3261 1858 3456 1914 cadere
3503 1860 3555 1914 in
3591 1860 3681 1914 Dei
3715 1861 3858 1914 anti-

2256 1951 2412 2004 stites
2443 1960 2652 2020 potest,
2685 1949 2780 2004 sed
2803 1951 3017 2006 inscitia
3040 1951 3121 2004 vel
3155 1968 3218 2005 ex
3250 1952 3598 2021 simplicitate
3626 1952 3858 2022 quadam

2257 2045 2448 2097 scutris
2477 2042 3016 2113 interpretationibus
3049 2051 3362 2107 ωειιιειηωε,
3395 2057 3500 2097 non
3535 2045 3667 2097 satis
3695 2043 3862 2107 dispi-

2257 2152 2415 2197 cere,
2471 2151 2590 2204 quae
2647 2135 2815 2204 magis
2878 2143 3086 2203 patrum
3135 2145 3443 2189 nostrorum
3495 2134 3566 2188 sit
3626 2133 3858 2188 tenenda

2259 2228 2553 2290 sententia,
2585 2242 2704 2280 cum
2735 2227 2947 2280 diversa
2977 2225 3199 2281 consilia
3229 2233 3416 2280 eorum
3454 2227 3678 2281 auribus
3707 2227 3856 2296 inge-

2260 2331 2446 2376 rantur
2473 2317 2520 2373 ἀ.
2576 2319 2815 2390 Denique
2863 2321 3190 2374 Auxentium
3245 2318 3704 2375 Mediolanensem
3756 2321 3860 2376 hac

2259 2416 2533 2487 praecipue
2558 2428 2717 2467 causa
2748 2413 3060 2467 damnatum
3088 2427 3207 2467 esse
3235 2412 3613 2484 perscrilmnt.
3646 2413 3749 2467 l’ar
3776 2423 3861 2468 est

2261 2507 2442 2578 igitur,
2477 2507 2758 2561 universos
2793 2515 2815 2543 ο
2847 2507 3130 2577 magistros
3160 2507 3294 2576 legis
3325 2524 3418 2576 per
3443 2507 3628 2562 orbem
3662 2508 3858 2562 Roma-

2263 2618 2389 2655 num
2422 2605 2565 2669 paria
2615 2600 2681 2654 de
2715 2601 2829 2670 lege
2874 2583 3112 2665 sentire,
3147 2617 3243 2653 nec
3273 2600 3502 2654 diversis
3533 2602 3860 2670 magisteriis

2262 2695 2421 2748 Iidem
2464 2692 2791 2748 dominicam
2822 2692 3045 2747 violare.
3081 2692 3211 2746 Nam
3245 2707 3365 2746 cum
3405 2692 3604 2745 dudum
3638 2693 3858 2747 hau-eti-

2262 2802 2447 2840 corum
2480 2787 2658 2849 virus,
2707 2794 2764 2839 ut
2805 2800 2947 2838 nunc
2994 2784 3186 2838 iterum
3235 2785 3402 2855 cmpit
3449 2783 3741 2855 obrepere,
3793 2800 3862 2841 ac

2263 2863 2536 2951 prtecipue
2565 2878 2886 2934 Arianorum
2921 2877 3256 2948 blasphemia
3291 2857 3551 2947 pullulare
3581 2879 3862 2947 coepisset,

2181 2976 2226 3040 C
2260 2974 2496 3043 majores
2520 2975 2686 3027 nostri
2715 2987 2943 3028 cccxvm
2973 2973 3238 3042 episcopi,
3269 2981 3427 3041 atque
3453 2989 3519 3027 ex
3549 2973 3681 3026 urbe
3703 2988 3866 3027 sanc-

2263 3067 2454 3122 tissimi
2504 3066 2742 3136 episcopi
2774 3066 2922 3121 urbis
2965 3065 3151 3121 Romae
3187 3065 3413 3132 directi,
3445 3065 3585 3136 apud
3626 3065 3863 3121 Niczram

2263 3159 2515 3214 confecto
2542 3160 2806 3224 concilio,
2843 3159 2985 3213 hunc
3021 3175 3235 3213 murum
3279 3159 3538 3214 adversus
3566 3175 3716 3213 arma
3748 3159 3867 3213 dia-

2266 3257 2439 3310 bolica
2463 3265 2787 3320 statuerunt,
2816 3262 2976 3325 atque
2999 3253 3101 3308 hoe
3130 3255 3374 3308 antidoto
3397 3254 3645 3308 mortalia
3672 3255 3864 3323 pocula

2266 3351 2690 3420 propulsarunt,
2752 3357 2810 3402 ut.
2869 3348 3125 3414 Patrem,
3199 3345 3433 3412 Filium,
3492 3346 3865 3415 Spiritumque

2265 3445 2520 3496 Sanctum
2551 3440 2710 3493 unius
2740 3437 2985 3504 Deitatis,
3016 3439 3174 3492 unius
3206 3439 3420 3508 figurae,
3453 3439 3610 3491 unius
3636 3435 3866 3492 credere

2267 3543 2544 3602 oporteret
2587 3533 2933 3595 substantite.
2981 3543 3169 3585 contra
3203 3531 3525 3585 sentientem
3557 3530 3791 3584 alienum
3833 3545 3865 3583 a

2270 3639 2456 3681 nostro
2478 3625 2755 3680 consortio
2776 3624 3105 3695 judicantes.
3131 3624 3301 3694 Quam
3325 3623 3692 3679 deﬁnitionem
3717 3625 3870 3678 salu-

2271 3733 2438 3777 tarem
2473 3733 2654 3791 postea
2693 3720 2814 3775 aliis
2857 3719 3174 3774 tractatibus
3204 3717 3422 3790 quidam
3467 3729 3779 3790 pervertere
3809 3728 3870 3773 et

2265 3866 2366 3939 Dei
2408 3865 2678 3939 antistites
2736 3879 2894 3934 posse
2942 3865 3221 3932 videatur,
3275 3866 3356 3922 sic.
3403 3867 3458 3921 in
3503 3866 3568 3921 iis
3616 3868 3681 3922 ad
3727 3883 3868 3939 quos

2265 3937 2456 3990 scribit
2501 3937 2617 4005 ejus
2667 3937 2947 3992 horrorem
2998 3939 3351 4008 ingenerans,
3404 3947 3462 3993 nt
3509 3939 3575 3993 ad
3626 3937 3864 3996 ofﬁcium

2262 4008 2477 4062 facilius
2501 4008 2746 4072 redeant,
2781 4017 2834 4062 et
2866 4009 2934 4062 ab
2965 4025 3025 4062 ea
3052 4019 3299 4063 eavoant.

2333 4075 2359 4115 δ
2400 4079 2488 4134 Sic
2509 4079 2668 4132 etiam
2694 4079 3053 4140 Sozomenus,
3087 4091 3139 4134 et
3162 4080 3558 4137 Theodorcttts.
3591 4081 3730 4136 Galli
3764 4083 3864 4136 ita-

2259 4165 2401 4220 que,
2444 4165 2507 4204 ac
2555 4149 2887 4206 Venetenses
2918 4152 3155 4220 episcopi
3190 4153 3512 4206 Auxentium
3555 4154 3868 4208 detulerant

2259 4223 2405 4276 velut
2425 4223 2753 4292 praecipuum
2776 4223 2892 4291 ejus
2918 4223 3142 4277 haeresis
3166 4222 3410 4279 fomitem
3433 4265 3448 4291 ,
3481 4239 3545 4279 ec
3567 4225 3865 4290 malorum,

2259 4311 2376 4362 qua:
2408 4294 2828 4360 simplicioribus
2854 4295 3120 4363 ep‘seopis
3144 4294 3532 4363 ingerebantur
3552 4337 3568 4362 ,
3601 4297 3860 4351 consilio-

2259 4381 2374 4418 rum
2407 4376 2679 4419 auetorcm
2709 4382 2722 4428 ;
2753 4381 2982 4434 eumque
3010 4383 3035 4416 a
3067 4382 3124 4420 se
3147 4366 3216 4417 ob
3239 4381 3357 4421 eam
3383 4384 3600 4421 causam
3635 4370 3861 4434 dampn-

2260 4446 2368 4489 tum
2421 4437 2582 4491 fuisse
2629 4437 3077 4504 perscripserunt.
3137 4436 3246 4492 Cur
3273 4437 3440 4492 vero?
3495 4454 3688 4505 nempe
3716 4449 3769 4492 ut
3799 4454 3863 4492 ea

2261 4509 2526 4562 sententia
2548 4509 2616 4561 ab
2641 4509 2932 4574 apostolica
2959 4509 3091 4563 sedc
3111 4550 3126 4575 ,
3149 4508 3292 4563 unde
3314 4509 3434 4564 fons
3462 4513 3864 4564 communionis

2261 4583 2432 4632 oritur
2453 4622 2466 4640 ,
2499 4588 2612 4633 rata
2665 4579 2995 4645 haberetur,
3027 4595 3089 4633 ac
3143 4575 3573 4648 promulgat-clm
3624 4581 3820 4646 ubique
3848 4600 3862 4635 :

2265 4650 2377 4722 lure
2404 4650 2912 4722 enitnsejtts,quam
2946 4651 3170 4704 Romani
3199 4652 3482 4722 pontifices
3508 4652 3862 4722 synodalibus

2261 4720 2664 4794 delinitimiilms
2691 4719 3040 4790 adjiciebant,
3072 4721 3354 4776 sententlze
3388 4725 3470 4777 vis
3492 4719 3629 4789 erat,
3661 4741 3723 4777 ne
3749 4725 3868 4794 quis

2261 4793 2502 4854 scilicet,
2545 4795 2772 4847 veritatis
2812 4795 3049 4846 inimicus
3079 4810 3142 4847 ex
3169 4811 3355 4849 eormn
3383 4793 3588 4849 silentio
3617 4812 3739 4848 .sese
3762 4793 3864 4849 cx-

2263 4880 2441 4916 cusare
2469 4874 2795 4929 prtesnmeret
2817 4865 2962 4934 .quin
2996 4877 3208 4934 pareret
3230 4907 3243 4929 ,
3281 4876 3337 4919 ut
3361 4867 3436 4920 ait
3468 4867 3577 4922 Leo
3607 4867 3673 4920 Μ.
3695 4868 3861 4934 epist.

2268 4935 2390 5001 107,
2428 4953 2478 4988 n.
2513 4938 2562 4989 1.
2597 4935 2720 4989 Haec
2752 4953 2879 4989 vero
2907 4938 3199 5005 eontigisse
3238 4939 3530 4993 verisimile
3571 4949 3674 5000 est,
3709 4947 3862 5006 post-

2263 5021 2423 5076 quam
2455 5006 2685 5060 Hilarius
2715 5017 2765 5061 et
2795 5007 3055 5061 Eusebius
3089 5007 3450 5062 Vercellensis
3477 5025 3598 5064 cum
3647 5025 3713 5062 eo
3747 5011 3860 5062 Ine-

2265 5081 2434 5150 retice
2481 5080 2764 5133 Mediolani
2811 5081 3088 5148 congressi
3130 5090 3295 5143 sunt,
3332 5081 3738 5150 publicatusque
3778 5091 3867 5136 est

2266 5149 2449 5204 llilarii
2477 5150 2716 5222 ejusdem
2740 5160 2923 5204 contra
2953 5150 3100 5204 illum
3115 5153 3417 5222 eticyclicus
3439 5149 3672 5208 libellus.
3704 5151 3867 5206 Dam-

2261 5233 2445 5275 natum
2495 5221 2727 5275 fatentur
2757 5236 2980 5286 onmes;
3012 5232 3064 5275 at
3123 5221 3228 5276 hoc
3275 5239 3336 5276 rx
3371 5225 3517 5279 hisce
3545 5223 3735 5278 litteris
3763 5224 3867 5276 mi-

2263 5292 2409 5345 nime
2456 5301 2638 5362 aperte
2679 5300 2927 5355 constat,
2977 5292 3117 5361 quod
3173 5295 3386 5360 scriptu
3438 5294 3694 5348 duntaxat
3756 5295 3864 5346 illae

2263 5371 2389 5416 sunt
2441 5363 2505 5416 ad
2537 5379 2631 5417 eos
2654 5406 2667 5428 ,
2705 5365 2793 5429 qui
2852 5373 3044 5420 nutare
3095 5365 3412 5420 videbantur
3450 5366 3736 5434 θινὶ-ωψσε
3759 5409 3772 5426 .
3805 5367 3863 5419 in

2263 5434 2443 5490 officio
2471 5435 2861 5508 continendos;
2896 5446 3012 5490 acta
3040 5451 3170 5492 vero
3199 5437 3425 5508 synodi,
3459 5437 3605 5493 unde
3636 5437 3740 5493 hoc
3767 5437 3862 5491 de-

2266 5507 2552 5577 tnonstrari
2585 5517 2794 5575 poterat
2818 5550 2832 5568 ,
2860 5509 3152 5577 perierunt.

2337 5589 2359 5616 ε
2397 5576 2690 5655 Episcopus
2718 5575 2922 5633 scilicet
2947 5598 2957 5633 :
2978 5581 3055 5635 sic
3089 5575 3325 5636 Paulus]
3352 5577 3417 5636 ad
3443 5577 3708 5647 'l‘imotb.,
3734 5594 3863 5655 cap.

2263 5665 2376 5717 xm,
2408 5661 2462 5706 et
2492 5650 2556 5705 ad
2588 5651 2718 5717 Tit.,
2753 5665 2870 5728 cap.
2899 5667 2936 5705 ι.
