4138 6178
343 261 455 319 διθ

343 469 500 540 ipsis,
532 467 626 538 qui
652 466 756 524 hoc
776 465 916 536 apud
943 466 1242 522 Ariminum
1273 476 1567 524 retractare
1591 468 1945 538 cogebantur,

344 560 698 618 emendatum
751 559 1014 616 hactenus
1059 569 1174 626 est,
1223 571 1280 614 ut
1325 561 1638 632 subreptum
1689 561 1790 618 sibi
1845 562 1950 618 alia

343 654 716 725 disputatione
753 652 1083 720 faterentur,
1119 652 1322 710 idcirco
1346 653 1489 724 quod
1519 670 1624 710 non
1651 653 1952 710 intellexis-

346 760 469 805 sent
523 758 738 820 patrum
793 749 1120 804 sententiam
1175 749 1316 818 apud
1371 749 1602 806 Nicmam
1663 747 1950 804 formatam

349 856 473 902 csse
503 850 530 878 ⁸
559 840 918 896 contrarium.
952 837 982 878 δ
1026 840 1212 911 Neque
1252 841 1397 898 enim
1444 840 1810 912 praeiudicium
1852 842 1954 895 ali-

349 936 496 1008 quod
524 937 670 994 nasci
703 936 880 1006 potuit
905 952 974 992 ex
1015 951 1247 992 numero
1274 951 1497 1004 eorum,
1540 939 1629 1008 qui
1657 923 1800 1006 apud
1833 937 1952 992 Ari-

351 1030 557 1090 minum
584 1036 996 1087 convenerunt:
1024 1043 1146 1084 cum
1178 1038 1411 1095 constet,
1441 1045 1616 1100 neque
1646 1029 1951 1085 Romanum

347 1122 702 1192 episcopum,
736 1122 892 1190 cuius
936 1130 1062 1177 ante
1108 1137 1298 1178 omnes
1335 1121 1436 1178 fuit
1481 1123 1782 1192 expetenda
1829 1137 1955 1178 sen-

350 1214 545 1280 tentia,
580 1229 755 1284 neque
788 1213 1128 1281 Vicentium,
1161 1215 1249 1283 qui
1285 1222 1362 1269 tot
1391 1229 1561 1270 annos
1589 1214 1952 1270 sacerdotium

349 1309 560 1366 illibate
582 1310 836 1374 servavit,
867 1323 1042 1377 neque
1069 1307 1206 1362 alios
1237 1307 1546 1378 huiusmodi
1573 1307 1794 1363 statutis
1820 1323 1955 1363 con-

347 1417 573 1458 sensum
621 1400 854 1470 aliquem
899 1399 1314 1456 commodasse:
1357 1415 1481 1455 cum
1531 1401 1861 1468 prtesertim.
1895 1410 1955 1456 ut

351 1492 619 1556 diximus,
655 1491 816 1548 iidem
855 1491 990 1561 ipsi,
1026 1493 1114 1562 qui
1159 1507 1252 1560 per
1293 1492 1710 1561 impressionem
1757 1507 1953 1550 succu-

353 1585 536 1642 buisse
562 1583 921 1651 videbantur,
955 1585 1120 1642 iidem
1153 1586 1382 1642 consilio
1407 1587 1635 1644 meliore
1664 1587 1955 1657 displicere

355 1680 458 1734 sibi
493 1679 689 1734 fuerint
719 1679 1027 1749 protestati.

1039 351 1048 354 _
1825 261 2205 322 spissam.

345 375 554 432 violare
583 382 952 431 tentaveruot.
985 372 1091 430 Sed
1115 382 1169 430 et
1191 373 1243 430 ln
1274 375 1390 444 ipso
1411 375 1638 432 exordio
1663 375 1734 432 ab
1761 375 1950 432 iisdem
1978 377 2031 440 Α

3551 261 3658 321 550

2313 376 2724 439 EPISTOLE
2773 379 2825 440 ll
2872 377 3396 440 FRAGMENTA.

2051 493 2148 534 ειη
2197 493 2477 537 ΕΧΡΟΒΙΤΙΟ
2512 497 2654 537 PIDBI
2709 497 2760 536 IN
2809 497 3011 537 SYNODO
3051 497 3266 537 BOHANA
3309 495 3404 534 SUB
3448 491 3659 534 DAHASO

2254 589 2387 629 PAPA
2417 591 2578 632 EDITA
2625 592 2694 631 ET
2723 590 3045 631 TRANSIISSA
3078 593 3129 631 IN
3158 591 3450 632 ORIENTEM.

2686 691 3022 748 MONITUM.

2128 802 2259 857 IIazc
2305 804 2408 858 duo
2436 805 2723 877 fragmenta
2767 807 2837 861 ad
2873 806 3005 861 alias
3048 807 3138 861 sub
3166 805 3388 878 Damaso
3433 805 3662 877 synodos

2055 897 2342 966 pertinent,
2380 909 2433 951 ut
2449 901 2565 971 jam
2594 900 2724 954 dixi.
2753 898 2822 953 Id
2844 901 2971 954 uidit
2999 901 3151 954 etiam
3182 899 3546 964 Constantius,
3601 915 3662 954 ac

2055 994 2122 1048 cl.
2149 992 2216 1047 P.
2246 993 2507 1064 Iosephus
2538 993 2709 1050 Μανιδί
2747 994 3000 1066 supplem.
3042 1012 3187 1049 conc.
3216 1005 3342 1050 tom.
3372 994 3413 1060 l,
3443 1014 3498 1066 p.
3530 994 3659 1060 254;

2055 1085 2146 1141 sed
2169 1103 2271 1140 una
2293 1085 2438 1142 nobis
2469 1104 2572 1142 non
2599 1097 2674 1142 est
2714 1104 2890 1142 eorum
2915 1089 3232 1159 synodorum
3288 1098 3508 1158 tempus,
3538 1104 3665 1155 sup-

2057 1181 2274 1258 putandi
2301 1181 2455 1235 ratio.
2510 1178 2614 1236 Ille
2643 1182 2778 1236 enim
2803 1223 2817 1246 ,
2851 1199 3006 1253 quant
3044 1199 3137 1251 ego
3187 1182 3411 1236 ontnium
3443 1181 3663 1248 primaut

2055 1289 2234 1328 censeo
2259 1313 2276 1346 ,
2306 1289 2366 1326 ac
2398 1289 2534 1326 anno
2565 1273 2670 1330 369
2693 1284 3054 1346 congregatum
3082 1283 3203 1346 puto
3221 1317 3236 1337 ,
3261 1289 3396 1327 anno
3427 1273 3532 1327 572
3557 1272 3668 1328 col-

2058 1366 2242 1421 lectam
2309 1366 2586 1420 arbitratur
2635 1383 2752 1419 ctmt
2807 1365 2994 1437 Pagio.
3037 1363 3278 1432 Deinde,
3361 1380 3515 1435 quant
3567 1379 3661 1433 ego

2058 1457 2319 1530 duplicem
2337 1502 2352 1526 ,
2387 1469 2538 1529 atque
2559 1459 2777 1514 alteram
2803 1475 2938 1512 anno
2975 1458 3080 1514 574
3097 1503 3114 1523 ,
3139 1459 3355 1512 alteram
3399 1473 3535 1513 anno
3555 1457 3663 1512 576

2058 1561 2144 1606 aut
2176 1553 2452 1622 sequenti,
2496 1569 2558 1607 ea:
2613 1553 2814 1622 duplici
2864 1555 2958 1606 hoc
2991 1557 3278 1624 fragmento
3308 1561 3514 1614 statuo,
3575 1552 3666 1607 ille

2057 1645 2265 1700 unicam
2289 1646 2568 1708 existimat,
2613 1655 2658 1700 et
2684 1644 2794 1700 [uec
2824 1646 2938 1714 ipsa
2967 1646 3254 1716 fragmenta
3281 1645 3349 1698 ad
3377 1662 3488 1698 eam
3516 1660 3662 1714 spec-

428 1770 581 1827 Unde
612 1738 844 1824 advertit
873 1771 1160 1826 sinceritas
1182 1782 1357 1828 vestra
1386 1772 1526 1830 hanc
1557 1773 1731 1827 solam
1765 1773 1951 1840 ﬁdem,
1985 1773 2031 1836 Β
2061 1745 2168 1791 me
2191 1739 2263 1792 an
2292 1754 2428 1840 ‘f’mo
2454 1739 2559 1840 ³7⁷
2587 1749 2971 1840 σθηθνθθαξθξη·
3019 1738 3457 1840 δῗάιψωκφηξωξ
3486 1738 3659 1792 ""m'

354 1878 478 1934 quae
523 1862 663 1932 apud
695 1861 930 1918 Nicaeam
973 1861 1355 1932 Apostolorum
1386 1865 1706 1919 auctoritate
1737 1865 1955 1920 fundata

354 1963 462 2017 est,
480 1961 733 2023 perpetua
761 1953 1017 2029 ﬁrmitate
1036 1969 1159 2008 esse
1173 1954 1531 2019 retinendam;
1561 1957 1660 2010 hac
1675 1957 1955 2013 nobiscum

359 2045 695 2114 Orientales,
725 2047 816 2117 qui
845 2061 905 2110 se
932 2046 1235 2104 catholicos
1259 2059 1674 2119 recognoscant,
1694 2050 1958 2107 Occiden-

354 2141 602 2212 talesque
623 2140 845 2210 gloriari
872 2159 884 2194 :
917 2155 1024 2196 non
1058 2141 1216 2212 longe
1238 2151 1417 2200 autem
1443 2144 1556 2199 ﬁeri
1586 2159 1744 2214 posse
1773 2145 1954 2200 credi-

354 2251 502 2304 mus,
520 2247 574 2292 ut
590 2235 681 2305 qui
693 2251 852 2292 secus
871 2236 1134 2302 sentiunt,
1156 2246 1176 2274 ο
1202 2236 1326 2292 licet
1341 2236 1441 2292 hoc
1463 2238 1577 2306 ipso
1590 2246 1786 2293 conatu
1809 2253 1839 2293 a
1859 2254 1956 2292 no-

351 2338 472 2386 stra
502 2328 884 2383 communione
905 2327 1029 2384 exui
1055 2328 1293 2396 possint,
1333 2329 1626 2399 plebesque
1656 2345 1844 2387 eorum
1871 2346 1958 2387 er-

353 2425 578 2488 roribus
596 2427 606 2476 l
616 2424 760 2482 ibera
771 2433 834 2480 ue
848 2424 1136 2492 respirent.
1160 2423 1621 2491 Quemadmodum
1634 2426 1779 2480 enim
1809 2435 1958 2494 pote-

355 2529 490 2576 runt
501 2519 775 2588 corrigere
792 2525 969 2578 errata
986 2517 1329 2587 papulorum,
1345 2519 1388 2573 si
1405 2519 1550 2587 ipsos
1561 2535 1714 2574 error
1728 2520 1959 2576 obsede-

355 2612 779 2678 ritd?Concinat
802 2627 934 2683 ergo
955 2626 1078 2670 cum
1107 2611 1358 2668 omnibus
1390 2613 1485 2667 Dei
1504 2612 1876 2668 sacerdotibus
1904 2621 1957 2668 et

355 2716 558 2770 vestrae
587 2707 858 2766 sententia
901 2706 1182 2762 cliaritatis
1233 2720 1248 2763 :
1292 2707 1345 2760 in
1377 2721 1480 2775 qua
1512 2720 1607 2760 vos
1637 2706 1772 2762 ﬁxos
1797 2715 1959 2777 atque

359 2802 608 2860 ﬁrmatos
648 2810 708 2855 ut
729 2800 870 2856 bene
913 2799 1206 2865 credimus,
1238 2798 1314 2854 ita
1349 2799 1510 2854 etiam
1550 2814 1648 2854 nos
1679 2799 1956 2855 vobiscum

358 2904 514 2957 recte
544 2895 746 2952 sentire
775 2893 1036 2954 debemus
1068 2903 1091 2930 ο
1115 2892 1411 2963 reciprocis
1437 2893 1738 2949 sanctitatis
1764 2902 1961 2949 vestrm

362 2986 563 3048 litteris
593 2985 916 3056 approbare.

440 3077 553 3147 Ego
577 3077 810 3134 Sabinus
845 3075 864 3115 ί
897 3076 1156 3135 diaconus
1203 3075 1619 3134 Mediolanensis
1646 3077 1855 3149 legatus
1894 3078 1964 3136 de

365 3168 684 3225 authentico
711 3167 856 3226 dedi.
1991 3169 2037 3234 C,

445 3492 733 3548 ttValesius
752 3488 1085 3543 contrariam.
1122 3485 1504 3542 Vallicellanus
1531 3484 1699 3540 codex
1726 3501 1739 3550 ;
1767 3486 1973 3544 Idcirco

368 3569 508 3640 quod
539 3581 640 3618 non
668 3561 1067 3624 intellexissent,
1104 3557 1321 3640 Patrum
1368 3559 1670 3614 sententiam
1699 3559 1842 3628 apud
1874 3557 1974 3612 Ni-

374 3630 534 3694 caeam
558 3640 961 3708 formatamgesse
984 3630 1317 3685 contrariam.

447 3710 477 3748 ι)
519 3699 631 3762 Ηόο
655 3705 853 3760 celebri
883 3705 1000 3758 loco
1018 3711 1264 3756 reccnter
1290 3699 1452 3755 etiam
1478 3716 1603 3754 usus
1621 3707 1705 3753 est
1723 3699 1807 3754 vir
1835 3699 1970 3754 clar.

373 3783 464 3838 ιο.
497 3779 736 3848 Baptista
759 3773 1006 3848 Bartolus
1029 3776 1078 3827 in
1111 3770 1363 3848 Patavina
1389 3771 1971 3848 llﬂliﬂljSllﬂQdOClle,

375 3854 508 3909 olim
537 3842 812 3904 Canopum
844 3845 1116 3914 professor
1143 3843 1449 3911 primarius,
1483 3842 1780 3898 Foltrensis
1810 3843 1972 3897 modo

377 3925 687 3997 episgopus,
714 3913 958 3997 apologis
986 3930 1088 3997 pro
1135 3914 1375 3997 linuprio
1401 3931 1568 3997 :nnam
1602 3929 1720 3967 cum
1751 3913 1974 3968 alteram

379 3984 447 4051 aii
497 3984 764 4062 Sergium
799 3984 1020 4042 lloiiorii
1071 3986 1355 4062 epistolam
1416 3984 1657 4039 falsatam
1687 4027 1701 4049 ,
1754 3999 1979 4062 corrup-

382 4055 625 4136 tatnque',
659 4063 878 4136 alteram
919 4072 1139 4136 pr_orsus
1165 4055 1449 4136 conﬁctam
1479 4060 1814 4136 argumentis
1859 4072 1982 4124 gra-

383 4129 622 4192 vissimis
651 4131 939 4195 evicisset,
975 4131 1075 4184 hoc
1129 4129 1340 4194 tandem
1378 4129 1612 4193 Damasi,
1641 4129 1982 4196 aliorumque

383 4207 701 4282 pontiﬁcum
727 4203 1037 4282 testimonio
1082 4200 1320 4266 conﬁcit,
1353 4200 1551 4282 imllam
1601 4199 1980 4282 epis_tolis.i|li.s

385 4268 648 4336 accedere
676 4275 1050 4330 auctoritatem
1080 4286 1242 4342 posse
1271 4286 1334 4324 ex
1367 4279 1523 4342 senta
1556 4269 1799 4342 synodo,
1815 4268 1979 4335 siqui-

385 4355 514 4407 dem
569 4348 713 4403 aliud
755 4346 969 4401 esseait
1013 4339 1204 4414 synodi
1252 4339 1631 4408 deﬁnitiones,
1662 4339 1804 4414 aliud
1852 4354 1981 4414 vero

389 4425 770 4494 episcoporum
801 4418 853 4472 in
878 4411 1084 4494 synodo
1113 4422 1556 4494 congregatarum
1602 4411 1901 4494 judicium...
1922 4411 1984 4466 il.

389 4483 484 4550 iud
509 4483 740 4555 scilicet,
769 4483 922 4560 quod
941 4488 1055 4560 sive
1083 4495 1295 4550 contra,
1317 4483 1431 4560 sive
1459 4495 1656 4560 prseter
1673 4483 1984 4560 apostolicae

390 4565 541 4623 sedis
572 4553 835 4630 przccepia
861 4558 1129 4628 prolatum
1169 4567 1268 4612 est.
1313 4556 1422 4612 Sed
1449 4571 1571 4610 eum
1603 4553 1800 4610 vidisse
1848 4569 1986 4625 prte-

393 4637 559 4693 stabit
590 4649 709 4703 cap.
741 4632 814 4688 23
835 4638 891 4685 et
909 4645 1061 4703 sentt.

474 4719 495 4746 ε
538 4695 910 4761 Tlteodoretus
942 4695 1068 4757 ἄλλα
1105 4705 1382 4760 νοσοῦντας
1407 4739 1422 4764 ,
1451 4695 1590 4767 quod
1623 4696 1783 4766 longe
1815 4695 1924 4750 abit
1956 4711 1984 4750 a

395 4781 567 4836 latino
591 4792 775 4840 sensu,
809 4787 1131 4842 quamquam
1177 4778 1277 4825 hoc
1305 4765 1481 4842 etiam
1499 4765 1629 4842 ferri
1658 4765 1859 4842 possit:
1912 4770 1990 4822 sic

399 4851 626 4908 Pltotius
657 4839 767 4902 BB.
811 4839 864 4914 ρ.
889 4843 996 4898 552
1051 4845 1182 4896 edit.
1232 4839 1482 4896 Hescltcl.
1513 4843 1580 4914 rei
1611 4839 1990 4913 ’Λπολλιναρίου

397 4931 698 4981 νοσοῦντας.
718 4911 981 4973 ueterum
996 4914 1174 4969 locum
1199 4924 1510 4979 corruptum
1526 4911 1759 4965 fatentur
1777 4928 1863 4964 om
1873 4911 1988 4976 nes,

397 5008 456 5050 et
491 5007 759 5046 mancum.
788 4988 1030 5042 Valesius
1058 4986 1236 5055 itaque
1261 4984 1328 5038 ad
1351 4983 1620 5037 Theodor.
1649 4983 1742 5036 lib.
1768 4997 1806 5055 tt
1828 5023 1842 5047 ,
1871 4996 1991 5055 cap.

396 5065 476 5122 2‘2
501 5107 514 5128 ,
545 5063 624 5118 sic
652 5062 796 5116 illam
829 5059 1076 5126 supplet,
1105 5068 1161 5110 ut
1186 5056 1272 5126 qui
1307 5071 1452 5128 secus
1473 5055 1696 5128 sentiunt
1717 5094 1730 5117 ,
1766 5054 1879 5128 licet
1902 5054 2020 5107 hoc.

399 5126 517 5210 ipsa
537 5144 723 5189 conatu
750 5149 782 5185 a
806 5142 989 5210 nostra
1017 5129 1369 5210 communione
1384 5126 1540 5179 alieni
1569 5126 1669 5178 sint
1695 5165 1709 5190 ,
1735 5126 1998 5195 episcOpo-

402 5199 523 5263 r'um
555 5207 757 5259 nomine
777 5203 892 5256 exui
921 5200 1132 5269 possint,
1169 5199 1450 5269 plebesque,
1484 5207 1588 5250 etc.

479 5275 506 5316 ά
552 5266 1053 5346 llieronymusatlv.
1085 5266 1257 5330 Lucii.
1293 5267 1432 5346 Nam
1453 5284 1568 5321 cum
1595 5267 1710 5320 ideo
1731 5266 2002 5346 episcopus

405 5351 464 5404 in
489 5349 722 5403 Ecclesia
743 5339 1104 5405 constituatur,
1131 5353 1182 5394 ut
1199 5342 1444 5412 populum
1465 5347 1695 5412 coerceat
1723 5339 2001 5412 aberrare,

406 5430 632 5492 quaittus
656 5433 799 5492 error
827 5408 1210 5492 e_rit_i_n_populo
1233 5454 1248 5477 ,
1268 5408 1392 5492 cum
1415 5419 1549 5492 errat
1572 5411 1658 5492 ille
1673 5452 1686 5470 ,
1723 5411 1810 5478 qui
1835 5408 2000 5492 docet.

489 5504 512 5528 ι’
539 5492 678 5560 Lege
698 5488 905 5554 debetis,
929 5480 1138 5560 Valeslo
1167 5491 1402 5538 auctore.
1421 5480 1707 5560 Synodica:
1733 5493 1807 5560 eo.
1827 5481 2008 5560 cousi-

414 5565 488 5619 lio
537 5549 906 5623 intuebantur,
941 5567 999 5612 ut
1026 5557 1351 5624 reliquorum
1385 5549 1480 5622 per
1507 5552 1692 5624 orbem
1722 5549 2008 5624 episcopos

413 5650 536 5690 rum
566 5621 1290 5704 consensus_'esquireijetur
1309 5667 1324 5692 ,
1351 5621 1490 5704 ⁸ιιιιο
1519 5621 1742 5704 definito
1768 5622 2004 5704 dogmati

413 5707 501 5763 vis
549 5704 835 5760 accederet
878 5690 1652 5756 indeclinabilisrconsensus
1679 5690 1766 5748 ille
1800 5693 2005 5761 apertis

416 5779 738 5863 plerumque
768 5773 948 5834 verbis
976 5771 1086 5853 peti
1115 5776 1502 5831 consueverat:
1534 5775 1588 5824 at
1609 5763 1822 5844 petendi
1847 5764 2002 5837 ratio,

2061 1847 2146 1884 ma
2171 1829 2313 1898 apud
2353 1846 2432 1882 me
2456 1830 2554 1889 sit,
2607 1839 2661 1882 ut
2689 1846 2798 1884 esse
2827 1829 3005 1893 debet,
3036 1830 3133 1884 uiri
3178 1828 3457 1883 doctissimi
3483 1840 3662 1884 aucto-

2057 1923 2184 1978 ritas
2205 1963 2219 1988 ,
2249 1920 2380 1976 nihil
2407 1930 2572 1975 tamen
2597 1937 2660 1974 ea:
2703 1922 2765 1975 iis
2787 1963 2801 1988 ,
2825 1937 2942 1991 qua:
2978 1922 3094 1991 jam
3128 1921 3431 1991 scripseram
3467 1920 3659 1974 immu-

2058 2013 2275 2068 tandum
2303 2014 2496 2066 censui.
2534 2011 2673 2064 Nam
2703 2029 2821 2066 cum
2855 2012 3140 2068 Orientales
3161 2054 3176 2078 ,
3209 2013 3275 2065 ad
3296 2027 3422 2081 quos
3449 2013 3657 2077 scriptio

2056 2124 2088 2160 a
2122 2105 2365 2159 Romanis
2404 2105 2509 2159 illis
2538 2105 2772 2160 conciliis
2816 2105 2999 2160 litterae
3029 2106 3203 2159 allatae
3244 2105 3360 2174 jam
3410 2105 3654 2173 fuerant,

2058 2199 2185 2252 diris
2207 2197 2312 2250 illis
2343 2213 2402 2250 ac
2435 2196 2740 2250 turbulentis
2787 2196 2880 2256 sub
2927 2195 3144 2250 Valente
3173 2195 3485 2263 temporibus
3509 2235 3524 2257 ,
3574 2211 3660 2263 sy-

2057 2291 2222 2345 nodos
2249 2306 2370 2344 suas
2393 2305 2574 2360 cogere
2605 2305 2707 2344 non
2739 2290 3040 2360 potuissent,
3076 2290 3250 2342 statim
3275 2304 3334 2342 ac
3361 2304 3417 2341 eo
3445 2287 3663 2356 defunc-

2057 2392 2109 2436 to
2133 2384 2298 2450 licuit,
2332 2382 2641 2455 collegerunt
2680 2398 2790 2435 sese
2819 2399 2956 2435 anno
2981 2381 3174 2435 scilicet
3201 2381 3304 2436 579
3330 2395 3516 2448 easque
3536 2394 3630 2447 syn
3647 2406 3662 2416 -

2060 2476 2237 2530 odicas
2283 2492 2458 2529 omnes
2507 2477 2742 2545 legerunt
2769 2475 2821 2527 iu
2846 2475 3098 2546 frequenti
3144 2488 3421 2536 consessu,
3451 2469 3664 2539 deﬁnita

2061 2568 2114 2621 in
2140 2569 2201 2622 iis
2230 2568 2473 2639 dogmata
2517 2567 2773 2638 complexi
2800 2576 2936 2632 sunt,
2971 2576 3121 2632 atque
3151 2582 3208 2618 ea
3229 2607 3244 2629 ,
3287 2579 3401 2634 qua:
3428 2579 3663 2618 necessa-

2060 2661 2140 2714 ria
2170 2661 2277 2713 visa
2305 2670 2444 2724 sunt,
2491 2676 2552 2713 ex
2580 2659 2644 2712 iis
2687 2667 2926 2727 excerpta
2966 2658 3078 2726 ejus
3109 2656 3317 2710 concilii
3359 2656 3487 2709 actis
3530 2655 3665 2708 inse-

2062 2762 2278 2807 ruerunt
2301 2751 2428 2822 (tn'd.
2458 2769 2573 2822 cap.
2611 2750 2695 2821 Η)
2723 2768 2740 2818 ;
2773 2760 2922 2821 atque
2939 2751 3046 2803 Itwc
3069 2760 3141 2803 est
3166 2750 3296 2803 ratio
3316 2790 3330 2813 ,
3365 2764 3458 2801 cur
3486 2746 3665 2801 eadem

2063 2850 2385 2917 fragmenta,
2436 2845 2530 2897 etsi
2561 2843 2760 2897 diverso
2809 2851 3032 2914 tempore
3061 2843 3253 2908 scripta
3297 2849 3415 2896 sunt
3444 2880 3458 2906 ,
3503 2853 3664 2908 neque

2066 2961 2156 3016 ego
2185 2944 2475 3014 separanda
2498 2943 2754 2997 duxerim.

2441 3056 2922 3114 FRAGMENTUM
2997 3055 3278 3112 PRIMUM.

2519 3165 2647 3203 ITEM
2673 3165 2742 3202 EX
2765 3164 2936 3203 PARTE
2965 3164 3210 3203 DECBBTI.

2140 3261 2183 3318 Ι.
2210 3261 2284 3319 Ea
2310 3263 2481 3334 gratia
2509 3304 2523 3327 ,
2555 3262 2750 3318 fratres
2769 3304 2784 3327 ,
2811 3262 3032 3318 Iericho
3060 3262 3146 3316 illa
3180 3271 3228 3324 κ,
3251 3275 3372 3329 quae
3397 3257 3564 3328 ﬁgura
3589 3267 3675 3312 est

2065 3357 2410 3412 saecularium
2440 3356 2779 3423 voluptatum
2802 3398 2842 3420 ,_
2869 3355 3208 3409 conclamata
3237 3349 3478 3406 concidit
3502 3391 3516 3415 ,
3569 3363 3670 3404 nec

2077 3505 2179 3558 qua
2214 3489 2472 3544 Damasus
2495 3487 2598 3542 hoc
2626 3488 2746 3542 loco
2778 3487 2944 3541 utitur
2970 3527 2983 3547 ,
3015 3486 3081 3540 ad
3112 3484 3474 3558 Christianam
3498 3481 3673 3536 humi-

2082 3555 2282 3616 litatem
2329 3560 2500 3626 [Iliing
2541 3560 2769 3613 accedit.
2799 3559 2893 3613 Sic
2941 3558 3224 3631 Ancyrana
3266 3555 3504 3626 synodus
3535 3566 3676 3631 anno

2078 3631 2182 3687 555
2215 3637 2568 3699 congregata,
2622 3632 2861 3700 quocirca
2886 3671 2900 3690 .
2950 3632 3022 3683 ait
3048 3627 3074 3694 ,⁷
3116 3631 3269 3682 etiam
3313 3637 3467 3700 atque
3509 3627 3677 3700 etiarn

2081 3697 2371 3769 precamur,
2404 3697 2515 3754 ven.
2551 3697 2743 3755 domini
2783 3712 2826 3753 et
2858 3701 3097 3770 collegia,
3123 3710 3176 3752 ut
3208 3699 3349 3752 lectis
3376 3699 3454 3749 ftis
3499 3697 3682 3749 litteris

2080 3784 2188 3827 tum
2219 3774 2364 3828 nobis
2391 3774 2632 3826 traditam
2656 3791 2687 3827 a
2717 3773 2999 3840 maioribus
3025 3772 3179 3840 ﬁdem
3205 3771 3344 3821 cordi
3367 3783 3529 3840 esse,
3571 3777 3676 3840 tum

2080 3863 2174 3900 nos
2223 3846 2400 3899 eadem
2449 3844 2708 3898 uobiscum
2757 3837 2946 3898 sentire
2987 3837 3035 3895 et
3089 3841 3318 3910 proﬁteri
3359 3837 3678 3910 signiﬁcetis.

2081 3917 2383 3971 Constantii
2434 3917 2613 3983 itaque
2657 3915 3002 3976 emendatio,
3057 3909 3105 3968 et
3154 3909 3524 3983 iiitvrprotatio
3574 3921 3678 3960 non

2083 3988 2281 4056 placet.
2317 3978 2566 4056 Nuperus
2625 3986 2760 4041 Viue
2809 3985 3117 4050 Hieronymi
3159 3984 3390 4056 scriptor
3439 3978 3677 4056 Ancona:

2084 4051 2420 4128 impressus,
2442 4059 2603 4112 hasce
2625 4058 2688 4111 ad
2712 4058 2957 4129 Illyricos
2981 4057 3187 4129 litteras
3219 4055 3410 4129 missas
3429 4068 3458 4105 a
3485 4051 3644 4104 Dama
3672 4081 3678 4087 -

2086 4146 2146 4185 so
2165 4123 2375 4189 'aSserit
2404 4145 2547 4184 allIIO
2575 4130 2682 4186 582
2711 4123 2813 4182 non
2840 4130 2998 4183 aliam
3031 4126 3272 4197 profecto
3303 4123 3372 4178 ob
3419 4137 3636 4178 causam
3666 4162 3680 4187 ,

2086 4217 2248 4273 quam
2283 4212 2338 4256 ut
2365 4216 2458 4256 eas
2487 4201 2816 4272 Hieronymo
2839 4217 2937 4254 suo
2963 4200 3243 4254 attribuat.

2165 4294 2183 4332 τ
2223 4293 2358 4349 Cum
2391 4294 2622 4350 Sabinus
2655 4295 2792 4348 hanc
2829 4293 3091 4346 duntaxat
3136 4288 3418 4359 epistolam
3446 4286 3580 4359 alias
3619 4284 3682 4337 ad

2089 4367 2331 4435 Illyricos
2357 4367 2579 4420 missam
2607 4405 2620 4427 ,
2655 4364 3022 4419 Orientalibus
3043 4356 3321 4435 attulerit,
3343 4356 3683 4435 tuatiileslum

2089 4428 2173 4494 est
2219 4450 2306 4500 ea,
2335 4451 2452 4504 quzc
2476 4448 2796 4504 sequuntur,
2827 4435 3122 4505 fragmenta
3153 4436 3251 4486 hac
3276 4430 3393 4498 ejus
3417 4428 3685 4496 legatione

2089 4509 2387 4579 posteriora
2419 4523 2562 4561 esse.

2013 4624 2067 4687 ι)
2143 4595 2566 4687 ¹Ωίράίοιαιιρξιιξίε
2581 4595 2830 4687 Ιξςσιεέαξ
2848 4593 3133 4679 Diaconus.
3150 4591 3475 4687 Quesnel’l-us

2093 4671 2158 4725 ad
2187 4671 2353 4725 Leon.
2380 4668 2538 4737 epiSI.
2593 4668 2657 4720 ll
2689 4684 2703 4721 :
2735 4667 3182 4721 Solemnissimum
3212 4682 3318 4719 esse.
3347 4666 3421 4717 ait
3446 4704 3460 4725 ,
3495 4672 3546 4714 ut
3577 4676 3691 4737 cum

2096 4741 2316 4796 Romani
2371 4733 2635 4809 pontifices
2687 4739 2752 4791 ad
2785 4740 3068 4810 synodum,
3093 4739 3172 4792 vel
3200 4740 3266 4791 ad
3295 4737 3560 4806 episcoims
3594 4733 3692 4810 ali-

2094 4830 2218 4884 quos
2252 4828 2344 4880 pro
2363 4804 2586 4881 alicujus
2612 4804 2853 4884 momenti
2883 4813 3082 4884 negotio
3102 4804 3386 4884 scribebant
3414 4848 3426 4870 ,
3457 4820 3546 4874 per
3591 4804 3691 4857 ali-

2095 4881 2240 4956 quem
2256 4900 2320 4938 ea:
2348 4884 2457 4956 suis
2484 4885 2550 4934 ad
2566 4881 3248 4956 lio_cimprintisdestinatunt
3265 4882 3316 4933 id
3329 4881 3576 4956 facerent.
3593 4892 3693 4928 non

2099 4951 2213 5010 uero
2240 4970 2328 5025 per
2356 4955 2579 5006 alienum
2609 4951 2885 5007 Clericum.
2919 4954 3030 5008 lloc
3059 4955 3221 5023 igitur
3265 4953 3458 5006 saltem
3504 4961 3688 5002 exent-

2101 5028 2192 5097 plo
2225 5025 2511 5080 refellitur.

2174 5129 2199 5164 ες
2241 5117 2364 5171 Hmc
2401 5115 2643 5168 imitatur
2675 5116 2988 5171 Ambrosius
3018 5117 3110 5170 lib.
3143 5133 3174 5169 v
3199 5115 3266 5170 de
3291 5111 3435 5177 Fid.,
3465 5109 3584 5177 cap.
3619 5107 3651 5159 ὦ
3679 5124 3691 5159 ε

2107 5190 2224 5245 Νοιι
2245 5197 2431 5242 ceratas
2457 5188 2590 5240 acies
2622 5189 2673 5240 in
2705 5188 2837 5241 bella
2869 5187 3111 5256 produxit
3137 5231 3151 5251 ,
3204 5203 3293 5240 nec
3330 5184 3518 5244 ariete,
3550 5188 3689 5230 carie-

2103 5264 2272 5331 risque
2296 5267 2660 5331 tormentormn
2693 5261 2964 5323 machinis,
2995 5261 3086 5312 sed
3139 5262 3371 5312 tubarum
3399 5261 3584 5331 septem
3610 5265 3696 5331 stt-

2107 5323 2442 5387 cerdotalium
2471 5347 2594 5382 sono
2617 5371 2630 5394 ,
2666 5347 2932 5383 murorum
2963 5331 3224 5383 hostilium
3263 5323 3690 5400 septadeposuit.

2108 5406 2198 5460 Sic
2224 5403 2382 5457 etiam
2413 5400 2596 5456 Sixtus
2620 5391 2701 5454 ἸΙΙ
2733 5404 3098 5455 Nestoriauam
3139 5391 3385 5451 lucrosim
3419 5391 3696 5461 Epliesioo

2111 5475 2344 5530 concilio
2371 5487 2612 5527 eversam
2642 5513 2654 5531 ,
2688 5479 2745 5524 ut
2770 5473 2953 5524 urbem
2993 5468 3412 5523 llieticutttiuam
3444 5478 3565 5518 arca
3596 5464 3701 5516 cir-

2112 5547 2396 5601 cumducta
2422 5585 2433 5602 ,
2469 5552 2521 5595 et
2551 5542 2692 5594 tubis
2736 5542 3163 5596 sacerdotalibus
3189 5537 3561 5606 clangentibus
3588 5535 3700 5587 col-

2115 5618 2341 5686 lapsam,
2376 5613 2780 5686 pic_tu_ris,qu:e_
2803 5629 2940 5686 nunc
2971 5613 3131 5686 etiam
3167 5621 3706 5686 Stipersutit,_repr:r-

2112 5677 2346 5766 sentam
2371 5677 2421 5766 in
2454 5677 2988 5766 biberianabasilica
3015 5677 3283 5766 Ciampin.
3309 5678 3428 5750 vet.
3459 5677 3696 5747 Monum.

2111 5777 2166 5845 p.
2197 5761 2289 5830 75,
2321 5759 2430 5817 tab.
2454 5757 2547 5827 43,
2587 5767 2642 5837 p.
2685 5753 2811 5819 ἥδ.
