4138 6178
456 199 558 260 551

1720 191 1967 251 SANCTI
2006 190 2259 249 DAMAS!
2299 188 2508 247 ΡΑΗΕ

3661 188 3769 246 553

453 315 726 389 resurgit;
759 314 882 387 quia
913 326 1102 369 omnes
1130 323 1242 366 uno
1280 322 1375 365 ore
1405 306 1566 364 unius
1594 306 1807 363 virtutis
1837 347 1852 373 ,
1892 306 2054 361 unius
2080 306 2137 370 Α
2162 304 2297 360 fides
2339 311 2552 369 nostra;
2582 316 2743 373 quam
2767 300 2995 373 quisque
3016 301 3291 372 sequitur,
3316 310 3504 358 noster
3528 311 3610 359 est
3642 318 3766 375 par-

453 410 754 482 majestatis
777 450 793 476 ,
824 408 985 463 unius
1013 404 1313 461 divinitatis
1332 444 1346 469 ,
1366 402 1531 457 unius
1554 402 1689 457 usia:
1715 400 1943 457 dicimus
1972 398 2057 454 di-

455 493 777 548 vinitatem:
833 490 903 544 ita
936 496 997 543 ut
1053 485 1475 558 inseparabilem
1530 492 1894 556 potestatem,
1949 493 2060 539 tres

456 591 640 639 tamen
660 595 971 637 asseramus
998 594 1120 635 esse
1150 592 1412 651 personas
1430 620 1446 646 ,
1479 592 1580 633 nec
1603 576 1782 633 redire
1810 577 1863 631 in
1889 591 1947 631 se
1970 583 2064 630 aut

459 674 668 742 minui,
694 682 753 729 ut
782 672 1029 745 plerique
1060 671 1439 741 blasphemant
1459 712 1474 736 ,
1508 669 1604 725 sed
1628 684 1846 740 semper
1873 684 2061 724 mane-

457 786 520 828 re
546 780 595 837 tl;
629 786 728 827 nec
756 770 1014 842 potentia:
1040 768 1240 840 gradus
1268 766 1533 837 quosdam
1560 774 1819 836 ortusque
1852 773 2064 835 tempo-

458 877 519 919 ra
553 861 858 931 disparata;
914 875 1015 916 nec
1046 860 1368 930 prolativum
1391 902 1407 928 ,
1466 869 1526 915 ut
1580 858 1990 933 generationem
2014 857 2065 913 ei

460 954 686 1020 demas;
713 969 813 1010 nec
846 952 1219 1023 imperfectum
1246 992 1262 1019 ,
1296 960 1353 1007 ut
1372 951 1437 1007 ad
1463 966 1750 1023 personam
1778 961 1868 1005 aut
1890 951 2066 1005 Patris

462 1059 697 1112 natura,
728 1055 823 1101 aut
850 1046 1149 1101 divinitatis
1199 1046 1250 1100 ei
1307 1044 1587 1115 plenitudo
1637 1044 1906 1110 defuerit;
1966 1059 2068 1100 nec

465 1141 783 1197 dissimilem
832 1156 995 1212 opere
1052 1139 1290 1207 Filium,
1352 1155 1453 1195 nec
1508 1139 1831 1196 dissimilem
1882 1147 2066 1209 potes-

461 1242 605 1302 tate,
640 1242 733 1288 aut
758 1248 854 1304 per
902 1235 1161 1288 universa
1223 1232 1539 1287 dissimilem
1572 1250 1585 1286 :
1621 1246 1720 1286 nec
1771 1231 2069 1287 subsistere

467 1326 705 1392 aliunde,
724 1326 820 1382 sed
844 1312 923 1381 de
941 1326 1053 1381 Deo
1080 1334 1263 1381 natum
1285 1366 1301 1392 ,
1333 1340 1433 1381 nec
1456 1325 1647 1380 falsum
1672 1325 1740 1380 de
1772 1325 1885 1380 Deo
1914 1340 2065 1392 vero,

471 1420 569 1475 sed
601 1419 772 1474 Deum
790 1434 977 1474 verum
991 1418 1060 1474 de
1084 1420 1193 1473 Deo
1222 1433 1352 1474 vero
1368 1433 1488 1474 esse
1516 1427 1854 1488 generatum,
1891 1406 2071 1473 lumen

469 1523 658 1566 verum
685 1511 754 1567 de
776 1525 904 1566 vero
925 1510 1168 1577 lumine;
1228 1526 1296 1566 ne
1340 1511 1607 1565 minutum
1663 1518 1756 1565 aut
1796 1509 2070 1566 diversum

470 1612 734 1675 putetur:
788 1602 934 1673 quod
982 1601 1290 1674 unigenitus
1335 1601 1498 1657 habet
1536 1601 1891 1672 splendorem
1936 1602 2073 1658 lucis

469 1703 689 1751 teternae
750 1695 874 1765 quia
911 1702 1118 1750 naturae
1162 1695 1354 1750 ordine
1423 1709 1595 1765 neque
1623 1695 1740 1751 sine
1778 1695 2069 1765 splendore
2102 1705 2148 1766 Β

471 1787 690 1854 lumen;
722 1801 897 1855 neque
946 1786 1207 1859 splendor
1238 1794 1417 1859 potest
1464 1802 1587 1844 esse
1639 1789 1757 1844 sine
1804 1788 2046 1844 lumine:

474 1879 764 1952 imaginem
792 1896 1009 1953 quoque
1033 1882 1207 1938 Patris
1230 1924 1245 1948 ,
1291 1892 1353 1937 ut
1380 1898 1504 1938 eum
1522 1884 1611 1954 qui
1643 1884 1860 1950 viderit,
1880 1884 2080 1940 viderit

476 1984 532 2030 et
597 1974 830 2029 Patrem.
893 1972 1156 2029 Eumdem
1226 1976 1613 2045 redemptionis
1663 1984 1861 2031 nostra:
1908 1977 2079 2047 gratia

474 2066 807 2139 processisse
826 2066 894 2122 de
909 2066 1156 2138 Virgine;
1173 2075 1231 2122 ut
1243 2070 1513 2138 perfectus
1527 2067 1690 2124 homo
1718 2084 1815 2138 pro
1840 2068 2081 2140 perfecto

476 2165 566 2230 qui
592 2166 1143 2234 peccaveratliomine
1163 2175 1492 2220 nasceretur.
1518 2165 1683 2237 Ergo,
1701 2165 1916 2234 fratres,
1936 2182 2083 2223 asse‘

477 2271 662 2311 ramus
687 2257 777 2313 Dei
801 2257 993 2312 Filium
1025 2268 1081 2313 et
1109 2258 1403 2327 perfectum
1432 2260 1704 2315 hominem
1735 2260 2080 2331 suscepisseb

477 2348 737 2421 Spiritum
784 2366 1000 2422 quoque
1048 2360 1292 2408 sanctum
1326 2363 1347 2391 ε
1379 2352 1700 2419 increatum,
1731 2362 1890 2424 atque
1925 2354 2082 2411 unius

480 2442 796 2513 majestatis,
831 2444 989 2499 unius
1033 2444 1185 2511 usize,
1210 2446 1367 2500 unius
1393 2445 1608 2500 virtutis
1633 2461 1755 2502 cum
1790 2446 1900 2501 Deo
1923 2446 2084 2503 Patre

478 2542 533 2590 ct
561 2534 789 2590 Domino
812 2545 996 2591 nostro
1016 2536 1143 2591 Jesu
1168 2537 1381 2593 Christo
1408 2538 1692 2595 fateamur.
1723 2538 1909 2610 Neque
1937 2541 2079 2595 enim

479 2636 744 2683 creaturae
759 2628 950 2701 dignus
978 2630 1168 2701 injuria
1190 2641 1294 2699 est,
1307 2634 1395 2701 qui
1420 2632 1653 2687 emisSus
1666 2643 1749 2687 est
1773 2642 1826 2688 ut
1851 2642 2079 2701 crearet,

481 2719 617 2775 sicut
632 2720 890 2791 propheta
905 2734 1123 2778 sanctus
1145 2725 1572 2779 astruxitdicens
1590 2743 1602 2779 :
1620 2722 1810 2779 Emitte
1828 2725 2084 2796 Spiritum

482 2821 626 2866 tuum
648 2855 664 2880 ,
689 2824 735 2868 et
755 2815 1104 2871 creabantur:
1132 2808 1329 2872 deinde
1343 2816 1483 2872 alius
1510 2818 1639 2873 item
1674 2819 1851 2886 posuit
1874 2836 1885 2872 :
1912 2819 2086 2889 Spiri-

482 2916 564 2959 tus
588 2906 887 2970 divinusqui
899 2908 1017 2976 fecit
1038 2925 1146 2963 me:
1164 2911 1251 2979 qui
1268 2910 1646 2979 inOperatione
1660 2926 1722 2964 ac
1743 2920 2084 2981 peccatorum

488 3000 814 3055 remissione
835 3002 1199 3057 connectitur.
1218 3001 1344 3058 Haec
1367 3012 1470 3069 est,
1506 3002 1703 3057 fratres
1724 3002 2083 3071 dilectissimi,

558 3145 582 3172 δ
608 3136 721 3192 Hoc
746 3137 888 3203 loco,
921 3148 1082 3209 atque
1107 3139 1191 3194 bis
1211 3140 1394 3195 verbis
1420 3155 1733 3210 expressam
1755 3141 1910 3212 legis,
1930 3142 2084 3197 dam-

482 3216 775 3283 natamque
827 3212 1078 3265 haeresim
1121 3211 1374 3266 Marcello
1416 3215 1703 3283 Ancyrano
1747 3211 2085 3279 attributam,

483 3278 579 3332 sed
607 3279 726 3348 ejus
755 3280 1019 3355 intactum
1041 3298 1237 3355 nomen
1260 3325 1274 3349 ,
1307 3299 1466 3339 secus
1492 3278 1555 3337 ac
1585 3283 1813 3355 Basilius
1841 3278 2086 3355 pustula?

486 3358 834 3423 veratzeum
885 3352 1151 3423 siquidem
1178 3355 1267 3408 ille
1315 3355 1545 3409 Damaso
1594 3352 1883 3423 detulerat,
1940 3371 2003 3412 ac
2042 3357 2086 3410 si

490 3418 645 3493 Verbi
691 3418 1091 3491 appellationem
1138 3440 1295 3493 prave
1353 3427 1626 3493 acciperet,
1682 3444 1745 3481 ac
1791 3418 2088 3482 concederet

497 3490 947 3568 Verbum'quidem
999 3490 1192 3568 dictum
1238 3498 1401 3567 fuisse
1446 3490 1783 3568 unigenitum,
1817 3501 1886 3552 ad
1912 3516 2084 3563 usum,

484 3571 532 3616 et
554 3562 846 3637 adptempus
871 3562 1350 3637 progrediensised
1393 3562 1575 3623 rursus
1624 3571 1692 3623 ad
1748 3587 1904 3634 eum,
1953 3562 2089 3624 unde

489 3635 703 3709 prodiit,
732 3635 1030 3709 reversum:
1073 3648 1236 3708 atque
1275 3640 1520 3705 iterum',
1574 3641 1793 3709 aliOque
1843 3650 2089 3708 tempore

487 3704 770 3781 Paulinum
802 3704 1201 3781 Antiochenuin
1232 3704 1513 3776 accusans,
1563 3704 1716 3781 quod
1750 3713 1801 3766 in
1850 3704 2087 3767 Marcelli

486 3777 737 3851 dogmata
801 3780 1184 3847 pronenderet.
1252 3782 1451 3847 Scitis,
1504 3777 1598 3843 ait,
1664 3799 1804 3851 spem
1858 3795 2090 3836 nostram

486 3850 641 3924 everti
676 3848 915 3924 Marcelli
940 3851 1193 3922 dogmate.
1223 3854 1358 3920 quod
1381 3870 1540 3923 neque
1568 3848 1767 3907 Filium
1795 3854 1848 3906 in
1880 3854 2090 3924 propria

486 3917 754 3988 hypostasi
776 3917 1065 3991 conﬁtetur,
1091 3924 1180 3975 sed
1203 3917 1501 3991 prolapsum
1533 3940 1662 3989 esse,
1691 3934 1741 3977 et
1769 3917 1954 3978 rursus
1976 3917 2088 3979 ’τε-

489 4005 690 4043 versum
720 3990 789 4043 ad
813 4007 929 4044 eum
958 4008 1021 4046 ea:
1041 4009 1139 4062 quo
1163 3990 1501 4062 processerat.
1535 3994 1639 4049 Sed
1672 3995 1780 4050 vid.
1806 4011 1929 4064 cap.
1961 3998 2012 4049 7.

561 4079 590 4119 ι’
621 4081 733 4137 Hoc
757 4082 952 4137 deinde
984 4085 1384 4151 Apollinarista:
1414 4085 1542 4141 fassi
1573 4096 1733 4153 sunt;
1760 4088 1854 4143 sed
1878 4098 2088 4144 vetera-

490 4160 638 4208 tores
662 4154 883 4229 pessimi
906 4156 1576 4227 Itominemintelligebant,
1603 4175 1761 4229 quem
1783 4161 1884 4214 sibi
1919 4160 2087 4214 finxe-

491 4231 652 4300 rant,
697 4224 869 4300 divina
911 4229 1221 4300 perfectione
1271 4224 1554 4300 perfectum
1583 4224 1829 4297 [Verbo
1879 4232 2088 4287 scilicet

2116 3097 2162 3161 C

2162 397 2351 467 ticeps.
2379 395 2629 451 Discolor
2658 409 2859 465 corpus
2906 394 3145 449 membra
3187 392 3482 449 deformat.
3528 394 3620 449 llis
3660 409 3759 450 nos

2161 490 2600 547 communionem
2641 488 2834 544 damus
2862 485 2913 556 ἀ,
2961 486 3218 558 quoniam
3256 487 3277 560 (
3299 492 3339 559 Γ.
3371 489 3466 559 qui
3511 499 3755 544 nostram

2162 593 2251 637 aut
2304 583 2396 653 qui
2459 580 2659 651 istam)
2711 581 2763 634 in
2831 580 3078 634 omnibus
3134 580 3457 635 sententiam
3514 580 3761 647 probant.

2166 677 2319 732 Absit
2347 684 2405 729 ut
2441 673 2574 730 fides
2608 688 2738 743 pura
2768 675 2933 729 variis
2961 672 3240 728 coloribus
3262 673 3543 729 adsuatur.

2240 770 2369 826 Illud
2400 780 2660 841 praeterea
2682 768 2981 823 cavendum
3014 782 3321 833 monemus,
3359 784 3427 822 ne
3468 767 3769 824 canonicus

2167 862 2301 918 ordo
2340 862 2392 916 in
2424 861 2767 917 sacerdotum
2817 860 2899 915 vel
2956 858 3278 914 clericorum
3334 858 3770 914 ordinationibus

2169 957 2491 1027 negligatur,
2520 966 2610 1010 aut
2634 952 3146 1025 praevaricatoribus
3172 953 3289 1021 ejus
3316 954 3662 1021 impartiatur
3688 952 3772 1007 fa-

2168 1050 2272 1105 cile
2310 1046 2621 1103 communio
2654 1056 2676 1083 ο
2702 1088 2715 1112 ,
2737 1055 2795 1100 ιιι
2825 1045 2891 1099 de
2922 1045 3145 1113 reliquis
3190 1044 3463 1115 peccando
3491 1045 3769 1101 incentiva

2172 1142 2457 1198 tribuatur.
2488 1141 2613 1195 Haec
2643 1140 2806 1211 igitur
2822 1140 2889 1194 de
2908 1149 3096 1195 nostro
3125 1138 3341 1194 fuerant
3362 1138 3653 1194 intimanda
3680 1137 3768 1207 ju-

2171 1236 2335 1292 dicio.
2367 1234 2635 1290 Caeterum
2665 1232 2809 1304 quod
2854 1232 2920 1286 ad
2971 1231 3329 1287 removendas
3359 1241 3555 1286 vestra:
3602 1230 3769 1285 dilec-

2174 1329 2335 1384 tionis
2365 1336 2575 1398 spectat
2599 1326 2844 1397 injurias.
2874 1340 2974 1380 nec
3002 1325 3167 1380 frater
3228 1334 3416 1379 noster
3468 1325 3770 1377 Dorotbeus

2174 1424 2460 1495 presbyter
2483 1421 2783 1490 explicare,
2838 1419 3020 1474 omnia
3071 1418 3332 1473 vivaciter
3385 1417 3769 1486 prtetermittit,

2176 1529 2277 1570 nec
2303 1515 2463 1569 nixus
2491 1513 2556 1585 (f.
2586 1511 2760 1585 nisus)
2786 1513 2981 1577 nostri,
3011 1520 3069 1565 ut
3092 1511 3207 1583 ipse
3240 1509 3394 1567 testis
3422 1520 3505 1567 est
3525 1550 3541 1578 ,
3586 1507 3773 1564 defue-

2177 1606 2375 1665 runtf.

2677 1719 3161 1777 FRAGMENTUM
3209 1720 3273 1774 ll.

2602 1853 2731 1893 ιτειι
2772 1853 2841 1892 EX
2879 1852 3054 1893 PARTE
3092 1852 3345 1892 DBCRETI.

2254 1975 2393 2032 lllud
2414 1990 2545 2031 sane
2570 1975 2850 2042 miramur,
2882 1974 3024 2045 quod
3053 1973 3269 2045 quidam
3324 1972 3467 2028 inter
3508 1979 3724 2028 nostros
3754 1981 3781 2019 ε

2185 2070 2453 2133 dicantur,
2482 2069 2571 2137 qui
2605 2068 2733 2123 licet
2763 2067 2833 2123 de
2862 2066 3127 2122 Trinitate
3172 2068 3313 2136 piam
3368 2064 3781 2136 intelligentiam

2189 2164 2393 2220 habere
2444 2163 2729 2218 videantur
2761 2203 2776 2228 ,
2834 2161 2901 2217 de
2956 2170 3299 2217 sacramento
3347 2167 3525 2215 tamen
3594 2159 3785 2215 salutis

2188 2269 2387 2312 nosme
2412 2258 2723 2327 ignorantes
2748 2256 2975 2311 virtutes
3021 2255 3434 2327 Scripturasque
3463 2294 3479 2319 ,
3533 2263 3589 2309 et
3639 2262 3782 2331 recta

2187 2367 2295 2405 non
2349 2351 2609 2405 sentiant.
2655 2349 2927 2405 Asserunt
2959 2349 3104 2403 enim
3159 2348 3360 2409 dicere.
3394 2347 3680 2403 Dominum
3721 2361 3785 2403 ac

2187 2442 2528 2498 Salvatorem
2561 2452 2806 2496 nostrum
2834 2456 2898 2497 ex
2933 2441 3098 2495 Maria
3130 2439 3351 2511 Virgine
3377 2439 3782 2510 imperfectum,

2188 2534 2243 2591 id
2271 2542 2376 2600 est,
2410 2534 2529 2589 sine
2555 2548 2720 2589 sensu
2745 2533 3021 2587 hominem
3053 2530 3378 2601 suscepisse.
3406 2531 3550 2586 Heu!
3582 2541 3784 2601 quanta

2189 2629 2297 2683 erit
2316 2626 2642 2680 Arianorum
2675 2626 2726 2679 in
2758 2624 2852 2680 tali
2884 2639 3045 2678 sensu
3076 2624 3355 2679 vicinitas!
3390 2622 3472 2678 llli
3504 2624 3787 2693 imperfec-

2190 2729 2299 2776 tam
2330 2720 2668 2775 divinitatem
2700 2719 2751 2773 in
2777 2718 2871 2771 Dei
2902 2718 3010 2772 lilio
3035 2718 3260 2773 dicunt:
3292 2718 3380 2771 isti
3410 2714 3784 2785 imperfectam

2191 2814 2581 2869 humanitatem
2612 2813 2664 2867 in
2692 2810 2928 2866 hominis
2976 2811 3089 2865 filio
3135 2811 3492 2865 mentiuntur.
3542 2808 3694 2877 Quod
3740 2808 3787 2863 si

2192 2909 2375 2977 utique
2400 2908 2745 2977 imperfectus
2770 2905 2932 2960 homo
2954 2915 3243 2976 susceptus
3272 2914 3377 2968 est,
3409 2902 3784 2973 imperfectum

2192 3003 2288 3058 Dei
2312 3017 2508 3058 munus
2536 2999 2562 3038 ιι
2593 3013 2695 3067 est,
2736 2999 3051 3072 imperfecta
3094 3009 3278 3056 nostra
3308 2998 3491 3064 salus;
3526 2999 3645 3069 quia
3677 3012 3786 3053 non

2192 3138 2499 3193 sentiantur.
2528 3137 2653 3192 Haec
2675 3152 2803 3193 vero
2830 3136 3103 3193 scribebat
3130 3136 3220 3191 ille
3242 3151 3387 3189 anno
3410 3135 3538 3198 575,
3570 3148 3691 3189 cum
3720 3133 3787 3190 de

2194 3208 2467 3265 Dorotheo
2497 3211 2719 3264 Romam
2747 3210 2945 3263 iterum
2975 3208 3238 3263 mittendo
3267 3217 3537 3277 ageretur.

2267 3313 2290 3340 ε
2318 3302 2474 3371 Quod
2503 3301 2806 3357 Orientales
2853 3304 3148 3356 attulerant
3176 3340 3219 3371 ,ί
3250 3300 3317 3353 ab
3348 3299 3788 3354 Occidentalibus

2193 3370 2390 3429 merito
2420 3376 2663 3429 referunt
2696 3391 2708 3426 :
2754 3388 2816 3428 ea
2856 3376 3001 3427 enim
3054 3387 3148 3440 per
3188 3370 3465 3426 Orientem
3516 3386 3785 3426 c:ttt0lilllll

2193 3446 2413 3499 violatio
2442 3447 2543 3499 hoc
2573 3447 2624 3499 in
2650 3444 2861 3514 negotio
2890 3444 3079 3505 fuerat,
3113 3454 3171 3496 ut
3191 3458 3375 3514 eorum
3406 3445 3633 3507 partium
3673 3444 3790 3512 epi-

2191 3518 2339 3586 sc0pi
2371 3517 2439 3570 ab
2478 3513 2916 3573 Occidentalibus
2953 3514 3186 3571 vicissim
3214 3513 3337 3584 jure
3370 3516 3561 3568 merito
3602 3530 3789 3583 repre-

2195 3588 2355 3643 hendi
2385 3598 2627 3658 possent.

2272 3658 2289 3696 ί
2327 3656 2479 3725 Vide,
2504 3661 2547 3713 si
2575 3661 2743 3723 Iubet,
2769 3674 2889 3725 cap.
2914 3657 2968 3713 9.
2990 3657 3125 3726 Quid
3155 3656 3531 3713 Occidentales
3576 3657 3788 3712 Consilii

2194 3732 2457 3800 ceperint,
2489 3746 2597 3799 quo
2638 3729 3003 3785 Orientalibus
3030 3745 3188 3797 Opem
3220 3728 3443 3792 ferrent,
3498 3729 3786 3783 obscurum

2195 3813 2299 3855 est.
2324 3801 2702 3856 Tillemontius
2734 3809 2882 3869 putat
2908 3802 3188 3856 censuisse
3234 3802 3375 3863 illos,
3422 3807 3482 3854 ιιι
3533 3801 3787 3869 prmcipui

2198 3874 2412 3942 aliquod
2442 3873 2681 3942 episcopi
2710 3889 2739 3925 a
2763 3888 2821 3927 se
2852 3873 3195 3927 mitterentur
3215 3874 3265 3925 in
3296 3871 3597 3936 Orientem,
3625 3882 3789 3937 atque

2196 3942 2298 3997 hoc
2321 3944 2442 4010 jure
2473 3944 2693 4009 conjicit
2724 3960 2789 3999 ex
2819 3943 3046 4014 epistola
3086 3960 3122 3998 ιι
3155 3942 3519 4009 Aquileiensis
3547 3944 3784 4010 concilii,

2196 4030 2299 4082 qua
2332 4015 2706 4070 Occidentales
2733 4018 2882 4069 aiunt
2910 4017 3136 4084 publicis
3168 4014 3483 4069 tumultibus
3512 4027 3571 4068 se
3600 4015 3788 4068 detur-

2196 4086 2374 4150 batos,
2405 4090 2692 4157 quominus
2717 4087 3029 4142 meditatum
3057 4088 3158 4141 iter
3188 4084 3403 4141 etfectui
3427 4086 3620 4140 darent
3648 4084 3786 4156 (Vit.

2198 4156 2435 4212 Ambros.
2490 4169 2591 4213 nrt.
2628 4159 2743 4227 Η).
2801 4158 2907 4213 Sed
2958 4174 3078 4212 cum
3131 4166 3399 4227 postrema
3459 4156 3575 4210 haec
3625 4159 3791 4212 verba

2197 4240 2380 4298 aperte
2410 4232 2657 4299 probent,
2688 4231 2739 4287 ni
2766 4229 2921 4283 fallor
2946 4270 2960 4294 ,
2992 4230 3035 4284 si
3075 4244 3196 4297 qua}
3239 4229 3597 4284 Orientalium
3627 4227 3789 4283 rebus

490 4295 688 4371 {titione
717 4295 1013 4371 supplente'
1032 4299 1198 4354 vices.
1232 4295 1345 4355 Hoc
1364 4295 1602 4357 'constat
1646 4317 1713 4356 ex
1766 4300 1894 4365 fide,
1928 4317 2086 4371 quam
2117 4303 2170 4363 D
2196 4295 2454 4356 afferendi
2486 4302 2670 4355 auxilii
2696 4302 2993 4368 excogitata
3022 4295 3106 4355 via
3136 4311 3240 4363 est,
3269 4300 3416 4354 illam
3446 4299 3786 4369 potissimum

495 4365 687 4440 Vitalis
714 4368 853 4437 apud
886 4370 1244 4440 Epiphanium
1278 4373 1552 4438 professus
1579 4374 1851 4439 est,‘hter.
1893 4365 1984 4438 77,
2030 4391 2087 4429 ιι.

491 4436 581 4493 25.
618 4436 845 4495 Datnaso
867 4436 1047 4509 itaque
1072 4458 1197 4498 cum
1229 4436 1345 4497 haec
1365 4446 1650 4508 scriberet,
1670 4436 1914 4501 nondum
1943 4436 2093 4499 com-

493 4523 645 4578 perta
695 4510 868 4566 fuerat
893 4513 1008 4567 haec
1037 4516 1412 4569 haereticorum
1448 4514 1641 4571 fraus:
1691 4527 1744 4570 at
1769 4532 1829 4571 ea
1879 4516 2086 4571 fallacia

497 4582 669 4656 palam
704 4582 838 4638 facta
877 4584 1067 4653 fuerat,
1120 4601 1241 4640 cum
1286 4587 1425 4641 idem
1478 4586 1716 4656 pontifex
1762 4587 1972 4643 litteras
2020 4589 2089 4642 ad

495 4651 779 4725 Paulinum
807 4651 1197 4725 scripsit,qum
1224 4657 1289 4711 de
1316 4651 1507 4711 eodem
1554 4657 1717 4712 Vitali
1777 4670 1964 4722 agunt.
2001 4658 2091 4713 Vi-

496 4723 592 4777 des
619 4722 781 4792 igitur
805 4725 907 4780 ltoc
928 4722 1294 4797 fragmentum
1328 4728 1524 4783 litteris
1546 4728 1653 4783 illis
1680 4730 1923 4784 anterius
1944 4745 2085 4786 esse.

571 4824 599 4888 °_
625 4813 751 4870 Haec
771 4817 1019 4873 conferas
1045 4834 1165 4873 cum
1196 4819 1374 4873 Basilii
1406 4820 1567 4888 epist.
1614 4820 1722 4875 242
1747 4830 1802 4876 et
1827 4819 1935 4877 245
1984 4838 2092 4878 uno

497 4884 800 4962 eodet‘nque
831 4897 1074 4962 tempore
1104 4890 1352 4962 scriptis,
1406 4884 1470 4946 ac
1521 4907 1617 4962 per
1657 4894 1985 4947 Dorotbcum
2038 4895 2089 4949 in

498 4956 1163 5034 Occidenteni_allatis,ac
1202 4956 1358 5017 facile
1406 4956 1701 5034 cognosces
1752 4966 1817 5019 iis
1864 4966 2089 5021 rescribi

498 5028 602 5105 hoc
624 5029 813 5105 eodem
840 5030 1158 5101 fragmento,
1185 5049 1248 5088 ac
1273 5034 1338 5087 ad
1367 5050 1453 5101 ea,
1475 5028 1621 5105 'quzn
1671 5037 1722 5091 in
1771 5036 1838 5090 iis
1892 5038 2094 5091 refere-

498 5100 715 5167 bantur,
746 5100 1057 5171 Damasutn,
1088 5120 1150 5159 ac
1177 5120 1295 5161 eam
1326 5100 1593 5177 synodum
1635 5107 1933 5163 intendisse
1972 5108 2093 5162 ani-

498 5187 670 5227 mum.

574 5242 602 5281 ά
632 5244 899 5318 Quorsum
930 5261 1059 5318 vero
1102 5247 1258 5303 inec?
1290 5247 1665 5318 lntelligimus_
1685 5263 1794 5316 quo
1825 5248 1939 5304 htec
1978 5260 2095 5306 ten-

498 5312 627 5388 dant
653 5316 721 5373 ab
747 5318 940 5373 eodem
983 5317 1201 5385 Basilio,
1257 5318 1416 5388 epist.
1452 5312 1578 5375 1⁷29.
1636 5312 1742 5372 Illa
1770 5330 1961 5384 autem,
2018 5323 2093 5377 ait

499 5384 611 5460 ille,
644 5388 767 5442 mihi
795 5390 903 5444 uisa
929 5399 1002 5445 est
1023 5390 1157 5446 velut
1190 5384 1387 5444 intacta
1416 5406 1522 5445 esse
1558 5390 1793 5455 materia,
1827 5390 2090 5460 iocumque

501 5457 679 5513 litteris
704 5460 849 5527 dare,
881 5462 927 5515 si
952 5462 1114 5529 ipsos,
1141 5461 1519 5517 Occidentales
1566 5462 1793 5527 scilicet,
1846 5457 2089 5517 adhorte-

499 5544 633 5602 mur,
662 5548 724 5583 ne
749 5534 860 5586 sine
875 5532 1081 5602 judicio
1107 5535 1356 5599 recipiant
1381 5535 1760 5589 communiones
1792 5550 1855 5590 ea:
1882 5534 2089 5590 Oriente

500 5601 809 5679 venientium
833 5619 851 5666 ,'
878 5601 990 5659 sed
1012 5607 1169 5679 semel
1195 5622 1301 5679 una
1330 5616 1474 5679 parte
1494 5608 1675 5673 electa,
1702 5607 1926 5679 reliquos
1951 5623 2089 5662 com-

500 5672 881 5751 municaturum
910 5676 1198 5751 testimonio
1223 5672 1536 5751 admittant,
1581 5672 1674 5751 nec
1722 5672 1927 5751 cuilibet
1982 5681 2090 5751 for-

502 5746 696 5798 mulam
724 5742 984 5812 scribenti,
1010 5748 1102 5799 sub
1132 5748 1382 5801 doctrina?
1419 5747 1719 5805 ortliodoxte
1758 5748 1960 5807 obtentu
1982 5742 2090 5807 ἠιξ

2194 4386 2470 4441 acceptam
2505 4373 2630 4426 ferri
2661 4387 2913 4442 oportere
2948 4373 3156 4426 liatnasi
3180 4371 3429 4434 consilio,
3458 4371 3599 4425 nulla
3624 4374 3788 4426 etiam

2198 4453 2284 4498 est
2310 4447 2469 4507 ratio,
2505 4444 2575 4498 ob
2603 4441 2762 4512 quam
2789 4444 2871 4498 vir
2897 4443 3091 4498 doctus
3129 4459 3246 4498 eam
3284 4441 3492 4497 Iaudem
3535 4442 3625 4497 uni
3658 4446 3791 4498 Am-

2195 4514 2377 4569 brosio
2399 4515 2679 4580 attribuat,
2708 4530 2771 4569 ac
2797 4525 3001 4569 temere
3031 4514 3367 4582 pronuntiet,
3396 4513 3575 4568 nullas
3614 4515 3787 4570 videri

2196 4584 2362 4640 fuisse
2402 4585 2636 4640 Romani
2664 4586 2930 4654 pontificis
2962 4586 3015 4640 in
3046 4601 3109 4641 ea
3155 4585 3546 4641 deliberatione
3586 4594 3785 4653 partes.

2269 4677 2540 4732 BBasilius
2562 4678 2628 4732 de
2641 4677 2997 4749 Apollinario,
3023 4679 3183 4747 epist.
3210 4677 3318 4733 265
3344 4694 3357 4731 :
3382 4678 3483 4744 Qui
3506 4680 3669 4746 magis
3696 4696 3790 4734 nos

2199 4749 2410 4817 afﬂixit,
2439 4750 2574 4819 quod
2600 4766 2662 4804 ea:
2688 4750 2831 4804 nobis
2854 4751 2917 4804 ab
2937 4750 3083 4803 initio
3108 4767 3215 4804 esse
3238 4749 3521 4803 videbatur.
3554 4749 3787 4805 Nazian-

2200 4835 2366 4875 zenus
2389 4824 2551 4875 etiam
2585 4821 2635 4876 in
2671 4822 2900 4875 iambico
2928 4822 3193 4876 adversus
3220 4822 3473 4875 eutndum
3500 4825 3740 4876 carmine
3768 4839 3783 4885 ;

2199 4892 2323 4961 quid
2346 4892 2423 4946 ais
2449 4896 2697 4947 acerrime
2721 4892 2855 4946 verbi
2882 4901 3114 4963 patrone,
3161 4894 3243 4945 cui
3288 4908 3464 4963 graves
3484 4903 3602 4946 sunt
3630 4933 3644 4955 ,
3697 4895 3788 4956 qui

2199 4974 2373 5017 secant
2397 4963 2695 5019 Deitatem?
2732 4964 3000 5019 Amabant
3029 4978 3157 5018 vero
3203 4978 3346 5025 sese,
3379 4962 3785 5031 offerebantque

2202 5034 2489 5101 plurimum
2542 5036 2937 5103 Apollinaristtc
2982 5036 3049 5090 de
3102 5043 3245 5089 recta
3299 5035 3579 5089 Trinitatis
3633 5034 3780 5101 fide,

2200 5120 2522 5228 Tamquam
2569 5107 2823 5171 Arianos,
2882 5114 2939 5159 ut
2979 5106 3044 5160 iis
3091 5106 3352 5161 Nissenius
3402 5108 3692 5173 exprobrat
3732 5109 3786 5162 in

2248 5177 2524 5228 ntirretrio.
2557 5177 2655 5228 hac
2678 5178 2839 5228 etiam
2874 5178 2925 5228 in
2956 5188 3109 5228 parte
3136 5178 3408 5228 impietate
3445 5190 3785 5228 superarent.

2248 5177 2525 5248 ntirretrio,
2557 5177 2655 5231 bac
2678 5178 2839 5233 etiam
2874 5178 2925 5231 in
2956 5188 3109 5246 parte
3136 5178 3408 5248 impietate
3445 5190 3785 5246 superarent.

2271 5245 2299 5284 ¹ι
2327 5247 2437 5301 Hoc
2467 5247 2664 5303 deinde
2693 5245 3012 5316 argumento
3065 5245 3252 5305 Patres
3282 5263 3473 5304 omnes
3504 5245 3583 5302 usi
3612 5260 3739 5304 sunt
3768 5267 3783 5308 ξ

2196 5327 2251 5373 at
2280 5319 2491 5373 Damasi
2523 5320 2698 5373 locum
2724 5320 2935 5375 videtur
2962 5321 3201 5375 imitatus
3225 5320 3539 5375 Ambrosius
3566 5322 3632 5374 ad
3684 5321 3786 5376 Sa-

2195 5389 2372 5444 binum
2404 5407 2421 5445 :
2449 5392 2788 5461 confiteantur
2813 5392 2943 5445 sicut
2972 5393 3026 5444 in
3075 5389 3169 5445 Dei
3200 5392 3367 5460 [arma
3388 5391 3519 5446 nihil
3548 5392 3593 5445 ei
3622 5392 3786 5460 defuit

2196 5462 2382 5517 diuinte
2404 5472 2622 5529 ποιείτω,
2655 5473 2702 5518 et
2730 5463 3088 5533 plenitudinis,
3118 5464 3193 5516 sic
3240 5464 3291 5515 in
3339 5464 3431 5517 illa
3477 5463 3646 5532 [arma
3692 5464 3785 5517 Ito-

2194 5534 2348 5589 minis
2371 5535 2502 5589 nihil
2525 5538 2570 5589 ei
2598 5536 2839 5606 defuisse,
2868 5551 2968 5602 quo
2996 5534 3326 5603 imperfectus
3382 5537 3533 5606 homo
3572 5536 3785 5606 judica—

2194 5617 2355 5671 retur,
2381 5608 2468 5687 qui
2493 5606 2606 5687 ideo
2626 5604 2785 5687 venit,
2808 5616 2861 5659 ut
2887 5615 3049 5687 totum
3070 5606 3326 5687 hominem
3345 5604 3543 5659 salvum
3562 5604 3781 5687 faceret:

2197 5694 2355 5746 neque
2383 5681 2519 5731 enim
2536 5677 2763 5749 decebat,
2814 5687 2871 5749 ut
2920 5678 3007 5749 qui
3056 5680 3343 5749 perfectum
3382 5677 3612 5747 apus_in
3666 5679 3783 5747 aliis

2196 5735 2655 5813 consumnmver'nt,
2692 5735 2788 5802 hac
2808 5735 3162 5819 imperfectum
3186 5735 3241 5803 in
3267 5764 3321 5803 se
3350 5735 3457 5803 esse
3486 5741 3781 5818 pateretur:
