4138 6178
340 274 451 330 553

1791 262 2173 324 EPISTOLIE.

3538 277 3645 335 554

335 396 425 442 cst
466 395 607 440 Imus
638 383 802 439 homo
828 382 1092 438 salvatus.
1146 382 1215 438 Et
1256 380 1347 437 ubi
1398 383 1503 437 erit
1558 381 1686 437 illud
1736 381 1938 438 dictum
1968 383 2023 446 Λ
2116 382 2367 454 Pelagius
2397 380 2687 454 episcopus
2709 382 3056 440 Laudicenns
3084 386 3372 445 consentio
3391 390 3645 447 omnibus

335 477 579 543 Domini,
619 476 767 531 Venit
793 476 933 545 [ilius
956 476 1178 529 hominis
1216 475 1418 530 salvare
1445 478 1584 544 quod
1606 477 1824 543 perierat
1863 486 1940 531 to-

332 579 447 624 tum
471 571 498 623 Ρ
522 567 574 623 id
606 577 713 633 est,
748 569 800 623 in
831 570 1012 623 anima
1049 577 1103 622 et
1146 568 1198 622 in
1226 582 1481 638 corpore,
1506 568 1558 622 in
1583 582 1748 624 sensu
1777 577 1941 639 atque

333 662 393 717 in
420 671 529 716 tota
562 659 864 716 substantia
904 675 1017 715 sum
1051 668 1277 715 naturae.
1312 660 1369 716 Si
1408 674 1538 731 ergo
1582 668 1728 716 totus
1777 658 1941 716 homo

336 758 595 829 perierat,
622 770 852 811 necesse
876 753 979 810 luit
1005 763 1064 809 ut
1085 752 1137 809 id
1164 754 1307 824 qttod
1339 755 1593 825 perierat,
1616 755 1935 809 salvaretur.

335 858 399 915 Si
430 868 608 914 autem
641 855 762 911 sine
794 870 955 910 sensu
985 855 1225 910 salvatus
1253 862 1357 921 est,
1387 853 1497 923 jam
1529 862 1720 909 contra
1770 852 1940 908 Evan-

334 950 465 1021 gelii
498 948 653 1003 tidem
698 947 1004 1003 invenietur
1034 961 1139 1001 non
1174 953 1345 1001 totum
1373 944 1516 1016 quod
1548 944 1788 1017 perierat
1818 958 1940 1001 esse

336 1045 603 1100 salvattun
638 1058 651 1095 :
681 1056 804 1096 cum
834 1041 942 1094 alio
968 1039 1088 1095 loco
1110 1039 1230 1110 ipse
1258 1039 1509 1093 Salvator
1535 1038 1714 1094 dicat:
1744 1037 1939 1093 Irasci-

335 1137 466 1191 mini
489 1134 640 1200 mihi,
669 1135 790 1203 quia
818 1142 979 1188 totum
1007 1132 1268 1188 hominem
1293 1133 1492 1187 salvum
1544 1133 1641 1203 feci
1693 1142 1741 1186 α.
1799 1131 1939 1200 Quid

332 1228 478 1301 quod
509 1228 681 1300 ipsius
710 1226 1025 1298 principalis
1066 1225 1247 1281 delicti
1292 1235 1347 1282 et
1401 1226 1568 1281 totius
1617 1225 1938 1295 perditionis

334 1338 547 1378 summa
580 1324 632 1377 in
658 1320 891 1376 hominis
919 1335 1084 1376 sensu
1109 1321 1360 1375 consistit
1385 1317 1456 1385 b;
1508 1320 1740 1387 primum
1793 1308 1936 1373 enim

336 1432 535 1474 sensus
563 1415 800 1470 hominis
831 1414 1068 1485 eligendi
1097 1414 1222 1469 boni
1266 1412 1502 1484 malique
1532 1412 1575 1469 si
1609 1428 1713 1467 non
1766 1412 1941 1483 peris-

337 1521 442 1576 set,
481 1528 589 1565 non
620 1520 949 1565 moreretur.
1000 1508 1286 1578 Quomodo
1335 1522 1467 1578 ergo
1517 1517 1939 1578 praesumeretnr

338 1607 395 1661 in
419 1607 577 1661 ﬁnem
607 1604 808 1660 salvari
837 1605 1065 1659 minime
1095 1603 1372 1667 debuisse,
1405 1601 1546 1672 quod
1588 1608 1714 1656 ante
1747 1615 1938 1656 omnes

336 1715 598 1773 peccasse
624 1700 1022 1768 cognoscitur;
1070 1712 1169 1753 nos
1215 1704 1419 1761 autem,
1468 1695 1557 1766 qui
1606 1694 1846 1765 integros
1874 1707 1937 1749 ac

334 1794 610 1865 perfectos
642 1792 877 1847 salvatos
906 1807 1005 1847 nos
1044 1792 1245 1845 scimus
1265 1832 1278 1857 ,
1318 1789 1615 1845 secundum
1656 1788 1937 1844 catholicae
1966 1784 2016 1847 B

334 1889 599 1944 Ecclesim
623 1887 1039 1958 professionem,
1075 1885 1376 1957 perfectum
1422 1884 1591 1939 Deum
1639 1882 1936 1953 perlectum

327 1981 644 2049 suscepisse
693 1979 969 2034 hominem
1024 1978 1359 2048 proﬁtemur.
1409 1977 1758 2046 Quapropter
1810 1974 1936 2031 date

328 2090 581 2144 Operam,
609 2082 668 2128 nt
689 2073 1046 2145 intelligentia
1076 2088 1224 2129 sanae
1252 2070 1517 2127 doctrina:
1548 2071 1713 2125 etiam
1745 2085 1935 2126 eorum

328 2185 531 2227 sensus
559 2171 857 2234 salventur,
888 2169 982 2241 qui
1013 2167 1189 2224 adhuc
1232 2182 1452 2225 sensum
1504 2166 1768 2221 salvatum
1815 2179 1937 2221 esse

329 2280 447 2321 non
476 2264 727 2321 credunt.

778 2436 910 2477 ιτειι
946 2436 1012 2475 EX
1042 2435 1214 2476 PARTE
1243 2433 1493 2474 DECRETI.

410 2579 526 2635 Non
559 2578 717 2635 nobis
746 2578 1037 2650 quidquam
1080 2584 1369 2647 suppetere
1419 2573 1710 2637 facultatis,
1744 2581 1937 2642 quate-

332 2688 443 2728 nus
472 2670 632 2725 vobis
664 2680 845 2725 nostra
884 2684 1047 2739 Opera
1076 2669 1161 2723 vel
1194 2682 1423 2737 parvum
1452 2664 1791 2735 refrigerium
1813 2680 1939 2735 pos-

331 2765 447 2819 sint
477 2762 710 2817 aﬁ'erre:
753 2761 880 2816 licet
910 2776 1160 2830 magnum
1192 2774 1259 2814 ex
1296 2759 1421 2824 hoc,
1482 2756 1804 2822 beatissimi,
1847 2771 1938 2811 so-

332 2856 525 2911 latium
550 2854 794 2923 capiatis,
821 2852 866 2906 si
906 2851 1268 2921 integritatem
1306 2850 1430 2905 ﬁdei
1461 2859 1661 2905 nostra:
1707 2863 1939 2903 noscen-

334 2960 444 3011 tes.
479 2948 533 3002 in
563 2962 726 3001 unum
770 2960 993 3000 sensum
1022 2959 1117 2999 vos
1144 2959 1446 3014 congruere
1511 2941 1854 3013 gloriemini;
1886 2951 1941 2996 ct

332 3041 474 3095 satis
499 3051 661 3110 atque
691 3037 906 3093 abunde
933 3079 948 3104 ,
1008 3046 1068 3091 ut
1112 3036 1388 3100 convenit,
1447 3035 1787 3106 prmsumatis
1843 3050 1940 3103 pro

336 3133 601 3189 membris
632 3147 730 3186 nos
761 3146 882 3187 esse
920 3130 1203 3185 sollicitos.
1251 3128 1315 3185 Ut
1365 3130 1510 3183 enim
1562 3128 1766 3183 Νὴ)ωηί
1803 3144 1937 3184 con-

335 3225 448 3280 cilii
482 3224 644 3279 ﬁdem
678 3222 1040 3277 inviolabilem
1073 3238 1172 3293 per
1216 3214 1398 3275 om‘nia
1446 3221 1766 3285 retinentes,
1820 3218 1939 3275 sine

334 3320 685 3375 simulatione
746 3318 1037 3373 verborum
1089 3326 1184 3370 aut
1231 3331 1395 3370 sensu
1434 3322 1731 3384 corrupto,
1791 3314 1941 3368 nullo

336 3413 502 3469 modo
532 3412 791 3481 Spiritum
820 3419 1069 3465 sanctum
1099 3422 1456 3475 separamus;
1501 3406 1594 3460 sed
1643 3404 1941 3475 perlectum

335 3506 392 3561 in
420 3504 675 3559 omnibus
704 3503 925 3569 virtute,
959 3501 1190 3567 honore,
1222 3500 1535 3569 majestate,
1565 3497 1787 3564 deitatc,
1820 3511 1942 3552 cum

336 3600 499 3656 Patre
521 3615 951 3657 conveneramur
980 3608 1034 3653 et
1064 3597 1204 3653 Filio
1237 3615 1249 3649 :
1281 3598 1464 3666 itaque
1494 3596 1657 3652 etiam
1714 3596 1945 3663 plenitu-

334 3695 519 3750 dinem
548 3694 642 3749 Dci
675 3691 860 3758 Verbi,
886 3706 991 3746 non
1022 3691 1271 3761 prolativi
1306 3731 1321 3757 ,
1370 3694 1465 3745 sed
1520 3690 1654 3756 nati,
1682 3686 1859 3759 neque
1890 3688 1943 3743 in

335 3788 501 3844 Patre
524 3785 882 3851 remanentis,
918 3794 1104 3839 utnon
1127 3785 1218 3850 sit,
1252 3783 1346 3838 sed
1376 3797 1440 3838 ex
1471 3791 1677 3837 aeterno
1706 3783 1756 3837 in
1784 3791 1943 3836 aster-

336 3897 469 3936 num
501 3879 911 3944 subsistentem,
944 3876 1266 3945 perlectum,
1302 3875 1352 3930 id
1402 3886 1484 3931 est
1532 3876 1802 3947 integrum
1849 3875 1948 3929 ho-

334 3973 543 4029 minem
573 3971 935 4041 assumpsisse
956 3980 1011 4024 et
1034 3968 1273 4023 salvassc
1302 3967 1648 4023 conﬁdimus.

414 4088 649 4155 Explicit
678 4086 795 4143 hmo
818 4086 1072 4157 epistola,
1103 4085 1188 4140 vel
1218 4083 1491 4153 expositio
1518 4082 1719 4157 synodi
1743 4082 1948 4157 Itoma-

335 4177 422 4217 ηαξ
459 4154 658 4215 habita:
685 4160 787 4214 sub
813 4154 1040 4212 Damaso
1065 4172 1222 4227 papa,
1247 4166 1300 4209 et
1322 4155 1635 4227 transmissa
1657 4155 1722 4209 ad
1757 4154 1947 4208 Orien-

338 4240 488 4297 tem;
517 4235 568 4285 in
600 4247 701 4300 qua
735 4229 910 4285 omnis
936 4225 1507 4300 OrientalisEcclcsia
1527 4267 1541 4289 ,
1568 4225 1705 4279 facta
1736 4227 1947 4296 synodo

338 4304 484 4374 apud
513 4297 854 4357 Antiochiam
880 4343 895 4367 ,
919 4315 1161 4374 consona
1194 4298 1298 4353 ﬁde
1327 4297 1635 4374 credentes,
1663 4305 1716 4374 _et
1758 4309 1947 4374 omnes

337 4367 411 4429 ita
447 4376 853 4429 consentientes
883 4372 1060 4427 eidem
1088 4368 1518 4440 superexposita)
1552 4367 1677 4423 ﬁdei
1704 4408 1719 4433 ,
1750 4367 1947 4437 singuli

335 4462 439 4503 sua
469 4446 873 4515 subscriptione
907 4446 1254 4500 conﬁrmant.

2045 490 2208 546 supra
2247 474 2468 545 scriptis
2492 517 2509 543 ,
2561 476 2635 530 ita
2670 478 2911 533 sentiens
2958 486 3014 533 et
3041 478 3318 536 credens:
3351 491 3405 538 et
3452 482 3498 539 si
3525 482 3646 555 quis

2044 581 2242 640 praeter
2270 569 2386 626 hate
2413 572 2598 636 sentit,
2624 571 2912 628 anathema
2941 572 3031 628 sit.

2117 683 2304 740 Zenon
2321 684 2608 755 episcopus
2639 684 2765 756 Tyri
2789 696 2849 740 ut
2878 700 3040 757 supra
3058 685 3223 743 credo
3244 696 3299 744 et
3323 688 3642 760 subscripsi.

2114 776 2377 846 Eulogius
2420 780 2705 848 episcopus
2754 775 3066 834 Edessenus
3108 780 3360 837 similiter
3398 781 3562 839 credo
3590 791 3647 839 et

2042 867 2363 938 subscripsi.

2114 982 2391 1039 Bematius
2421 982 2491 1040 de
2514 983 2680 1040 Mallo
2700 984 2919 1043 civitate
2944 985 3196 1045 similiter
3238 988 3403 1046 credo
3432 998 3489 1047 et
3510 992 3643 1049 sub-

2042 1092 2257 1148 scripSI.

2113 1192 2681 1266 Diodorus’episcopus
2700 1194 2769 1251 de
2783 1194 2955 1252 Tarso
2974 1204 3033 1252 ut
3047 1211 3210 1268 supra
3238 1206 3294 1253 et
3318 1197 3640 1271 subscripsi.

2115 1307 2378 1390 Sjmiliter
2423 1318 2480 1364 et
2525 1310 2616 1364 alii
2663 1310 3185 1390 cxr.w_0rient_ales_
3220 1313 3457 1390 episcopi
3505 1314 3647 1390 sub-

2041 1382 2422 1448 scripserunt.
2475 1396 2707 1451 quorum
2774 1382 3104 1450 subscriptio
3174 1384 3225 1437 in
3258 1382 3643 1443 'anthenticum

2043 1450 2204 1505 hodie
2234 1452 2286 1505 in
2320 1450 2555 1507 archivis
2588 1452 2848 1507 Romana:
2885 1455 3145 1509 Ecclesizc
3188 1464 3423 1511 tenetur.

2113 1522 2348 1593 Explieit
2374 1523 2613 1595 synodus
2643 1524 2888 1579 Romana
2909 1536 2961 1580 et
2988 1525 3398 1583 Antiochensis.

2563 1659 2959 1722 EPISTOLA
3001 1662 3113 1723 Ill.

2115 1815 2309 1857 DAMAS!
2339 1817 2486 1857 PAPxE
2515 1817 2666 1857 URBIS
2695 1818 2853 1859 ROMt-E
2878 1821 2946 1859 AD
2972 1820 3245 1861 PAULINUH
3275 1822 3569 1865 εριεεοῐιωί

2504 1911 2855 1953 ΔΝΤΙΟΟΙΙΕΝᾸΞ
2893 1913 3177 1955 οινιτΑτιδ.

2668 2054 3005 2113 ΜΟΝΙἸὌΜ.

2113 2167 2217 2222 Cur
2243 2168 2377 2223 hanc
2413 2170 2475 2223 ab
2506 2168 2671 2224 altera
2696 2169 2916 2224 Damasi
2953 2170 3022 2223 ad
3071 2169 3356 2226 Paulinum
3386 2175 3601 2244 epistola
3626 2215 3643 2241 ,

2041 2276 2185 2315 secus
2227 2276 2287 2315 ac
2318 2259 2625 2315 Holstenius
2648 2300 2664 2326 ,
2700 2260 3006 2327 Quesncllus
3034 2278 3097 2316 ac
3125 2263 3457 2319 Constantius
3511 2268 3644 2336 fece-

2039 2363 2183 2420 runt,
2211 2370 2302 2426 ego
2329 2354 2708 2421 disiunxerim,
2739 2371 2854 2408 cum
2873 2359 2989 2427 jam
3011 2356 3231 2411 dixerim
3255 2398 3270 2425 ,
3296 2358 3477 2411 iterum
3503 2356 3646 2412 haud

2041 2449 2233 2503 dicam.
2294 2447 2597 2503 llolstenius
2644 2458 2813 2503 tamen
2860 2448 2990 2504 nihil
3016 2466 3076 2503 ea
3104 2452 3167 2504 de
3194 2467 3250 2505 re
3296 2452 3513 2518 statuit,
3555 2452 3646 2508 sed

2039 2542 2113 2596 ita
2154 2542 2355 2607 edidit,
2406 2552 2461 2595 ut
2500 2542 2645 2595 illam
2670 2542 2723 2595 in
2772 2544 3053 2613 exemplari
3088 2560 3180 2598 suo
3209 2544 3521 2615 descriptam
3572 2548 3648 2601 vi-

2042 2634 2117 2689 dit
2147 2650 2166 2689 :
2201 2634 2503 2700 Quesnellus
2526 2643 2695 2688 autem
2730 2633 3125 2689 Ilolstenianum
3145 2636 3430 2708 exemplar,
3463 2656 3645 2710 quam-

2042 2743 2196 2798 quam
2244 2726 2598 2795 perturbatum
2648 2735 2696 2780 et
2753 2729 3063 2797 confusum,
3124 2744 3217 2799 pro
3268 2730 3378 2799 lege
3423 2730 3647 2801 habuit,

2043 2830 2194 2887 atque
2222 2818 2449 2871 omnium
2488 2820 2688 2888 primus
2720 2859 2735 2883 ,
2786 2828 3053 2890 utramque
3097 2819 3255 2873 simul
3294 2820 3433 2874 velut
3486 2838 3645 2876 unam

2043 2910 2195 2964 alteri
2244 2910 2573 2975 coniunctam
2598 2910 2994 2981 imprimendam
3023 2913 3243 2967 censuit.
3304 2912 3458 2967 Hanc
3486 2929 3600 2968 vero
3626 2955 3642 2982 ,

2044 3013 2230 3072 praeter
2261 3000 2589 3056 Holsteniani
2615 3012 2660 3055 et
2688 3003 2767 3057 sui
2795 3002 2985 3057 codicis
3015 3004 3371 3059 auctoritatem
3396 3048 3409 3069 ,
3442 3006 3648 3076 potissi-

2043 3112 2178 3149 mam
2206 3095 2455 3148 rntionem
2505 3096 2665 3165 affert
2685 3137 2698 3161 ,
2728 3095 2865 3166 quod
2895 3113 3009 3150 cum
3036 3094 3297 3152 Damasus
3342 3097 3503 3154 ﬁdem
3533 3116 3565 3153 a
3593 3116 3647 3154 se

1965 3205 2010 3269 ρ
2044 3188 2253 3240 missam
2284 3185 2511 3240 Paulino
2541 3186 2747 3252 scribit,
2794 3187 2951 3241 aliaat
3005 3204 3218 3258 prorsus
3253 3206 3405 3259 quam
3434 3206 3551 3258 qua:
3593 3191 3647 3244 in

2042 3280 2219 3333 eadem
2246 3279 2465 3349 epistola
2493 3279 2781 3334 continetur
2808 3320 2821 3345 ,
2851 3280 3082 3334 indicare
3115 3278 3322 3345 debuit,
3355 3280 3417 3333 ab
3466 3281 3647 3335 eadem

2043 3372 2238 3426 scilicet
2267 3370 2485 3440 epistola
2516 3382 2807 3440 separatam
2831 3388 2849 3425 :
2883 3389 3034 3441 quam
3061 3388 3178 3427 vero
3206 3373 3367 3429 ﬁdem
3408 3375 3503 3429 hoc
3532 3376 3647 3431 loco

2043 3464 2201 3518 aliam
2225 3464 2508 3535 intelligere
2554 3480 2825 3534 possumus
2851 3506 2865 3529 ,
2904 3479 3089 3535 prteter
3116 3468 3261 3522 illam
3280 3511 3294 3535 ,
3337 3485 3453 3541 qua!
3480 3471 3649 3526 eidem

2044 3556 2272 3627 epistolae
2301 3556 2592 3609 immediate
2615 3555 2842 3610 subnexa
2859 3558 2975 3611 est?
2996 3560 3059 3613 At
3074 3576 3226 3627 quam
3253 3561 3376 3617 levis
3388 3562 3499 3618 haec
3516 3564 3648 3618 ratio

2045 3650 2110 3703 sit
2135 3691 2149 3715 ,
2179 3648 2291 3719 ipsa
2319 3648 2552 3717 epistola:
2579 3649 2726 3702 lectio
2766 3660 2941 3721 aperte
2970 3656 3150 3722 probat
3175 3670 3193 3707 :
3237 3654 3347 3708 haac
3371 3657 3508 3710 enim
3532 3673 3651 3712 cum

2046 3758 2107 3796 ea
2127 3745 2368 3813 dogmata
2398 3744 2652 3813 exprimat
2678 3783 2693 3806 ,
2725 3743 2912 3811 quibus
2938 3760 2971 3797 a
3010 3744 3169 3799 Vitali
3194 3786 3209 3812 ,
3240 3749 3451 3817 ejusque
3501 3766 3654 3821 grege

2048 3835 2300 3890 subscribi
2315 3836 2489 3908 jubet,
2522 3852 2584 3889 ac
2615 3836 2831 3905 proinde
2853 3852 2968 3890 cum
3008 3840 3137 3893 nihil
3163 3839 3243 3893 illi
3272 3842 3501 3911 profecto
3523 3844 3653 3898 desit

2047 3929 2117 3984 ad
2143 3930 2347 3999 plenam
2374 3928 2780 3998 Apollinariaua:
2800 3927 3029 3997 hwresis,
3055 3929 3119 3984 de
3139 3948 3238 4001 qua
3263 3942 3383 3987 tunc
3404 3934 3653 4006 agebatur

2048 4021 2319 4085 duntaxat,
2348 4019 2697 4087 eversionem,
2726 4020 2859 4074 nihil
2887 4021 3044 4074 etiam
3086 4038 3216 4092 Opus
3257 4035 3363 4093 est,
3408 4036 3463 4080 ut
3492 4028 3650 4082 aliam

2044 4115 2128 4169 illi
2152 4114 2431 4185 formulam
2459 4113 2761 4185 adjunctam
2806 4114 3067 4182 dicamus,
3100 4132 3215 4186 qua:
3237 4118 3445 4174 minime
3485 4137 3657 4176 neces-

2047 4208 2188 4277 saria
2220 4216 2353 4271 erat,
2394 4222 2455 4261 ac
2479 4214 2729 4278 prccterea
2756 4206 2819 4261 ab
2845 4223 2904 4260 ea
2928 4224 3088 4263 causa
3112 4212 3319 4266 omnino
3349 4213 3521 4268 aliena
3548 4231 3658 4271 esse

2048 4297 2335 4352 videbatur.
2380 4296 2555 4351 Alium
2599 4312 2717 4351 vero
2762 4313 2865 4351 non
2914 4315 3146 4367 quaeram
3182 4302 3342 4375 hujus
3390 4307 3658 4361 sententia:

2049 4401 2228 4445 testem
2254 4431 2268 4455 ,
2303 4405 2458 4459 quam
2501 4389 2675 4459 ipsum
2723 4388 3043 4458 Damasum,
3085 4394 3175 4462 qui
3227 4405 3343 4465 post
3384 4411 3657 4465 expressas

2048 4482 2228 4537 eadem
2254 4482 2369 4551 ipsa
2390 4480 2608 4549 epistola
2638 4480 2957 4535 conditiones
2987 4498 3183 4549 omnes,
3215 4485 3398 4554 quibus
3433 4486 3614 4542 Vitalis
3638 4529 3656 4555 ,

416 4574 438 4598 (τ
477 4559 723 4616 uelem”
766 4560 1059 4653 episcopus
1114 4556 1488 4653 Ᾱτ¹¹ίξ³⁰ί¹θη¹¹⁸
1521 4553 1808 4653 θοηᾳδθηίίο
1829 4567 1945 4653 om:
1972 4591 2029 4653 Ῑ)
2051 4574 2242 4643 aliique
2268 4571 2427 4642 recipi
2447 4570 2516 4624 ad
2547 4571 2957 4625 communionem
2983 4553 3237 4644 poterant,
3272 4587 3529 4648 postremo
3558 4553 3656 4649 ait,

335 4653 502 4710 nibus
532 4668 696 4723 supra
721 4651 941 4723 scriptis
966 4694 982 4719 ,
1034 4651 1105 4705 ita
1136 4649 1366 4706 credens
1398 4658 1452 4704 et
1498 4648 1740 4704 sentiens
1769 4665 1782 4701 :
1807 4657 1863 4704 et
1900 4649 1944 4702 si

336 4748 464 4817 quis
490 4753 688 4815 praeter
708 4744 825 4800 haec
852 4747 1050 4811 sentit,
1076 4743 1367 4799 anathema
1391 4742 1483 4798 sit.

414 4860 684 4916 Eusebius
718 4862 1008 4932 episcopus
1040 4858 1432 4915 Samosatenns
1460 4856 1746 4912 consentio
1774 4857 1948 4912 omni-

334 4954 441 5011 bus
479 4968 641 5023 supra
670 4952 888 5022 scriptis
917 4994 933 5019 ,
990 4951 1064 5008 ita
1109 4950 1341 5008 credens
1393 4957 1448 5005 et
1492 4950 1736 5005 sentiens
1764 4967 1778 5004 :
1803 4958 1859 5006 et
1900 4949 1945 5005 si

336 5046 462 5118 quis
504 5053 703 5116 praeter
732 5045 852 5102 hare
887 5045 1088 5113 sentit,
1110 5044 1398 5101 anathema
1417 5044 1509 5099 sit.

336 5229 385 5284 si
401 5229 752 5301 enimaliquid
763 5231 808 5284 ei
823 5230 1007 5300 defuit,
1037 5247 1139 5285 non
1161 5240 1323 5285 totum
1351 5230 1646 5297 redemit;si
1666 5246 1767 5284 non
1786 5238 1948 5284 totum

335 5301 578 5374 redemit,
613 5303 796 5373 fefellit
846 5303 1020 5374 igitur,
1050 5303 1136 5372 qui
1157 5303 1308 5365 dixit,
1340 5302 1455 5357 ideo
1499 5320 1557 5374 se
1599 5302 1796 5374 venisse
1822 5341 1838 5364 ,
1864 5311 1949 5374 __ut

337 5383 520 5445 toturn
539 5371 794 5427 hominem
823 5371 1019 5427 salvum
1046 5371 1253 5444 faceret.
1280 5374 1453 5445 Epist.
1484 5373 1556 5429 46
1583 5390 1649 5429 ex
1673 5372 1778 5428 ΒΒ.
1812 5371 1941 5429 edit.

418 5454 442 5514 ἐι
480 5442 635 5497 Vide.
668 5457 782 5498 not.
816 5442 1180 5514 superiorem.

410 5513 442 5552 ἲ)
472 5514 873 5585 Apollinaristae
889 5513 1070 5585 primo
1096 5518 1214 5571 loco
1234 5517 1471 5572 animam
1500 5514 1766 5583 negarunt
1794 5515 1940 5571 Deo:

336 5584 546 5641 deinde
595 5584 983 5643 concesserunt
1016 5590 1252 5643 animam
1279 5631 1294 5653 ,
1334 5588 1430 5644 sed
1484 5604 1605 5657 quas
1658 5585 1938 5641 brutornm

336 5669 446 5725 est,
484 5670 760 5727 espertnm
785 5658 994 5714 scilicet
1025 5660 1277 5727 rationis,
1302 5670 1355 5715 et
1396 5659 1592 5715 mentis
1625 5676 1638 5711 :
1670 5666 1946 5727 postremo

336 5736 581 5783 mentem
615 5731 776 5784 etiam
808 5730 1108 5786 concedere
1132 5732 1229 5784 visi
1259 5740 1406 5795 sunt,
1431 5731 1525 5787 sed
1555 5745 1616 5785 ea
1643 5745 1772 5783 voce
1796 5727 1940 5782 aliud

338 5800 478 5856 nihil
506 5800 903 5873 intelligebant,
936 5818 1095 5874 quam
1140 5802 1477 5861 divinitatem
1527 5800 1726 5859 mentis
1774 5800 1943 5872 ipsius

2054 4677 2107 4721 ut
2164 4667 2253 4737 qui
2305 4664 2430 4719 huic
2487 4662 2735 4734 epistolae
2789 4664 3200 4722 subscribercnt
3229 4669 3436 4740 absque
3476 4671 3657 4744 aliqua

2054 4757 2438 4829 ambiguitate,
2472 4756 2882 4826 susciperentur
2912 4775 2925 4811 :
2961 4758 3080 4812 hinc
3107 4761 3243 4816 enim
3273 4770 3473 4819 constat
3505 4783 3660 4837 aper-

2054 4853 2248 4906 tissime
2271 4892 2286 4912 ,
2320 4850 2374 4904 ni
2401 4850 2562 4919 [altor
2595 4891 2609 4915 ,
2641 4849 2775 4905 alias
2802 4850 2971 4905 nullas
2995 4892 3011 4920 ,
3045 4863 3135 4908 aut
3180 4856 3244 4910 ab
3272 4871 3331 4910 eo
3359 4858 3657 4928 adjunctus,

2055 4954 2143 4999 aut
2164 4943 2477 4997 desideratas
2502 4981 2518 5009 ,
2554 4951 2742 5013 prazter
2769 4942 2890 4999 illas
2916 4985 2935 5012 ,
2962 4962 3091 5017 quas
3119 4948 3174 5002 in
3222 4950 3400 5009 eadem
3443 4953 3657 5023 epistola

2054 5038 2427 5096 enuntiaverat.

2053 5224 2367 5297 implentem
2397 5221 2580 5298 vices:
2598 5222 2991 5298 ADamasiannm
3040 5226 3203 5298 igitur
3231 5226 3336 5282 hoc
3382 5227 3653 5298 fragmen-

2051 5294 2163 5351 tum
2197 5297 2263 5351 ad
2285 5311 2484 5368 annum
2513 5294 2619 5351 576
2659 5307 2752 5351 aut
2778 5299 2845 5351 ad
2871 5294 3188 5368 sequentem
3220 5294 3493 5364 pertinet}
3526 5316 3649 5356 nam

2052 5368 2296 5439 putidam
2331 5367 2436 5440 hoc
2464 5381 2528 5440 ac
2564 5369 2919 5422 novissimum
2949 5367 3263 5440 Apollinarii
3311 5370 3649 5440 ﬁgmentum,

2047 5438 2192 5511 quod
2217 5440 2319 5515 huc
2348 5439 2469 5515 loco
2486 5438 2925 5515 destrnltur,__vi_x
2952 5454 3098 5515 anno
3113 5438 3224 5515 ῥ75
3251 5440 3441 5515 _a_udiri
3468 5438 3652 5515 caepe;

2045 5507 2131 5566 rat
2153 5527 2216 5566 ac
2234 5509 2460 5579 vulgari.
2486 5507 2623 5561 Vide
2650 5524 2769 5577 quae
2791 5508 3042 5579 dixicap.
3071 5509 3139 5564 10
3158 5520 3212 5565 et
3244 5510 3332 5565 H.

2121 5594 2143 5622 ο
2175 5581 2285 5637 Cur
2332 5578 2514 5665 lvero”,
2549 5592 2659 5665 noti
2696 5587 2754 5665 ut
2786 5578 2983 5661 ﬁeriin
3035 5580 3280 5665 conciliis
3315 5582 3457 5665 solet
3480 5625 3496 5650 ,
3539 5586 3650 5665 ὁρί-

2051 5677 2236 5716 σαντες
2272 5650 2659 5709 subscrihunt?
2689 5651 2771 5703 An
2822 5650 2944 5719 quia
2985 5651 3245 5720 agebatur
3295 5653 3364 5710 de
3407 5650 3578 5714 rebus'
3617 5675 3649 5714 a

2054 5730 2185 5854 aede
2214 5722 2508 5797 apostolica
2544 5722 2653 5791 jam
2696 5720 2973 5777 deﬁnitis?
3013 5721 3087 5778 lta
3135 5739 3358 5796 prorsus
3389 5728 3522 5784 mihi
3566 5731 3649 5789 vi-

2092 5808 2232 5854 ctur.

2092 5808 2232 5854 ctur.
