4138 6178
489 223 598 280 855

495 431 625 486 duos
649 431 846 486 caeteris
887 430 1241 501 antiquiores:
1276 429 1496 484 alterum
1528 428 1874 502 Dionysiana:
1904 429 2098 485 collec-

490 525 645 578 tionis
685 523 1002 576 concedente
1032 521 1214 576 abbate
1245 533 1364 577 tunc
1388 524 1777 594 religiosissima
1818 539 1879 576 ac
1910 523 2104 578 doctis-

491 615 643 675 simo,
678 630 816 666 nunc
849 612 910 668 S.
947 611 1012 666 Β.
1050 611 1117 666 Ε.
1151 613 1411 668 cardinali
1446 615 1828 682 paenitentiario
1859 613 2101 668 Besozzio

494 723 557 762 ea:
601 707 915 761 monasterio
966 706 1026 762 S.
1052 704 1233 763 Crucis
1265 709 1318 761 in
1360 726 1484 781 agro
1535 708 1866 776 Sessoriano,
1910 709 2098 780 signat.

496 816 548 851 ιι.
583 798 713 864 225;
737 797 957 852 alterum
984 801 1038 853 in
1087 799 1433 855 Vallicellana
1461 803 1710 871 scriptum
1758 811 1908 858 (etate
1939 801 2101 856 Nico-

495 893 566 946 lai
590 893 628 956 I,
661 895 849 965 signat.
887 895 949 946 Α.
992 892 1053 947 ν.
1094 894 1222 961 Quae
1265 911 1381 949 vero
1407 912 1468 950 em
1514 897 1580 949 iis
1619 896 1966 968 deprehendi,
1997 897 2101 951 duo

493 994 611 1041 sunt
634 1002 652 1039 :
680 985 901 1056 primum
922 1027 935 1046 ,
968 983 1103 1039 hanc
1134 987 1196 1041 de
1227 986 1381 1040 Vitali
1414 987 1682 1058 epistolam
1719 989 1930 1042 omnino
1973 989 2102 1042 soli-

497 1079 684 1133 tariam
709 1093 818 1132 esse
837 1119 850 1138 .
878 1079 1164 1148 sejunctam
1205 1080 1400 1134 scilicet
1423 1081 1486 1132 ab
1507 1080 1673 1133 altera
1693 1123 1706 1144 ,
1745 1095 1859 1144 quae
1881 1079 2100 1134 Damasi

498 1171 770 1228 confessio
806 1171 1002 1225 dicitur
1037 1187 1054 1226 :
1083 1173 1228 1243 prior
1268 1159 1406 1226 enim
1427 1173 1589 1227 codex
1630 1184 1742 1227 eam
1771 1174 1995 1228 continet
2039 1190 2103 1228 ea:

492 1264 729 1319 omnibus
757 1262 971 1319 Damasi
1001 1265 1234 1334 epistolis
1275 1267 1480 1320 unicam
1507 1308 1521 1331 ,
1566 1283 1723 1337 quam
1749 1267 1940 1322 deinde
1967 1266 2104 1324 Siri-

495 1359 562 1414 cii
606 1359 674 1410 ad
723 1355 1016 1412 Himerium
1065 1357 1339 1412 decretalis
1399 1359 1666 1427 sequitur;
1727 1357 2106 1413 Vallicellanus

500 1469 618 1508 vero
645 1453 807 1508 codex
834 1454 998 1524 primo
1050 1453 1208 1522 refert
1238 1453 1472 1523 ejusdem
1519 1451 1982 1510 anathemalismos
2013 1451 2104 1508 sub

500 1547 598 1600 hoc
648 1546 798 1600 titulo
833 1562 852 1600 :
895 1544 1175 1601 Confessio
1214 1544 1339 1599 ﬁdei
1386 1545 1672 1600 catholicm
1704 1588 1718 1611 ,
1767 1562 1928 1617 qualn
1969 1561 2104 1617 papa

503 1641 764 1695 Damasus
783 1640 926 1694 misit
947 1639 1013 1694 ad
1039 1638 1322 1694 Paulinum
1347 1639 1743 1694 Antiochenam
1763 1641 2099 1709 episcopum;

1772 215 2020 280 SANCTI
2061 215 2322 280 DAHASI
2359 215 2564 275 ΡΑΡΔΞ

563 323 766 394 Contuli
809 338 966 394 etiam
1011 352 1104 407 pro
1150 340 1250 392 hac
1280 338 1563 408 quwstione
1612 354 1737 394 mss.
1770 339 2007 405 codices,
2033 354 2095 392 ac
2121 337 2176 401 Λ

3698 222 3804 278 556

2822 336 3184 396 EPISTOLA.

2418 430 2795 506 Dilectissimo.
2831 430 3007 486 Fratri
3049 431 3280 487 Paulino
3304 430 3590 487 Damasus.

2279 521 2380 577 Per
2419 521 2592 578 ﬁlium
2634 538 2815 578 meum
2849 522 3077 578 Vitslem
3117 532 3144 561 α
3171 521 3238 577 ad
3273 531 3327 578 te
3357 522 3557 592 scripta
3587 522 3804 580 direxe-

2204 629 2322 669 ram
2355 613 2408 681 δ,
2434 624 2537 670 tuze
2567 615 2832 670 voluntati
2853 624 2908 669 et
2929 615 3139 685 judicio
3165 615 3350 670 omnia
3379 614 3805 685 derelinquens:

2203 718 2257 763 et
2283 723 2382 779 per
2407 708 2725 765 Petronium
2755 708 3137 780 presbyterum
3164 709 3404 764 breviter
3420 707 3811 774 indicaui-am,

2206 816 2294 857 me
2324 801 2375 854 in
2403 802 2635 856 articulo
2660 801 2773 872 jam
2806 799 3162 871 profectionis
3203 800 3326 871 ejus
3351 801 3534 871 aliqua
3561 816 3634 856 ex
3659 810 3814 870 parte

2205 905 2561 952 commotum.
2593 896 2749 952 Unde
2780 911 2847 951 ne
2873 904 2968 951 aut
2994 895 3088 951 tibi
3111 896 3398 965 serupulus
3424 895 3732 961 resideret,
3760 903 3818 950 et

2205 991 2451 1046 volontes
2489 989 2725 1044 forsitan
2758 988 3015 1044 Ecclesiae
3043 987 3290 1058 copulari
3314 1029 3329 1054 ,
3369 999 3458 1044 tua
3485 990 3673 1044 cautio
3694 1002 3821 1058 pro-

2203 1081 2381 1140 banda
2430 1081 2695 1151 differret,-
2749 1083 2913 1138 ﬁdem
2943 1081 3220 1149 misimus,
3253 1097 3366 1138 non
3410 1092 3516 1138 tam
3559 1082 3692 1148 tibi,
3726 1082 3820 1153 qui

2204 1176 2454 1246 ejusdem
2487 1176 2612 1232 ﬁdei
2642 1176 3086 1232 communionem
3119 1175 3373 1242 sociaris,
3405 1190 3567 1246 quam
3589 1175 3694 1241 bis,
3722 1177 3817 1245 qui

2205 1267 2261 1324 in
2291 1283 2354 1324 ea
2381 1268 2838 1334 subscribentem,
2865 1268 2962 1324 tibi
2997 1278 3044 1335 ο,
3081 1267 3136 1323 id
3179 1276 3285 1335 est,
3315 1268 3476 1324 nobis
3519 1281 3616 1336 per
3645 1277 3699 1322 te
3724 1283 3820 1322 vo-

2209 1359 2413 1416 luerint
2442 1361 2678 1427 sociari,
2700 1359 3060 1416 dilectissime
3093 1358 3279 1417 frater.

2280 1452 2623 1521 Quapropter
2660 1452 2706 1507 si
2761 1452 3108 1522 supradictus
3154 1451 3300 1507 ﬁlius
3330 1465 3484 1506 meus
3512 1449 3740 1517 Vitalis,
3770 1458 3825 1504 cl.

2208 1549 2236 1590 ἀ
2267 1546 2304 1601 ii
2345 1546 2436 1617 qui
2467 1563 2587 1602 cum
2617 1560 2684 1602 eo
2711 1554 2840 1601 sunt
2861 1586 2876 1612 ,
2908 1545 3004 1601 tibi
3048 1545 3324 1601 voluerint
3365 1544 3680 1615 aggregari,
3711 1546 3822 1614 pri-

2209 1655 2359 1694 mum
2379 1639 2583 1694 debent
2608 1639 2664 1694 in
2689 1653 2753 1694 ea
2775 1638 3114 1708 expositione
3141 1637 3267 1692 ﬁdei
3295 1637 3643 1693 subscribere
3661 1677 3676 1704 ,
3703 1652 3824 1708 quas

501 1733 606 1787 alio
629 1733 814 1788 deinde
842 1749 903 1784 ac
934 1732 1208 1803 posteriori
1239 1733 1350 1786 loco
1375 1731 1530 1798 hanc,
1561 1749 1677 1803 quae
1700 1733 1764 1787 de
1786 1732 1949 1788 Vitali
1974 1735 2100 1806 agit,
2133 1727 2184 1790 Β
2209 1730 2350 1801 apud
2396 1730 2634 1785 Nicaeam
2671 1739 2694 1766 θ
2746 1729 2832 1799 pia
2877 1737 3092 1799 patrum
3134 1728 3417 1784 voluntate
3459 1728 3671 1783 ﬁrma-ta
3717 1737 3821 1784 est.

499 1823 768 1892 epistolam
781 1825 957 1878 recitat
974 1824 1064 1878 sub
1087 1821 1184 1876 hac
1199 1826 1532 1901 inscriptione
1549 1825 1768 1893 :Incipit
1787 1827 2110 1894 rescriptum

501 1919 716 1972 Damasi
759 1933 909 1989 papas
925 1916 991 1972 ad
1018 1919 1240 1987 petitum
1263 1909 1574 1989 Hieronymi
1599 1919 1664 1973 ad
1690 1920 1971 1976 Paulinum
1991 1922 2111 1990 epi-

499 2024 744 2077 sc0pum,
762 2019 914 2081 atque
925 2009 1015 2063 alii
1039 2010 1178 2063 hisce
1196 2009 1394 2064 similes
1417 2010 1619 2065 codices
1642 2011 1862 2082 proferri
1883 2021 2110 2079 possent.

502 2101 737 2157 Alterum
755 2118 871 2155 vero
883 2101 1019 2171 quod
1033 2118 1095 2156 ea:
1107 2101 1293 2155 iisdem
1304 2103 1520 2167 adverti,
1536 2103 1669 2157 illud
1689 2113 1782 2168 est,
1798 2104 1937 2173 quod
1951 2103 2113 2158 codex

502 2205 712 2265 uterque
738 2196 940 2257 auctior
967 2204 1060 2258 est,
1091 2211 1246 2262 quam
1267 2195 1505 2264 impressi
1533 2195 1673 2261 libri,
1693 2197 1897 2268 integra
1921 2198 2113 2252 scilicet

504 2287 718 2358 periodo
764 2286 897 2351 illa,
931 2303 1033 2356 qua
1067 2285 1382 2341 Dominicus
1434 2283 1598 2340 homo
1625 2329 1640 2353 ,
1691 2289 1842 2357 cujus
1887 2287 2114 2358 Ruﬁnus

504 2380 767 2442 meminit,
798 2395 1072 2449 expressus
1113 2390 1184 2433 est
1209 2419 1227 2446 ,
1256 2394 1316 2433 ac
1343 2380 1482 2434 deest
1521 2380 1575 2434 in
1604 2379 1776 2434 editis.
1818 2380 1929 2435 Hos
1958 2383 2116 2454 igitur

503 2491 600 2546 ego
628 2473 860 2536 codices,
914 2470 1182 2527 Isidorum
1230 2481 1483 2544 prteterea
1533 2471 1882 2528 Mercatorem
1908 2516 1924 2541 ,
1950 2473 2116 2529 Baro-

506 2569 671 2633 nium,
696 2582 758 2618 ac
786 2565 1131 2620 Saracenium
1144 2577 1344 2620 secutus
1372 2581 1508 2630 sum,
1534 2581 1594 2620 ac
1615 2567 1889 2635 epistolam
1909 2566 2114 2622 hancab

508 2677 588 2726 eo,
620 2675 734 2728 qure
755 2651 974 2711 Damasi
994 2656 1291 2721 confessio,
1315 2672 1410 2712 seu
1440 2657 1622 2728 regula
1649 2656 1772 2712 ﬁdei
1804 2660 2011 2726 dicitur,
2035 2675 2114 2714 se-

508 2762 745 2821 paratam
783 2750 924 2804 edidi
954 2766 971 2803 :
999 2749 1089 2820 sed
1112 2749 1179 2803 ad
1203 2750 1299 2804 hoc
1321 2767 1399 2804 me
1425 2750 1736 2822 impulerunt
1761 2761 2011 2823 prteterea
2032 2770 2115 2808 ra-

506 2843 671 2896 tiones
693 2842 832 2906 alite,
853 2857 980 2910 quas
1002 2858 1117 2895 cum
1139 2841 1402 2896 attulerint
1419 2858 1537 2906 cap.
1555 2842 1624 2898 10
1653 2853 1700 2896 et
1733 2843 1822 2909 l5,
1839 2844 1924 2897 ubi
1955 2846 2117 2900 deca-

504 2953 619 2990 rum
630 2935 1015 2990 scribendarum
1029 2938 1295 2991 occasione
1305 2978 1318 3000 ,
1331 2953 1392 2990 ac
1405 2947 1625 3009 tempore
1637 2939 1828 3010 agendi
1839 2939 1980 2993 locus
1992 2941 2113 3010 fuit,

506 3027 590 3083 hic
615 3046 706 3100 ego
734 3046 835 3083 non
865 3029 1323 3099 repetam,aliquas
1348 3039 1595 3099 prteterea
1606 3029 1945 3084 additurusin
1958 3032 2112 3086 notis.

2218 1825 2469 1891 Deinde,
2519 1822 2773 1894 quoniam
2819 1837 2981 1878 nemo
3031 1831 3211 1894 potest
3258 1822 3454 1877 futuris
3508 1821 3826 1878 vulneribus

2216 1919 2478 1976 adhibere
2528 1919 2851 1975 medicinam
2881 1959 2897 1986 ,
2945 1933 3009 1974 ea
3049 1917 3278 1974 limosis
3326 1917 3648 1973 eradicanda
3697 1927 3822 1984 est,

2214 2027 2338 2083 qua:
2369 2021 2554 2081 postea
2598 2012 2650 2065 in
2695 2009 2918 2070 Oriente
2961 2010 3161 2066 dicitur
3209 2009 3506 2080 pullulasse
3532 2049 3546 2076 ,
3597 2007 3651 2063 id
3699 2019 3820 2077 est,

2216 2104 2558 2160 conﬁteodus
2585 2103 2702 2172 ipse
2739 2102 3004 2175 sapientia
3029 2141 3044 2170 ,
3095 2117 3279 2158 sermo
3321 2100 3464 2157 ﬁlius
3503 2101 3598 2158 Dei
3631 2100 3821 2156 burna-

2216 2212 2344 2251 num
2391 2195 2696 2262 suscepisse
2724 2208 2926 2261 corpus
2947 2237 2961 2262 ,
3003 2195 3243 2249 animam
3267 2235 3282 2258 ,
3317 2209 3537 2249 sensum
3564 2234 3581 2262 ,
3612 2192 3666 2249 id
3702 2202 3822 2261 est,

2221 2289 2240 2328 ί
2276 2292 2544 2360 integrum
2576 2289 2746 2343 Adam
2771 2331 2784 2353 ,
2813 2298 2906 2355 et,
2940 2298 2996 2342 ut
3040 2287 3354 2359 expressius
3393 2286 3566 2342 dicam
3592 2327 3609 2354 ,
3653 2295 3822 2341 totum

2214 2391 2454 2436 veterem
2490 2391 2732 2437 nostrum
2759 2379 2882 2436 sine
2906 2387 3129 2452 peccato
3158 2379 3457 2434 hominem.
3481 2378 3650 2434 Sicuti
3677 2379 3824 2433 enim

2216 2474 2480 2529 confitens
2509 2489 2628 2528 eum
2663 2473 2956 2527 humanum
2982 2487 3180 2540 corpus
3205 2472 3543 2541 suscepisse,
3576 2485 3683 2524 non
3714 2479 3827 2524 sta-

2217 2566 2312 2620 tim
2351 2565 2402 2620 ei
2429 2567 2483 2621 et
2519 2565 2780 2619 ltutnanas
2803 2573 2829 2611 ε
2851 2563 3110 2619 vitiorum
3134 2561 3477 2634 adjungimus
3501 2562 3779 2632 passiones
3808 2578 3822 2614 :

2219 2655 2290 2716 ita
2321 2665 2375 2717 et
2403 2660 2648 2716 dicentes
2701 2675 2824 2715 eum
2873 2660 3184 2730 suscepisse
3221 2665 3276 2713 et
3319 2656 3556 2712 hominis
3585 2654 3820 2710 animam

2216 2763 2272 2808 et
2300 2769 2520 2809 Sensum
2545 2796 2558 2820 ,
2592 2767 2698 2808 non
2731 2751 2912 2808 statim
2938 2750 3169 2806 dicimus
3200 2760 3254 2805 et
3279 2750 3669 2820 cogitationum
3697 2763 3822 2804 eum

2217 2846 2574 2901 humanarum
2607 2843 2942 2912 subjacuisse
2969 2850 3196 2914 peccato
3227 2839 3276 2897 δ.
3304 2841 3358 2896 Si
3401 2841 3492 2910 qui
3530 2849 3710 2896 autem
3741 2839 3826 2895 di-

2216 2939 2380 3002 xerit,
2417 2937 2648 2991 Verbum
2699 2949 2795 3005 pro
2824 2933 3065 2989 humano
3112 2947 3273 2988 sensu
3307 2932 3357 2986 in
3401 2929 3613 2985 Domini
3659 2944 3825 2986 carne

2216 3040 2490 3085 versatum
2518 3070 2533 3096 ,
2567 3027 2708 3082 hunc
2754 3026 3020 3083 catholica
3066 3025 3303 3081 Ecclesia
3354 3025 3820 3080 anatltematizat:

579 3163 603 3226 ξι
630 3150 879 3226 Nondum
910 3149 1314 3226 itaque_Vitalis
1359 3150 1426 3226 a_d
1459 3151 1830 3226 episcopatum
1876 3161 2101 3208 evectus

2212 3167 2300 3207 ses
2323 3167 2390 3208 ex
2416 3150 2786 3226 _Alcxantl_rina
2812 3150 3023 3226 synodo
3040 3150 3303 3226 ὀιναλαϐὠν
3326 3152 3496 3226 πάντα
3513 3147 3634 3205 ἄνευ
3655 3150 3822 3226 ἆμαρ·

503 3224 675 3279 videri
699 3232 876 3292 potest
901 3263 915 3286 ,
940 3237 1061 3276 cum
1097 3221 1357 3276 Damasus
1390 3221 1505 3276 Iuec
1534 3223 1816 3278 scriberet.

577 3294 603 3332 ἱ»
641 3295 764 3348 Ilnrc
805 3294 1129 3360 Quesnellm
1179 3292 1400 3347 adnotat
1425 3293 1642 3348 dissert.
1701 3297 1799 3357 14,
1833 3311 1886 3348 n.
1923 3295 2012 3360 10,
2042 3312 2106 3351 ac

509 3367 698 3421 Nescio
717 3365 844 3434 quid
879 3365 1004 3419 inde
1033 3364 1252 3419 conﬁcit
1275 3407 1289 3430 ,
1320 3364 1461 3434 quod
1489 3365 1688 3419 nullius
1718 3366 1973 3434 pomleris
1997 3379 2102 3434 est,

507 3435 768 3507 quidquid
799 3436 926 3490 illud
963 3437 1053 3489 sit.
1093 3436 1354 3490 DamaSus
1399 3437 1542 3490 enim
1589 3437 1642 3489 in
1677 3452 1780 3490 uua
1807 3436 2106 3507 eademque

511 3508 779 3576 epistola,
831 3516 941 3560 tum
1015 3507 1255 3575 plurali,
1305 3516 1415 3561 tum
1469 3507 1729 3576 singulari
1776 3524 2004 3563 numero
2047 3525 2108 3565 se

509 3580 684 3646 ipsum
713 3592 859 3647 sa-pe
886 3576 1170 3648 designare
1193 3579 1352 3648 solet.
1383 3577 1513 3633 Vide
1534 3579 1818 3648 epistolam
1850 3579 1915 3634 ad
1939 3581 2105 3636 Acho-

510 3651 659 3711 lium,
690 3656 746 3703 et
772 3648 1057 3716 epistolam
1082 3647 1148 3702 ad
1181 3647 1492 3703 Orientales.

588 3732 610 3759 ο
639 3719 1086 3789 Cltalcedtmense
1114 3722 1401 3775 con-cilium
1443 3729 1579 3789 part.
1615 3733 1696 3786 ut,
1726 3736 1775 3776 c.
1805 3722 1826 3776 I
1867 3739 1880 3776 :
1917 3721 2110 3777 Dama-

509 3809 599 3847 sus
633 3787 888 3847 Romanat
910 3793 1050 3845 urbis
1079 3792 1374 3861 episcopus,
1395 3787 1452 3845 et
1461 3792 1681 3860 justitioe
1709 3794 1896 3849 decus.
1928 3794 2108 3848 litteris

509 3863 580 3917 ad
602 3861 884 3917 Paulinum
905 3863 1057 3930 datis,
1083 3862 1481 3934 dispensationis
1507 3874 1824 3916 sacramenta
1846 3865 2108 3934 patefecit,

511 3938 790 3987 admonens
815 3943 870 3984 ut
900 3935 978 3986 his
1005 3973 1019 3996 ,
1063 3948 1178 4001 qua:
1204 3933 1328 3986 bene
1349 3933 1551 3985 decreta
1580 3943 1695 3985 sunt
1718 3974 1731 3994 ,
1765 3934 1809 3986 si
1848 3933 1940 4003 qui
1971 3949 2110 3988 com-

513 4005 770 4074 munionis
797 4017 905 4056 sine
932 4004 1208 4074 participes
1239 4019 1346 4056 esse
1378 4003 1552 4074 velint,
1585 4004 1923 4059 consentiant.

586 4072 612 4110 (1
646 4072 972 4128 Antioclteni
1009 4073 1084 4126 illi
1115 4073 1358 4138 scilicet,
1399 4072 1596 4143 quibus
1625 4075 1892 4142 regendis-
1920 4074 2104 4130 admo-

513 4157 601 4200 tus
644 4160 740 4214 per
771 4143 1162 4208 Apollinarium
1209 4144 1400 4214 fuerat.
1439 4144 1582 4214 Vid,
1609 4145 1826 4200 Sozom.
1882 4147 1974 4201 lib.
2011 4162 2102 4214 vt,

510 4233 632 4286 cap.
665 4213 752 4268 1’5.
790 4213 885 4286 llic
911 4231 1041 4269 vero
1073 4229 1334 4284 perpetuo
1367 4213 1543 4269 fuerat
1569 4213 1825 4270 Ecclesizu
1851 4213 2104 4286 Spiritus,

513 4285 588 4342 nt
620 4285 1002 4341 lia-reticorum
1051 4299 1113 4341 ac
1163 4285 1626 4340 schismaticormn
1683 4285 2104 4354 capita’iterum

509 4359 966 4428 complecteretur
990 4397 1006 4424 ,
1039 4358 1082 4412 si
1135 4356 1330 4413 fratres
1367 4374 1431 4413 ac
1481 4358 1624 4412 ﬁlios
1653 4359 1724 4414 ab
1768 4374 1834 4415 eo
1862 4359 2108 4415 divulsus

511 4430 707 4486 unitati
754 4445 816 4484 ac
863 4429 986 4484 ﬁdei
1029 4430 1383 4484 restituerint.
1422 4429 1535 4495 Vidi.
1578 4429 1810 4485 Tertull.
1841 4432 1912 4487 de
1962 4433 2110 4487 Prae-

511 4503 704 4570 5cript.
741 4517 860 4572 cap.
896 4502 995 4567 50,
1025 4501 1281 4572 Cypriani.
1313 4502 1475 4572 epist.
1505 4501 1604 4564 64,
1637 4503 1705 4572 ad
1734 4501 2028 4557 Antonian.

2209 3227 2325 3284 τὶας
2343 3265 2357 3288 ,
2381 3219 2492 3298 ὀἷος
2518 3221 2549 3298 ὁ.
2583 3217 3256 3298 παλᾳιός-ᾗμῶνῼᾷνθρωττος
3303 3223 3602 3298 cupioque.
3645 3217 3820 3298 Atha-

2211 3311 2328 3349 nas.
2362 3295 2431 3348 de
2461 3295 2615 3349 Salut
2643 3294 2765 3348 adv.
2800 3290 2930 3349 Chr.
2967 3294 3060 3347 lib.
3084 3290 3127 3346 ιι
3151 3291 3176 3356 ,'
3196 3307 3317 3362 cap.
3357 3291 3461 3347 I0:
3494 3290 3562 3346 Et
3593 3295 3823 3348 animum

2209 3375 2257 3420 et
2299 3381 2528 3435 corpus,
2579 3376 2838 3433 totumque
2877 3365 3104 3434 primum
3143 3363 3398 3418 Adamum
3436 3365 3710 3418 didicimus
3740 3382 3824 3419 se-

2210 3437 2434 3491 cundum
2465 3437 2720 3491 Adamum
2752 3435 3012 3490 habuisse.
3043 3435 3120 3490 Ita
3149 3437 3311 3490 etiam
3336 3437 3520 3489 cmteri
3552 3437 3729 3492 Graeci
3755 3452 3823 3492 ac

2208 3499 2387 3564 Latini
2422 3508 2610 3561 Patres
2639 3549 2652 3571 ,
2686 3522 2821 3576 quos
2861 3506 3056 3562 afferre
3088 3506 3305 3576 longum
3335 3517 3500 3561 esset.

2286 3588 2311 3625 8
2337 3577 2445 3633 Hoc
2477 3581 2792 3648 palmarium
2824 3576 3139 3647 Apollinarii
3177 3587 3558 3647 argumentum
3579 3621 3594 3643 ,
3622 3577 3818 3634 Fabri-

2211 3649 2331 3704 cius
2379 3665 2447 3704 ex
2495 3649 2728 3717 quodam
2783 3649 3080 3718 Anglicano
3134 3648 3328 3704 Graeco
3395 3651 3622 3716 codice,
3671 3650 3822 3717 quod

2217 3720 2543 3790 Apollinarii
2573 3719 3118 3792 pseudoqutestiones
3137 3759 3152 3784 ,
3183 3731 3239 3774 et
3268 3719 3454 3775 Basilii
3507 3725 3821 3792 responsio-

2211 3789 2310 3846 ncs
2337 3789 2621 3855 continet,
2669 3789 2784 3846 haec
2816 3791 3020 3860 profert
3048 3809 3061 3845 :
3093 3791 3152 3846 Si
3183 3792 3416 3846 Christus
3459 3789 3677 3846 mentem
3717 3791 3817 3848 ha-

2212 3862 2318 3916 buit
2346 3862 2596 3926 hominis,
2621 3866 2787 3915 'ettam
2816 3861 3067 3916 oblivione
3094 3861 3343 3918 laboravit
3369 3904 3384 3930 ,
3415 3873 3462 3917 et
3491 3864 3694 3918 inscitia
3718 3905 3733 3930 ,
3768 3874 3818 3919 et

2213 3945 2478 4005 peccatum
2509 3933 2822 3987 committere
2852 3936 3037 4003 potuit.

2286 4005 2408 4059 Bas.
2442 4004 2585 4059 Sane
2610 4005 2843 4071 quidem,
2895 4009 2947 4058 ni
2988 4005 3245 4059 divinitati
3287 4015 3416 4060 esset
3463 4007 3660 4060 unitus.
3707 4005 3812 4060 BB.

2212 4074 2308 4130 Gr.
2342 4084 2474 4130 tom.
2516 4074 2648 4134 VIII.
2682 4091 2735 4144 p.
2776 4075 2895 4130 tOl.
2927 4075 3032 4131 Sed
3068 4075 3184 4146 ipse
3235 4076 3567 4131 Athanasius
3614 4077 3715 4132 sibi
3746 4095 3818 4133 ex

2213 4147 2483 4220 ltzercticis
2509 4155 2732 4220 accepta
2777 4146 2894 4220 lucc
2937 4147 3158 4220 objicit:
3206 4149 3266 4202 Si
3307 4149 3441 4220 enim
3470 4150 3600 4202 hanc
3629 4148 3817 4220 (men-

2213 4218 2343 4290 tem)
2377 4219 2690 4287 assumpsit,
2719 4227 2764 4272 et
2802 4219 3026 4290 principi
3051 4221 3286 4290 nequitia:
3331 4219 3562 4273 subditus
3590 4218 3722 4284 erit,
3766 4229 3814 4274 et

2213 4289 2407 4360 peccati
2436 4304 2615 4358 expers
2660 4305 2762 4360 non
2792 4291 2926 4344 erit:
2954 4289 3022 4346 de
3067 4289 3180 4344 Sal.
3210 4291 3333 4345 adv.
3363 4291 3399 4344 2
3425 4333 3438 4355 ,
3467 4306 3567 4360 Cap
3620 4293 3674 4348 5.
3703 4292 3812 4348 Sed

2213 4359 2330 4416 huc
2361 4363 2610 4432 leguntur
2633 4362 2685 4414 in
2721 4359 2852 4415 Dial.
2897 4361 2929 4416 6
2956 4361 3167 4432 advers.
3187 4359 3626 4432 rApolliuaristas
3650 4365 3810 4419 Auct.

2211 4432 2376 4502 Oper.
2409 4431 2740 4485 Theodoret.
2767 4441 2899 4486 tom.
2933 4431 2994 4497 V,
3026 4448 3078 4502 p.
3105 4431 3229 4488 588.

2286 4501 2313 4541 ιι
2339 4501 2670 4558 Athanasius
2702 4503 2894 4558 iterum
2917 4501 3038 4573 cap.
3065 4504 3098 4557 6
3127 4520 3139 4556 :
3172 4503 3280 4558 Sed
3305 4503 3561 4572 obiicitis,
3596 4505 3662 4561 Si
3702 4521 3814 4558 om-

587 4583 611 4611 °
630 4548 759 4627 'Huc
801 4548 940 4627 ὧι·ιο
963 4548 1208 4641 {ostiorin
1234 4548 1650 4627 OrierntaliSStlb
1680 4571 1888 4627 Joanne
1923 4574 2107 4645 Antio-
2134 4548 2188 4609 Π
2215 4576 2300 4629 nia
2325 4575 2548 4641 accepit,
2576 4590 2728 4638 sane,
2759 4583 2804 4627 et
2833 4548 3084 4628 humaiias
3113 4548 3688 4645 cogitationes;
3714 4578 3814 4630 im-

513 4645 692 4700 cheuo
732 4646 970 4714 synodus
996 4645 1080 4699 bis
1110 4644 1290 4699 verbis
1319 4661 1330 4697 :
1364 4644 1710 4713 Intelligimus
1737 4656 1852 4698 vero
1880 4660 1990 4697 eam
2023 4643 2112 4714 (ft-

509 4716 594 4770 dei
639 4713 870 4782 Nicaeum
898 4713 1317 4784 expositionem)
1358 4715 1544 4778 sicuti,
1576 4715 1665 4784 qui
1712 4727 1828 4768 ante
1873 4731 1966 4769 nos
1998 4713 2109 4784 {ue-

510 4795 634 4839 runt
679 4786 944 4854 episcopi,
973 4783 1027 4838 in
1071 4783 1344 4839 Occidente
1382 4783 1594 4853 quidem
1620 4783 1906 4848 Damasus,
1944 4783 2110 4842 Inno-

512 4853 750 4929 c_entius_,
797 4853 1094 4929 Ambrosius
1131 4855 1358 4929 e_t__ali_i_,
1398 4868 1505 4911 etc.
1557 4853 1673 4910 \‘id.
1724 4857 1926 4929 Synod.
1981 4858 2105 4914 adv.

511 4925 767 4997 Timgad.
797 4926 1106 4998 Irren.icap.
1138 4926 1260 4980 197.
1294 4925 1528 4998 Utraque
1553 4942 1684 4997 ergo
1715 4925 1874 4998 pars,
1911 4929 2109 4984 Catho-

509 4999 600 5054 lici
629 4998 836 5072 scilicet
861 5006 914 5051 et
953 4997 1341 5072 Apollinariani
1382 4998 1448 5072 ad
1477 4997 1754 5054 Niceenum
1788 5001 2106 5072 Symbolum

515 5069 882 5140 provocabunt
913 5085 927 5121 :
969 5069 1269 5130 Catholici,
1305 5080 1363 5121 ut
1418 5071 1582 5124 Deum
1633 5072 1791 5125 nobis
1829 5069 2063 5126 Similem
2089 5111 2106 5139 ,

513 5149 698 5201 mente
726 5141 932 5196 scilicet
984 5148 1039 5194 et
1079 5141 1254 5194 anima
1289 5140 1572 5206 praeditum
1617 5157 1740 5197 esse
1766 5142 2108 5196 demonstra-

510 5223 651 5270 rent.
681 5211 800 5267 Vid.
830 5211 996 5265 Leon.
1022 5210 1198 5280 Magn.
1228 5211 1388 5282 epist.
1423 5211 1545 5266 I35.
1577 5211 1748 5280 Lugd.
1782 5212 1911 5266 edit.
1942 5211 2108 5282 Apol-

513 5285 740 5340 Iinarius
767 5293 983 5347 autem,
1013 5297 1172 5337 suum
1214 5281 1366 5335 illum
1396 5298 1423 5334 e
1445 5282 1571 5335 caelo
1597 5281 2019 5350 descendentem,
2053 5295 2106 5339 et

510 5371 704 5419 carne,
742 5364 801 5409 ut
838 5365 892 5408 et
921 5353 1104 5409 Verbo
1147 5352 1544 5420 compositum,
1578 5353 1824 5407 cwlestem
1852 5354 2107 5409 hominem

513 5429 877 5481 confirmaret.
912 5425 1028 5479 Vid.
1061 5425 1316 5480 Ambros.
1353 5426 1491 5478 inter
1538 5425 1843 5480 testimonia
1889 5426 2104 5481 Patrum

512 5497 674 5550 allata
703 5513 733 5550 a
763 5497 943 5552 Leone
967 5495 1177 5568 Magno,
1213 5497 1373 5568 epist.
1409 5495 1542 5561 154,
1573 5495 1744 5567 Lugd.
1771 5495 1938 5568 edit.;
1973 5495 2106 5566 Nys-

513 5568 812 5692 sen8.,etl%¥5t.
846 5581 965 5638 cap.
1005 5565 1080 5636 9,
1116 5571 1216 5635 to;
1249 5565 1594 5623 'Nazianzeu.
1627 5565 1789 5640 epist.
1838 5565 1905 5624 ad
1946 5565 2100 5623 Cled.

513 5653 568 5692 ιι.
805 5677 818 5691 .

513 5653 568 5695 ιι.
599 5645 634 5692 ὃ
653 5645 710 5692 et
726 5645 818 5691 25.

590 5707 609 5749 ί
646 5707 909 5765 Eusebius
932 5708 1295 5766 Vercellensis
1323 5711 1376 5766 in
1419 5710 1648 5783 epistola
1679 5710 1746 5768 ad
1775 5709 2108 5768 Antiochen-

2212 4645 2453 4717 possibile
2483 4653 2654 4717 autem
2687 4653 2760 4698 est
2805 4647 3040 4699 humanis
3073 4644 3465 4714 cogitationibus
3509 4664 3610 4701 non
3649 4650 3816 4702 inesse

2213 4715 2495 4788 peccatum.
2531 4715 2648 4769 Vid.
2678 4717 2840 4771 etiam
2881 4717 3070 4788 Petav.
3104 4717 3172 4771 de
3220 4717 3332 4772 loc.
3366 4719 3460 4772 Ilh‘.
3492 4733 3558 4785 ν,
3590 4733 3709 4788 cap.
3744 4719 3807 4772 Η

2211 4796 2267 4843 et
2313 4787 2399 4841 12.
2434 4786 2704 4860 Craterum
2728 4828 2742 4851 ,
2777 4799 2837 4842 ut
2865 4786 3143 4860 Nysscnus
3169 4788 3452 4856 respondit
3493 4786 3768 4860 eleganter
3792 4831 3808 4856 ,

2212 4869 2415 4931 nostras
2456 4857 2631 4931 sordes
2675 4858 2728 4911 in
2760 4857 3031 4923 semetipso
3058 4876 3323 4931 assumens
3349 4901 3364 4922 ,
3397 4857 3816 4931 earum'spurci-

2212 4930 2296 5002 tiis
2323 4947 2433 5002 non,
2461 4929 2761 5002 inquinatur
2781 4971 2796 4995 ,
2828 4931 2919 5002 sed
2964 4931 3018 4984 in
3063 4936 3120 4984 se‘
3160 4929 3272 5000 ipso
3322 4933 3501 4987 sordes
3545 4929 3806 5002 puri/ient.

2210 5000 2331 5055 Lua:
2354 5001 2488 5055 enim
2516 5002 2570 5053 in
2602 5000 2820 5058 tenebris
2846 5001 2976 5056 lusit
3002 5043 3016 5064 ,
3048 5011 3102 5056 et
3126 5002 3344 5057 tenebrae
3387 5015 3500 5058 eum
3538 5018 3640 5057 non
3665 5000 3814 5056 com-

2210 5073 2767 5143 prehenderuntLAnt.
2801 5088 2918 5139 cap.
2959 5072 3054 5127 26.

2287 5143 2397 5197 Iloc
2442 5143 2565 5196 loco
2594 5141 2978 5199 Vallicellanus
3028 5143 3200 5199 codex
3247 5161 3302 5198 η.
3334 5145 3402 5200 18
3446 5154 3502 5200 et
3548 5144 3719 5200 codex
3747 5145 3806 5201 S.

2209 5213 2399 5269 Crucis
2429 5222 2548 5280 post
2576 5213 2802 5287 verbum
2831 5225 3034 5287 peccato
3063 5215 3177 5287 haec
3209 5209 3442 5287 habent,
3474 5215 3669 5287 quibus
3694 5218 3808 5270 'im-

2215 5299 2431 5353 pressos
2461 5295 2652 5338 carere
2681 5284 2797 5338 dixi
2825 5301 2838 5338 :
2887 5284 2949 5341 Si
2977 5285 3104 5354 quid
3131 5286 3265 5340 illud
3299 5298 3373 5342 est
3397 5329 3413 5354 ,
3444 5284 3580 5355 quod
3610 5288 3673 5340 de
3715 5287 3810 5340 ho-

2214 5356 2350 5410 mine
2390 5355 2630 5411 Salvator
2673 5365 2845 5410 noster
2882 5359 3140 5425 suscipere
3179 5357 3348 5412 timuit
3373 5400 3386 5418 .
3420 5373 3522 5413 non
3549 5357 3762 5413 salvabit
3789 5374 3809 5412 :

2214 5437 2302 5480 aut
2333 5427 2375 5501 si
2397 5426 2838 5501 itainsuperabile
2866 5430 3057 5501 malum
3090 5429 3188 5501 fuit
3212 5471 3226 5490 ,
3256 5429 3392 5499 quod
3416 5431 3526 5501 ipse
3552 5430 3808 5495 suscipere

2215 5499 2701 5584 [armidavitpquid
2748 5503 2894 5584 ponit
2932 5500 2985 5584 in
3015 5499 3261 5584 homine,
3305 5499 3453 5584 quem
3497 5503 3603 5584 ipse
3631 5503 3810 5584 condi-

2214 5571 2309 5643 dit,
2335 5581 2397 5624 'et
2443 5572 2698 5643 suscipere
2741 5571 2794 5624 in
2837 5579 3069 5643 suscepto
3121 5571 3327 5626 homine
3371 5572 3587 5627 vitavit!
3624 5571 3808 5643 Itaque

2216 5638 2518 5718 Qominicus
2569 5638 2720 5718 homo
2773 5638 3098 5718 rationabilis
3140 5643 3615 5718 et_intell_igibilis,
3671 5638 3807 5718 quod

2215 5711 2386 5768 ϐπερὶ
2435 5713 2612 5768 dicunt
2661 5713 2919 5790 (νοερὸς),
2963 5712 3306 5784 conﬁtendus.
3351 5709 3477 5770 ilch
3523 5709 3802 5771 ratio'l’a.
