4138 6178
324 257 437 316 δῖῢ

1798 265 2174 342 austrum.

3539 287 3643 342 558

319 384 538 425 necnon
571 379 596 408 ει
624 377 681 426 et
709 385 804 427 eos
830 412 844 434 ,
883 372 976 443 qui
1011 373 1148 430 duos
1179 373 1233 430 in
1265 373 1550 431 Salvatore
1587 377 1726 432 ﬁlios
1770 380 1937 436 conli-
1965 388 2008 444 Α
2042 385 2155 438 licet
2185 395 2232 440 et
2279 386 2464 458 Vigilio
2486 427 2500 455 ,
2551 387 2846 458 Ambrosio,
2893 395 3107 464 antiquo
3157 403 3365 455 auctore
3397 397 3636 456 Set-tuon.

321 469 530 528 lentur,
563 465 616 518 id
647 475 728 520 est
755 505 770 529 ,
801 465 966 520 alium
997 476 1122 522 ante
1154 465 1583 524 lncarnationem
1610 511 1626 537 ,
1667 481 1717 525 et
1766 471 1927 525 alitnn

322 566 447 626 post
472 563 900 628 assumptionem
929 560 1112 615 carnis
1149 576 1215 615 ex
1248 559 1468 632 Virgine
1491 605 1508 629 ,
1549 572 1604 617 et
1640 579 1746 618 non
1776 578 1930 619 eum-

319 650 449 706 dem
487 651 580 707 Dei
631 651 798 708 lilium
839 661 897 708 et
940 662 1066 710 ante
1095 662 1152 709 et
1181 664 1365 726 postea
1405 656 1752 712 conﬁtentur.
1794 657 1929 723 Qui-

320 761 552 816 cumque
591 745 717 801 huic
762 747 1008 817 epistola)
1047 749 1394 804 subsmbere
1427 752 1657 805 voluerit
1683 791 1699 815 ,
1731 751 1804 805 ita
1850 759 1930 806 ta-

320 853 448 894 tnen
501 849 556 893 ut
608 839 661 894 in
712 839 1095 895 ecclesiasticis
1141 843 1482 910 canonibus,
1537 859 1674 914 quos
1721 844 1926 914 optime

319 931 464 986 nosti
493 972 506 992 ,
552 945 604 985 et
647 932 698 984 in
746 932 960 987 Nic-.ena
1007 932 1112 987 [ide
1155 943 1282 988 ante
1325 934 1744 1001 subscripserit,
1782 934 1926 992 hunc

319 1023 546 1079 debebis
589 1024 795 1096 absque
833 1025 1016 1094 aliqua
1061 1024 1414 1095 ambiguitate
1459 1028 1760 1095 suscipere.
1806 1027 1922 1082 Non

318 1115 463 1186 quod
507 1117 620 1172 lucc
664 1118 777 1187 ipsa
803 1159 817 1182 ,
850 1132 976 1188 quae
1023 1132 1123 1174 nos
1162 1119 1450 1173 scribimus
1476 1160 1492 1183 ,
1531 1135 1638 1174 non
1681 1119 1924 1188 potueris

317 1211 754 1265 convertentiutn
783 1209 1115 1280 susceptioni
1146 1227 1452 1281 proponere
1477 1228 1492 1278 ;
1527 1212 1620 1267 sed
1649 1213 1791 1283 quod
1826 1213 1923 1268 tibi

314 1317 617 1356 consensus
690 1312 874 1358 noster
923 1303 1154 1359 liberum
1207 1305 1259 1359 in
1315 1306 1661 1376 suscipiendo
1721 1307 1926 1363 tribuat

313 1395 628 1466 exemplum
659 1393 710 1450 1’.

835 1511 1231 1574 EPISTOLA
1276 1513 1388 1575 IV.

309 1649 596 1692 CONFESSIO
635 1649 778 1690 FIDE!
820 1650 1141 1692 CATHOLICE
1181 1650 1325 1699 QUAM
1377 1651 1507 1690 ΡΔΡΑ
1548 1649 1790 1691 DAIASUS

477 1745 558 1785 SIT
600 1746 668 1784 AD
706 1745 972 1785 PAULINO!
1011 1744 1394 1784 Ακτιοοιιιςιωιι
1433 1743 1746 1785 ειηεῦονυι.

935 1865 1268 1922 MONITUM.

381 1958 515 2014 Iiarc
543 1961 710 2014 altera
737 1965 813 2012 est
862 1959 1075 2014 Damasi
1103 1961 1322 2028 epistola
1347 1961 1495 2015 exiis
1530 1976 1644 2027 qua:
1669 1961 1738 2013 ad
1771 1958 1914 2013 Pau-

296 2051 469 2106 linum
494 2049 867 2104 Antiochenum
890 2059 1125 2114 exstant,
1158 2053 1306 2120 cujus
1335 2052 1398 2104 ab
1421 2052 1582 2120 priori
1612 2052 1912 2122 disjuugen-

295 2146 382 2197 da.-
427 2144 648 2198 ratioues
683 2143 800 2213 jam
839 2143 1014 2197 attuli.
1068 2141 1181 2196 Hoc
1220 2152 1388 2196 tamen
1435 2142 1684 2197 adnotare
1727 2144 1912 2197 iterant

294 2237 490 2304 placet,
523 2234 900 2289 Theodoretum
922 2235 1119 2290 scilicet
1138 2251 1254 2290 eam
1285 2233 1463 2290 Greece
1491 2236 1747 2288 redditam
1781 2234 1909 2290 His-

292 2329 447 2382 toria:
469 2344 580 2382 sua:
607 2329 885 2398 attexuisse
905 2369 919 2392 ,
945 2345 1005 2381 ac
1030 2327 1094 2382 ab
1126 2328 1290 2396 priori
1326 2327 1643 2399 disjunctam
1670 2328 1910 2380 retulisse

289 2421 389 2475 lib.
419 2437 483 2485 v,
518 2437 635 2492 cap.
692 2422 776 2476 il.
810 2418 917 2474 Cur
951 2437 1067 2474 vero
1115 2436 1215 2474 non
1257 2420 1508 2490 integrant
1547 2420 1782 2473 recitavit
1807 2461 1821 2484 ,
1864 2419 1908 2474 si

288 2527 563 2582 utramque
595 2511 854 2566 Damasus
888 2516 963 2566 sic
995 2515 1247 2585 junxerat
1268 2555 1284 2577 ,
1315 2520 1370 2564 ut
1414 2527 1518 2564 una
1546 2511 1756 2565 alterius
1787 2527 1908 2580 pars

286 2618 420 2661 esset
461 2603 862 2674 inseparabilis?
889 2602 971 2656 An
1011 2603 1144 2671 forte
1185 2601 1315 2656 nihil
1351 2603 1418 2654 ad
1463 2601 1708 2655 Ecclesia:
1749 2601 1909 2652 histo-

286 2697 426 2750 riam
466 2697 720 2767 pertinere
759 2711 910 2766 posse
949 2695 1147 2749 censuit
1170 2737 1184 2760 ,
1226 2707 1340 2764 qua:
1377 2693 1440 2748 de
1473 2691 1658 2747 Vitalis
1704 2691 1910 2746 nomine

283 2791 488 2862 scripta
525 2790 782 2860 (uerunt?
814 2789 942 2856 Quis
983 2789 1078 2843 hoc
1109 2805 1172 2843 ne
1211 2789 1500 2856 suspicetur
1533 2787 1788 2860 quidem?
1825 2786 1908 2841 An

286 2886 468 2954 potius
501 2885 623 2937 huic
649 2881 964 2954 parcendum
1001 2881 1342 2958 esseduin
1368 2881 1433 2933 At
1475 2881 1620 2934 illius
1667 2880 1905 2934 hteresim

282 2977 380 3032 lib.
420 2991 486 3042 ν,
533 2993 651 3045 cap.
697 2975 731 3029 4
758 3019 771 3043 ,
819 2975 1031 3030 minime
1075 2975 1384 3029 dissimulat.
1428 2973 1701 3045 Reliquum
1747 2975 1903 3047 igiturI

281 3080 361 3122 est
405 3077 462 3122 ut
503 3077 741 3122 truncata
788 3068 902 3136 jam
946 3075 994 3121 et
1037 3067 1258 3120 dissecta
1284 3065 1354 3120 ad
1403 3083 1515 3119 eum
1579 3067 1789 3120 venerit.
1840 3065 1904 3118 At

283 3161 374 3214 cui
404 3162 538 3214 bono
565 3159 672 3214 liceo
717 3160 932 3230 integrw
973 3160 1206 3226 epistola
1234 3159 1481 3213 laceratio
1510 3168 1556 3213 et
1598 3158 1903 3228 corruptio?
1927 3191 1971 3254 C

281 3253 340 3306 in
369 3260 514 3305 tanta
543 3253 826 3322 prcesertim
855 3251 1114 3304 vicinitate
1141 3251 1413 3319 temporis,
1445 3260 1492 3304 et
1521 3249 1898 3319 exemplarium

280 3344 478 3415 capia!
511 3344 703 3398 Ratum
748 3345 906 3416 igitur
934 3387 948 3411 ,
996 3354 1286 3416 certumque
1335 3346 1436 3412 sit,
1483 3362 1585 3398 non
1635 3362 1790 3398 unant
1840 3345 1896 3400 in

280 3441 418 3493 duas
448 3449 638 3494 sectam
678 3449 883 3509 partes,
912 3439 1002 3494 sed
1034 3441 1164 3493 duas
1199 3441 1330 3493 inter
1372 3455 1425 3493 se
1469 3439 1758 3511 disjunctas
1790 3435 1898 3494 Da-

281 3534 414 3586 masi
443 3534 604 3604 fuisse
632 3533 700 3584 ad
733 3531 1014 3585 Paulinum
1059 3532 1321 3602 epistolas.
1355 3530 1608 3584 Craterum
1638 3533 1772 3584 hanc
1802 3548 1896 3603 po-

277 3626 573 3692 tissimum,
605 3624 668 3678 de
710 3641 813 3695 qua
841 3625 1071 3696 agimus,
1121 3628 1366 3678 celebrem
1415 3636 1662 3695 perpetuo
1706 3626 1896 3693 fuisse,

278 3737 346 3774 ac
372 3736 574 3774 summa
601 3719 788 3790 plausu
812 3729 1075 3792 exceptam
1103 3721 1393 3793 colligimus
1415 3738 1480 3776 ex
1509 3721 1894 3790 Scriptoribus,

278 3815 370 3883 qui
400 3829 514 3868 eam
542 3823 857 3878 memorant,
887 3830 948 3866 ac
976 3831 1071 3885 pro
1111 3813 1220 3884 lege
1248 3812 1470 3879 habent,
1502 3812 1776 3870 Ctelestino
1797 3816 1898 3870 sci-

275 3978 456 4032 trihus
499 3976 780 4048 familiaris
832 3988 936 4032 est.
991 3977 1114 4032 Vid.
1165 3977 1414 4032 Damasc.
1459 3992 1616 4048 Oper.
1667 3987 1799 4033 tom.
1841 3978 1892 4042 l,

278 4065 338 4120 p.
381 4050 492 4104 228
523 4057 580 4102 et
608 4067 658 4118 ρ.
691 4047 820 4106 ato.

360 4130 385 4156 ³·
423 4120 552 4174 Ηιιξε
593 4121 865 4174 Arnobius
909 4136 970 4174 ex
1015 4121 1174 4190 priori
1224 4119 1292 4174 ad
1339 4118 1620 4175 Paulinum
1667 4123 1894 4192 epistola

277 4201 505 4260 accepta
550 4192 630 4246 sic
659 4194 849 4246 recitat
878 4210 890 4245 :
929 4193 1430 4246 Auathcmatizamus
1472 4207 1555 4245 eos
1579 4235 1593 4258 ,
1626 4195 1714 4260 qui
1760 4193 1891 4246 duos

277 4264 336 4316 in
368 4263 644 4317 Saluatore
669 4263 804 4330 ﬁlios
834 4263 1143 4332 conﬁtentur
1165 4305 1178 4327 ,
1219 4279 1374 4315 unum
1413 4271 1531 4315 ante
1573 4265 1891 4317 incarnatio-

279 4349 398 4387 nem
419 4376 433 4398 ,
466 4345 514 4388 et
555 4333 774 4386 alterunt
809 4343 923 4400 post
952 4345 1270 4403 assumptum
1298 4350 1505 4387 carnem
1542 4351 1604 4388 ea:
1642 4334 1888 4405 Virgine;

279 4419 332 4458 et
373 4423 479 4459 non
517 4405 746 4458 eumdem
789 4405 883 4458 Dei
932 4405 1128 4474 ﬁlium,
1179 4415 1224 4458 et
1279 4417 1431 4457 antea
1483 4411 1531 4458 et
1578 4417 1752 4471 postea
1807 4407 1890 4474 ip-

280 4492 400 4530 sum
449 4493 556 4530 esse
595 4477 854 4531 Christum
894 4490 1066 4529 verum
1099 4473 1191 4530 Dei
1223 4475 1416 4529 Filium
1444 4478 1587 4547 .gui
1635 4487 1785 4531 natus
1818 4473 1889 4530 est

279 4563 347 4600 ex
393 4547 635 4618 Virgine,
668 4549 993 4610 conﬁtentur.
1026 4548 1126 4602 huc
1156 4546 1590 4618 etiatnrespicit,
1625 4551 1674 4602 ni
1711 4548 1886 4613 fallor,

277 4616 604 4672 Ambrosius
649 4621 715 4672 de
759 4620 972 4673 IIIC'll’ll.
1003 4635 1124 4690 cap.
1170 4618 1247 4690 67:
1281 4616 1346 4668 Et
1379 4618 1499 4672 illos
1546 4620 1887 4690 condemnare

278 4691 520 4744 debemus
542 4731 556 4751 ,
599 4690 688 4758 qui
729 4707 831 4744 non
876 4706 1034 4742 unum
1063 4689 1394 4754 eamdemque
1423 4705 1530 4742 esse
1564 4689 1761 4744 Filium
1797 4689 1892 4743 Dei

278 4763 496 4824 dicunt,
528 4771 578 4813 et
623 4762 785 4814 alium
837 4777 943 4817 esse
968 4802 982 4824 ,
1011 4762 1100 4831 qui
1145 4775 1208 4814 ex
1252 4759 1358 4812 Deo
1398 4770 1550 4831 natus
1590 4763 1693 4825 sit,
1726 4761 1886 4815 alium

278 4833 369 4900 qui
396 4834 465 4885 sit
504 4843 775 4903 generatus
803 4848 864 4885 ex
903 4830 1131 4901 Virgine.
1167 4831 1294 4884 Haec
1317 4830 1569 4886 conferas
1599 4847 1722 4887 cum
1753 4849 1884 4885 ana-

281 4902 636 4957 themattsnto
673 4902 708 4958 6
737 4904 962 4957 alterius
1006 4903 1250 4973 epistolae
1297 4903 1361 4956 ad
1407 4905 1660 4958 eumdem
1704 4902 1885 4957 Pauli-

281 4990 453 5039 num;
502 4989 565 5029 ac
598 4988 775 5028 tecum
810 4984 1000 5042 reputa
1026 5016 1040 5038 ,
1091 4991 1155 5027 an
1191 4973 1304 5027 ﬁeri
1348 4976 1554 5042 possit,
1608 4988 1662 5027 ιη
1699 4976 1890 5029 Dama-

278 5060 375 5100 sus
411 5059 516 5099 uno
537 5046 732 5101 eadem
764 5047 968 5115 scripto
989 5086 1002 5109 ,
1035 5061 1148 5100 retn
1178 5043 1354 5113 ipsam
1389 5045 1686 5116 iisdemque
1715 5045 1890 5116 verbis

279 5127 537 5184 repetat,
585 5116 730 5188 quod
764 5114 962 5188 tamen
1008 5118 1312 5170 concedant
1357 5131 1582 5171 necesse
1602 5114 1750 5188 :est,
1798 5114 1890 5186 qtti

278 5188 498 5242 unicam
541 5187 611 5241 ad
649 5187 925 5242 Paulinum
955 5188 1241 5256 epistolam
1280 5196 1546 5242 statuunt.
1581 5187 1713 5242 Hinc
1750 5188 1888 5242 Cor-

279 5259 521 5314 beiensis
578 5259 748 5312 codex
777 5300 792 5323 ,
821 5259 1140 5315 Constantio
1189 5268 1327 5312 teste
1350 5301 1364 5322 ,
1398 5265 1456 5312 ut
1491 5273 1609 5313 eam
1643 5259 1891 5313 vitiosam

279 5334 672 5398 repetitionem
699 5342 888 5384 caveat
909 5372 922 5394 ,
953 5333 1188 5385 alterum
1213 5329 1724 5385 anathematismunt
1757 5331 1894 5385 omi-

277 5403 350 5456 sit
378 5416 538 5456 secus
560 5416 625 5456 ac
657 5402 1046 5457 llolstenianus
1070 5443 1086 5468 ,
1119 5415 1182 5456 ac
1208 5401 1647 5468 Quesnellianus.

351 5496 382 5534 ι’
417 5493 686 5553 Vallicell.
715 5498 834 5553 cod.
869 5500 1190 5567 facultatem.

356 5570 571 5640 “illanc
610 5567 940 5626 Trithemius
987 5571 1055 5625 de
1099 5567 1252 5628 S.,.E.
1295 5584 1414 5640 cap.
1449 5569 1552 5636 75,
1598 5569 1788 5623 librant
1831 5569 1896 5624 de

279 5637 422 5694 Fide
452 5651 610 5695 vocat
631 5683 647 5708 ,
680 5650 859 5696 contra
891 5642 1178 5696 ltwreticos.

351 5709 381 5747 ἀ
417 5712 534 5783 Hoc
563 5712 702 5782 apud
733 5711 1094 5768 Trithemium
1125 5712 1634 5783 ltujusdogmaticte
1684 5711 1892 5766 initium

276 5789 408 5852 est,
464 5781 720 5850 Quoniam
771 5795 882 5854 post
936 5784 1212 5841 concilium
1262 5781 1559 5851 Nicainum,
1612 5791 1772 5854 atque
1823 5784 1894 5838 ita

2035 479 2099 531 de
2136 478 2376 552 Temper.
2415 483 2538 547 1'29,
2566 485 2690 538 olint
2730 487 3130 557 Augustiniano,
3177 508 3313 545 nunc
3341 493 3395 547 in
3442 511 3640 565 appen-

2033 573 2198 626 dicem
2230 577 2436 646 rejecto,
2495 587 2617 630 tom.
2655 577 2717 643 ν,
2752 578 2922 633 Serm.
2963 582 3099 646 255,
3137 583 3222 636 ubi
3262 601 3326 638 ex
3353 589 3462 657 ejus
3513 604 3641 642 ana-

2033 665 2368 722 thennttismis
2399 669 2569 738 plures
2609 673 2916 739 recitantur,
2963 675 3192 729 Arnobio
3231 677 3452 733 Juniore
3477 721 3491 745 ,
3533 679 3638 736 lsi-

2031 760 2156 813 doro
2191 761 2244 814 in
2275 760 2461 816 Codice
2498 780 2752 817 canonum
2783 767 3027 821 Ecclesia:
3059 767 3313 840 Hispanae
3335 812 3351 837 ,
3403 771 3629 827 Paulino

2028 850 2341 920 Aquileiensi
2364 895 2378 920 ,
2409 854 2706 910 Tricassino
2731 860 2952 912 concilio
2972 901 2985 924 ,
3016 870 3168 929 atque
3196 864 3314 916 aliis
3342 863 3583 933 deinceps
3609 883 3629 922 ὅ

2029 961 2092 997 ea:
2145 945 2339 1000 Crtecis
2395 965 2552 1014 vero,
2602 961 2655 1004 ut
2704 954 3013 1006 recentiores
3058 966 3391 1025 pra’tercam,
3450 973 3636 1030 prcoles-

2032 1035 2447 1108 Theodoretum,
2494 1043 2713 1096 concilio
2764 1042 3336 1116 Constantinopolitano
3366 1092 3380 1114 ,
3432 1062 3486 1104 ut
3537 1070 3628 1122 ego

2025 1132 2232 1198 quidem
2260 1143 2383 1201 puto
2403 1175 2418 1200 ,
2450 1143 2500 1188 et
2534 1133 2587 1187 Ν
2591 1137 2894 1191 azianzeno.
2929 1136 3057 1191 Cum
3085 1141 3244 1210 igitur
3278 1142 3340 1196 ob
3366 1159 3476 1196 eant
3503 1161 3630 1199 cuu-

2023 1243 2131 1279 sam
2164 1243 2300 1295 stupe
2328 1229 2747 1284 transcriberetur
2769 1273 2782 1294 ,
2815 1231 2930 1300 ﬁeri
2957 1250 3056 1287 non
3098 1236 3260 1305 potuit
3281 1277 3296 1301 ,
3331 1237 3454 1307 quin
3485 1239 3631 1293 varia

2024 1336 2159 1373 nunc
2185 1321 2252 1374 sit
2295 1338 2415 1375 mss.
2446 1324 2678 1376 codicum
2720 1324 2870 1379 lectio
2889 1366 2906 1391 ,
2942 1327 3048 1380 sive
3077 1344 3199 1382 casu
3225 1369 3241 1392 ,
3274 1329 3377 1383 sive
3404 1339 3586 1384 temere
3611 1373 3626 1398 ,

2022 1427 2083 1466 ac
2132 1428 2226 1482 pro
2277 1414 2522 1483 cujusque
2565 1415 2812 1486 ingenio;
2859 1421 3006 1490 cujus
3052 1421 3128 1475 vel
3180 1432 3366 1490 prseter
3412 1441 3473 1478 ea
3515 1441 3630 1494 qua:

2020 1518 2113 1571 ego
2153 1501 2448 1571 observavi,
2499 1522 2600 1560 non
2651 1524 2811 1561 unum
2865 1511 3157 1579 exemplum
3210 1513 3380 1566 attulit
3441 1513 3628 1570 Petrus

2020 1591 2350 1649 Constantius
2389 1614 2454 1651 ex
2479 1599 2767 1661 codicibus,
2801 1617 2926 1670 quos
2966 1601 3055 1655 ille
3085 1620 3178 1670 pro
3227 1606 3479 1674 exquisita
3529 1624 3625 1661 sua

2019 1688 2288 1760 diligentia
2316 1691 2554 1760 inspexit.
2591 1691 2723 1766 Ejus
2764 1694 2938 1764 itaque
2982 1697 3248 1766 exemplar
3286 1699 3338 1750 in
3370 1698 3467 1752 hac
3515 1701 3624 1754 edi-

1943 1796 1992 1864 Β
2019 1779 2158 1835 tione
2187 1799 2278 1855 ego
2306 1793 2508 1837 secutus
2535 1802 2646 1838 sum
2673 1825 2690 1850 ,
2731 1795 2839 1839 tum
2882 1788 3018 1856 quod
3046 1789 3178 1841 illud
3213 1791 3282 1841 ad
3325 1788 3562 1844 Grazcum
3591 1805 3632 1856 α

2017 1871 2342 1930 Tlteodoreto
2367 1876 2434 1928 ad
2473 1893 2566 1931 nos
2609 1879 3007 1944 transmissum,
3045 1890 3150 1932 tum
3194 1897 3310 1934 vero
3358 1882 3427 1934 ad
3457 1882 3621 1948 Ques—

2016 1966 2299 2021 nellianum
2328 1971 2493 2042 magis
2535 1970 2781 2035 accedat,
2813 1973 2900 2041 qui
2936 1973 3043 2026 duo
3089 1974 3182 2026 rivi
3223 1983 3345 2027 sunt
3367 1976 3616 2041 omnium,

2003 2061 2211 2134 judicio
2241 2079 2382 2127 meo,
2415 2065 2550 2135 fonti
2581 2066 2944 2132 proximiores,
2978 2083 3039 2119 ac
3070 2067 3224 2137 facile
3262 2067 3325 2120 ob
3354 2083 3464 2121 eam
3495 2083 3618 2122 cau-

2011 2171 2122 2207 sam
2150 2155 2385 2223 puriores
2409 2172 2427 2209 :
2458 2157 2502 2208 si
2527 2157 2642 2226 quis
2671 2157 2805 2210 enim
2834 2174 2956 2211 mss.
2986 2159 3187 2212 codices
3214 2161 3480 2216 consulere
3509 2178 3619 2215 om-

2012 2263 2104 2302 nes
2129 2249 2247 2302 velit
2275 2265 2334 2303 ac
2378 2254 2574 2320 referre
2594 2290 2609 2316 ,
2641 2267 2760 2303 cum
2802 2251 2980 2321 ingens
3009 2267 3188 2304 eorum
3215 2253 3365 2322 capia
3391 2255 3457 2307 sit
3481 2294 3495 2316 ,
3540 2255 3618 2308 vel

2011 2343 2302 2410 improbum
2348 2354 2394 2397 et
2425 2359 2529 2396 non
2585 2344 2929 2398 necessarium
2961 2345 3189 2406 laborem
3231 2347 3478 2400 sustineat
3530 2361 3620 2400 ne-

2011 2450 2150 2488 cesse
2176 2444 2250 2489 est
2277 2475 2292 2498 ,
2324 2436 2402 2490 vel
2431 2435 2656 2490 incertus
2672 2435 2865 2509 judicti
2891 2433 2956 2490 sit
2981 2479 2995 2500 ,
3029 2449 3201 2491 utrunt
3247 2455 3308 2492 ea:
3337 2439 3399 2491 iis
3428 2441 3617 2509 eligat,

2011 2542 2322 2596 quamquam
2356 2527 2701 2582 Valliccllono
2749 2529 2924 2583 codice
2970 2530 3252 2599 aliquando
3307 2547 3432 2587 usus
3477 2533 3576 2586 sim
3601 2573 3618 2600 ,

2012 2619 2151 2688 quod
2179 2619 2269 2674 ille
2296 2619 2365 2672 ad
2392 2635 2574 2674 manus
2606 2623 2799 2690 fuerat.

2245 2755 2622 2813 CONFESSIO
2663 2757 2844 2812 FIDE]
2883 2756 3299 2815 CATIIOLICIE
3331 2772 3376 2814 ο.

2085 2867 2212 2921 Post
2241 2869 2526 2923 concilium
2558 2869 2871 2936 Nicaennm,
2903 2867 2927 2906 ι¹
2971 2871 3113 2941 quod
3160 2871 3216 2926 in
3262 2873 3396 2930 urbe
3447 2873 3615 2932 Roma

2011 2963 2301 3017 concilium
2347 2976 2742 3034 congregatum
2782 2977 2864 3020 est
2910 2983 2936 3019 a
2979 2970 3264 3026 catholicis
3301 2973 3608 3043 episcopis,

2009 3056 2333 3112 addiderunt
2358 3058 2425 3112 de
2453 3058 2655 3128 Spiritu
2687 3070 2893 3116 sancto.
2928 3061 2992 3115 Et
3021 3063 3146 3133 quia
3177 3071 3358 3132 postea
3393 3063 3438 3119 is
3459 3079 3615 3120 error

2010 3153 2269 3220 inolevit,
2317 3164 2374 3210 ut
2421 3156 2640 3226 quidam
2667 3173 2766 3213 ore
2818 3159 3084 3229 sacrilego
3127 3160 3391 3216 auderent
3429 3161 3614 3217 dicere

2007 3248 2264 3316 Spiritum
2298 3249 2558 3304 Sanctum
2588 3250 2783 3304 factum
2808 3266 2928 3304 esse
2957 3266 3050 3322 per
3076 3250 3274 3305 Filium
3310 3251 3358 3306 θ’.

2075 3339 2115 3391 1.
2159 3340 2694 3397 Anatltematizamus
2725 3356 2858 3406 eos,
2898 3345 2988 3411 qui
3041 3358 3146 3396 non
3197 3351 3305 3397 tota
3353 3344 3606 3399 libertate

2006 3434 2376 3501 proclamant,
2407 3450 2528 3488 cum
2561 3435 2717 3491 Patre
2739 3445 2792 3491 et
2820 3435 2954 3490 Filio
2985 3436 3139 3491 unius
3170 3441 3455 3508 potestatis
3484 3455 3610 3498 esse

2005 3535 2166 3594 atque
2189 3527 2528 3581 substantiae.

2078 3624 2142 3680 ll.
2186 3625 2722 3680 Anathetuatizantus
2753 3641 2967 3697 quoque
2997 3641 3092 3681 eos
3113 3667 3128 3692 ,
3163 3629 3253 3698 qui
3280 3627 3498 3682 Sabe-iiii
3527 3643 3614 3684 se-

2003 3730 2243 3792 qttuntur
2275 3736 2518 3776 errorem
2556 3719 2608 3786 ῖ,
2640 3721 2892 3777 eumdem
2925 3721 3165 3777 dicentes
3200 3721 3413 3776 Patrem
3446 3737 3569 3779 esse
3591 3765 3606 3791 ,

2003 3831 2162 3887 quem
2201 3816 2422 3871 Fili-nm.

2002 3979 2163 4034 etiam
2193 3978 2333 4049 apud
2358 3977 2764 4034 Theodorelnm
2799 3978 3058 4050 legimus:
3088 3991 3261 4050 eaque
3285 3976 3446 4032 lectio
3476 3975 3611 4032 milii

2001 4052 2182 4105 verior
2232 4051 2443 4106 videtur
2476 4069 2488 4103 :
2521 4067 2583 4105 ea
2627 4051 2770 4107 enim
2819 4049 2937 4119 quae
2969 4053 3019 4104 in
3068 4051 3187 4104 aliis
3235 4049 3515 4117 impressis
3543 4059 3608 4104 ac

2001 4138 2134 4176 mss.
2178 4122 2456 4177 codicibus
2487 4124 2921 4192 praemittuntur,
2964 4122 3248 4176 exordium
3294 4122 3469 4192 p0titts
3514 4135 3606 4174 sa-

2001 4196 2154 4262 piunt
2185 4194 2250 4247 ab
2278 4191 2710 4262 exscriptoribus
2735 4194 3006 4263 adjectum
3033 4211 3046 4260 ;
3085 4193 3354 4261 siquidem
3386 4191 3489 4246 hoc
3521 4193 3603 4260 ip-

1999 4279 2116 4318 sum
2151 4265 2450 4319 Romanum
2494 4264 2782 4318 com-ilium
2810 4307 2824 4327 ,
2857 4266 2998 4334 quod
3031 4279 3174 4318 anno
3198 4265 3308 4318 580
3335 4279 3600 4317 convoca:

2000 4344 2110 4389 ttnn
2137 4336 2285 4400 dixi,
2317 4337 2449 4390 illud
2477 4335 2652 4404 ipsum
2683 4345 2766 4391 est
2797 4336 2988 4406 Vigilio
3015 4345 3151 4389 teste
3177 4377 3191 4400 ,
3219 4335 3364 4406 quod
3384 4334 3603 4388 Nicaeae

1999 4407 2233 4460 cencilio
2259 4406 2460 4460 addidit
2489 4422 2549 4459 ea
2583 4448 2596 4470 ,
2628 4421 2747 4476 qme
2790 4405 2966 4460 minus
2999 4407 3157 4475 plene
3178 4447 3191 4471 ,
3222 4416 3280 4459 ttt
3310 4405 3603 4458 Nazianze-

1999 4493 2099 4530 nns
2128 4479 2200 4532 ait
2244 4480 2298 4530 irt‘
2325 4479 2358 4530 2
2399 4477 2464 4531 ad
2496 4477 2756 4544 Cledon.,
2792 4477 2934 4531 dicta
2967 4477 3179 4531 inerant
3201 4518 3214 4537 ,
3240 4485 3296 4530 et
3334 4477 3402 4528 ad
3433 4476 3603 4544 Spiri-

1999 4557 2109 4602 tum
2163 4563 2406 4602 sancmtn
2454 4550 2682 4602 attinent
2716 4566 2728 4600 :
2763 4548 2814 4601 in
2847 4551 3111 4601 anteactis
3153 4549 3298 4601 enim
3349 4547 3450 4600 sub
3503 4547 3604 4598 Da-

1999 4634 2150 4674 maso
2205 4619 2447 4674 cenciliis
2475 4661 2489 4684 ,
2536 4634 2598 4674 ea
2642 4633 2759 4688 qua:
2804 4617 2872 4673 de
2922 4629 3108 4672 sancto
3152 4617 3340 4671 eodem
3396 4615 3603 4688 Spiritu

1918 4724 1971 4784 Β
1997 4693 2272 4745 enuntiata
2304 4702 2594 4784 suntlncc
2619 4687 2756 4772 adeo
2789 4689 3012 4784 prachisa
3035 4730 3048 4752 ,
3083 4697 3136 4743 et
3166 4688 3322 4784 plena
3350 4727 3365 4752 ,
3402 4699 3458 4741 ut
3485 4687 3601 4742 base

1993 4771 2154 4828 sunt,
2188 4778 2287 4816 nec
2315 4763 2804 4816 anathematisntos
2843 4761 3106 4816 adversus
3142 4761 3384 4830 singulas
3410 4771 3603 4814 otnues

1991 4833 2612 4888 Pneutnatomacltornnt
2648 4833 3014 4902 blasphemias
3037 4833 3279 4902 adjectus
3308 4831 3526 4886 habent.

2069 4936 2092 4962 ε
2126 4925 2250 4980 lltcc
2311 4925 2558 4996 Eunomii
2607 4925 2661 4979 in
2713 4923 3066 4996 Apologetico
3112 4941 3141 4979 a
3196 4923 3444 4996 Fabricio
3497 4921 3602 4977 Βῐι.

1994 4996 2170 5068 Graec.
2221 5006 2353 5051 tom.
2391 4993 2500 5068 Vill
2524 5037 2538 5057 ,
2569 5011 2690 5068 pag.
2721 4993 2826 5053 297
2853 5037 2869 5061 ,
2899 4993 3150 5066 primum
3199 4995 3345 5068 cdttu
3389 4996 3550 5049 verba
3585 5010 3597 5044 :

1992 5067 2155 5123 Iussu
2185 5068 2390 5137 quidem
2426 5066 2961 5138 Putt‘is,'0perattone
3001 5079 3173 5122 autem
3225 5066 3349 5120 Filii
3380 5070 3594 5138 factum.

1998 5140 2112 5196 lluc
2141 5135 2352 5208 spectat
2392 5139 2543 5193 locus
2571 5135 2808 5194 Sittttmis
2845 5135 3601 5208 ConstantiunpolitattiAapud

1998 5203 2367 5282 Allatfcontr.
2401 5209 2702 5280 Hottinger.
2737 5227 2852 5282 pag.
2899 5211 3046 5282 5057:
3082 5203 3292 5264 Litteris
3319 5203 3606 5282 a_d__l_’auli-

2000 5300 2123 5336 nunt
2166 5281 2543 5336 Antiochenam
2583 5277 2935 5338 datis'sc'ribit
2992 5281 3246 5335 Damasus
3284 5277 3600 5329 additionem

2001 5355 2244 5425 synodali
2289 5355 2490 5408 decreto
2542 5359 2731 5424 factam
2775 5356 2828 5425 in
2973 5350 3189 5425 Nicteno
3243 5345 3488 5425 Sytttbolo
3514 5346 3604 5425 _a_d

2005 5415 2387 5480 convellendam
2423 5415 2596 5478 eorum
2645 5424 3012 5495 blasphemiam
3056 5423 3143 5492 qui
3182 5415 3472 5473 asserebant
3505 5416 3602 5472 Fi-

2006 5497 2134 5551 lium
2161 5513 2361 5566 quoque
2394 5495 2599 5549 Patrem
2627 5512 2754 5549 esse.

2079 5567 2098 5606 ί
2129 5560 2320 5624 Nullos
2364 5569 2538 5633 reipsa
2579 5577 2706 5620 tunc
2751 5563 3010 5632 temporis
3052 5561 3378 5619 Sabellianos
3437 5560 3604 5620 fuisse

2002 5639 2276 5710 legimus,
2337 5639 2546 5710 nntltos
2583 5649 2767 5710 autem,
2810 5635 3080 5690 calumnia
3115 5644 3182 5710 ut
3229 5637 3486 5706 opinione
3538 5637 3607 5691 ab

2002 5707 2366 5766 orientalibus
2394 5710 2471 5764 sic
2498 5708 2676 5764 dictos
2698 5709 2939 5771 scimus;
2969 5723 3072 5778 qua
3097 5707 3162 5764 de
3192 5723 3250 5764 rc
3276 5709 3607 5778 querebatur

2006 5781 2295 5840 Faustinus
2339 5782 2620 5852 presbyter
2651 5779 2707 5835 in
2740 5779 2924 5834 libello
2965 5779 3114 5836 Fidei
3145 5822 3158 5847 ,
3195 5795 3353 5853 quem
3407 5783 3459 5837 in
3504 5781 3606 5836 Co-
