4200 6178
422 288 528 345 369

1876 303 2256 364 EPISTOLE.

3617 327 3724 383 570

419 403 682 460 bitionem
715 406 964 463 transire.
996 408 1146 466 Tunc
1175 412 1318 466 enim
1346 415 1722 472 contentiones
1747 419 2014 486 oriuntur,
2045 427 2099 487 Α
2126 413 2323 482 habeat
2372 431 2784 502 praerogativam
2815 432 2977 490 ofﬁcii
3032 437 3136 501 sui,
3189 439 3332 510 quod
3381 440 3728 502 Silentiarius

420 505 545 574 tunc
582 497 874 555 schismata
924 503 1172 572 graviora
1212 505 1522 576 arcipLunt;
1570 524 1692 564 cum
1738 521 1794 568 et
1823 514 1896 568 illi
1926 512 2019 585 qui

416 590 697 646 amiserint
752 595 1091 651 sacerdotem
1117 639 1130 663 ,
1173 599 1291 655 sine
1336 602 1524 658 dolore
1560 604 1726 660 animi
1754 622 1875 664 esse
1911 624 2016 665 non

416 697 675 754 possunt,
706 697 760 742 et
803 689 879 743 illi
928 691 1019 761 qui
1045 691 1270 747 alterius
1303 694 1536 750 civitatis
1565 702 1872 768 acceperint
1898 705 2016 773 epi-

415 793 680 847 scopum,
722 780 935 836 etiamsi
967 783 1255 853 gaudeant,
1295 786 1622 844 invidiosum
1668 792 1771 848 sibi
1821 795 2016 854 intelli-

414 882 545 940 gunt
574 871 722 942 fore,
751 873 856 930 sub
884 875 1063 930 alieno
1090 891 1150 932 se
1178 893 1338 948 agere
1358 882 1657 939 Sacerdote.

943 990 1334 1054 EPISTOLA
1377 994 1487 1055 VI.

531 1105 725 1168 ναίει
756 1128 906 1168 eam
939 1130 1009 1170 Αι)
1040 1130 1312 1171 Αοιιιιιιυιι
1343 1133 1874 1177 τηεεελιοιιιεειιεειι

1053 1224 1365 1266 ειειεεοιδυιι.

407 1317 657 1375 Rusticus
687 1321 918 1379 Gratiani
947 1333 971 1361 ⁸
1004 1325 1337 1382 Silentiarius
1361 1331 1766 1399 commendatur,
1810 1343 1856 1388 et
1885 1351 2009 1389 con-

475 1413 718 1482 ﬁrmatur
745 1418 882 1486 quod
912 1418 975 1473 de
1008 1418 1226 1475 Maximi
1255 1424 1580 1480 ordinatione
1630 1429 1791 1499 deque
1841 1429 2006 1486 altera

474 1507 711 1579 eligendo
737 1514 992 1583 superiori
1020 1516 1237 1584 epistola
1255 1518 1557 1574 mandatur.

632 1611 998 1670 Dilectissimo
1029 1615 1183 1674 fratri
1213 1617 1442 1677 Acholio
1472 1623 1753 1680 Damasus.
1815 1684 1839 1711 .

469 1725 551 1780 Ad
578 1728 828 1784 meritum
877 1731 972 1786 lilii
1002 1735 1104 1789 mei
1140 1735 1343 1792 Rustici
1374 1737 1496 1793 addi
1528 1739 1731 1808 aliquid
1768 1741 2001 1812 amplius

2129 519 2201 573 sit
2237 520 2328 574 lilii
2384 524 2556 578 nostri
2601 523 2844 582 Gratiani
2876 529 3120 600 augusti,
3146 531 3252 589 huc
3300 536 3541 605 accedit,
3580 540 3727 609 quod

2124 613 2401 683 gratiamb
2457 619 2544 674 Dei
2603 620 2791 677 Romae
2837 635 3161 680 consecutus
3190 636 3294 694 est,
3331 629 3402 683 ita
3449 642 3504 686 ιιι
3556 633 3727 692 vellet

2125 709 2366 764 munitus
2391 711 2456 765 ad
2503 713 2621 767 illas
2646 725 2823 797 partes
2867 717 3064 774 missus
3095 722 3298 778 venire.
3330 722 3467 780 Huic
3494 741 3625 797 ergo
3667 727 3725 784 in

2123 801 2375 856 omnibus
2427 790 2854 862 honoriﬁcentia:
2899 819 3003 862 tum
3045 815 3352 875 commodo.
3381 819 3532 885 quasi
3591 834 3724 889 pro-

2124 896 2297 963 prium
2330 897 2522 966 pignus
2570 901 2847 970 suscipere
2875 901 3150 972 digneris:
3181 917 3235 960 ut
3261 907 3374 963 Deo
3401 911 3636 980 prOpitio
3663 913 3721 969 in

2122 989 2555 1057 peregrinatione
2583 995 2909 1048 constitutus
2933 996 3196 1069 intelligat
3221 1015 3282 1055 se
3301 1016 3332 1055 a
3355 1005 3718 1063 consacerdo-

2121 1081 2262 1136 tibus
2297 1081 2389 1136 Dei
2416 1094 2468 1136 et
2495 1083 2644 1155 diligi
2672 1097 2725 1140 et
2759 1085 3035 1142 honorari.

2193 1184 2216 1212 ο
2249 1173 2329 1228 Ad
2363 1174 2565 1230 litteras
2608 1177 2914 1233 sanctitatis
2965 1188 3072 1234 tua:
3099 1183 3256 1251 plene
3294 1186 3575 1256 rescripsi,
3607 1203 3716 1244 non

2116 1265 2244 1320 mihi
2271 1266 2540 1336 placuisse
2567 1269 2709 1340 quod
2743 1273 2926 1326 nescio
2949 1288 3108 1343 quem
3141 1275 3431 1332 Maximum
3451 1294 3520 1336 ex
3554 1280 3720 1354 Egy-

2119 1373 2209 1433 pto
2240 1366 2520 1420 venientes
2568 1377 2861 1436 comatum,
2895 1370 2978 1424 vel
3011 1373 3247 1428 maxime
3290 1375 3442 1444 cujus
3475 1375 3715 1446 habitus,

2107 1461 2261 1529 juxta
2301 1462 2651 1530 Aposmlum,
2687 1463 3081 1533 ignominiosus
3111 1477 3285 1534 esset,
3327 1468 3716 1526 Constantino-

2114 1553 2222 1622 poli
2260 1552 2570 1624 episcopum
2620 1556 2875 1610 ordinare
2911 1557 3235 1614 voluissent.
3285 1561 3506 1617 Recrius
3553 1564 3716 1634 igitur

2109 1648 2301 1702 fecerit
2329 1649 2586 1702 sanctitas
2608 1656 2720 1710 tua.
2755 1651 2798 1704 si
2830 1649 3042 1706 dederit
3067 1669 3285 1722 operam
3315 1669 3372 1711 ut
3418 1657 3488 1712 de
3513 1666 3713 1714 extero

2106 1741 2406 1796 catholicus
2428 1743 2806 1808 constituatur,
2824 1759 2945 1798 cum
2971 1761 3078 1816 quo
3106 1746 3285 1816 nobis,
3314 1747 3425 1804 Dco
3452 1751 3718 1821 propitio,

391 1832 504 1872 non
535 1828 736 1889 potest,
766 1821 988 1880 domine
1016 1825 1186 1882 frater
1213 1828 1566 1888 honorabilis.
1588 1831 1686 1887 Hic
1707 1837 1851 1889 enim
1879 1852 2000 1890 eum
2034 1830 2082 1890 B
2109 1839 2278 1907 possit
2305 1852 2405 1908 pax
2428 1845 2686 1907 perpetua
2715 1837 3027 1908 perdurare.

1758 1953 2152 2017 EPISTOLA
2197 1956 2341 2017 VII.

1467 2088 1730 2132 EPISCOPIS
1756 2090 2032 2135 ORIENTEI
2060 2095 2386 2136 REGENTIBUS
2408 2094 2664 2138 οΑιιΑευε.

456 2204 574 2264 Ὀτι
598 2214 660 2280 τῇ
683 2206 1023 2284 ’Δποστολικῇ
1057 2210 1280 2288 καθέδρᾳ
1318 2217 1407 2270 τήν
1436 2213 1750 2285 ὀφειλομένην
1791 2214 1919 2272 αἰδῶ
1956 2220 1986 2276 ἡ

377 2299 563 2371 ἀγάπη
597 2300 738 2371 ὑμῶν
777 2303 1039 2372 ἀπονέμει,
1084 2303 1287 2364 ἑαυτοῖς
1331 2305 1389 2359 τὸ
1429 2305 1666 2361 πλεῖστον
1697 2308 1982 2384 παρέχετε,

377 2395 488 2448 viai
517 2397 834 2466 τιμιώτατοι.
873 2399 1079 2473 Καὶγὰρ
1109 2399 1152 2451 εί
1171 2400 1238 2452 τὰ
1265 2398 1494 2468 μάλιστα
1521 2402 1572 2454 ἐν
1594 2407 1657 2476 τῇ
1683 2401 1806 2477 ἁγίᾳ
1829 2402 1988 2461 ἐκκλη-

376 2489 505 2563 σία,
539 2488 589 2542 ἐν
699 2487 723 2542 ὁ
753 2487 898 2561 ἅγιος
927 2489 1226 2551 ’Δπὸστολος
1267 2491 1596 2564 καθεζόμενος
1642 2491 1833 2558 ἐδίδαξε
1877 2501 1988 2555 πῶς

377 2587 636 2657 προσήκει
680 2585 814 2655 ἡμᾶς
859 2587 982 2646 τούς
1028 2581 1200 2646 οἴακας
1239 2587 1434 2649 ἰθύνειν,
1483 2585 1569 2647 οὖς
1612 2586 1946 2659 ἀνεδεξάμεθα
1971 2629 1986 2653 ,

380 2672 525 2744 ὅμως
571 2674 912 2749 ὁμολογοῦμεν
956 2676 1174 2738 ἑαυτούς
1217 2679 1488 2740 ἐλάττονας
1533 2676 1660 2737 εἶναι
1703 2690 1795 2743 τῆς
1815 2692 1985 2754 τιμῆς.

375 2766 525 2820 Ἀλλὰ
551 2765 634 2821 διὰ
656 2773 807 2823 τοῦτο
836 2770 924 2841 οἴῳ
955 2768 1014 2828 δή
1041 2791 1164 2825 ποτε
1191 2768 1370 2846 τρόπῳ
1391 2772 1774 2846 σπουδάζομεν,
1809 2773 1858 2830 εἴ
1874 2797 1986 2836 πως

376 2857 704 2932 δυνηθειήμεν
728 2862 857 2936 πρὸς
880 2867 973 2920 τήν
994 2860 1142 2928 δόξαν
1168 2871 1259 2925 τῆς
1289 2867 1667 2941 μακαριότητος
1692 2871 1852 2924 αὐτοῦ
1880 2891 1982 2925 πα-

374 2954 700 3028 ραγενέσθαι.
731 2956 1007 3010 Γινώσκετε
1032 2958 1198 3010 τοίνυν
1223 2954 1301 3011 ὅτι
1328 2960 1414 3013 τὸν
1444 2960 1605 3015 πάλαι
1635 2961 1870 3033 Τιμόθεον
1901 2964 1984 3018 τὸν

375 3045 616 3115 βέϐηλον,
648 3046 732 3101 τὸν
760 3050 990 3117 μαθητὴν
1018 3047 1390 3126 ’Λπολλιναρίου
1418 3059 1505 3108 τοῦ
1535 3055 1788 3130 αίρετικοῦ
1811 3097 1825 3120 ,
1847 3060 1982 3128 μετά

374 3145 467 3192 τοῦ
515 3139 733 3199 ἀσεϐοῦς
779 3142 933 3196 αὐτοῦ
970 3140 1226 3216 δόγματος
1267 3145 1573 3218 καθείλομεν·
1620 3152 1704 3202 καί
1747 3148 1980 3222 οὐδαμῶς

380 3233 695 3304 πιστεύομεν
725 3233 880 3287 αὐτοῦ
910 3236 978 3289 τὰ
1003 3235 1216 3304 λείψανα
1241 3237 1372 3310 λόγῳ
1413 3246 1504 3293 τοῦ
1543 3240 1718 3294 λοιποῦ
1751 3243 1977 3314 ἰσχύειν.

397 3324 432 3348 ,τ
481 3320 519 3342 εις
553 3321 578 3340 ιν
673 3325 684 3339 ς
750 3332 769 3341 -
892 3325 904 3341 ι
945 3321 968 3341 ν
1098 3326 1111 3343 ι
1309 3333 1318 3347 π
1438 3330 1458 3347 η
1685 3337 1692 3351 ι
1808 3333 1823 3352 ι

373 3332 430 3376 Et
475 3343 502 3376 ο
544 3345 620 3378 ετι
665 3344 849 3385 εκεινος
883 3348 909 3380 ο
941 3347 1050 3399 οφις
1091 3349 1116 3382 ο
1142 3329 1378 3394 παλαιος,
1428 3335 1569 3398 απαξ
1612 3355 1696 3387 και
1736 3332 1972 3410 δευτερον

374 3416 722 3490 καταδτιχθείς
763 3421 890 3496 πρὸς
931 3419 1061 3476 ἰδίαν
1087 3425 1335 3498 τιμωρίαν
1383 3426 1540 3502 ἀναζῇ
1569 3466 1585 3492 ,
1630 3424 1776 3487 ὅστις
1833 3429 1973 3489 ἐκτὸς

371 3517 466 3569 τῆς
493 3510 764 3573 ὶκκλησίας
800 3513 1053 3589 ὑπάρχει,
1087 3510 1141 3574 ὃς
1167 3516 1351 3588 σφῆλαι
1391 3524 1498 3577 τοῖς
1539 3517 1725 3573 ἑαυτοῦ
1765 3519 1978 3578 θανατη-

372 3607 548 3681 φόροις
574 3614 854 3683 φαρμάκοις
883 3611 1023 3670 τινας
1045 3613 1268 3674 πίστονς
1291 3610 1630 3690 διαπειράζων
1658 3615 1715 3667 οὐ
1732 3615 1976 3682 παύεται,

371 3702 568 3759 ταύτην
600 3704 776 3774 ὥσπερ
811 3705 995 3779 φθορὰν
1032 3727 1146 3760 τινα
1186 3705 1436 3761 ἐκκλίνατε
1461 3748 1473 3765 .
1502 3703 1641 3778 ὅμως
1669 3711 1975 3782 μεμνημένοι

371 3803 466 3855 τῆς
513 3797 854 3860 ἀποστολικῆς
893 3800 1146 3864 πίστεως,
1196 3803 1389 3861 ταύτης
1419 3801 1644 3872 μάλιστα
1673 3805 1785 3864 ἥτις
1815 3805 1862 3857 ἐν
1889 3817 1973 3860 Νι-

370 3891 491 3964 καίᾳ
520 3893 664 3966 παρά
684 3899 783 3947 τῶν
808 3895 1048 3969 πατέρων
1083 3895 1348 3971 ἐγγράφως
1379 3897 1591 3960 ἐξετέθη,
1626 3897 1820 3968 βεϐαίῳ
1851 3899 1973 3970 βαθ-

367 3989 454 4051 μῷ
484 3983 723 4059 ἰσχυρῶς
743 3993 805 4059 τῇ
833 3986 1008 4041 πίστει
1032 3988 1395 4059 ἀμετακίνητοι
1425 3987 1709 4061 διαμείνατε
1733 4033 1747 4052 ,
1782 3996 1868 4046 καί
1903 3999 1973 4064 μή

369 4074 739 4147 ματαιολογίας
782 4079 869 4131 καί
925 4080 1266 4150 ἠφανισμένας
1308 4083 1576 4145 ζητήσεις,
1628 4084 1757 4152 μετά
1822 4090 1974 4139 τοῦτο

449 4264 474 4291 ιι
505 4254 605 4324 Qui
637 4257 702 4311 ad
738 4259 851 4333 vela
906 4260 1276 4326 excubabant,
1328 4267 1448 4315 cum
1483 4261 1843 4332 imperatores
1883 4263 1974 4333 jus

370 4325 644 4389 dict-rent,
681 4338 772 4382 aut
804 4332 1008 4397 legatos
1041 4333 1311 4387 audirent.
1356 4334 1430 4387 De
1461 4325 1651 4388 boritm
1685 4333 1866 4389 ol’licio
1883 4325 1976 4390 cst

371 4399 562 4453 titulus
595 4401 644 4452 iu
676 4399 808 4455 Cod.
852 4402 1060 4457 Tlteod.

452 4468 479 4506 ’δ
511 4473 840 4545 Baptismum
872 4474 1102 4539 scilicet,
1144 4491 1244 4541 qua
1275 4475 1343 4530 de
1372 4491 1430 4531 re
1453 4476 1622 4545 'plura
1667 4476 1975 4534 Holstenius

372 4541 624 4616 i_nnotis,
654 4561 724 4616 ac
759 4560 824 4598 ex
869 4545 1106 4614 antiquis
1139 4541 1579 4616 inscriptiOnilms
1611 4548 1710 4603 vir.
1746 4550 1881 4605 clar.
1914 4552 1973 4606 ι).

374 4613 662 4667 ΕιΙιιτιτιΙιιε
691 4615 948 4670 Οοιείηιιε
988 4613 1052 4671 ad
1084 4630 1196 4672 net.
1224 4613 1537 4673 Griecorum
1585 4619 1795 4674 erudite
1825 4621 1975 4676 illus-

373 4693 544 4738 Iratas
564 4687 778 4740 dissert.
802 4687 857 4741 2.

453 4788 474 4813 ε
504 4777 643 4831 Aliis
683 4781 844 4854 etiam
874 4782 1141 4854 episcopis
1171 4783 1432 4838 Damasus
1459 4785 1771 4854 scripserat,
1803 4795 1861 4840 ut
1896 4789 1975 4842 vi-

369 4848 592 4928 dimus:
638 4859 693 4903 at
735 4852 838 4905 hoc
885 4853 1027 4928 loco,
1060 4848 1150 4908 imi
1196 4871 1255 4908 se
1297 4855 1525 4909 Acholio
1555 4848 1838 4928 scripsisse
1877 4861 1968 4926 ait,

368 4923 517 4991 quod
554 4923 594 4974 is
624 4931 743 4976 erat
766 4939 860 4991 per
887 4923 1154 4994 lllyricum
1186 4941 1375 4980 eorum
1403 4937 1584 4995 caput.

447 5012 471 5048 ι¹
513 5013 768 5084 Quisquis
813 5014 957 5091 hanc
994 5017 1207 5091 Damasi
1259 5020 1575 5091 synodieam
1629 5022 1679 5074 in
1724 5023 1971 5079 Griecnm

369 5087 1020 5161 sermonemtransuilit,
1045 5091 1144 5142 hoc
1177 5087 1303 5144 loco
1349 5091 1528 5160 lapsus
1565 5092 1692 5145 mihi
1738 5094 1969 5161 videtur,

367 5171 496 5210 Cum
524 5157 573 5234 in
616 5155 864 5234 filiusum
904 5155 1474 5234 entlicetn_i_ucidisset;
1499 5163 1788 5234 scripserat
1827 5155 1971 5220 enini

369 5228 562 5296 procul
593 5229 758 5281 dubio
796 5231 1051 5302 Damasus
1077 5250 1088 5284 :
1139 5229 1305 5286 Nobis
1333 5228 1624 5301 plurimuni
1647 5237 1888 5302 tribuitis,
1919 5246 1976 5290 ut

367 5313 590 5378 sensus,
623 5308 686 5378 _et
705 5299 968 5378 orationis
994 5299 1463 5378 series__pnstnla_t,
1491 5307 1624 5378 ipse
1670 5323 1801 5361 vero
1847 5299 1977 5378 legit

387 5367 544 5423 Vobis
585 5369 788 5438 absque
820 5373 928 5425 ullo
949 5388 1110 5427 sensu
1143 5367 1458 5446 (Valesius).
1489 5367 1617 5441 Eius
1641 5367 1975 5432 emendatio-

366 5456 617 5505 Helm-ea
665 5457 784 5516 qua:
813 5455 1149 5516 sequuntur,
1203 5447 1333 5499 mihi
1376 5446 1617 5516 profecto
1673 5451 1976 5515 approbant

363 5522 424 5567 et
448 5514 853 5588 etitniitcntlant.
891 5514 1036 5569 Hauc
1070 5517 1296 5569 Damaso
1319 5514 1642 5572 scutentiam
1688 5514 1969 5588 surripuit,

365 5595 422 5660 et
448 5584 499 5636 in
547 5584 766 5660 fundum
799 5601 953 5660 suum
981 5588 1252 5642 transtulit
1273 5591 1798 5657 pseudo-Anarlctus
1814 5584 1974 5660 epist.

364 5654 424 5722 2,
455 5671 528 5710 ex
563 5657 1010 5724 interpretatione
1041 5660 1190 5730 'l‘rip.
1227 5654 1388 5726 llist.,
1419 5676 1536 5732 cap.
1565 5662 1654 5726 15,
1689 5661 1782 5717 lih.
1818 5654 1888 5717 ιὲ.

448 5759 471 5784 ε
504 5747 606 5839 Siti
633 5763 750 5803 eam
784 5765 970 5839 vggem
1002 5755 1067 5808 τὰ
1105 5754 1746 5839 μαλισταβξεοιιίυεῃάο
1793 5757 1975 5839 pccid.

370 5819 511 5889 l'mp.
541 5819 607 5874 ad
645 5835 770 5874 antu
817 5821 944 5884 582,
971 5819 1120 5879 num}
1154 5827 1280 5890 ΗΞ,
1314 5819 1529 5889 Mediol»
1586 5827 1741 5894 edit.,
1794 5827 1982 5884 Ladae

3607 2073 3688 2082 .-—~

2167 2218 2322 2284 Quod
2349 2229 2529 2274 vestra
2565 2220 2804 2276 charitas
2849 2221 3085 2278 debitam
3133 2225 3246 2282 sedi
3276 2230 3589 2298 apostolica:
3617 2248 3705 2289 re-

2096 2311 2395 2366 verentiam
2442 2312 2651 2379 tribuit,
2686 2312 2784 2368 filii
2833 2313 3235 2374 honoratissimi
3277 2316 3327 2387 ἀ,
3383 2323 3704 2394 νοὺίεάρείε

2093 2420 2308 2475 quoque
2342 2407 2578 2460 maximo
2605 2422 2735 2462 sane
2762 2407 2956 2463 honori
2987 2422 3090 2465 est.
3117 2411 3249 2466 Nam
3277 2417 3488 2470 tametsi
3516 2429 3701 2475 sancta

2094 2496 2357 2562 Ecclesia,
2394 2500 2444 2552 in
2464 2514 2567 2569 qua
2594 2511 2812 2555 sanctus
2834 2502 3125 2572 Apostolus
3157 2505 3353 2561 sedens
3385 2524 3484 2564 nos
3514 2510 3700 2568 docuit

2093 2607 2200 2661 quo
2229 2603 2384 2660 pacto
2437 2593 2582 2648 illius
2627 2595 3014 2665 gubernacula,
3041 2614 3161 2668 qua:
3205 2601 3565 2671 suscepimus,
3590 2613 3699 2659 tra-

2094 2683 2285 2737 ctanda
2313 2685 2443 2751 sint,
2466 2685 2622 2740 nobis
2657 2695 2680 2723 θ
2713 2688 2899 2757 primae
2925 2699 3103 2756 partes
3125 2690 3480 2749 deferuntur:
3515 2704 3696 2752 tamen

2095 2777 2436 2838 conﬁtemur.
2471 2794 2568 2833 nos
2622 2780 2716 2834 illo
2746 2780 3022 2850 dignitatis
3052 2783 3220 2852 gradu
3273 2784 3433 2856 longe
3475 2788 3698 2844 inferio-

2094 2885 2183 2924 res
2208 2885 2348 2926 esse.
2389 2869 2586 2926 Verum
2621 2874 2690 2928 ob
2723 2875 2860 2929 hanc
2881 2890 3101 2930 causam
3121 2878 3374 2934 omnibus
3402 2883 3574 2937 modis
3609 2884 3690 2938 la-

2092 2961 2372 3028 boramus,
2416 2963 2490 3016 uti
2535 2963 2600 3018 ad
2647 2965 2872 3036 gloriam
2903 2967 3252 3026 beatitudinis
3292 2974 3435 3042 ejus,
3490 2975 3535 3028 si
3585 2991 3692 3046 qua

2092 3056 2300 3110 ratione
2348 3059 2635 3127 possimus,
2686 3061 2900 3116 tandem
2954 3065 3241 3136 aliquando
3287 3069 3685 3139 perveniamus.

2089 3148 2286 3204 Sciatis
2333 3151 2521 3216 velim,
2556 3152 2777 3219 fratres,
2814 3173 2910 3211 nos
2936 3157 3278 3216 Timotheum
3325 3163 3472 3217 illum
3506 3163 3687 3234 profa-

2089 3258 2238 3306 num,
2270 3243 2599 3312 Apollinaris
2641 3248 2879 3305 haeretici
2935 3251 3296 3321 discipulum,
3341 3270 3464 3309 cum
3515 3257 3682 3326 impio

2083 3352 2183 3391 suo
2209 3337 2459 3407 dogmate
2477 3340 2799 3409 jampridem
2825 3343 3136 3410 abdicasse;
3163 3355 3216 3399 et
3240 3346 3310 3400 ob
3331 3362 3450 3401 eam
3465 3361 3684 3404 causam

2083 3428 2375 3492 credimus,
2402 3431 2659 3498 reliquias
2709 3433 2827 3502 ejus
2859 3433 2990 3488 nihil
3023 3437 3074 3488 in
3107 3447 3380 3506 posterum
3425 3442 3687 3496 momenti

2084 3521 2379 3577 habituras.
2399 3525 2550 3590 Quod
2571 3526 2617 3579 si
2656 3528 2910 3597 antiquus
2938 3528 3026 3582 ille
3055 3545 3305 3600 serpens,
3338 3535 3504 3588 semel
3523 3545 3685 3606 atque

2080 3615 2276 3670 iterum
2303 3616 2470 3682 ictus,
2511 3617 2577 3671 ad
2628 3634 2782 3672 suam
2813 3621 2979 3688 ipsius
3009 3610 3224 3691 pom...
3267 3627 3566 3695 augendam
3599 3641 3684 3682 re-

2078 3709 2291 3775 vixerit,
2319 3719 2373 3764 et
2403 3719 2554 3766 extra
2585 3712 2875 3767 Ecclesium
2912 3715 3140 3785 ejectus,
3175 3720 3464 3773 nonnullos
3491 3721 3684 3774 etiam-

2080 3817 2208 3856 num
2265 3803 2449 3858 lideles
2501 3805 2611 3859 suis
2670 3805 2962 3861 mortiferis
3002 3809 3265 3876 venenis,
3315 3811 3510 3881 quibus
3585 3825 3682 3868 eos

2079 3907 2288 3952 tentare
2333 3899 2661 3970 aggreditur,
2703 3901 2768 3956 ad
2818 3902 3039 3956 exitium
3075 3904 3291 3960 trahere
3330 3921 3436 3960 non
3476 3913 3673 3972 cesset,

2081 4003 2178 4043 vos
2200 3988 2335 4043 hanc
2356 3989 2472 4060 cjns
2499 3992 2751 4046 astutiam
2783 3995 2928 4048 velut
2953 4004 3156 4064 pestem
3178 3997 3464 4073 quamdam
3509 3998 3681 4052 decli-

2084 4093 2228 4148 nate,
2281 4093 2335 4138 ct
2366 4085 2728 4140 recordamini
2748 4087 2940 4144 sedulo
2979 4101 3089 4144 tum
3131 4089 3253 4146 lidei
3307 4091 3375 4146 ab
3420 4091 3681 4162 apostolis

2082 4264 2255 4344 reddit
2286 4266 2533 4344 lcliciter,
2563 4277 2615 4324 et
2649 4280 2795 4344 recte
2824 4283 2882 4326 ut
2909 4273 3037 4327 mihi
3083 4274 3311 4329 videtur.
3346 4275 3678 4344 Epiphanius

2084 4347 2137 4391 et
2168 4337 2698 4414 Qhristophorsonus
2725 4342 2840 4410 ejus
2873 4345 3369 4410 interpretationem
3395 4337 3677 4414 omittunt,

2080 4422 2143 4460 ac
2167 4410 2208 4460 si
2242 4409 2384 4461 nulla
2409 4421 2552 4463 e-Set
2583 4411 2721 4464 illius
2753 4409 2988 4467 dictionis
3018 4409 3128 4470 rlioc
3158 4416 3276 4469 loco
3305 4419 3403 4470 vis.
3431 4409 3678 4472 Sirmnn;

2080 4477 2180 4532 dus
2221 4493 2390 4551 vero:
2436 4478 2637 4534 Etenim
2668 4493 2722 4535 ut
2753 4487 2973 4537 maxime
3014 4489 3066 4538 in
3113 4497 3289 4540 sancta
3333 4487 3581 4551 Ecclesia,
3623 4490 3678 4542 in

2079 4565 2179 4619 qua
2227 4549 2409 4626 sedens
2431 4562 2640 4626 sanctus
2687 4558 2972 4623 apostolus,
3005 4556 3178 4610 docuit
3231 4559 3486 4626 quomodo
3533 4549 3676 4612 nobis

2080 4622 2344 4695 tractanda
2396 4623 2498 4675 sint
2553 4622 2918 4695 gubernacula,
2969 4643 3082 4695 qum
3121 4622 3439 4692 suscepimus
3471 4646 3484 4682 :
3521 4628 3677 4684 Vale-

1999 4687 2054 4746 D
2081 4692 2473 4768 s_i_us_deu_ique.
2509 4687 2663 4768 cujus
2696 4687 3001 4768 versionem
3022 4687 3372 4753 Cous-tardius
3397 4701 3672 4768 sequitur:

2081 4761 2150 4816 Et
2174 4764 2218 4816 si
2256 4765 2390 4817 enim
2421 4767 2640 4839 maxime
2666 4768 2718 4819 in
2749 4779 2926 4823 sancta
2958 4767 3191 4824 Ecclesia
3234 4772 3287 4824 in
3335 4789 3436 4839 qua
3470 4761 3676 4828 iunctus

2080 4837 2343 4902 apostolus
2390 4837 2568 4890 sedens
2621 4839 2814 4899 docuit,
2862 4841 3001 4893 decet
3037 4858 3129 4894 nos
3158 4837 3536 4907 quodammodo
3566 4842 3676 4898 cla-

2083 4923 2195 4959 vum
2217 4916 2403 4966 tenere.
2423 4925 2575 4984 quem
2601 4911 2876 4984 regendum
2898 4915 3234 4984 suscepimus.
3260 4929 3390 4975 etc.;
3416 4919 3508 4970 sed
3530 4925 3676 4970 nter-

2080 4977 2568 5053 queiuconciuue.
2602 4977 2675 5034 nt'
2701 4981 2881 5044 fallor,
2924 4994 2978 5038 et
3025 4977 3211 5053 procul
3250 5001 3277 5039 a
3313 5003 3446 5042 vero
3484 5001 3672 5042 sensu.

2079 5047 2218 5125 Quid
2245 5047 2492 5125 igi_tur,_si
2528 5062 2641 5125 pOSI
2674 5056 2740 5108 τὰ
2781 5047 3337 5125 paulta-raz'subaudias
3365 5057 3526 5114 ἔστινῖ
3559 5058 3673 5110 Hoc

2081 5119 2354 5196 silc-ceris
2376 5163 2390 5184 ,
2425 5121 2557 5175 illud
2597 5125 2662 5196 τὰ
2689 5119 2912 5196 μάλιστα
2949 5128 3092 5180 aliud
3139 5129 3267 5182 nihil
3299 5132 3588 5194 t'Xpl‘ittlei,
3619 5129 3672 5181 tsi

2079 5189 2256 5256 fallor,
2281 5195 2625 5274 quant-quod
2655 5189 2735 5249 εει
2757 5198 2813 5253 τὸ
2838 5199 3044 5274 πάντων
3073 5201 3334 5274 μέγιστον,
3365 5189 3674 5274 παὶ-Κυριώτ

2078 5279 2265 5326 τατον;
2313 5278 2375 5317 ac
2418 5263 2695 5334 Sigonium
2742 5279 2796 5322 et
2835 5263 3184 5324 Sarazan'un'n
3232 5263 3410 5323 veram
3461 5263 3674 5323 Damasi

2080 5343 2314 5409 merrtem
2339 5376 2354 5399 ,
2392 5351 2454 5389 ac
2479 5339 2818 5409 sententiam
2867 5344 3200 5402 exoressisse
3242 5340 3464 5398 dixe-ris.
3509 5353 3673 5409 quam

2080 5404 2286 5477 _Vcneta
2337 5405 2691 5461 (Oltf'iliul‘llm
2740 5409 2989 5463 collectio
3042 5409 3292 5463 retinuit.
3353 5404 3671 5477 Exemplum

2080 5475 2227 5551 legas
2277 5478 2412 5551 apud
2441 5477 2712 5551 Piutareh.
2757 5480 2825 5532 de
2856 5479 3011 5534 Puer.
3047 5479 3201 5541 lnst..
3250 5497 3366 5540 par.
3401 5496 3457 5536 ιι.
3589 5479 3673 5547 l5,

2083 5548 2285 5602 πάντων
2322 5547 2376 5603 δὲ
2397 5549 2621 5620 μάλιστα
2662 5554 2754 5622 τήν
2779 5556 2974 5622 μνημήιι
3002 5559 3105 5606 τῶν
3145 5551 3341 5608 παίδων
3367 5547 3566 5619 ἀσκεῖν,
3593 5558 3678 5610 καί

2088 5619 2404 5684 συνεθίζειν(
2429 5622 2517 5673 Sic
2548 5619 2698 5702 apud
2738 5619 2934 5676 [sust-il).
2972 5623 3104 5676 ΙΙιεῑ.
3145 5622 3344 5702 Ευοιηοί
3369 5625 3590 5698 μάλιστα
3717 5638 3722 5643 ’

2084 5691 2297 5766 καθόλου
2331 5698 2655 5766 κρατοῦντες,
2684 5691 3041 5761 Imperatores
3065 5712 3087 5766 Δε
3118 5711 3238 5766 cum
3263 5691 3556 5752 Sarazamo
3581 5691 3679 5761 ita?

2085 5776 2190 5834 que
2221 5762 2425 5883 δέξοιιῆ
2449 5764 2946 5834 interpretationem
2976 5762 3197 5823 retinui.
3223 5765 3277 5824 In
3316 5769 3540 5840 reliquis
3567 5767 3678 5825 vid.

2085 5846 2202 5883 ean.
2284 5847 2336 5883 ο.

2084 5846 2202 5892 cap.
2245 5846 2336 5886 ιο.
