4200 6178
415 266 518 322 575

1855 277 2234 338 ΕΡιδΤοιιΕ.

3610 299 3713 352 37b

413 385 612 484 Pateor
627 388 825 484 quippe
846 390 962 484 tibi,
986 407 1082 448 eos
1102 409 1236 465 quos
1252 395 1385 451 mihi
1404 396 1741 466 jampridem
1756 397 2019 456 Lactantii
2049 405 2096 462 Α
2129 417 2321 472 agnus,
2356 405 2477 475 quia
2504 422 2731 477 passus;
2763 408 2898 480 lapis
2923 413 3216 480 angularia,
3249 416 3378 484 quia
3403 416 3720 482 instructio;

411 477 640 534 dederas
666 472 853 549 libros,
877 483 999 540 ideo
1023 501 1126 541 nou
1153 486 1538 560 libenterlego,
1564 490 1686 560 quia
1703 491 2016 561 etplurimae

413 571 656 640 epistola:
680 571 838 640 hujus
867 590 1034 643 uSque
1051 577 1118 632 ad
1142 579 1290 634 mille
1313 581 1483 650 Spatia
1504 597 1757 637 versuum
1788 585 2018 638 tendun-

415 671 518 729 tur,
547 673 603 718 et
635 680 758 719 raro
783 667 852 722 de
883 679 1067 724 nostro
1095 670 1347 740 dogmate
1374 673 1680 744 disputant:
1713 689 1818 745 quo
1848 675 1928 740 ﬁt,
1959 682 2020 730 ut

413 766 463 811 et
495 756 693 828 legenti
720 759 992 816 fastidium
1014 776 1238 834 generet
1269 766 1582 837 longitudo;
1615 779 1668 823 et
1699 769 1743 822 si
1767 785 1867 839 qua
1895 769 2018 827 bre-

415 851 494 902 via
527 861 676 917 sunt,
701 853 1040 910 scholasticis
1064 858 1234 927 magis
1256 858 1365 912 sint
1387 869 1529 928 apta,
1556 876 1714 930 quam
1743 861 1916 930 nobis,
1949 862 2017 919 de

417 944 621 1008 metris,
646 957 698 1000 et
724 947 1002 1016 regionum
1030 951 1134 1004 situ
1156 961 1210 1005 et
1235 953 1571 1023 philosophis
1593 955 1939 1021 disputantis.

488 1035 528 1090 I.
572 1039 711 1104 Quid
767 1040 870 1094 sibi
917 1043 1029 1096 vult
1071 1045 1214 1108 quod
1259 1045 1308 1099 in
1357 1045 1556 1102 Genesi
1603 1049 1862 1118 scriptum
1901 1060 2013 1103 est:

419 1128 598 1183 Omnis
621 1133 710 1200 qui
742 1133 982 1187 occiderit
1009 1132 1158 1202 Cain,
1191 1145 1381 1204 septem
1411 1138 1658 1192 vindictas
1683 1140 1944 1194 exsolvet?

482 1222 545 1277 ll.
591 1224 650 1279 Si
679 1226 856 1279 omnia
885 1227 1028 1283 Deus
1059 1231 1185 1284 fecit
1215 1232 1352 1286 bona
1391 1233 1544 1287 valde
1569 1275 1582 1299 ,
1616 1250 1782 1304 quare
1813 1233 1924 1288 Noe
1945 1233 2014 1289 de

412 1318 630 1372 mundis
657 1328 710 1373 et
741 1321 1029 1376 immundis
1060 1323 1384 1380 animalibus
1424 1327 1710 1395 praecepit,
1746 1341 1872 1381 cum
1905 1327 2008 1380 im-

411 1411 672 1465 mundum
705 1413 835 1467 nihil
867 1415 1064 1469 bonum
1087 1431 1210 1472 esse
1240 1420 1455 1488 possit?
1477 1431 1529 1475 et
1561 1421 1614 1474 in
1644 1420 1794 1476 Novo
1819 1420 2010 1476 Testa-

411 1511 634 1566 mento,
688 1512 810 1572 post
855 1506 1154 1574 visionem,
1206 1526 1326 1578 quae
1371 1512 1530 1566 Petro
1573 1512 1744 1567 fuerat
1789 1523 2009 1569 ostensa

407 1592 642 1647 dicenti:
698 1595 842 1650 Absit
887 1596 1107 1654 Domine
1148 1617 1179 1653 a
1211 1617 1327 1667 me,
1371 1603 1613 1674 quoniam
1657 1622 1923 1659 commune
1961 1615 2010 1660 et

405 1687 730 1741 immundum
775 1707 1056 1762 numquam
1101 1695 1330 1751 introivit
1368 1698 1423 1750 in
1463 1714 1518 1751 os
1556 1715 1742 1762 meum,
1793 1715 1892 1755 vox
1936 1701 2002 1756 de

2122 497 2396 567 magister,
2430 500 2558 569 quia
2586 511 2838 557 ostensor
2861 504 3016 569 vitae;
3056 504 3158 568 sol,
3192 507 3318 577 quia.
3352 509 3719 576 illuminator;

2126 604 2310 655 verus,
2345 591 2466 660 quia
2497 609 2523 644 a
2561 590 2758 658 Patre;
2792 595 2928 664 vita,
2962 596 3084 666 quia
3121 608 3370 664 creator;
3396 601 3567 670 panis,
3596 603 3721 670 quia

2122 696 2281 746 caro;
2317 681 2718 750 Samaritanus,
2746 687 2870 754 quia
2902 697 3085 742 custos
3116 696 3169 744 et
3201 689 3541 759 misericors;
3567 691 3725 749 Chri-
3767 741 3771 744 .

2122 785 2272 839 slus,
2304 777 2429 845 quia
2457 787 2679 843 unctus;
2710 778 2895 843 Jesus,
2926 782 3048 847 quia
3080 783 3352 850 salvator;
3387 785 3556 850 Deus,
3592 786 3716 857 quia

2120 881 2183 920 ex
2214 867 2353 932 Deo;
2378 868 2622 937 angelus,
2651 871 2774 940 quia
2811 874 3062 934 nuntius;
3093 889 3347 943 Sponsus,
3372 876 3493 946 quia
3519 878 3722 934 media-

2123 969 2240 1023 tor;
2269 960 2420 1024 vitis,
2458 961 2578 1027 quia
2610 964 2870 1028 sanguine
2900 964 3018 1031 ejus
3048 965 3312 1026 redempti
3341 983 3556 1033 sumus;
3599 970 3715 1033 leo,

2119 1050 2241 1117 quia
2279 1065 2402 1115 rex;
2441 1053 2754 1121 petra,quia
2785 1052 3217 1119 (irritamentum;
3250 1055 3382 1122 llos,
3422 1061 3548 1127 quia
3576 1061 3718 1114 elec-

2120 1148 2234 1206 tus;
2284 1142 2586 1214 pr0phcta,
2635 1145 2758 1213 quia
2806 1147 2983 1200 futura
3033 1149 3252 1202 revelat.
3289 1149 3521 1218 Spiritus
3573 1151 3716 1206 enim

2119 1246 2335 1290 sanctus
2360 1253 2466 1290 non
2492 1247 2573 1290 est
2597 1237 2769 1291 Patris
2801 1241 3195 1307 tantummodo,
3225 1252 3314 1294 ant
3338 1241 3459 1298 Filii
3487 1253 3718 1296 tantum-

2118 1331 2282 1383 modo
2312 1331 2366 1398 δι
2391 1330 2580 1396 iritus;
2613 1333 2705 1385 sed
2731 1332 2907 1386 Patris
2935 1344 2981 1386 et
3012 1333 3130 1387 Filii
3157 1335 3420 1404 Spiritus:
3453 1337 3713 1404 scriptum

2113 1431 2198 1477 est
2223 1408 2406 1477 enim‘:
2444 1423 2504 1477 Si
2543 1425 2655 1493 quis
2679 1424 2918 1478 dilexerit
2947 1426 3235 1492 mundum,
3269 1443 3369 1480 non
3396 1438 3471 1482 est
3504 1429 3718 1498 spiritus

2114 1511 2291 1567 Patris
2321 1515 2370 1566 in
2403 1513 2514 1567 illo.
2551 1515 2682 1568 ltem
2725 1515 2983 1583 Scriptum
3015 1526 3130 1570 est:
3161 1518 3247 1586 qui
3282 1517 3449 1571 aulem
3480 1519 3715 1589 spiritum

2111 1606 2304 1659 Christi
2344 1623 2444 1659 non
2485 1605 2670 1670 habet,
2701 1605 2785 1660 hic
2821 1624 2924 1660 non
2950 1617 3024 1660 est
3055 1610 3184 1678 ejus.
3216 1609 3505 1664 Nominato
3535 1611 3718 1679 itaque

2111 1698 2267 1752 Patre
2307 1707 2358 1751 et
2391 1697 2546 1764 Filio,
2586 1697 2902 1768 intelligitur
2944 1698 3178 1767 Spiritus
3209 1710 3459 1756 sanctus:
3505 1700 3571 1756 de
3608 1719 3716 1771 quo

402 1781 544 1834 cmlo
577 1781 954 1851 respOuderit:
991 1784 1142 1850 Quod
1173 1787 1312 1842 Deus
1337 1792 1620 1858 inundavit,
1651 1800 1702 1844 tu
1738 1808 2005 1847 commune
2035 1791 2081 1850 Β
2115 1793 2226 1860 ipse
2256 1791 2422 1845 Filius
2447 1792 2495 1843 in
2523 1791 2815 1862 Evangelio
2837 1791 2967 1847 dicit
2990 1811 3002 1847 :
3027 1793 3152 1863 quia
3182 1794 3417 1862 Spiritus
3443 1808 3650 1849 sanctus
3679 1815 3712 1852 a

402 1890 467 1928 ne
498 1875 690 1928 dixeris
705 1876 731 1928 2’

475 1966 564 2023 Ill.
606 1967 714 2022 Cur
739 1970 880 2025 Deus
908 1971 1145 2043 loquitur
1185 1975 1251 2030 ad
1297 1975 1566 2030 Abraham
1594 2019 1608 2043 ,
1642 1979 1784 2047 quod
1814 1990 2004 2048 quarta

403 2063 660 2132 progenie
692 2063 783 2117 lilii
811 2064 977 2120 Israel
1011 2077 1196 2122 essent
1229 2069 1298 2123 de
1326 2069 1561 2142 Egypto
1605 2073 1910 2137 reversuri,
1950 2082 2005 2129 et

405 2167 590 2225 postea
611 2157 823 2230 Moyses
844 2160 1064 2215 scribit:
1093 2162 1286 2230 Quinta
1313 2175 1482 2218 autem
1502 2167 1741 2236 pragenie
1767 2169 2004 2222 exierunt

401 2250 499 2320 ﬁli:
538 2247 704 2304 Israel
736 2250 797 2304 de
837 2263 974 2306 terra
1001 2252 1271 2327 [Egyptif’
1299 2257 1440 2326 quod
1487 2259 1668 2328 utique
1702 2260 1800 2314 nisi
1832 2276 2002 2331 expo-

405 2353 584 2408 natur,
620 2341 833 2398 videtur
863 2359 985 2400 esse
1008 2349 1361 2403 contrarium.

477 2433 567 2487 IV.
608 2435 717 2488 Cur
758 2434 1030 2492 Abraham
1077 2439 1199 2496 tidei
1238 2454 1348 2495 suae
1380 2440 1587 2511 signum
1629 2440 1682 2496 in
1722 2441 2005 2499 circumci-

403 2527 558 2580 sione
581 2531 863 2597 suscepit?

481 2619 667 2675 V.Cur
697 2619 870 2688 Isaac,
897 2625 981 2678 vir
1004 2624 1183 2694 justus
1210 2635 1265 2680 et
1297 2627 1406 2681 Deo
1431 2628 1649 2692 charus,
1677 2644 1782 2682 non
1819 2629 1894 2683 illi
1917 2630 2001 2685 cui

404 2713 596 2778 voluit,
628 2715 722 2769 sed
752 2716 839 2770 cui
861 2718 1028 2772 uoluit
1051 2717 1311 2789 deceptus
1335 2736 1519 2774 errore
1549 2719 1860 2776 benedixit?

743 2851 830 2906 DE
871 2852 1404 2912 EXPLANATIONE
1446 2856 1648 2913 FIDEI.
1689 2867 1713 2896 η

572 2968 656 3023 Ea:
680 2969 900 3024 concilio
929 2970 1068 3025 urbis
1098 2970 1278 3026 Roma
1303 2973 1398 3026 sub
1433 2972 1657 3027 Damaso
1680 2989 1839 3045 papa.

481 3081 691 3135 Dictum
725 3090 845 3136 est:
885 3081 1045 3138 Prius
1073 3084 1339 3153 agendum
1380 3097 1460 3139 est
1503 3085 1570 3140 de
1595 3087 1798 3156 Spiritu
1832 3089 1999 3158 septi-

2108 1881 2268 1936 Patre
2325 1883 2588 1953 procedit;
2638 1893 2694 1938 et
2754 1883 2816 1938 de
2878 1900 2988 1939 meo
3033 1886 3244 1955 accipiet
3289 1896 3336 1940 et
3383 1888 3714 1942 annuntiabit

2106 1979 2246 2032 vobis
2266 1977 2317 2032 δ.

2395 2110 2481 2166 Ea:
2508 2111 2737 2177 Baronio
2764 2114 2832 2166 ad
2859 2131 2982 2168 ann.
3013 2113 3144 2180 582,
3174 2131 3314 2170 num.
3341 2115 3431 2172 i9.

2180 2245 2308 2302 Post
2348 2247 2444 2301 has
2487 2261 2676 2300 ornues
2721 2247 3102 2316 propheticus,
3142 2256 3196 2303 et
3233 2250 3607 2319 evangelicas,
3656 2261 3714 2307 et

2107 2341 2455 2410 apostolicas,
2483 2355 2617 2410 quas
2645 2343 2894 2410 superius
2917 2341 3355 2412 deprompsimus
3380 2343 3710 2414 Scripturas,

2107 2435 2300 2500 quibus
2345 2432 2585 2487 Ecclesia
2627 2433 2894 2487 catholica
2945 2450 3040 2503 per
3079 2435 3306 2505 gratiam
3351 2435 3446 2489 Dei
3493 2435 3710 2491 fundata

2108 2536 2213 2592 est,
2240 2527 2405 2580 etiam
2439 2525 2800 2578 intimandum
2826 2526 3152 2594 putavimus,
3178 2525 3321 2596 quod
3353 2527 3596 2595 quamvis
3619 2543 3713 2597 per

2107 2620 2294 2674 orbem
2319 2620 2604 2674 catholicae
2632 2620 2839 2674 dill'uszc
2867 2620 3123 2676 Ecclesia:
3148 2662 3162 2685 ,
3194 2621 3345 2691 quasi
3377 2637 3512 2676 unus
3543 2621 3712 2676 thala-

2109 2728 2228 2766 mus
2254 2713 2450 2768 Christi
2480 2712 2579 2778 sit,
2609 2723 2794 2766 sancta
2821 2719 2998 2766 tanien
3025 2713 3265 2767 Romana
3293 2713 3541 2768 Ecclesia
3575 2729 3712 2769 non-

2109 2804 2267 2858 nullis
2303 2815 2324 2842 ε
2355 2805 2627 2875 synodicis
2654 2804 2964 2858 constitutis
2989 2845 3005 2870 ,
3034 2809 3246 2860 caeteris
3279 2807 3540 2862 Ecelesiis
3567 2823 3708 2878 prie-

2112 2899 2214 2951 lata
2258 2909 2373 2952 est:
2418 2898 2510 2950 sed
2556 2907 2609 2951 et
2651 2897 2960 2967 evangelica
2994 2913 3127 2954 voce
3167 2898 3380 2954 Domini
3413 2900 3712 2956 Salvatoris

2110 2993 2280 3046 nostri
2312 2973 2599 3061 primatum
2631 2991 2863 3044 obtinuit
2902 2989 2963 3042 d:
3011 2989 3087 3044 Tu
3129 3009 3180 3044 es
3229 2991 3438 3056 Petrus,
3471 3001 3520 3048 et
3557 3007 3710 3064 super

2108 3088 2240 3138 hanc
2275 3094 2468 3152 petram
2499 3083 2768 3151 (ediﬁcabo
2802 3082 3084 3137 Ecclesium
3121 3099 3285 3137 meam
3311 3127 3324 3146 ,
3355 3093 3405 3138 et
3440 3095 3601 3154 porta:
3629 3087 3718 3139 iu-

407 3170 590 3234 l’ormi,
626 3173 714 3241 qui
746 3173 794 3224 in
823 3171 1040 3228 Christo
1070 3176 1382 3243 requiescit.
1417 3175 1652 3244 Spiritus
1681 3178 1962 3248 sapientia:
1989 3198 2000 3232 :
2032 3173 2074 3234 C
2111 3180 2206 3250 feri
2238 3196 2335 3232 non
2362 3178 2709 3250 pra’valrbunt
2739 3177 2982 3230 adversus
3009 3193 3118 3228 eam
3145 3191 3163 3239 ,°
3191 3186 3238 3230 et
3267 3177 3358 3230 tibi
3385 3177 3516 3230 dabo
3539 3177 3710 3232 claves

406 3263 645 3318 Christus
689 3264 784 3320 Dei
823 3269 982 3322 virtus
1012 3279 1061 3323 et
1102 3269 1198 3324 Dei
1231 3272 1500 3340 sapientia.
1537 3273 1772 3342 Spiritus
1796 3277 2006 3331 intelle—

403 3366 559 3410 ctus:
593 3357 919 3413 Intellectum
950 3361 1082 3414 dabo
1106 3362 1219 3427 tibi,
1251 3373 1297 3416 et
1326 3364 1581 3417 instruant
1616 3375 1665 3417 te
1692 3368 1745 3418 in
1770 3367 1870 3430 via,
1905 3361 2006 3434 qua

401 3452 729 3521 ingredieris.
766 3452 998 3524 Spiritus
1025 3454 1269 3509 consilii:
1304 3467 1351 3510 et
1392 3457 1652 3510 vocabitur
1685 3474 1868 3512 nomen
1895 3463 2008 3532 ejus

404 3546 580 3617 magni
602 3547 804 3600 consilii
834 3548 1070 3618 angelus.
1111 3550 1342 3618 Spiritus
1371 3551 1584 3606 virtutis
1605 3593 1619 3616 ,
1655 3560 1713 3605 ut
1735 3568 1894 3622 supra
1920 3553 1972 3606 di
1991 3582 2005 3593 -

402 3652 550 3696 ctum
582 3654 665 3696 est
688 3658 701 3694 :
730 3641 966 3697 Christus
993 3643 1090 3697 Dei
1110 3645 1267 3698 virtus
1289 3654 1334 3697 et
1353 3643 1449 3698 Dei
1478 3647 1749 3716 sapientia.
1771 3646 2007 3715 Spiritus

403 3735 648 3791 scientim
669 3775 686 3802 ,
723 3744 941 3804 propter
972 3735 1322 3790 eminentiam
1353 3737 1599 3792 scientiae
1629 3737 1757 3792 Jesu
1780 3738 2003 3805 Christi,

405 3842 465 3886 ut
493 3831 571 3885 ait
605 3830 919 3899 Apostolus.
960 3828 1194 3898 Spiritus
1239 3831 1510 3885 veritatis:
1545 3830 1657 3902 Ego
1680 3833 1811 3896 vita,
1843 3843 1890 3885 et
1927 3847 2009 3885 ve-

400 3924 555 3976 ritas.
592 3921 829 3991 Spiritus
856 3921 1096 3975 timoris:
1148 3920 1362 3976 Initium
1408 3923 1675 3993 sapientia:
1715 3924 1870 3978 timor
1899 3919 2009 3978 Do-

409 4015 558 4067 mini.

480 4105 824 4161 Multilormis
843 4114 1023 4160 autem
1043 4106 1322 4162 nominum
1341 4105 1539 4161 Christi
1554 4106 1886 4177 dispensatio
1902 4117 2006 4163 est.

411 4199 695 4288 Dominus,
733 4199 855 4269 quia
895 4197 1179 4264 Christus;
1227 4199 1483 4261 Verbum,
1517 4199 1637 4269 quia
1679 4199 1771 4254 Dei
1811 4197 2005 4267 Filius,

407 4293 534 4361 quia
569 4292 876 4361 unigenitus
903 4307 967 4346 ex
996 4291 1186 4356 Patre;
1216 4298 1410 4357 homo,
1441 4291 1564 4361 quia
1597 4300 1754 4346 natus
1784 4307 1849 4346 ex
1884 4290 2007 4344 Vir-

408 4386 566 4458 giae;
598 4385 880 4450 sacerdos,
907 4386 1028 4456 quia
1063 4401 1119 4440 se
1149 4386 1343 4440 obtulit
1382 4385 1790 4451 holocaustum;
1829 4395 2011 4454 pastor

410 4480 536 4549 quia
588 4489 801 4544 enatos;
842 4481 1077 4544 vermis,
1114 4479 1238 4548 quia
1281 4477 1613 4543 resurrexit;
1650 4493 1839 4543 mons,
1879 4477 2003 4547 quia

2110 3271 2255 3342 regni
2278 3271 2520 3324 (telorum
2546 3286 2564 3335 ;
2592 3277 2638 3322 et
2664 3284 2989 3339 qua’cuutque
3028 3267 3266 3336 ligaveris
3303 3283 3461 3338 super
3485 3277 3705 3335 terram,

2109 3374 2256 3416 erunt
2298 3363 2456 3430 ligata
2499 3371 2544 3414 et
2582 3361 2635 3414 in
2664 3361 2827 3414 cwlo:
2864 3372 2910 3412 et
2947 3375 3277 3428 qua’cuntque
3313 3359 3523 3413 solveris
3554 3376 3712 3428 super

2110 3464 2320 3518 terram,
2354 3462 2502 3506 erunt
2531 3452 2702 3505 soluta
2731 3453 2849 3503 etin
2872 3450 3016 3504 creto.
3047 3448 3239 3504 Addita
3276 3460 3299 3488 θ
3329 3449 3492 3506 etiam
3515 3460 3599 3507 est
3621 3467 3710 3507 so-

2109 3545 2278 3598 tietas
2303 3540 2601 3595 beatissimi
2631 3540 2781 3594 Pauli
2811 3540 3074 3611 apostoli,
3106 3542 3247 3597 vasis
3270 3542 3587 3609 electionis,
3615 3548 3706 3614 qui

2114 3653 2218 3692 non
2252 3635 2472 3690 diverso
2505 3632 2722 3700 f,sienti
2750 3634 2990 3689 hazretici
3021 3635 3287 3706 garriunt,
3315 3635 3410 3691 sed
3441 3652 3552 3690 uno
3575 3647 3710 3691 tem-

2112 3747 2264 3802 pore,
2297 3746 2428 3794 uno,
2461 3729 2764 3799 eodemque
2790 3729 2900 3796 die,
2929 3731 3162 3798 gloriosa
3193 3744 3368 3784 morte
3395 3746 3516 3784 cum
3549 3733 3710 3786 Petro

2112 3827 2162 3879 in
2199 3825 2328 3879 urbe
2365 3824 2662 3894 liotua‘sub
2689 3827 2904 3878 Cwsare
2939 3822 3152 3876 Nerone
3186 3823 3514 3893 agonizans.
3551 3838 3709 3878 coro-

2112 3928 2269 3975 natus
2302 3927 2419 3973 est:
2457 3927 2512 3972 et
2555 3917 2754 3986 pariter
2780 3916 3149 3984 supradictam
3191 3916 3485 3970 Romanam
3520 3915 3709 3971 Eccle-

2111 4013 2244 4067 siam
2267 4010 2484 4066 Christo
2505 4010 2736 4064 Domino
2764 4018 3174 4072 consecrarunt,
3204 4009 3433 4078 aliisque
3458 4008 3712 4064 omnibus
3748 4051 3753 4059 .

2113 4117 2137 4153 ε
2198 4106 2447 4158 universo
2499 4101 2699 4156 tnundo
2752 4117 2848 4156 sua
2911 4100 3234 4171 prmsentia,
3297 4107 3352 4155 et
3394 4099 3712 4156 venerando

2113 4194 2386 4264 triumpho
2422 4193 2792 4264 praetulerunt.

2185 4288 2281 4343 Est
2329 4302 2459 4356 ergo
2509 4282 2536 4321 ιι
2586 4284 2754 4352 prima
2800 4283 2946 4337 Petri
2993 4284 3226 4353 ap0stoli
3272 4282 3428 4338 sedes
3467 4282 3712 4337 Romana

2115 4379 2377 4443 Ecclesia,
2404 4394 2509 4430 non
2543 4375 2750 4430 habens
2778 4375 3066 4442 maculam,
3099 4392 3271 4446 neque
3302 4390 3513 4446 rugam,
3540 4389 3714 4446 neque

2113 4473 2252 4527 aliud
2297 4469 2620 4540 bujusmodi.

414 4568 602 4636 fortis;
629 4571 731 4637 via,
759 4570 887 4641 quia
911 4578 1089 4626 rectus
1113 4571 1406 4642 peripsmn
1435 4568 1785 4640 ingress‘usiu
1811 4569 2009 4634 vitam;
2045 4562 2094 4621 D
2191 4563 2439 4621 Secunda
2487 4572 2663 4617 autem
2707 4559 2867 4616 sedes
2909 4560 3052 4632 apud
3103 4559 3485 4616 Alexandriam
3511 4602 3527 4626 ,
3573 4557 3717 4616 beati

413 4771 468 4817 et
500 4761 616 4828 ipsa
652 4758 970 4830 Hieronymi
989 4758 1039 4812 in
1068 4757 1312 4827 epistola:
1337 4757 1612 4826 sequentis
1638 4757 1865 4830 exordio
1894 4772 2014 4830 ver—

418 4835 481 4914 ba
508 4826 1198 4914 demonstrpnygoustant.
1225 4831 1404 4883 aduot.
1426 4830 1493 4881 ad
1515 4829 1718 4914 epistol.
1744 4828 1811 4883 16
1829 4840 1873 4881 et
1901 4826 2010 4897 Π).

417 4905 508 4960 Sic
547 4904 709 4957 etiam
753 4902 823 4956 cl.
855 4900 1186 4968 Vallarsius,
1235 4916 1365 4956 mss.
1411 4900 1650 4955 omnium
1689 4914 2015 4956 consensum

418 4977 948 5100 ἒἯὲηῧέῇίί(εθΙΙτιηιιίς
980 5045 1100 5115 cod.
1133 5042 1271 5099 ΑΝ.
1301 5060 1422 5115 pag.
1448 5041 1588 5098 254:
1620 5041 1816 5115 Incipit
1846 5043 2021 5115 conci-

422 5119 550 5173 lium
579 5119 720 5171 urbis
749 5116 934 5171 Roma:
961 5114 1054 5169 sub
1082 5114 1309 5170 Damaso
1339 5132 1507 5188 papa,
1541 5114 1607 5169 de
1641 5114 2024 5183 explanatione

423 5191 694 5314 MELPost
737 5257 852 5313 huic
898 5257 1038 5312 idem
1091 5256 1468 5314 Vallicellanus
1508 5256 1676 5312 codex
1715 5257 1792 5312 sic
1841 5270 2025 5326 prosc-

421 5335 628 5403 quitur.

504 5425 634 5478 ltem
679 5422 880 5478 dictum
919 5431 1033 5476 est:
1096 5420 1251 5476 Nunc
1283 5439 1394 5476 rere
1427 5422 1491 5475 de
1521 5421 1807 5485 Scripturis
1846 5421 2032 5475 divinis

426 5496 688 5566 agendum
715 5505 809 5556 est,
835 5493 960 5564 quid
989 5493 1292 5548 universalis
1317 5494 1570 5548 catholica
1605 5495 1824 5565 recipiat
1853 5492 2037 5547 Eccle-

427 5565 534 5633 sia,
560 5575 606 5619 et
632 5565 756 5635 quid
781 5567 941 5618 vitare
972 5565 1168 5619 debeat.

511 5658 707 5728 Incipit
735 5656 864 5710 ordo
892 5656 1093 5711 Veteris
1114 5657 1471 5711 Testamenti:
1496 5656 1710 5728 Genesis
1733 5656 1858 5709 liber
1875 5671 2039 5720 unus;

436 5727 772 5786 Eandi’tiber
807 5745 938 5781 unus
959 5770 972 5792 ,
1002 5738 1106 5782 etc.
1147 5728 1298 5782 llunc
1329 5729 1449 5783 cod.
1483 5744 1604 5782 cum
1637 5727 2040 5798 Scripturarum

437 5800 666 5871 ‘cptistit.
695 5811 817 5869 can.
848 5809 1114 5874 memorat
1144 5802 1340 5874 Baton.
1372 5800 1438 5856 ad
1470 5815 1558 5868 an.
1591 5799 1681 5866 69.

2201 4765 2222 4792 c
2264 4750 2680 4816 Onesnelliauus
2720 4748 2890 4802 codex
2929 4747 2982 4802 in
3017 4746 3334 4819 pra-latione
3375 4745 3533 4802 trullis
3559 4764 3718 4819 syno-

2125 4825 2256 4878 dicis
2270 4824 2505 4883 decretis,
2530 4821 2621 4875 sed
2643 4820 2934 4888 evangelica
2957 4836 3076 4874 voce
3098 4820 3313 4888 prtelata
3336 4820 3584 4888 est,quod
3610 4834 3724 4874 ma-

2129 4837 2256 4878 nicis
2270 4837 2505 4883 aecretis,
2530 4837 2619 4875 sea
2643 4837 2934 4888 evangelica
2957 4837 3076 4874 voce
3135 4837 3313 4874 rectam
3336 4837 3584 4888 est,quou
3610 4837 3724 4874 ma-

2129 4897 2210 4962 gis
2243 4895 2453 4963 placet;
2479 4895 2555 4947 sic
2587 4893 2747 4947 etiam
2773 4891 2826 4944 iu
2847 4892 3065 4946 decreto
3085 4837 3283 4946 Eelasii
3309 4892 3376 4946 de
3402 4891 3726 4963 apocryphis

2129 4965 2446 5035 Scripturis.

2200 5035 2226 5074 ἀ
2255 5032 2541 5101 ’ριπιεηειι
2580 5034 2692 5086 hzoc
2716 5032 2862 5087 addit
2904 5051 2915 5086 :
2952 5034 3038 5087 ubi
3067 5033 3197 5088 dixit
3226 5033 3369 5088 beato
3401 5032 3574 5088 Petro.

2204 5119 2226 5146 ο
2268 5107 2541 5174 QneSnell.
2569 5105 2821 5159 adhibita.

2211 5203 2228 5241 τ
2274 5202 2399 5256 Ihrc
2429 5201 2628 5254 omittit
2656 5199 3071 5279 Quesnelliauus
3103 5199 3297 5261 codex,
3323 5197 3612 5279 scribitque
3640 5196 3729 5279 qui

2134 5292 2236 5328 uno
2266 5275 2366 5332 die.
2399 5289 2596 5342 unoque
2629 5282 2854 5340 tempore
2879 5272 3106 5343 gloriosa
3133 5281 3312 5335 morte,
3345 5280 3450 5323 etc.
3481 5266 3734 5326 Gelasius

2137 5360 2353 5420 veroea
2383 5343 2570 5420 habet,
2607 5343 2800 5420 l|_|_hlc-
3197 5409 3210 5420 .
3293 5410 3302 5419 .
3351 5408 3363 5420 .

2214 5427 2237 5464 ε
2277 5409 2564 5484 ριιθειιειιέ
2587 5414 2768 5468 addit:
2796 5412 3039 5476 urbibus,
3071 5409 3210 5480 quod
3235 5409 3457 5464 minime
3487 5422 3736 5466 necessa-

2136 5489 2295 5542 rittm.

2219 5579 2245 5618 ιι
2287 5577 2695 5647 Quesnellianns
2719 5574 2919 5647 codex:
2959 5573 3137 5647 Prima
3169 5590 3286 5645 ergo
3311 5572 3464 5647 sedes
3496 5584 3574 5629 est
3598 5574 3744 5630 caele-

2149 5653 2212 5705 sti
2254 5644 2495 5719 bene/icio
2538 5647 2778 5719 Romana
2818 5645 3068 5719 Ecclesia,
3115 5644 3267 5714 quam
3302 5644 3578 5719 beatissimi
3616 5661 3745 5717 apo-

2150 5724 2268 5776 stoli
2313 5715 2499 5779 Petrus
2552 5715 2938 5790 atqueI’aulus
2977 5733 3069 5772 suo
3118 5718 3364 5790 martyrio
3419 5715 3747 5776 dedicaruut.

2151 5793 2400 5858 Gelasiua
2424 5806 2581 5859 vero,
2614 5787 2670 5846 ut
2699 5787 2804 5848 hic.
