4200 6178
477 305 585 362 575
601 263 604 265 i

1733 293 1980 352 SANCTI
2021 291 2277 350 DAMAS]
2317 290 2522 348 PAPE

3677 283 3788 340 576

477 422 622 478 Petri
662 420 882 477 nomine
924 433 954 474 a
992 417 1171 474 Marco
1209 417 1328 488 ejus
1356 415 1622 488 discipulo
1656 423 1820 486 atque
1846 428 2079 486 evange—
2105 425 2158 487 Α
2182 412 2326 486 quod
2357 413 2503 468 illam
2529 410 2802 484 primitus,
2831 423 2990 482 quam
3015 409 3245 465 Romam
3267 407 3534 478 venisset,
3566 405 3780 465 habita-

475 515 603 572 lista
630 520 945 570 consecrata
974 520 1058 567 est
1082 518 1140 564 τις
1173 509 1397 580 ipseque
1433 509 1486 564 in
1519 507 1812 581 Egyptum
1840 507 2078 564 directus

479 623 511 662 a
549 608 708 663 Petro
749 604 1032 677 apostolo,
1080 602 1308 659 verbum
1347 603 1592 658 veritatis
1629 600 1977 675 praedicavit,
2024 611 2079 658 et

477 702 773 774 gloriosum
797 699 1200 756 consummavit
1223 689 1562 769 martyrium.

554 796 737 852 Tertia
765 805 944 852 autem
976 794 1133 850 sedes
1159 792 1411 862 estapud
1443 790 1789 846 Antiochiam
1816 789 1846 829 ι)
1876 788 2078 846 beatis-

480 891 606 948 simi
635 891 718 946 sui
742 889 974 961 apostoli
998 888 1182 956 Petri,
1207 902 1328 959 qua:
1351 886 1582 943 habetur
1611 884 1948 941 honorabilis
1964 925 1980 952 ,
2013 898 2081 940 eo

553 1045 578 1072 α
616 1032 897 1104 Quesnell.
932 1049 946 1085 :
974 1031 1110 1099 Quia
1145 1031 1256 1102 ipse
1292 1030 1348 1083 in
1370 1028 1613 1104 sEgypto
1654 1027 1851 1098 primus
1875 1025 2082 1081 verbum

483 1103 713 1161 veritatis
737 1123 769 1159 a
804 1104 958 1158 Petro
987 1104 1211 1157 directus
1235 1103 1551 1162 vrwdicavit.
1767 1131 1779 1140 -

553 1177 580 1215 ι)
617 1177 972 1246 Quesnellus:
999 1173 1131 1230 Item
1153 1173 1288 1228 beati
1317 1172 1464 1228 Petri
1493 1170 1806 1226 habitatione
1826 1168 2084 1225 venerabi-

498 1268 3643 1309 ____________________________________.____—————

2183 509 2358 573 verit,
2387 515 2444 562 et
2470 504 2579 561 illic
2602 506 2831 576 primum
2856 518 3054 560 nomen
3079 500 3518 557 Christianorum
3546 501 3774 558 novella:

2179 602 2357 674 gentis
2379 599 2686 656 exorditum
2709 607 2793 654 est
2824 609 2870 652 ο.

2253 695 2371 752 Huc
2419 709 2588 766 usque
2622 694 2784 750 etiam
2824 691 3108 748 Gelasius:
3153 689 3576 758 Quesnellianus
3615 686 3783 744 codex

2181 790 2403 863 aliquod
2430 791 2594 847 habet
2616 797 2874 862 praeterea
2898 787 2967 843 de
3001 783 3498 859 Hierosolymitana
3527 793 3582 840 et
3605 783 3785 856 Ephe-

2183 886 2302 943 siua
2335 884 2485 942 sedc.

2193 1025 2276 1080 lis.
2309 1023 2557 1082 Gelasius
2588 1035 2717 1078 vero
2753 1039 2766 1076 :
2797 1019 2938 1075 Petri
2970 1017 3175 1073 nomine
3205 1017 3417 1071 habetur
3445 1013 3786 1071 honorabilis.

2267 1109 2288 1135 ε
2332 1096 2486 1168 Apud
2515 1093 2868 1163 Quesnellum
2890 1090 3089 1148 rectius
3115 1099 3368 1145 exortum.

1739 1363 2493 1460 CARMINA'.

972 1599 1256 1658 CARMEN
1292 1595 1580 1655 PRIMUM.

984 1721 998 1748 ¹
1025 1715 1091 1770 In
1117 1713 1320 1770 tandem
1349 1711 1585 1768 Davidis.

562 1835 714 1891 Nunc
743 1832 959 1889 Damasi
987 1830 1209 1886 monitis
1237 1842 1399 1884 aures
1427 1827 1666 1898 praebete
1695 1825 1978 1898 benignas,

492 1928 763 1985 Sordibus
790 1925 1056 1996 depositis
1091 1930 1322 1994 purgant
1350 1919 1649 1991 penetralia
1671 1917 1876 1987 cordis,

491 2023 655 2080 Curia
679 2036 802 2076 cum
836 2029 1102 2076 renovant
1123 2016 1342 2071 Chrism
1369 2015 1577 2070 servire
1599 2012 1792 2084 parati.

497 2115 825 2186 PrOphetam
854 2123 879 2150 ⁸
899 2112 1104 2169 Christi
1133 2121 1381 2166 sanctum
1411 2123 1747 2180 cognoscere
1770 2107 1940 2164 debes
1973 2125 1986 2162 :

496 2209 778 2270 Pastorem
811 2222 1039 2280 puerum
1067 2205 1254 2260 multis
1281 2221 1310 2260 e
1337 2202 1591 2258 fratribus
1619 2219 1807 2267 unum,

498 2305 737 2375 Angelus
767 2318 832 2357 ex
864 2301 1056 2356 ovibus
1078 2299 1281 2370 rapuit,
1311 2312 1602 2368 regemque
1630 2296 1850 2362 dicavit,

497 2399 710 2470 Organa
743 2397 831 2468 qui
864 2398 1033 2452 sciret
1053 2394 1303 2449 manibus
1325 2407 1657 2463 componere
1683 2392 1852 2456 solus,

498 2491 526 2531 ι’
550 2490 784 2545 PSullcre
812 2505 906 2560 per
935 2488 1198 2543 citharam
1228 2485 1430 2556 populo
1459 2483 1700 2540 coelestia
1731 2499 1916 2555 regna.

499 2584 801 2655 Ingentem,
835 2582 1139 2654 clypenque
1165 2579 1338 2651 gravi,
1370 2577 1676 2649 l'ruStraque
1706 2576 2023 2645 minantem,

507 2688 530 2716 ε
552 2677 804 2747 lmpium,
841 2675 1186 2740 maledicum,
1221 2671 1472 2743 phaleras
1498 2686 1560 2726 ac
1593 2670 1694 2725 tela
1727 2676 2028 2741 gerentem,

502 2770 804 2832 Surdorum
830 2770 1052 2825 demens
1080 2769 1286 2826 coleret
1313 2767 1404 2837 qui
1436 2765 1637 2836 templa
1669 2764 1919 2831 deorum,

504 2866 760 2922 Mactavit
785 2881 918 2920 saxo
941 2865 1120 2928 tereti,
1149 2873 1508 2932 truncumque
1535 2859 1774 2930 reliquit,

503 2959 826 3030 Judicioque
857 2957 954 3013 Dei
977 2958 1180 3028 ingenti
1213 2973 1334 3011 mox
1363 2955 1512 3010 caade
1544 2964 1784 3025 peracta,

503 3052 739 3108 Monstra
751 3053 824 3108 vit
847 3052 1082 3124 populis,
1118 3051 1316 3106 tulerat
1340 3065 1460 3119 qua:
1484 3063 1551 3103 ex
1573 3047 1731 3102 hoste
1755 3045 2027 3115 tmpbma:

2115 1706 2162 1765 B

2803 1582 3085 1644 CARMEN
3123 1582 3185 1638 li.

2816 1703 2894 1760 De
2923 1700 3140 1759 Christo.

2268 1827 2482 1883 Christe
2514 1832 2708 1895 potens
2737 1837 2942 1888 rerum,
2973 1817 3258 1875 redeuntis
3289 1815 3539 1872 conditor
3565 1811 3686 1878 aevi,

2201 1920 2313 1976 Vox
2346 1918 2542 1975 summi
2570 1930 2874 1986 sensusque
2902 1914 3018 1980 Dei,
3047 1927 3208 1983 quem
3235 1909 3408 1966 fundit
3449 1907 3519 1963 ah
3546 1906 3654 1962 alta

2198 2015 2374 2072 Mente
2402 2015 2578 2080 Pater,
2612 2010 2854 2081 tantique
2885 2007 3034 2064 dedit
3060 2005 3336 2062 consortia
3373 2003 3548 2074 regni,

2199 2107 2367 2178 impia
2396 2121 2450 2161 ιιι
2483 2115 2682 2162 nostra:
2709 2102 2967 2159 domuisti
2999 2101 3226 2157 crimina
3259 2098 3407 2167 vitm,

2201 2205 2401 2262 Passus
2426 2217 2692 2274 corporea
2723 2200 2978 2256 mundum
3004 2198 3202 2253 vestire
3233 2197 3426 2267 ﬁgura,

2203 2297 2476 2368 Aliarique
2508 2297 2680 2366 palam
2709 2293 2958 2364 populos.
2994 2290 3378 2360 hominemque
3410 2286 3588 2342 fateri.

2167 2421 2170 2424 ι
2202 2391 2373 2460 Quem
2404 2389 2585 2445 Verbo
2617 2387 2884 2442 inclusum
2917 2384 3099 2440 Maria:
3132 2398 3254 2437 mox
3289 2382 3509 2436 numine
3539 2377 3659 2433 viso

2204 2485 2442 2555 Virginei
2475 2493 2724 2538 tumuere
2749 2481 2920 2545 sinus,
2955 2479 3289 2548 inuuptaque
3310 2475 3481 2530 Mater

2205 2580 2421 2635 Arcano
2447 2575 2726 2646 obstupuit
2749 2573 3010 2643 compleri
3039 2574 3254 2627 viscera
3283 2577 3461 2640 partu,

2207 2679 2496 2730 Auctorem
2525 2671 2758 2742 paritura
2789 2683 2968 2735 suum,
2999 2666 3246 2722 mortalia
3280 2663 3444 2720 corda

2208 2767 2483 2824 Artiﬁcem
2515 2773 2708 2820 texere
2739 2763 2850 2833 poli
2878 2761 3191 2832 mundique,
3223 2758 3324 2813 sub
3353 2759 3461 2812 imo

2209 2865 2459 2928 Pectore,
2490 2876 2597 2932 quo
2619 2869 2791 2915 totum
2825 2858 2931 2912 late
2961 2855 3343 2925 complectitur
3363 2852 3585 2909 Orbem.

2209 2957 2278 3012 Et
2299 2957 2386 3026 qui
2419 2969 2524 3010 non
2551 2949 2958 3024 Spatiis'terraa,
2990 2963 3096 3004 non
3127 2947 3363 3018 mquoris
3391 2944 3568 3010 undis,

2208 3049 2318 3106 Nec
2345 3049 2558 3120 capitur
2595 3046 2756 3113 ccelo,
2789 3041 3300 3115 parvos'coniluxit
3333 3043 3386 3097 in
3413 3050 3584 3107 artus,

502 3146 638 3204 Nam
683 3144 988 3203 DamasusLI
1025 3147 1157 3211 scit,
1183 3143 1405 3212 Sancte,
1427 3152 1547 3198 tuos
1577 3143 1740 3206 Dens,
1768 3141 1882 3212 ipse
1910 3140 2100 3196 trium-
2131 3110 2178 3176 Ο
2209 3142 2346 3212 Quin
2377 3155 2432 3197 et
2465 3140 2715 3211 supplicii
2742 3153 2940 3193 nomen
2972 3150 3250 3206 nexusque
3277 3133 3471 3189 subisti
3498 3152 3511 3187 :

1917 3231 2098 3305 [phos.

581 3358 595 3388 ¹
629 3356 891 3411 Baronius
914 3355 1031 3410 haec
1079 3353 1337 3424 praefatur
1379 3359 1506 3408 ante
1543 3351 1643 3405 hos
1670 3363 1863 3424 versus
1890 3367 1912 3424 :_
1940 3349 2097 3424 Acce-

504 3430 605 3500 ptis
648 3429 726 3500 his
773 3429 836 3500 ξ.
891 3420 1196 3500 Hieronymi
1223 3424 1658 3500 lucubrationibus
1688 3423 1742 3477 in
1788 3420 2100 3500 Psalterium

504 3490 740 3561 Davidis,
785 3499 1047 3552 Damasus
1087 3490 1291 3551 iaudem
1340 3496 1469 3551 tanti
1497 3497 1630 3566 regis
1653 3506 1802 3566 atque
1839 3490 2101 3566 propheta:

505 3570 586 3623 his
626 3571 810 3624 cecinit
839 3571 1060 3624 versibus
1081 3612 1096 3634 ,
1124 3587 1251 3641 quos
1279 3561 1572 3641 reperimus
1599 3567 1651 3641 in
1664 3561 1982 3641 bibliotheca
2011 3561 2101 3641 ba:

501 3641 665 3717 silice:
707 3641 888 3717 Sancti
939 3641 1103 3717 Petri,
1136 3634 1400 3717 codice]
1431 3639 1614 3717 juncti
1655 3635 1981 3717 Hieronymi,
2008 3634 2099 3717 gui

504 3713 738 3766 concinet
777 3703 1145 3780 ekpositionem
1195 3713 1308 3780 ejus
1335 3712 1385 3765 in
1425 3709 1692 3772 Psaimos,
1729 3703 2100 3780 habeieosdem

501 3784 662 3838 codex
715 3776 979 3840 Vaticana:
1015 3776 1356 3848 bibliothecw,
1388 3782 1504 3836 licet
1531 3781 1796 3850 utrobique
1821 3776 2103 3850 admodum

503 3855 769 3928 depravati
811 3857 1064 3928 legantur.
1096 3857 1232 3928 lltec
1276 3847 1384 3928 ille.
1417 3853 1548 3928 Quae
1590 3847 1770 3928 autem
1802 3848 1870 3928 de
1905 3847 2103 3928 David'e

503 3918 650 3981 canit
682 3918 973 3992 Damasus,
1023 3927 1287 3980 habentur
1325 3926 1375 3977 in
1405 3926 1576 3976 sacris
1599 3921 1790 3974 litteris
1820 3918 2023 3986 Regum
2057 3919 2099 3992 Ι,

502 3997 649 4050 Idem
702 3990 968 4052 Barmtius
999 4017 1012 4051 :
1065 3996 1366 4066 Hieronymi
1390 4009 1582 4066 versus,
1609 4008 1747 4066 quos
1777 3993 2006 4066 recinens
2033 3990 2102 4066 ad

507 4066 570 4149 β.
614 4065 898 4149 Damasum
935 4068 1101 4135 misit,
1131 4059 1313 4121 habent
1340 4064 1496 4119 iidem
1522 4061 1676 4117 codd.
1712 4077 1826 4115 cum
1846 4059 2102 4131 ejusmodi

500 4139 852 4210 inscriptione.

763 4247 963 4286 VERSUS
988 4246 1149 4287 DOINI
1178 4244 1469 4286 HIERONYIII
1497 4241 1838 4283 PRESBYTEBI.

599 4321 820 4386 Psallere
841 4325 924 4386 qui
948 4323 1116 4373 docuit
1136 4322 1266 4372 dulci
1293 4322 1634 4386 modulamine
1644 4325 1838 4386 sanctos

597 4383 815 4450 Noverat
841 4380 957 4450 iste,
975 4387 1150 4450 decem
1176 4386 1301 4450 legis
1324 4386 1409 4446 qui
1437 4383 1585 4450 verba
1605 4380 1846 4450 dedisset,

601 4447 730 4511 Quot
749 4450 917 4511 digitis
936 4444 1123 4500 cithara
1144 4444 1357 4507 choidis,
1384 4445 1686 4511 totidemque
1705 4444 1885 4511 dicavit

595 4510 903 4574 Nomiua’vel
926 4514 1118 4574 signum
1145 4524 1402 4574 numerum
1427 4510 1554 4561 Crux
1582 4510 1682 4574 ipsa
1703 4510 1912 4574 notaret.

595 4572 815 4636 Credere
839 4575 954 4636 quid
970 4566 1168 4622 dubites
1183 4573 1209 4624 ‘i
1226 4573 1384 4636 virtus
1400 4566 1710 4636 regtt‘omnia
1735 4566 1941 4625 Christi,

596 4635 692 4698 Qui
712 4632 868 4685 varias
885 4637 1051 4698 junxlt
1076 4651 1171 4685 uno
1191 4632 1525 4698 subcartuine
1541 4632 1734 4693 linguas
1754 4645 1766 4690 ;

599 4691 662 4762 fit
680 4691 914 4762 pecudes,
940 4700 1264 4761 volucresque
1289 4697 1450 4746 Deum
1473 4691 1777 4762 cognoscere
1797 4691 1985 4752 possint
2010 4704 2021 4738 :

593 4759 684 4825 [iis
705 4773 855 4809 sonus
879 4759 955 4810 est
981 4763 1120 4822 tides,
1150 4759 1344 4825 mentes
1361 4761 1443 4821 qui
1467 4759 1652 4806 mulcet
1669 4765 1884 4825 amaras;

595 4822 675 4895 sic
697 4831 924 4872 creatura
943 4825 1075 4885 prior
1094 4817 1229 4872 tanto
1244 4822 1309 4870 de
1333 4817 1538 4871 munere
1557 4817 1759 4881 gaudet,

559 4937 594 5012 ,τι
619 4928 754 5012 iline
783 4931 1030 5012 suspicor
1058 4930 1376 5012 sumendum
1401 4944 1525 5012 esse
1552 4927 1766 5012 initium
1790 4924 1949 5009 hujus
1971 4939 2087 4980 car-

500 4999 682 5061 minis,
714 5017 778 5056 ac
813 4999 1017 5070 priores
1048 5014 1156 5056 tres
1184 5003 1481 5056 versiculos
1519 5015 1626 5055 non
1659 4999 1763 5052 huc
1796 4999 2086 5064 pertinere,

497 5073 595 5126 sed
623 5075 800 5142 potius
827 5074 894 5128 ad
924 5088 1040 5137 eos,
1065 5074 1155 5143 qui
1194 5075 1244 5128 in
1275 5073 1440 5128 variis
1462 5073 1584 5128 cod.
1616 5070 2033 5143 mssaleguntur
2060 5083 2088 5118 a

500 5139 835 5216 Hieronymo
863 5145 929 5200 ad
962 5139 1245 5201 Damasum
1277 5160 1400 5200 cum
1430 5145 1630 5216 suisiu
1666 5142 1976 5216 psalterium
2003 5139 2092 5208 glu-

500 5211 910 5287 cubrationtbus
937 5235 949 5270 :
982 5233 1106 5272 nam
1137 5219 1310 5287 primo
1339 5218 1473 5270 citra
1520 5211 1742 5287 aliquod
1789 5213 2089 5287 incommo-

499 5286 628 5341 dum
659 5289 898 5355 separari
934 5305 964 5343 a
993 5281 1204 5344 caeteris
1238 5294 1484 5357 possunt,
1525 5286 1613 5354 qui
1645 5286 1696 5336 in
1731 5283 1944 5357 laudem
1989 5281 2092 5333 Da-

498 5359 638 5431 vidis
666 5351 851 5428 scripti
876 5373 1039 5425 sunt;
1067 5362 1193 5431 quin
1220 5351 1397 5431 potius
1431 5351 1572 5431 nitur
1598 5353 1860 5431 orationis
1893 5351 1942 5406 id
1973 5366 2094 5431 pos-

498 5430 676 5484 tulare
705 5424 918 5486 videtur
949 5450 960 5485 :
986 5424 1182 5486 deinde
1211 5424 1262 5484 in
1295 5428 1415 5483 Vat.
1445 5427 1570 5482 cod.
1601 5424 1766 5490 ωδ,
1798 5432 1919 5492 post
1951 5424 2093 5491 prin-

497 5513 614 5552 retn
642 5502 791 5556 illum
819 5503 1141 5558 versiculum
1180 5545 1191 5558 .
1215 5500 1366 5555 Nunc
1395 5496 1610 5554 Damasi
1630 5497 1854 5555 monitis,
1875 5507 2008 5560 etc.,
2035 5492 2093 5548 hi

496 5579 800 5643 semtuntur
832 5590 937 5627 uno
967 5574 1146 5628 statim
1176 5578 1454 5638 contextu,
1495 5571 1586 5643 qui
1631 5584 1702 5625 ex
1734 5566 1936 5640 iisdem
1967 5565 2092 5621 ilie—

500 5641 716 5710 ronytni
747 5645 992 5699 versibus
1020 5646 1220 5713 sumpti
1251 5652 1405 5698 sunt:

2208 3235 2275 3292 Ut
2305 3249 2404 3289 nos
2441 3233 2746 3302 surriperes
2777 3229 2948 3297 letho,
2987 3233 3324 3297 mortemque
3351 3225 3565 3295 fugares

2299 3347 2489 3399 Oil‘erat
2505 3355 2560 3398 ut
2580 3347 2788 3397 Domino
2811 3345 2966 3396 salvet
2987 3356 3110 3406 quos
3132 3344 3287 3404 gratia
3315 3341 3488 3406 vocis;

2298 3412 2517 3474 Quisque
2542 3411 2647 3474 sitit
2671 3411 2839 3458 veniat
2860 3404 3066 3474 cupiens
3086 3405 3286 3474 haurire
3305 3404 3519 3474 ﬂuenta:

2300 3464 2530 3523 inveniet
2550 3473 2726 3522 latices
2746 3464 2951 3521 servant
2975 3470 3055 3530 qui
3076 3467 3234 3517 dulcia
3259 3464 3428 3530 mella.

2391 3535 2514 3586 Oret
2537 3548 2626 3599 pro
2645 3535 2787 3583 nobis
2809 3527 3068 3582 Beatitudo
3091 3538 3191 3590 tua,
3219 3528 3500 3578 beatisﬁme
3527 3527 3677 3590 Papa.

2203 3620 2569 3675 Penultiiuum
2597 3633 2814 3673 versum
2845 3633 2858 3670 :
2894 3615 3118 3682 Quisque
3156 3614 3282 3676 sitit,
3310 3621 3408 3665 etc.
3443 3611 3670 3666 incisum
3695 3611 3801 3666 vidi

2204 3691 2257 3747 in
2304 3691 2524 3761 antiquo
2576 3691 2726 3742 labro
2774 3700 3102 3761 marmoreo:
3134 3700 3229 3761 pro
3259 3684 3514 3761 fontibus,
3545 3692 3670 3737 ante
3698 3683 3798 3761 Ec-

2209 3753 2450 3817 clesiam'
2479 3761 2537 3816 S.
2590 3759 2969 3814 Bartholontmi
3003 3759 3054 3811 in
3086 3753 3264 3813 Insula
3284 3797 3298 3820 ,
3327 3753 3639 3809 charactere
3665 3755 3806 3808 anti-

2209 3849 2346 3904 quo,
2381 3846 2436 3887 ut
2479 3833 2689 3886 Damasi
2737 3841 2978 3904 tempore
3014 3831 3248 3904 scriptus
3286 3827 3548 3880 videatur.
3577 3824 3804 3904 Exstant

2209 3896 2369 3958 etiam
2423 3905 2603 3974 plures
2638 3904 2697 3957 S.
2723 3896 2932 3956 Damasi
2956 3901 3028 3974 ad
3059 3896 3616 3974 SpHiernnymumet
3645 3896 3802 3974 Inuus

2210 3976 2277 4030 ad
2327 3968 2473 4029 illnin
2504 3974 2745 4044 epistolae
2791 3989 2924 4043 quas
2953 3973 3004 4027 in
3031 3975 3129 4026 hac
3156 3979 3337 4024 nostra
3355 3968 3707 4039 ’cpistolarum
3737 3968 3797 4022 S.

2210 4047 2423 4101 Damasi
2454 4047 2773 4101 collectione
2799 4045 2881 4099 hic
2915 4045 3099 4096 babes.

2282 4121 2302 4149 ³
2317 4123 2484 4173 Antea
2511 4119 2785 4187 legebatur
2804 4116 3075 4185 confinxit:
3093 4113 3229 4187 forte
3245 4110 3491 4187 con[:ulsit
3516 4109 3799 4187 legendum

2207 4206 2242 4274 a
2266 4191 2522 4318 catlifluleio
2540 4181 2629 4254 [si
2660 4203 2788 4254 non,
2820 4194 2875 4241 et
2898 4181 3148 4257 conﬂuxit
3181 4199 3213 4237 a
3237 4184 3460 4252 conﬂuo,
3515 4193 3574 4237 ut
3603 4181 3802 4237 Lucre-

2207 4273 2310 4317 lllls
2361 4280 2373 4317 ι
2419 4303 2430 4315 .
2467 4276 2522 4315 t:

2207 4266 2310 4317 tius
2338 4264 2430 4317 lib.
2467 4276 2480 4315 ι
2509 4279 2522 4315 :

2301 4353 2526 4416 Undique
2550 4352 2848 4417 ponderibus
2862 4349 3028 4400 solidis
3051 4348 3287 4398 conﬂuxit
3306 4347 3365 4396 ad
3389 4347 3557 4395 imum.

2205 4446 2453 4502 Carmina
2485 4455 2664 4500 tamen
2685 4445 2794 4514 ipsa
2821 4441 3003 4514 haberi
3023 4456 3142 4496 cum
3160 4438 3438 4494 Claudiani
3469 4435 3802 4514 poematibus

2127 4513 2180 4573 D
2209 4517 2387 4588 reperi
2431 4519 2530 4571 hoc
2563 4508 2719 4569 titulti
2750 4532 2762 4568 :
2797 4514 2870 4567 De
2907 4511 3118 4588 Christo
3146 4521 3421 4588 servatore,
3457 4508 3597 4578 apud
3635 4523 3800 4588 quem

2209 4579 2429 4644 ve'rbuut
2462 4588 2591 4643 illud
2621 4588 2874 4656 confiixit,
2909 4583 3140 4654 confuxit
3183 4585 3398 4653 legitur,
3445 4591 3498 4634 et
3526 4579 3803 4656 ecujec_tu-

2207 4677 2322 4716 ram
2362 4675 2537 4715 ineant
2590 4649 2949 4711 conlirtnuvit.
2989 4649 3095 4712 Sed
3141 4657 3183 4708 si
3226 4649 3361 4708 forte
3401 4667 3507 4706 non
3548 4659 3672 4705 sunt
3702 4649 3804 4703 Da-

2210 4733 2344 4787 masi
2376 4745 2570 4785 versus
2607 4732 2726 4793 toti,
2761 4744 2933 4799 neque
2964 4727 3240 4782 Ulaudiani
3277 4735 3424 4799 certe
3457 4732 3648 4799 erunt,
3675 4735 3800 4799 eum

2209 4820 2247 4858 a
2268 4801 2469 4860 Chrisu
2499 4802 2717 4856 nomine
2761 4794 2918 4854 luerit
2949 4801 3188 4864 alienus,
3222 4805 3358 4852 teste
3383 4795 3444 4852 S.
3475 4794 3796 4865 Augustino,

2324 4919 2544 4981 Quisque
2567 4918 2689 4981 sitit,
2714 4916 2883 4964 veniat
2907 4916 3111 4981 cupiens
3132 4912 3332 4981 haurire
3358 4911 3564 4981 fluenta,

2321 4972 2550 5032 litvetiiet
2568 4979 2758 5035 latices,
2783 4972 2982 5026 servant
3004 4978 3091 5039 qui
3115 4975 3274 5024 dulcia
3289 4972 3468 5039 mella,

2321 5044 2562 5094 Sordibus
2580 5034 2818 5104 eXpositis
2836 5034 3049 5101 purgant
3060 5036 3349 5104 penetralia
3375 5034 3539 5104 cordis

2323 5107 2418 5157 Cor
2439 5117 2637 5169 quoque
2651 5098 2766 5152 cum
2792 5098 3030 5151 renovant
3052 5098 3244 5151 Christo
3265 5100 3456 5149 servire
3483 5098 3658 5160 parati.

2201 5218 2563 5286 Quamobrem
2598 5229 2765 5286 unum
2807 5227 2998 5286 omnes
3029 5221 3186 5268 antea
3220 5210 3580 5286 eumdetnque
3619 5209 3796 5264 locum

2201 5283 2550 5359 occupantes,
2579 5285 2786 5341 confusi
2817 5285 3036 5351 deinde,
3068 5299 3132 5340 ac
3161 5283 3394 5354 separati
3417 5291 3562 5337 sunt.

2270 5383 2297 5422 δ
2321 5383 2467 5439 Idem
2491 5381 2613 5437 cod.
2650 5394 2742 5452 per
2769 5377 3035 5452 cytharam
3059 5377 3259 5452 populi.

2278 5468 2298 5494 ο
2321 5455 2454 5510 ibid.
2487 5449 2669 5520 impia.
2702 5449 3068 5507 Scribendunt
3093 5449 3281 5520 intpiu.

2270 5525 2295 5563 ιι
2317 5527 2461 5583 Idem
2486 5526 2606 5582 eod.

2331 5643 2556 5706 .....Scit,
2582 5639 2784 5700 Sancte,
2811 5647 2920 5689 tuos
2941 5644 3216 5688 monstrare
3235 5634 3526 5699 triumphos.

561 5781 574 5794 '
613 5775 704 5825 Hic
723 5779 846 5838 sicut
868 5757 1053 5838 dupieit
1079 5781 1446 5829 annotatiouum
1470 5779 1649 5837 series,
1693 5777 1757 5828 ita
1782 5780 1834 5826 et
1877 5773 2062 5838 duplex
2089 5757 2238 5824 adeas
2261 5769 2500 5823 lectorem
2525 5770 2810 5822 remittendi
2834 5768 3006 5823 modus
3032 5783 3045 5819 :
3091 5768 3342 5819 Sarazanli
3365 5777 3507 5821 notas
3531 5739 3756 5820 numeris
3781 5807 3794 5830 ,

489 5832 742 5894 Merendae
768 5832 1003 5888 litterulis
1023 5839 1414 5899 designantibns.
