4200 6178
366 283 474 339 377

362 399 533 456 Morte
565 405 678 464 tua,
705 409 837 451 mox
870 393 1142 450 :ethereas
1164 400 1386 450 evectus
1416 393 1468 449 in
1501 406 1683 460 auras,

362 493 594 563 Purgata
626 503 886 561 reparans
917 487 1103 543 laetum
1135 495 1188 543 te
1211 487 1352 552 luce,
1389 487 1676 542 Parentem

363 586 668 657 Augustum
698 583 906 648 foveas,
941 580 1094 636 festis
1116 590 1172 635 ut
1201 595 1348 650 saepe
1374 579 1567 636 diebus

361 678 558 735 Annua
589 675 790 732 sinceri
820 673 1064 730 celebret
1087 671 1296 743 jejunia
1319 671 1494 728 Sacri.

955 806 1244 864 CARMEN
1281 807 1368 864 Ill.

829 919 911 976 De
949 921 1260 976 Ascensione
1287 919 1500 976 Christi.

441 1037 525 1094 Ad
553 1035 740 1093 sedem
767 1035 1047 1107 propriam
1081 1035 1223 1090 Deus
1264 1035 1455 1091 exsule
1487 1042 1664 1090 morte
1694 1033 1966 1107 resurgit,

369 1133 385 1164 ¹
411 1130 483 1187 Ut
509 1130 674 1185 vitam
699 1129 893 1184 doceat
920 1127 1270 1184 credentibus
1301 1143 1423 1184 esse
1450 1127 1711 1196 futuram,

367 1223 612 1297 Angelus
643 1223 760 1278 bzec
787 1221 949 1278 verba
976 1221 1196 1289 cecinit,
1229 1221 1374 1292 quod
1414 1233 1640 1292 uterque
1678 1231 1969 1293 reportans

366 1317 462 1376 Sic
487 1326 753 1375 venturus
779 1317 904 1386 erit,
936 1313 1016 1370 sic
1039 1315 1312 1372 Christum
1341 1315 1564 1373 credere
1591 1314 1670 1372 fas
1690 1324 1794 1372 est.

952 1453 1240 1511 CARMEN
1281 1453 1372 1508 IV.

892 1573 912 1603 ²
938 1570 1018 1625 De
1051 1569 1275 1626 Nomine
1299 1569 1448 1625 λεια.

440 1688 498 1744 ln
528 1685 693 1743 rebus
724 1685 889 1741 tantis
912 1684 1076 1740 Trina
1105 1683 1418 1753 conjunctio
1446 1681 1632 1738 mundi

372 1782 541 1853 Erigit
569 1781 862 1836 humanum
895 1795 1114 1834 sensum
1153 1777 1376 1834 laudare
1407 1788 1634 1832 venuste
1662 1796 1674 1831 :

372 1875 499 1931 Sola
526 1875 674 1930 salus
706 1874 884 1940 nobis,
917 1884 972 1929 et
1011 1873 1199 1928 mundi
1231 1888 1443 1927 summa
1477 1881 1716 1942 potestas

376 1968 536 2024 Venit
561 1967 764 2039 peccati
795 1967 994 2022 nodum
1026 1966 1330 2022 dissolvere
1362 1964 1536 2020 fructu

373 2064 592 2122 Summa
620 2065 768 2123 salus
789 2063 1000 2121 cunctis
1029 2064 1188 2119 nituit
1221 2078 1316 2134 per
1341 2063 1536 2119 saecula
1571 2064 1752 2118 terris.

379 2246 472 2302 lib.
515 2263 548 2301 v
577 2246 646 2302 de
670 2245 899 2301 Civitate
932 2245 1049 2310 Dei,
1076 2259 1196 2315 cap.
1225 2243 1314 2302 20.
1349 2251 1401 2297 et
1429 2251 1582 2315 poeta
1614 2258 1850 2313 paganus
1876 2259 1968 2298 vo-

381 2328 532 2373 retur
557 2319 624 2373 ab
650 2318 864 2380 Orosio,
885 2317 979 2370 lib.
1016 2332 1111 2381 vii,
1137 2331 1254 2384 cap.
1289 2317 1380 2376 57,
1402 2325 1455 2369 et
1477 2330 1503 2367 a
1536 2316 1696 2368 I’auln
1715 2317 1964 2384 diacono,

383 2389 474 2444 lib.
501 2405 616 2451 χιιι,
651 2390 702 2443 in
734 2389 930 2443 additis
957 2389 1020 2441 ad
1054 2388 1389 2456 Eulrnpium;
1421 2387 1512 2442 sed
1539 2389 1780 2442 Mamerti
1812 2390 1974 2441 Clau-

385 2462 526 2515 diani
573 2461 871 2532 presbyteri
906 2461 1082 2532 potius
1119 2469 1305 2532 erunt,
1340 2460 1428 2532 qui
1459 2459 1785 2532 oliristianus
1815 2471 1974 2530 poeta

385 2532 501 2592 fuit.
553 2533 624 2588 de
676 2529 783 2603 quo
833 2531 1088 2586 Sidonius
1132 2529 1458 2603 Apollinaris
1511 2531 1694 2598 epist.,
1748 2529 1846 2603 lib.
1899 2546 1972 2594 tv,

385 2605 540 2674 epist.
587 2604 622 2658 5
662 2601 716 2658 et
745 2604 832 2668 H,
862 2615 916 2658 et
948 2605 1040 2657 lib.
1077 2619 1138 2666 v,
1172 2604 1331 2674 epist.
1361 2601 1424 2665 2,
1463 2601 1882 2674 ctGennadius,
1915 2618 1978 2657 ac

387 2673 654 2730 Honorius
696 2676 763 2730 de
803 2675 1166 2744 Seriptoribus
1209 2673 1615 2728 Eci-Iesiasticis.
1650 2673 1812 2729 Certe
1860 2688 1978 2728 car-

387 2763 504 2804 men
536 2748 677 2802 istud
704 2748 913 2803 czeteris
945 2748 1102 2816 longe
1132 2755 1216 2800 est
1244 2746 1564 2816 elegantius.

457 2841 472 2870 ¹
506 2841 584 2895 lla
613 2839 1041 2904 emcndavimus,
1065 2854 1185 2892 eum
1205 2848 1359 2891 antea
1394 2840 1692 2906 legeretur:
1721 2837 1801 2891 Ad
1817 2839 1971 2892 vitam

385 2912 560 2966 doceat
582 2911 901 2966 credentibus
916 2927 1024 2966 esse
1052 2911 1304 2980 futurum.
1330 2908 1387 2963 In
1412 2911 1546 2963 actis
1567 2910 1971 2980 Apostolorui'it,

385 2998 500 3051 cap.
553 3000 589 3043 ι.
631 2985 824 3055 legitur
850 2983 919 3055 ab
939 2979 1143 3051 angelis
1170 2982 1376 3055 dictum
1409 2999 1420 3033 :
1453 2981 1558 3034 Hic
1595 2979 1748 3034 Iesus
1778 2983 1864 3055 qui
1884 2999 1972 3034 as-

382 3067 620 3123 sumptus
661 3053 732 3109 eat
777 3073 810 3108 a
834 3054 970 3108 vobis
996 3057 1047 3108 in
1084 3054 1286 3116 caelum,
1332 3054 1407 3106 sic
1441 3055 1602 3107 veniet
1638 3053 1974 3122 quemadmo-

385 3127 504 3180 dum
534 3128 738 3181 ridistis
769 3144 884 3180 eum
913 3137 1112 3180 euntem
1136 3127 1189 3178 in
1211 3125 1412 3179 calum.

454 3221 473 3250 ’
505 3218 676 3273 liabet
717 3220 819 3272 hoc
866 3229 914 3273 et
963 3233 1194 3287 sequens
1231 3217 1559 3285 epigramma
1589 3232 1782 3270 nomen
1813 3215 1976 3271 JI‘ISU

382 3291 640 3359 scriptum
667 3291 718 3346 in
745 3289 885 3345 serie
909 3290 1196 3358 primarum
1227 3287 1525 3341 litterarum
1551 3303 1827 3359 versuum,
1858 3303 1976 3356 quae

383 3358 696 3417 aerOStichis
741 3362 967 3421 dicitur,
1011 3375 1074 3415 ac
1121 3360 1424 3412 ultimarum
1456 3360 1615 3412 etiam
1652 3358 1974 3425 litterarum,

381 3449 498 3502 quae
547 3434 868 3498 telesliehis,
915 3434 1096 3498 quales
1130 3431 1394 3485 habentur
1441 3429 1737 3502 Erythraeae
1766 3430 1977 3500 sibyllae

381 3499 568 3560 versus
609 3504 803 3565 Grzcci.
836 3507 886 3557 in
913 3505 1156 3558 oratione
1183 3499 1525 3556 Constantini
1558 3505 1685 3569 imp.
1721 3502 1787 3554 ad
1816 3499 1974 3554 sanc-

383 3585 553 3632 torum
583 3577 964 3643 coetum,apud
993 3576 1277 3629 Eusebium
1310 3581 1429 3642 post
1463 3573 1636 3626 Vitam
1663 3573 1838 3637 illius;
1874 3571 1977 3626 La-

381 3650 595 3720 tineque
647 3648 836 3702 redditi
860 3649 999 3716 apud
1032 3659 1274 3720 sanctum
1309 3645 1687 3720 Al_l31lSliflli_ftl,
1725 3644 1817 3697 lib.
1851 3660 1977 3697 xvut

381 3721 445 3774 de
485 3715 721 3774 Civitate
744 3719 860 3784 Dei,
892 3715 1010 3788 eap.
1039 3719 1133 3780 25,
1165 3726 1218 3770 'et
1242 3718 1378 3784 apud
1411 3716 1626 3772 Eusebii
1655 3715 1977 3788 interpreles

375 3791 683 3847 Portesium
712 3833 728 3855 ,
780 3803 833 3846 et
874 3787 1463 3855 ChristOphorsoninnt,
1497 3803 1558 3841 ac
1590 3787 1880 3856 Gyraldum
1911 3787 1978 3842 de

380 3865 552 3933 poetis
577 3906 591 3924 .
644 3879 802 3932 quam
835 3878 963 3915 vero
1001 3862 1160 3916 habet
1190 3859 1480 3914 Pauvinius
1514 3862 1563 3912 in
1591 3858 1864 3933 lihellode
1891 3857 1978 3933 Si-

381 3929 558 4006 byllis,
594 3929 739 4005 prior
768 3941 850 3988 est
879 3933 1105 4006 Ριιιζιοδιί
1128 3933 1408 4006 praedicti,
1433 3934 1596 4006 alter}!
1625 3929 1844 4006 Gyraldi
1874 3947 1885 3982 :
1924 3931 1974 3983 in

379 4000 608 4076 quorum
626 4005 1024 4059 acbrostichide
1040 4003 1157 4073 legit
1173 4020 1252 4066 ur,
1271 4012 1327 4055 ut
1341 4004 1526 4057 scribit
1544 4002 1603 4076 S.
1623 4000 1971 4076 Augustinus:

381 4073 582 4134 lusor:
612 4088 856 4133 xeis'roz
888 4087 1049 4132 ΘΕΟΥ
1073 4087 1206 4130 ΥιοΣ
1232 4086 1437 4134 smne.
1465 4075 1606 4141 quod
1636 4084 1719 4126 est
1743 4073 1972 4126 Latine:

378 4149 526 4202 Iesus
541 4149 777 4203 Christus
795 4148 887 4202 Dei
904 4147 1068 4201 Filius
1084 4147 1341 4202 Salvator.
1359 4148 1410 4199 In
1426 4147 1719 4211 cadentque
1732 4145 1974 4196 oratione

380 4220 702 4292 interpretes
747 4219 986 4292 praedicti
1029 4219 1232 4292 addunt
1261 4217 1418 4271 Crux.
1444 4215 1722 4292 Cyraldus
1752 4214 1967 4281 Cruciﬁ-

376 4308 493 4346 tua.
520 4288 806 4348 'Eusebius
863 4290 1026 4346 refert
1066 4289 1406 4360 Ciceronem,
1442 4288 1566 4360 illud
1621 4301 1807 4360 poema
1847 4301 1969 4340 cum

377 4362 514 4418 forte
543 4365 892 4434 perlegisset,
925 4364 974 4414 in
1009 4359 1618 4434 Latinaniconvcrtisse
1647 4359 1965 4434 orationem,

375 4428 596 4500 suisque
632 4428 848 4503 scriptis
894 4435 1209 4496 attexuisse;
1257 4428 1744 4503 idemque-Cicero,
1781 4429 1873 4481 lib.
1905 4430 1972 4481 de

376 4506 442 4586 de
497 4501 836 4586 Divinatione
882 4521 951 4569 tt,
997 4506 1065 4559 de
1105 4503 1324 4586 Sibyllae
1361 4502 1610 4583 versibus
1634 4501 1834 4582 aitzea
1859 4515 1973 4586 qua:

376 4580 687 4653 ἀκροστιχὶς
712 4579 926 4653 dicitur,
951 4593 1103 4653 quum
1131 4572 1381 4653 deinceps
1406 4573 1668 4653 exprimi;
1690 4587 1861 4653 versus
1888 4572 1972 4624 Iit-

375 4639 494 4704 ter'is
523 4639 721 4719 alib'uid
745 4639 1082 4712 connectitur,
1102 4658 1152 4700 ut
1175 4648 1224 4699 in
1251 4639 1578 4714 quisbusdam
1600 4642 1867 4704 Ennianis,
1894 4652 1970 4719 at-

1823 272 2158 332 CARMINA.

1993 395 2046 454 Α

3558 272 3665 330 378

2675 389 2964 448 CARMEN
2995 389 3058 446 V.

2741 525 2823 583 De
2852 528 3049 585 eodem.

2141 643 2270 700 Jure
2297 644 2412 715 pari
2446 655 2630 716 regnat
2657 648 2961 703 communis
2989 649 3244 706 conditor
3277 650 3379 706 aevi

2073 736 2289 792 Etcum
2319 737 2479 794 Patre
2510 739 2596 809 pia
2627 749 2817 810 regnat
2848 741 3099 797 sublimis
3130 742 3184 798 in
3213 757 3340 799 arce

2073 830 2300 888 Sidereo
2321 832 2523 887 sanctis
2552 833 2737 888 insidit
2764 835 2984 890 numine
3007 838 3207 906 regnis.

2070 923 2227 980 Unde
2253 940 2400 980 mare
2427 934 2482 981 et
2514 935 2688 982 terras
2713 927 2831 982 solo
2867 928 3016 984 videt
3045 930 3224 985 omnia
3257 941 3389 989 nutu

2072 1017 2324 1090 Suggerit
2347 1018 2598 1075 humanis
2621 1061 2636 1087 ,
2667 1030 2720 1076 et
2750 1021 2917 1076 donat
2939 1037 3167 1079 munera
3192 1023 3378 1081 rebus.

2661 1158 2948 1216 CAR‘IEN
2984 1160 3074 1217 VI.

2429 1276 2450 1306 ³
2467 1274 2547 1331 De
2580 1279 2926 1348 coguomeutis
2943 1287 2970 1316 α
3003 1277 3310 1336 Saluatoris.

2142 1408 2302 1480 Spes,
2330 1409 2472 1477 Vita,
2518 1411 2698 1477 Salus,
2731 1412 2910 1478 Ratio,
2953 1413 3253 1484 Sapientia,
3282 1414 3513 1485 Lumen,

2070 1500 2266 1570 Judex,
2298 1503 2476 1571 Porta,
2504 1503 2687 1575 Gigas,
2713 1504 2850 1572 Rex,
2878 1504 3127 1573 Gemma,
3152 1506 3445 1577 Propheta,
3479 1507 3672 1564 Sacer—

2074 1595 2322 1662 Messias,
2353 1597 2615 1662 Sabaoth,
2647 1597 2839 1662 Rabbi,
2863 1599 3127 1669 Sponsus,
3163 1600 3448 1668 Mediator,
3526 1599 3668 1674 [dos.

1994 1727 2043 1787 B
2077 1687 2259 1759 Virga,
2277 1688 2558 1755 Columna,
2577 1690 2786 1758 Manus,
2806 1691 2984 1754 Petra,
3006 1691 3200 1756 Filius,
3222 1693 3671 1764 Emmanuelque,

2076 1783 2264 1849 Vinea,
2303 1785 2516 1849 Pastor,
2547 1786 2697 1852 Ovis,
2732 1787 2864 1851 Pax,
2898 1786 3093 1852 Radix,
3124 1787 3281 1854 Vitis,
3315 1787 3492 1855 Oliva,

2075 1876 2240 1942 Fons,
2277 1877 2482 1943 Paries,
2511 1879 2719 1950 Agnus,
2759 1879 2988 1945 Vitulus,
3021 1880 3153 1949 Leo,
3182 1881 3534 1953 Propitiator,

2080 1970 2335 2041 Verbum,
2371 1972 2562 2039 Homo,
2592 1973 2750 2040 Rete,
2784 1973 2964 2044 Lapis,
2995 1975 3214 2042 Domus,
3239 1975 3452 2042 Omnia,
3485 1977 3676 2036 Chris-

3324 2068 3453 2142 [tns,
3493 2071 3672 2130 Jesus.

2079 2248 2272 2321 licam;
2323 2266 2552 2321 quorum
2597 2252 2763 2307 initiis
2799 2267 3052 2308 versuum
3083 2251 3185 2308 hoc
3215 2268 3412 2309 nomen
3458 2253 3676 2320 (Petrus

2079 2319 2290 2396 Leonis)
2331 2319 2615 2378 conﬁcitur
2638 2369 2652 2391 ,
2683 2325 2945 2396 quiﬁaute
2975 2340 3146 2378 annos
3179 2319 3500 2396 quingentos
3522 2326 3674 2381 vixit.

2085 2392 2240 2447 I‘ater
2273 2392 2428 2449 enim
2481 2395 2724 2450 Anacleti
2770 2395 2812 2450 ll
2862 2392 3338 2466 pseudopnntilicis
3376 2396 3492 2450 fuit.
3541 2397 3678 2452 Inte-

2079 2479 2232 2532 grnm
2253 2465 2302 2539 id
2325 2466 2567 2522 exhibuit
2589 2471 2916 2539 epigramma
2935 2465 3214 2532 Baronius,
3241 2479 3372 2522 tom.
3395 2467 3509 2523 XII.
3533 2483 3676 2524 anno

2084 2539 2241 2609 Ilii.
2277 2537 2387 2593 lmo
2413 2552 2465 2593 et
2495 2541 2544 2593 in
2570 2537 2818 2609 sepulcro
2854 2540 3066 2595 Ιίιιδινιιίὶ
3097 2539 3336 2609 episcolii
3372 2539 3679 2594 Vercellen-

2080 2608 2154 2660 sis
2175 2652 2188 2670 ,
2221 2610 2448 2664 habetur
2477 2608 2914 2666 vetus'memoria
2934 2653 2947 2676 ,
2983 2613 3032 2664 in
3062 2627 3164 2682 qua
3198 2611 3448 2666 Eusebius
3474 2611 3676 2677 episco-

2084 2696 2178 2745 pus
2204 2687 2470 2752 et‘martyr
2501 2684 2811 2738 inscribitur
2839 2683 3022 2751 primis
3049 2699 3300 2737 versuum
3337 2683 3560 2737 litteris:
3593 2683 3675 2737 in.

2086 2760 2287 2819 tegram
2338 2754 2476 2808 hanc
2521 2755 2686 2810 edidit
2730 2755 2813 2809 .Io.
2845 2755 3147 2822 Stephanus
3194 2754 3472 2808 Ferrerius
3502 2754 3552 2807 in
3581 2754 3673 2809 lib.

2084 2822 2152 2876 de
2206 2825 2478 2894 episeopis
2511 2826 2963 2880 Vercellcnsibus.
2993 2827 3060 2879 Et
3089 2827 3140 2879 in
3169 2838 3518 2879 monumento
3546 2840 3672 2881 San-

2079 2904 2180 2948 ctae
2200 2895 2454 2966 Eugenia:
2484 2899 2734 2966 martyris
2755 2896 3143 2962 Cordubensis,
3162 2897 3304 2963 apud
3330 2897 3674 2952 Ambrosium

2081 2966 2308 3039 blorales
2349 2969 2398 3022 in
2429 2968 2744 3039 Appendice
2771 2969 2836 3022 ad
2876 2969 3177 3037 Eulogium.
3217 2970 3280 3024 Et
3311 2970 3362 3022 in
3405 2970 3678 3037 epitaphio

2083 3037 2284 3110 Ugonis
2315 3040 2465 3094 ducis
2489 3037 2680 3110 {Quod
2726 3040 2888 3094 habet
2922 3040 3185 3095 Baronius
3214 3051 3343 3095 loin.
3376 3041 3569 3094 Annal.
3602 3039 3678 3106 II,

2081 3125 2223 3164 anno
2246 3109 2446 3166 Christi
2482 3109 2618 3168 1002
2644 3155 2658 3177 ,
2693 3114 2742 3166 in
2777 3111 3054 3182 principiis
3077 3155 3090 3176 ,
3127 3112 3315 3166 mediis
3336 3154 3352 3175 ,
3390 3127 3455 3165 ac
3485 3111 3680 3166 finibus

2081 3197 2356 3236 versuum.
2389 3184 2456 3237 Et
2485 3184 2543 3238 Β.
2573 3180 2846 3255 Eugenius
2873 3184 3161 3252 episcopus
3184 3183 3477 3255 'l‘oletanus
3500 3180 3710 3255 jiiiiior

2085 3256 2134 3307 in
2164 3270 2263 3308 suo
2299 3255 2595 3322 epitaphio,
2631 3258 2680 3309 in
2715 3272 2820 3323 quo
2855 3256 3114 3309 Eusebius
3136 3297 3150 3317 ,
3187 3255 3320 3307 initii
3355 3254 3591 3306 Misollus
3613 3254 3679 3308 ad

2005 3341 2048 3404 ρ
2085 3324 2217 3404 fines
2252 3326 2605 3404 ejpriniitur._
2627 3328 2688 3404 Et
2714 3327 3054 3404 alio‘lg'veutii
3087 3328 3136 3404 in
3162 3341 3269 3404 quo
3285 3323 3506 3404 l‘Iicolap
3530 3325 3677 3404 prin-

2083 3397 2236 3466 cipiis
2268 3398 2545 3458 Eventius.
2575 3398 2948 3452 desinentibus
2972 3398 3162 3450 litteris
3185 3396 3436 3449 efﬁcitur.
3465 3396 3594 3450 llem
3629 3396 3679 3448 iit

2082 3469 2312 3534 epistola
2355 3468 2414 3524 S.
2453 3468 2771 3523 Columbani
2817 3469 3026 3521 abbatis
3073 3469 3122 3520 in
3182 3466 3475 3536 principio,
3519 3482 3679 3536 quam

2081 3539 2247 3593 edidit
2293 3539 2614 3594 Sirmondus
2663 3541 2820 3594 simul
2865 3555 2986 3594 cmn
3019 3539 3138 3593 aliis
3167 3540 3461 3607 opusculis,
3491 3537 3552 3592 Β.
3588 3555 3684 3590 au-

2084 3621 2189 3663 tem
2236 3609 2460 3679 Eugenii
2499 3611 2830 3678 epitaphium
2877 3611 3116 3678 protulit,
3162 3621 3216 3665 et
3250 3609 3511 3663 Batonius
3548 3617 3678 3663 tom.

2085 3681 2218 3752 VIII.
2254 3686 2329 3735 Ac
2361 3683 2412 3736 in
2447 3683 2720 3752 epitaphio
2749 3682 2804 3737 S.
2841 3681 3137 3736 Florentini
3169 3681 3398 3752 abbatis,
3429 3681 3568 3752 quod
3599 3697 3681 3733 re—

2083 3751 2185 3808 fert
2231 3764 2282 3806 et
2335 3751 2604 3807 Baronius’
2640 3757 2690 3806 in
2738 3754 3045 3819 Appendiee
3085 3762 3215 3806 tum.
3243 3751 3358 3816 XII,
3389 3751 3452 3803 ad
3483 3766 3680 3804 annum

2081 3825 2222 3888 555,
2271 3825 2424 3894 enjns
2464 3841 2713 3879 versuum
2758 3827 2934 3889 capite
2973 3824 3087 3878 haec
3130 3824 3345 3876 nomina
3387 3822 3678 3894 leguntur:

2084 3893 2416 3950 Florentium
2465 3897 2634 3950 Abbas
2673 3898 2726 3950 in
2767 3913 2892 3967 pace
2935 3895 3170 3966 quiesc't,
3202 3893 3681 3967 .‘lmeu._Ex_st'.ttct

2080 3967 2301 4035 Neapoli
2345 3968 2398 4022 in
2429 3968 2656 4022 ecclesia
2695 3963 3053 4028 SfJanuai-ii,
3087 3964 3347 4031 Stephani
3379 3963 3532 4018 ducis
3562 3969 3680 4032 epi-

2082 4041 2344 4107 taphium,
2378 4041 2529 4106 cujus
2555 4041 2739 4107 primm
2768 4054 2955 4092 versus
2984 4038 3199 4098 litterae.
3231 4052 3291 4089 ac
3315 4035 3476 4090 etiam
3504 4047 3682 4102 poste-

2081 4113 2252 4165 riores
2284 4111 2589 4180 Stephanus
2631 4114 2817 4165 consul
2853 4112 2934 4164 bis
2967 4110 3160 4176 legitur
3182 4111 3385 4180 {refert
3415 4108 3681 4180 integrum

2079 4182 2260 4236 Ilzcsar
2303 4177 2648 4237 Caraccinlus
2696 4183 2746 4236 in
2797 4199 2888 4234 sua
2933 4180 3152 4250 Neapoli
3192 4179 3388 4244 Sacra,
3417 4189 3469 4232 et
3509 4177 3682 4234 Julius

2076 4252 2257 4308 Czcsar
2282 4253 2610 4324 Cappaccius
2643 4255 2693 4307 in
2722 4253 2954 4307 Ilistoria
2989 4253 3230 4322 Neapoli.

2150 4349 2170 4379 ³
2201 4348 2254 4401 Iit
2298 4347 2610 4402 Cra-corum
2661 4347 3116 4414 Epigr-animatum
3172 4345 3264 4397 lib.
3305 4360 3351 4408 ι,

2081 4430 2356 4489 poemata.
2400 4419 2450 4471 in
2479 4418 2671 4472 Bacchi
2704 4413 2900 4478 unum,
2935 4418 3162 4470 alterum
3197 4417 3342 4489 inAt
3365 4413 3542 4489 ollinis
3567 4413 3679 4466 Iau-

2076 4483 2224 4556 dem,
2261 4490 2472 4544 diversa
2503 4489 2844 4543 tuendacium
2872 4488 3094 4540 deorum
3127 4487 3342 4540 nomina
3371 4483 3680 4556 exprimen-

2081 4563 2149 4616 tia
2183 4580 2195 4615 :
2226 4576 2420 4628 magno
2459 4561 2670 4623 studio,
2705 4569 2933 4626 utraque
2977 4561 3294 4611 cmicinnata
3317 4597 3330 4619 ,
3362 4555 3516 4622 juxta
3549 4570 3680 4628 qua-

2080 4646 2203 4687 tuor
2248 4644 2297 4688 et
2335 4625 2531 4702 'viginti
2571 4629 3208 4702 Graecarumlitterarum
3258 4641 3582 4702 numerum,
3625 4625 3677 4702 in

3401 4342 3506 4395 duo
3555 4350 3684 4396 sunt

370 4697 491 4788 in};
1034 4697 1221 4787 ⁷ρνιῖιώ
1250 4697 1424 4770 insit"
1444 4719 1689 4788 cujusque
1713 4697 1974 4767 sententiis
2001 4712 2053 4771 D
2081 4706 2324 4787 versibus
2351 4697 2698 4791 tniidemhac
2730 4701 2957 4784 singulis
2986 4700 3145 4791 etiam
3176 4698 3357 4791 verbis
3375 4739 3390 4758 ,
3418 4697 3679 4791 carminis

375 4785 556 4858 primis
599 4785 783 4846 litteris
810 4791 954 4845 illius
977 4785 1234 4845 sententia:
1256 4805 1459 4842 carmen
1488 4785 1640 4858 omne
1651 4785 1970 4858 pra-texitur.

371 4855 499 4919 ΙΙωο
531 4864 753 4928 Cicero;
784 4862 940 4917 Ennii
972 4868 1152 4915 autem
1179 4861 1265 4914 illa
1295 4860 1587 4927 perierunt.
1615 4856 1785 4910 Plauti
1811 4855 1971 4909 etiam

367 4937 763 4992 commdiarum
812 4943 1123 5002 argumenta
1167 4931 1362 4985 fabulae
1400 4945 1594 5002 nomen
1631 4929 1816 5002 prima:
1857 4943 1976 4980 vcr-

369 5009 742 5063 suumlitterae
765 5000 955 5074 praise
981 5007 1176 5067 ferunt,
1197 5016 1324 5056 usus
1345 5009 1426 5074 est
1460 5000 1560 5054 hoe
1590 5000 1779 5074 eodem
1813 5014 1972 5066 gene-

366 5096 452 5143 re,
468 5095 518 5132 ei
538 5072 932 5147 Pnrpliyrinsin
953 5074 1303 5147 Panegyrico,
1326 5072 1681 5147 Constantino
1697 5073 1963 5147 Augusto,

366 5139 540 5216 dicta),
585 5139 660 5203 iu'
688 5139 1162 5209 a'crostichidibus';
1226 5141 1648 5216 telesehidihus,
1673 5155 1736 5216 ac
1782 5139 1973 5216 mediis

364 5211 537 5278 etiam
567 5235 821 5276 versuum
848 5220 1069 5283 litteris;
1104 5217 1261 5287 digna
1293 5217 1455 5280 lectu,
1483 5227 1605 5284 quae
1637 5211 1800 5267 habes
1831 5211 1974 5265 inter

364 5294 760 5361 epigrammata
786 5301 840 5345 et
870 5301 1119 5361 poemata
1147 5298 1386 5361 veterum
1414 5296 1867 5361 poetarum,usu_s
1894 5293 1975 5335 est

361 5356 422 5420 ei
455 5356 748 5417 Rbabanus
769 5356 987 5418 Maurus
1003 5360 1070 5415 de
1089 5359 1333 5415 laudibus
1353 5367 1550 5412 sanctae
1577 5356 1784 5420 Crucis,
1807 5356 1974 5424 ﬁgura

359 5436 608 5493 secunda
639 5435 719 5488 usi
748 5444 894 5498 sunt,
916 5442 970 5486 et
985 5431 1338 5503 posteriores,
1357 5430 1586 5503 proutin
1609 5429 1857 5503 sepulcro
1878 5425 1975 5503 Pe-

360 5509 434 5566 tri
465 5506 668 5562 Leonis
697 5497 1020 5562 nobiliSsiuii
1047 5504 1182 5560 civis
1217 5501 1444 5557 Romani
1467 5499 1534 5556 ad
1561 5501 1620 5555 ι).
1653 5497 1808 5555 Pauli
1832 5497 1974 5554 basi—

399 5777 407 5826 ;
440 5765 615 5823 'Hrec
635 5760 840 5825 omnia,
867 5758 1076 5830 aliaque
1102 5751 1398 5826 Salvatoris
1421 5755 1778 5830 cognomenta
1811 5742 1968 5830 simili

364 5813 613 5896 turmine
642 5813 1006 5904 'éoﬁpiéiiis‘
1037 5813 1160 5897 est,
1229 5813 1522 5895 eorumque
1575 5819 1678 5876 vim
1739 5813 1970 5885 explicat

2079 4777 2340 4846 cujusque
2369 4775 2556 4828 eadem
2589 4767 2766 4846 littera
2797 4767 3196 4846 incipientibus.
3228 4769 3540 4846 Gra-corunt
3577 4767 3680 4823 hoc

2077 4842 2361 4901 artificium
2407 4857 2626 4900 sanctus
2660 4845 2923 4899 Damasus
2968 4844 3194 4898 feliciter
3237 4842 3521 4895 a-mnlatus
3561 4850 3672 4907 est,

2079 4919 2160 4971 vel
2211 4919 2372 4972 etiam
2419 4917 2726 4986 superavit,
2762 4918 2849 4979 qui
2882 4925 3088 4982 septem
3125 4917 3271 4970 hisce
3302 4913 3549 4986 versibus
3572 4927 3680 4965 om-

2079 4989 2164 5042 nia
2203 4988 2372 5043 ferme
2405 4984 2617 5042 uouiina
2647 4987 2866 5041 Christo
2892 4987 3166 5042 Servatnri
3187 5028 3200 5050 ,
3233 5002 3260 5038 a
3292 4984 3571 5054 prophetis
3598 4992 3679 5036 at-

2077 5076 2182 5130 que
2227 5060 2488 5128 apostolis
2531 5060 2763 5124 tribum,
2795 5060 2929 5113 adeo
2957 5059 3286 5130 artiﬁciose,
3328 5067 3382 5111 et
3407 5055 3670 5130 concinne

2077 5128 2389 5200 complexus
2428 5141 2542 5196 est,
2589 5141 2646 5184 ut
2695 5147 2792 5184 nec
2838 5131 3043 5201 syllaba
3077 5128 3672 5201 redundet._C:eIe_rtu_n

2075 5195 2283 5259 eum-et
2309 5195 2535 5258 sanctus
2557 5203 2847 5272 Dionysius
2868 5195 3199 5270 'Areopagila
3235 5195 3669 5272 lilirofpe_eitli:rri,

2077 5286 2130 5330 et
2159 5291 2222 5330 ex
2253 5276 2645 5331 recentioribus
2678 5266 2918 5329 nonnulli
2946 5266 3239 5327 de'divinis
3263 5266 3568 5322 nominibus
3596 5266 3677 5318 lu-

2077 5351 2322 5402 culenter
2361 5349 2710 5416 scripserint,
2753 5361 2926 5414 neque
2970 5343 3073 5396 ulla
3127 5341 3177 5394 in
3204 5340 3301 5416 Ibis
3329 5336 3575 5390 versibus
3604 5338 3670 5388 sit

2077 5419 2404 5484 difﬁcultas,
2446 5410 2643 5471 frustra
2692 5410 2876 5470 multis
2910 5410 3268 5484 congerendis
3315 5421 3524 5478 tempus
3566 5424 3670 5462 non

2081 5489 2374 5561 perdimus.
2393 5483 2462 5544 In
2491 5490 2511 5543 I
2544 5502 2704 5542 versu
2731 5489 2886 5543 deest
2912 5483 3140 5556 syllaba.

2077 5736 2378 5800 Orientius,
2413 5749 2446 5790 v
2490 5729 2674 5788 smculi
2717 5736 2872 5800 ppeta
2909 5725 3274 5800 .cbristianus,
3305 5728 3358 5784 in
3407 5726 3672 5783 Thesauri

2365 5788 2554 5871 'Mat'ti,
2589 5788 2808 5867 tom.'V',
2841 5813 2959 5870 pag.
2986 5788 3076 5852 λδ.
