4200 6178
515 258 622 316 579

1095 375 1381 432 CARMEN
1423 372 1532 430 VII.

933 466 948 500 ί
980 467 1058 523 De
1078 468 1139 524 S.
1171 467 1338 524 Paulo
1374 469 1608 537 apostolo
1636 479 1682 523 ει.

583 552 911 614 Jamdudum
942 558 970 598 δ
1001 559 1219 626 Saulus,
1246 577 1530 630 procerum
1563 570 1831 633 praecepta
1857 571 2072 618 secutus
2093 607 2108 632 ,

513 650 534 682 '
558 650 697 706 Cum
731 651 958 704 Domino
989 651 1188 720 patrias
1221 651 1384 708 vellet
1411 667 1726 723 praeponere
1755 654 1902 724 leges
1922 696 1936 719 ,

512 743 787 798 Abnueret
817 752 1036 798 sanctos
1067 744 1340 798 Christum
1377 755 1398 783 ο
1432 745 1653 801 laudare
1691 745 2005 816 prophetas,

512 838 765 894 Cmdtbus
792 839 1024 895 assiduis
1055 839 1077 871 ³
1105 847 1331 910 cuperet
1361 840 1671 910 discerpere
1711 841 1924 911 plebem
1951 883 1966 909 ,

511 932 646 988 Cum
670 935 872 990 lacerat
903 946 1103 990 Sanctae
1129 937 1314 992 Matris
1344 938 1426 1006 pia
1460 935 1660 992 foedera
1694 951 1869 992 czecus

515 1025 643 1081 Post
676 1029 930 1084 tenebras
962 1045 1146 1083 verum
1181 1031 1374 1083 meruit
1398 1043 1732 1099 cognoscere
1756 1029 1984 1085 Lumen.

513 1121 775 1176 Teutalus
803 1123 972 1178 sensit
1001 1133 1183 1189 posset
1210 1123 1338 1195 quid
1367 1124 1537 1194 gloria
1569 1125 1766 1179 Clu-isti
1789 1166 1804 1191 ,

513 1215 752 1269 Auribus
777 1223 833 1269 ut
864 1215 1078 1270 Domini
1109 1232 1292 1273 vocem
1315 1259 1329 1278 .
1367 1216 1650 1286 lucemque
1675 1218 1899 1286 recepit,

513 1303 830 1376 Composuit
862 1323 1044 1362 mores
1068 1351 1082 1374 ,
1112 1308 1312 1363 Christi
1341 1319 1605 1377 pra'Cepla
1631 1317 1865 1363 secutus.

515 1397 535 1426 ⁸
568 1397 772 1453 Mutato
795 1399 997 1469 placuit
1025 1412 1308 1472 postquam
1336 1400 1404 1454 de
1429 1391 1649 1456 nomine
1678 1399 1875 1455 Paulus
1895 1439 1910 1465 ,

588 1538 604 1570 ¹
661 1538 941 1609 Egregium
997 1556 1212 1594 carmen
1262 1539 1321 1595 S.
1373 1537 1586 1594 Damasi
1634 1537 1701 1594 de
1755 1538 2110 1594 conversione

514 1609 660 1664 Pauli
717 1619 872 1664 Vocat
919 1611 1180 1667 Baronius
1229 1613 1278 1665 in
1335 1612 1700 1666 notationibns
1741 1612 1806 1664 ad
1851 1611 2110 1681 Martyro-

515 1681 740 1754 logium,
765 1683 837 1737 25
865 1682 1137 1749 Januarii;
1169 1693 1356 1754 estque
1399 1685 1672 1738 actionum
1701 1683 1845 1737 illius
1877 1685 2058 1736 iudex.

587 1755 606 1784 ¹
651 1753 882 1820 lpsemet
930 1756 1125 1808 Paulus
1167 1758 1216 1807 iu
1260 1753 1485 1821 epistola
1520 1755 1585 1808 ad
1619 1755 1867 1819 Galatas,
1900 1768 2019 1817 Cap.
2055 1768 2105 1820 ι,

515 1825 588 1878 ait
617 1842 628 1877 :
668 1824 732 1878 Et
773 1827 1102 1905 proficiebam
1143 1829 1195 1880 in
1223 1824 1496 1905 Judaismo
1526 1844 1684 1905 supra
1714 1826 1898 1905 multos
1925 1836 2110 1905 comta:
2141 1845 2190 1905 B

515 1912 635 1948 neos
666 1895 801 1948 meos
832 1901 882 1950 in
913 1913 1094 1970 genere
1134 1914 1276 1961 meo,
1306 1898 1653 1953 abundantius
1690 1899 1960 1951 aunulator
2005 1895 2112 1950 exi-

513 1977 648 2020 stens
681 1977 1007 2034 paternarum
1037 1985 1266 2022 mearum
1297 1970 1650 2023 traditionum.

585 2037 606 2068 ³
642 2038 918 2106 Frequens
964 2041 1015 2093 in
1063 2043 1232 2094 Sacris
1276 2041 1496 2095 Litteris
1539 2041 1641 2094 hoc
1687 2038 1848 2103 plebis
1879 2054 2110 2104 nomen,

517 2107 766 2178 idemque
791 2121 876 2164 est
911 2126 975 2183 a_c
1006 2113 1245 2183 populus.
1279 2113 1495 2170 Paulus.
1526 2113 1684 2181 epist.
1711 2111 2108 2178 adRout.,cap.

515 2194 571 2255 nt
601 2197 619 2255 :_
649 2183 796 2235 Sicut
826 2183 877 2235 in
911 2180 1044 2255 Osca
1075 2180 1204 2255 dicit
1231 2199 1248 2236 :
1286 2183 1492 2236 Vocabo
1534 2180 1632 2255 non
1676 2184 1869 2255 plebem
1915 2185 2074 2255 meant
2095 2221 2110 2245 ,

517 2252 713 2320 plebem
741 2269 925 2306 meam.
962 2254 1129 2307 Porro
1158 2254 1313 2307 Usem
1345 2256 1491 2308 locus
1520 2256 1588 2308 ita
1616 2249 1797 2315 habet;
1823 2269 1942 2322 cap.
1967 2269 2022 2316 ιι,
2062 2253 2114 2305 ἱιι

518 2322 624 2396 line
643 2341 663 2396 Ξ
683 2323 765 2396 ΑΑε
793 2323 963 2396 dicam
994 2339 1095 2376 non
1123 2324 1314 2396 papula
1343 2343 1451 2378 meo
1478 2341 1496 2379 :
1532 2324 1764 2388 Populus
1788 2341 1929 2377 meus
1956 2341 2008 2377 es
2037 2333 2109 2378 tu.

586 2392 607 2423 ⁸
635 2393 726 2448 Sic
755 2406 807 2446 et
839 2392 1133 2449 Wall'ritltts
1159 2392 1355 2452 Strabo
1385 2397 1452 2450 de
1483 2396 1538 2451 S.
1578 2396 1742 2450 Paulo
1772 2397 2020 2466 apostolo
2047 2411 2058 2446 :

609 2483 790 2548 Saulus
815 2486 897 2548 qui
925 2494 1118 2535 sanctas
1136 2485 1386 2536 mulctavit
1411 2501 1610 2536 carcere
1637 2488 1803 2536 turbas

609 2545 848 2596 Credulus
863 2549 1089 2612 edicitur,
1115 2557 1298 2599 mutato
1323 2551 1516 2599 nemine
1542 2550 1740 2609 Paulus,
1768 2557 1864 2600 etc.

587 2629 642 2706 In
696 2630 845 2706 Actis
895 2634 1273 2701 Apostolorum
1323 2651 1351 2688 a
1409 2651 1538 2690 nece
1582 2637 1638 2691 S.
1692 2634 1948 2706 Stephani
1993 2650 2114 2700 qua:

516 2704 715 2769 Scripta
762 2703 996 2759 habetur
1037 2722 1158 2776 cap.
1202 2722 1304 2766 vn.
1351 2723 1568 2775 semper
1607 2707 1751 2764 Sauli
1791 2703 1992 2761 nomen
2041 2709 2117 2761 le-

515 2777 695 2843 gitur:
737 2791 844 2845 quo
889 2778 1138 2832 similiter
1183 2779 1401 2833 nomine
1449 2794 1478 2833 a
1524 2777 1741 2833 Christo
1791 2780 2014 2832 Domino
2061 2778 2112 2832 in

517 2850 875 2902 conversione
909 2849 1048 2902 illius
1078 2849 1274 2904 Saulus
1304 2851 1626 2917 appellatur,
1662 2858 1716 2904 et
1745 2849 1807 2903 ad
1850 2849 2112 2904 Anauiam

518 2917 678 2971 etiam
712 2918 762 2970 in
793 2919 908 2972 visu
937 2919 1193 2975 ltoutiuus
1226 2923 1365 2976 idem
1392 2938 1584 2976 nomen
1614 2922 1779 2976 dixit:
1813 2933 1866 2976 et
1899 2920 1965 2974 ab
1997 2921 2113 2987 ipso

518 2988 724 3062 Anania
757 2989 950 3044 Saulus
981 3001 1197 3045 vocatus
1225 3003 1306 3046 est
1328 3035 1340 3056 ,
1372 3002 1422 3046 et
1450 3010 1476 3045 a
1507 2993 1709 3062 Spiritu
1738 3003 1924 3062 sancto
1950 2993 2112 3046 etiam

520 3057 598 3112 sic
621 3058 794 3114 tlicttts
818 3077 938 3130 cap.
968 3079 1060 3116 xm
1082 3063 1335 3118 Actorum
1361 3081 1372 3117 :
1402 3057 1649 3130 Separate
1673 3065 1796 3118 mihi
1820 3061 2115 3116 Barnabam

521 3141 565 3183 et
609 3130 831 3188 Saulunt
862 3135 914 3186 in
947 3150 1074 3204 Optts
1103 3138 1170 3188 ad
1213 3135 1349 3204 quod
1389 3137 1642 3201 assumpsi
1683 3153 1803 3201 eos;
1853 3145 1904 3188 et
1952 3134 2113 3202 paulo

523 3210 642 3276 post
671 3205 861 3258 eodem
887 3219 1004 3269 Cap.
1035 3208 1320 3261 scribitur:
1356 3206 1549 3260 Saulus
1577 3219 1745 3260 autem
1771 3207 1855 3276 qui
1885 3213 1928 3259 ιιι
1968 3204 2112 3258 Pan-

521 3273 772 3348 l_us,_etc..
799 3284 850 3328 et
877 3276 1130 3348 deinceps
1157 3294 1372 3348 semper
1401 3278 1591 3332 Paulus
1616 3273 1815 3332 dicitur
1844 3280 1893 3331 iu
1924 3276 2110 3348 iisdem

523 3342 705 3409 Aelis;
737 3356 790 3400 et
818 3363 845 3400 ιι
873 3363 932 3401 se
960 3342 1336 3416 ipstisettiper,
1367 3359 1417 3403 et
1445 3349 1512 3404 al)
1539 3351 1662 3404 aliis
1688 3349 1937 3403 omnibus
1966 3346 2116 3402 Pauli

523 3416 740 3490 nomine
791 3431 1146 3487 nuncupatur.
1199 3421 1271 3474 De
1313 3435 1420 3490 quo
1450 3423 1609 3474 Vat-ia:
1640 3421 1921 3476 doctorum
1957 3435 2112 3490 rapes

524 3489 735 3542 riuutur
778 3491 1081 3557 opiniones.
1132 3493 1262 3546 Nam
1306 3489 1341 3543 a7
1379 3495 1486 3546 Deo
1518 3494 1822 3557 impositum
1859 3491 1930 3545 illi
1965 3489 2114 3545 Pauli

526 3573 720 3634 nomen
749 3563 973 3634 volunt;
1003 3561 1422 3634 Cltrysostumus
1454 3565 1503 3616 iri
1537 3562 1755 3618 homilia
1785 3563 1852 3616 de
1883 3579 2114 3616 conver-

525 3629 677 3683 sione
717 3633 887 3685 sancti
920 3632 1091 3696 Pauli,
1117 3629 1259 3689 tum.
1293 3634 1355 3688 ΙΙΙ
1377 3677 1388 3696 ,
1433 3642 1487 3688 et
1515 3635 1881 3690 (Ecumeuius
1906 3634 2114 3688 iu'Acta

526 3702 930 3778 Apostolormu.
964 3705 1068 3759 Sed
1101 3707 1167 3760 ab
1199 3709 1401 3778 Attattia
1437 3708 1486 3759 in
1523 3708 1846 3778 baptismate
1879 3705 1981 3778 ltoc
2014 3722 2110 3758 tto-

527 3773 671 3827 miue
703 3781 949 3828 vocatum
990 3778 1177 3832 scribit
1216 3779 1271 3832 S.
1305 3773 1624 3832 Ambrosius
1655 3795 1818 3832 serui.
1853 3777 1915 3832 3i
1938 3819 1952 3839 ,
1983 3778 2113 3831 edit.

528 3841 803 3917 Bolanum.
838 3850 877 3900 Α
909 3847 1097 3917 Sergio
1129 3851 1288 3902 l'auto
1318 3851 1725 3903 denominatqu
1760 3849 1978 3902 l’attlttm
2008 3847 2119 3902 vult

524 3913 582 3968 S.
617 3915 988 3988 _llier0nymus
1011 3913 1080 3971 vin
1114 3923 1339 3988 epistola
1373 3921 1436 3972 ad
1472 3919 1880 3985 Philemonem,
1911 3920 1980 3972 ob
2010 3923 2119 3972 vic—

529 3997 597 4056 tot
616 3983 721 4039 iam
757 3983 971 4056 de'ipso
1001 3983 1191 4056 Sergio
1224 3991 1387 4043 Paulo
1418 3991 1483 4043 ad
1515 3992 1674 4044 [idem
1706 3983 1990 4055 converso,
2023 3989 2118 4044 sed

529 4055 795 4109 Baronius
829 4055 1008 4131 tom._l
1040 4055 1234 4131 Annal.
1269 4062 1336 4113 ab
1368 4062 1482 4129 ipstt
1513 4061 1700 4131 Sergio
1740 4061 1910 4115 Paulo
1945 4061 2115 4114 tradi-

531 4135 642 4208 tum
672 4143 881 4208 _nomen
923 4129 994 4185 ob
1014 4130 1366 4208 _clieutelatn_,
1407 4141 1462 4186 et
1508 4129 1746 4208 amorem
1794 4149 1916 4208 erga
1943 4133 2116 4208 illum

529 4198 854 4273 existimat;
882 4202 1028 4269 quod
1071 4205 1253 4257 multis
1295 4205 1414 4270 ejus
1461 4202 1560 4258 aevi
1600 4198 1877 4273 exemplis
1904 4204 2115 4260 nititur.

530 4267 734 4343 Duplex
782 4271 858 4325 illi
901 4267 1068 4326 luisse
1117 4267 1535 4342 nomcu'Sauli,
1582 4283 1636 4329 et
1682 4267 1830 4329 eain
1867 4277 2120 4343 Opinatur

527 4338 780 4414 Sedulius
799 4383 814 4408 ,
848 4345 898 4396 in
927 4345 1184 4414 epistolas
1213 4347 1362 4402 Pauli
1387 4390 1398 4408 ,
1433 4364 1496 4402 ex
1523 4338 1702 4402 verbis
1731 4347 1833 4401 illis
1863 4338 2117 4402 Actutum

529 4410 914 4487 Apostolorum
939 4410 1176 4471 {Saulus
1201 4431 1369 4472 autent
1394 4420 1482 4487 qui
1509 4430 1553 4473 et
1585 4417 1783 4472 Paulus
1803 4461 1816 4482 ,
1848 4426 1952 4474 etc.
1985 4419 2118 4474 Item

529 4484 795 4553 Ot'igtmes
829 4488 881 4540 in
928 4489 1246 4552 prwlatione
1287 4484 1526 4558 epistola:
1558 4490 1622 4544 :td
1655 4490 1926 4543 Romanos
1955 4507 1968 4543 :
2005 4490 2121 4544 Hoc

530 4563 603 4632 est
623 4597 636 4616 ,
662 4558 1086 4632 apudHHebt-wos
1119 4561 1341 4616 Saulum
1369 4574 1599 4616 uocatum
1621 4603 1635 4624 ,
1677 4561 1818 4632 apud
1857 4559 2116 4615 Romanos

537 4625 776 4699 l’aulu'm.
813 4631 927 4684 Non
960 4642 1194 4687 mutas-se
1228 4650 1422 4687 nomen
1445 4676 1459 4699 ,
1494 4635 1586 4688 sed
1619 4648 1680 4686 ex
1712 4625 1877 4686 Saulo
1919 4632 2115 4686 factum

534 4695 786 4778 Paulum,
827 4703 1164 4778 exsuperbo
1209 4695 1465 4778 humilem
1495 4706 1670 4778 ,Adicit
1699 4703 1758 4778 S.
1793 4705 2120 4778 Augustinus

534 4772 788 4848 inut-act.
829 4772 864 4824 2
905 4773 957 4826 in
1002 4774 1279 4843 Psalmos,
1313 4782 1369 4830 ct
1407 4776 1463 4830 S.
1510 4775 1831 4830 Ambrosius
1873 4774 1926 4828 iit
1970 4773 2122 4829 Pauli

529 4841 810 4903 epi~tulas.

603 4909 630 4983 '_
657 4910 729 4964 De
759 4921 1003 4979 tempore
1043 4917 1148 4982 quo
1189 4924 1372 4983 raptus
1407 4918 1503 4973 fuit
1546 4918 1744 4973 Paulus
1785 4919 1850 4974 ad
1901 4919 2119 4974 tertium

530 4981 727 5062 calum
775 4984 982 5037 variant
1026 4981 1188 5040 etiam
1237 4981 1506 5062 doctores.
1559 4991 1807 5062 Sttntqui
1839 5000 2026 5062 putent
2056 5005 2123 5045 eu

530 5059 776 5127 tempore
803 5067 1043 5120 raptum,
1073 5073 1177 5127 quo
1205 5061 1393 5114 mansit
1431 5062 1604 5116 tribus
1630 5059 1849 5127 diebus,
1869 5069 1926 5118 et
1955 5063 2124 5116 tribus

531 5125 779 5181 noctibus
830 5142 935 5181 non
991 5125 1177 5184 videns
1207 5171 1222 5196 ,
1282 5145 1456 5201 neque
1508 5125 1838 5188 manducans
1870 5177 1884 5201 ,
1947 5149 2124 5204 neque

602 5289 626 5316 ιι
663 5281 726 5333 At
773 5276 892 5353 cod.
950 5275 1125 5353 Yatic.
1160 5277 1301 5336 5104
1340 5280 1415 5353 sic
1448 5279 1643 5334 habet:
1695 5279 1948 5353 Damasus
1995 5297 2130 5353 papa

529 5351 582 5403 in
610 5352 913 5425 prooemium
941 5349 1295 5418 Epistolarum
1345 5348 1498 5425 Pauli
1513 5352 1582 5425 μιν
1595 5355 1708 5425 ejus
1729 5351 1967 5425 miriﬁcis
1997 5348 2120 5421 prie-

533 5420 896 5544 ;otiiis.r\lett.
927 5425 1079 5477 card.
1115 5425 1372 5477 'l‘hotitas.
1406 5420 1471 5478 In
1496 5420 1838 5478 Conuersione
1875 5424 1937 5478 S.
1977 5420 2132 5480 Ponti

583 5509 673 5560 pos
697 5509 724 5544 ο
751 5509 786 5544 t.

602 5560 630 5600 ιι
667 5566 811 5633 alter
839 5561 955 5617 Vat.
981 5567 1105 5620 cod.
1142 5567 1301 5633 1598,
1331 5569 1385 5622 in
1414 5569 1643 5622 modttm.

609 5642 630 5670 ε
663 5631 736 5683 Id.
773 5633 1032 5690 laudasse.

531 5702 789 5852 “enim?
817 5704 1007 5791 iterum
1053 5707 1116 5766 de
1157 5708 1218 5767 8.
1271 5709 1594 5779 Saturnino.
1644 5709 1707 5768 de
1752 5706 1859 5772 35-
1888 5707 2132 5795 Νενεοεβ

1787 257 2033 317 SANCTI
2071 257 2328 315 DAMAS]
2369 258 2573 316 ΡΑΡιΕ

2131 375 2184 434 Α
2211 373 2231 404 ⁸
2255 371 2281 410 ά
2308 373 2435 429 Mira
2469 373 2601 431 tides
2628 389 2834 440 rerum,
2861 376 3040 432 subito
3066 386 3088 414 ο
3119 385 3269 432 trans
3299 376 3507 432 aethera
3539 377 3662 434 cteli

3708 260 3814 314 389

2215 466 2452 522 Noscere
2477 469 2794 536 promeruit,
2822 480 3043 540 possent
3072 470 3202 540 quid
3234 471 3458 541 prannia
3487 471 3612 526 vitae

2215 557 2543 615 Conscendit
2566 573 2753 630 raptus
2782 571 2990 634 martyr
3023 563 3315 632 penetralia
3346 561 3547 618 Christi
3581 604 3597 630 ,

2216 652 2396 708 Tertia
2422 655 2510 708 lux
2541 655 2667 709 coeli
2691 655 2860 709 tenuit
2893 656 3176 723 paradisus
3204 667 3454 721 etmtem,

2216 745 2510 814 Colloquiis
2534 747 2748 802 Domini
2774 747 2992 815 fruitur,
3025 759 3234 805 secreta
3266 760 3528 805 reservat.

2219 837 2480 893 Gentibus
2501 854 2563 894 ac
2593 839 3003 908 populisjussus
3037 839 3329 909 praedicere
3360 857 3484 895 vera
3508 883 3524 907 ,

2222 931 2553 988 Profundum
2590 943 2873 1001 penetrare
2902 937 3084 999 maris,
3115 944 3430 1003 noctemque
3453 937 3708 1005 diemque

2223 1025 2244 1056 ⁸
2281 1024 2465 1079 Visere
2512 1023 2554 1090 τ,
2606 1027 2692 1080 cui
2718 1039 2968 1097 maguum
2999 1027 3026 1067 ⁸
3054 1029 3187 1082 satis
3216 1039 3296 1082 est
3314 1029 3509 1084 vixisse
3529 1029 3810 1096 latentem,

2225 1118 2243 1148 "
2273 1116 2533 1183 Verbera,
2591 1119 2786 1180 vincla,
2819 1118 3039 1186 famem,
3071 1119 3296 1186 lapides,
3322 1121 3631 1192 rabiemque
3665 1121 3812 1177 lera-

2223 1211 2473 1266 Carcot-is
2514 1213 2773 1280 illuviem,
2799 1213 3000 1280 virgas,
3033 1222 3324 1280 tormenta,
3355 1225 3590 1282 catenas,
3669 1214 3811 1287 [rum

2224 1306 2245 1337 ⁸
2275 1305 2644 1376 Naufragium,
2687 1307 2974 1378 lacrymas,
3010 1310 3282 1378 serpentis
3313 1307 3428 1363 dira
3458 1324 3687 1376 venena,

2223 1401 2244 1432 ⁹
2277 1397 2538 1466 Stigmata
2578 1413 2683 1453 non
2728 1399 2905 1455 timuit
2945 1398 2970 1436 ¹³
3006 1409 3219 1471 portare
3255 1402 3305 1456 in
3335 1416 3564 1471 corpore
3593 1401 3813 1458 Christi.

2218 1535 2450 1598 bibens;
2505 1550 2662 1604 quam
2713 1536 3035 1590 sententiain
3091 1551 3193 1588 non
3241 1536 3504 1604 approbat
3553 1537 3815 1592 Barouius

2216 1609 2270 1660 d.
2318 1616 2448 1658 tom.
2496 1607 2510 1660 l
2555 1606 2710 1659 Aual.
2755 1607 2820 1660 ad
2862 1623 2989 1675 ann.
3020 1606 3216 1661 Christi
3246 1607 3337 1660 δυ.
3387 1607 3516 1660 Nam
3549 1623 3668 1660 cum
3705 1612 3818 1675 ipse

2219 1678 2414 1730 l’aolus
2455 1679 2505 1729 iu
2545 1692 2665 1747 cap.
2695 1692 2729 1732 ll
2762 1677 2827 1731 ad
2859 1674 3102 1732 Corinth.
3135 1679 3310 1731 dicat:
3343 1679 3473 1732 Ante
3502 1695 3662 1732 annos
3689 1674 3818 1749 qua-

2218 1749 2496 1801 tuordecim
2525 1789 2540 1812 ,
2579 1765 2607 1802 a
2646 1759 2891 1816 tempore
2927 1766 3030 1820 quo
3070 1750 3314 1804 eamdem
3359 1751 3644 1819 epistolam
3687 1752 3822 1806 scri-

2221 1820 2410 1883 bchat,
2441 1835 2562 1873 sese
2591 1820 2657 1873 ad
2699 1823 2912 1874 tertium
2952 1822 3148 1874 cu-lum
3189 1831 3475 1886 evectum;
3515 1829 3666 1876 certe
3708 1840 3816 1878 non

2218 1891 2353 1955 hoc,
2405 1907 2512 1958 quo
2559 1907 2885 1954 conversus,
2933 1903 2986 1946 et
3033 1893 3332 1957 baptizatus
3374 1904 3456 1945 est
3504 1910 3676 1956 anno,
3722 1893 3818 1949 sed

2219 1970 2339 2032 po.~t
2382 1975 2504 2016 octo
2545 1977 2715 2017 annos
2757 1963 2808 2016 id
2854 1963 3051 2017 factum
3098 1966 3264 2017 luisse
3298 1965 3673 2017 altirmantlum
3715 1976 3817 2020 est.

2289 2033 2308 2064 ⁸
2337 2035 2504 2086 Totus
2533 2033 2616 2087 bic
2647 2050 2834 2089 versus
2863 2036 3134 2088 intercidit
3175 2038 3225 2088 in
3255 2035 3377 2088 cod.
3413 2035 3564 2089 Fuld.
3599 2037 3648 2088 in
3705 2037 3820 2090 edi-

2217 2105 2363 2160 tione
2395 2104 2597 2158 Veneta
2627 2121 2751 2159 anu.
2781 2104 2917 2160 1555
2941 2105 3303 2176 Epistolarum
3333 2107 3438 2160 divi
3469 2106 3652 2170 Pauli,
3683 2107 3819 2162 sicut

2219 2186 2387 2230 totum
2422 2192 2586 2246 pt-Ope
2614 2193 2832 2230 carmen
2854 2219 2866 2238 .
2897 2179 2966 2231 ita
2997 2188 3050 2231 et
3070 2193 3266 2237 .verSus
3296 2181 3397 2233 iste
3420 2178 3637 2232 diverse
3664 2196 3675 2230 :

2281 2269 2432 2328 Vixit,
2458 2278 2508 2320 at
2533 2270 2662 2320 hunc
2685 2276 2871 2321 tantum
2888 2271 3060 2319 mirum
3082 2277 3154 2319 est
3173 2283 3433 2332 superasse
3459 2269 3702 2319 laborem.

2219 2351 2458 2422 Utraque
2515 2353 2669 2408 lectio
2721 2354 2996 2408 obscura:
3048 2352 3212 2422 priori
3265 2352 3513 2408 fortassis
3563 2353 3649 2408 lux
3699 2352 3814 2408 dari

2217 2427 2388 2497 possit
2435 2440 2500 2480 ex
2552 2425 2652 2479 ltoc
2703 2425 2908 2479 llttt‘atii
2961 2440 3160 2480 versu:

2309 2519 2414 2569 Nec
2438 2521 2561 2569 vixit
2585 2518 2730 2580 male,
2759 2519 2840 2580 qui
2867 2525 3008 2567 natus
3026 2519 3343 2580 moriensque
3369 2515 3560 2566 ft-lcllit.

2218 2611 2272 2657 ttt
2323 2606 2411 2656 llat
2456 2605 2647 2676 :tllusio
2693 2603 2756 2656 ad
2807 2603 3021 2676 Neoclis
3071 2603 3284 2676 dictum
3322 2603 3436 2676 λάθε
3485 2604 3703 2676 βιώσας.

2286 2676 2305 2706 τ
2353 2677 2426 2728 De
2468 2674 2615 2729 rabie
2657 2676 2888 2728 ferarum
2933 2674 3127 2728 l'atctur
3159 2674 3356 2727 Paulus
3395 2674 3669 2738 Corinth.,
3707 2691 3808 2742 xv,

2217 2761 2276 2800 se
2319 2746 2507 2818 Ephesi
2547 2761 2801 2818 pugnasse
2839 2762 2954 2798 cum
2989 2745 3200 2818 bestiis;
3229 2746 3320 2798 SPd
3351 2760 3446 2814 per
3479 2747 3677 2818 bestias
3713 2750 3809 2798 Ito-

2219 2820 2390 2872 miues
2429 2817 2572 2871 feros
2606 2829 2654 2871 et
2697 2833 2890 2884 pravos
2926 2817 3291 2880 intellexisse,
3327 2819 3566 2871 sentiunt
3601 2817 3813 2872 Tertul-

2221 2890 2423 2954 lianus,
2464 2889 2914 2960 CitrysoSlomus,
2951 2898 3006 2942 et
3039 2887 3164 2960 alii,
3189 2889 3278 2943 Sic
3313 2888 3538 2957 legimus
3577 2889 3626 2942 in
3666 2889 3704 2941 II
3745 2890 3811 2943 ad

2218 2961 2480 3022 'l'imotlt.,
2514 2958 2602 3014 ινὶ
2633 2958 2769 3012 Eum
2797 2961 3064 3013 liberatum
3091 2959 3250 3026 {uisse
3275 2960 3338 3013 de
3362 2975 3448 3013 ore
3471 2959 3670 3012 leonis:
3707 2976 3814 3029 quo

2220 3032 2340 3086 loco
2391 3049 2478 3084 ore
2531 3032 2722 3096 leonis,
2767 3032 2994 3085 Neronis
3034 3031 3411 3086 crudelitatem
3457 3030 3810 3098 signiﬁcatam

2218 3119 2338 3157 esse
2383 3105 2710 3170 interpretes
2755 3103 2984 3165 docent;
3035 3101 3128 3154 St'tl
3177 3101 3291 3155 lucc
3334 3102 3500 3156 fusius
3531 3104 3810 3163 llaronius.

2223 3179 2351 3228 tom.
2389 3175 2437 3238 I,
2469 3175 2533 3226 ad
2576 3191 2703 3226 autt.
2737 3173 2933 3228 Cltrtsti
2973 3174 3071 3234 55,
3107 3189 3225 3238 cap.
3259 3189 3311 3227 γ.
3355 3173 3485 3226 Nam
3517 3184 3569 3226 et
3597 3186 3814 3228 sanctus

2225 3245 2460 3314 lguatius
2493 3245 2557 3298 ad
2593 3245 2866 3298 llomanos
2893 3245 3134 3299 scribens
3172 3245 3282 3298 ait:
3324 3244 3367 3298 A
3405 3245 3560 3314 Syria
3597 3242 3814 3298 Romam

2220 3335 2376 3386 usque
2403 3335 2514 3369 rum
2543 3317 2714 3370 bestiis
2741 3319 3008 3388 depugno,
3042 3332 3129 3384 per
3155 3326 3345 3388 terram
3371 3325 3415 3368 et
3448 3334 3616 3380 mare,
3647 3317 3728 3370 die
3754 3333 3815 3369 ac

2220 3399 2365 3441 nocte
2394 3389 2584 3441 cinctus
2612 3405 2727 3440 eum
2754 3392 2926 3441 decent
2954 3387 3211 3457 leopartlis
3229 3430 3242 3449 ,
3272 3387 3369 3440 hoc
3394 3399 3467 3440 est
3487 3430 3500 3448 ,
3532 3405 3648 3441 cum
3674 3388 3813 3441 utili-

2219 3462 2317 3512 luri
2345 3458 2394 3512 in
2423 3459 2689 3522 custodia,
2718 3460 2803 3526 qui
2832 3476 2893 3512 ex
2921 3459 3177 3527 beneﬁciis
3203 3460 3399 3528 priores
3425 3469 3565 3513 sunt.

2291 3533 2311 3560 ⁸
2358 3530 2793 3599 ΙΙςιξοίιιιιΙιριιιιιτ
2834 3531 2886 3583 in
2937 3533 3188 3582 Actorum
3238 3531 3644 3598 Apostolorum,
3691 3545 3812 3599 cap.

2225 3618 2377 3656 xxvii
2424 3613 2478 3655 et
2532 3617 2714 3656 xxviii.
2773 3601 2837 3654 Et
2884 3617 3006 3669 quzc
3049 3610 3164 3654 acta
3215 3605 3408 3655 Arator
3453 3602 3817 3655 subdiaconus

2221 3672 2438 3727 heroico
2479 3674 2717 3726 Carmine
2759 3674 3026 3739 exltressit
3064 3673 3129 3726 ad
3172 3671 3428 3741 Vigilium
3470 3675 3813 3742 ponttticem:

2224 3749 2582 3814 pra-clareque
2611 3743 2929 3798 Ptudentius
2960 3747 3010 3795 iu
3043 3742 3356 3807 pratl'atioue
3386 3743 3476 3798 lib.
3505 3744 3659 3813 primi
3689 3759 3819 3796 cou-

2223 3827 2302 3868 tra
2351 3816 2736 3887 Symmachum
2785 3816 3042 3887 describit
3080 3817 3414 3887 n_aul'ragium
3442 3857 3456 3878 ,
3497 3828 3566 3887 et;
3591 3830 3817 3883 serpen-

2221 3896 2365 3952 tem,
2394 3884 2544 3948 ἰιιιεη
2594 3890 2747 3953 cujus
2795 3885 3042 3947 initium;
3093 3884 3288 3940 Paulus
3327 3901 3492 3956 prtet‘o
3539 3885 3665 3947 Dei,
3707 3897 3814 3939 etc.

2221 3959 2318 4024 Qui
2344 3999 2357 4018 ,
2389 3967 2442 4012 et
2471 3958 2684 4011 Petrum
2715 3960 2874 4012 etiam
2913 3957 3318 4026 uaul‘ragantem
3352 3961 3402 4011 in
3438 3958 3720 4020 llucttbtts,
3751 3971 3814 4011 ac

2223 4046 2288 4098 ne
2314 4041 2705 4098 cmergeretur,
2730 4028 2904 4083 erexit
2927 4029 3113 4082 dextra
3145 4030 3388 4092 Domini,
3421 4031 3472 4083 iu
3503 4029 3820 4092 praefatione

2221 4097 2310 4155 lib.
2340 4117 2377 4155 ιι
2404 4114 2587 4155 contra
2613 4101 2859 4155 eumdem
2885 4099 3264 4170 Symmachum
3289 4102 3567 4170 eleganter
3589 4103 3815 4156 cecinit:

2406 4192 2570 4242 Simon
2590 4205 2739 4256 quem
2769 4194 2981 4243 vocitant
3006 4193 3232 4255 Petrum,
3261 4201 3360 4244 etc.

2220 4277 2371 4345 Quod
2409 4287 2464 4331 et
2490 4276 2769 4350 iuvencus
2808 4279 3092 4348 presbyter
3127 4294 3192 4332 ex
3225 4278 3529 4350 Evangeliis
3561 4279 3820 4333 hexame-

2226 4351 2328 4403 tris
2357 4349 2608 4404 versibus
2637 4351 2916 4403 transtulit
2944 4351 3034 4404 lih.
3066 4364 3145 4402 ιιι.

2291 4424 2310 4454 ⁹
2367 4420 2510 4474 Idem
2548 4420 2743 4474 Paulus
2771 4425 2878 4474 ait:
2926 4419 3035 4489 Ego
3079 4422 3321 4491 stigmata
3356 4419 3562 4474 Domini
3601 4421 3728 4472 Jesu
3767 4420 3823 4474 in

2221 4507 2434 4560 corpore
2480 4508 2588 4546 meo
2621 4501 2789 4560 porto.
2831 4492 2966 4546 lllttd
3016 4508 3144 4546 vero
3187 4494 3442 4546 lcetorem
3483 4492 3822 4546 admonitum

2223 4565 2418 4626 velint,
2468 4578 2685 4617 carmen
2742 4564 2840 4614 hoc
2889 4579 2953 4616 ex
3003 4564 3204 4633 duplici
3256 4564 3494 4618 editione
3542 4575 3820 4629 acceptum

2229 4635 2426 4699 luise,
2473 4637 2639 4687 altera
2689 4642 2773 4688 est
2818 4633 2938 4687 Aldi
2991 4635 3207 4689 Manutii
3259 4636 3384 4688 anni
3443 4635 3565 4689 l5tll
3599 4675 3613 4697 ,
3652 4635 3822 4688 altera

2227 4705 2604 4771 Christophori
2639 4705 2882 4760 Broverii
2919 4707 3206 4760 Socictzttis
3257 4705 3414 4770 Jesu,
3441 4705 3824 4773 quamplurimi

2226 4777 2611 4830 arslimavimus
2633 4817 2648 4839 ,
2691 4793 2812 4830 cum
2847 4778 2947 4830 hos
2981 4781 3038 4830 ὃ.
3076 4779 3287 4832 Damasi
3325 4792 3510 4830 Versus
3539 4778 3828 4845 depromp-

2226 4846 2359 4903 serit
2399 4864 2466 4903 ex
2499 4848 2686 4903 Codice
2724 4853 3090 4914 manuscripto
3129 4851 3353 4903 sacrarii
3401 4849 3654 4902 Ecclesia:
3703 4847 3828 4901 Ful-

2226 4919 2409 4974 densis
2459 4921 2868 4987 antiquissimo,
2921 4930 2978 4974 ιιι
3025 4921 3141 4989 ipse
3193 4931 3423 4974 testatur
3473 4920 3555 4973 Itis
3606 4919 3826 4973 verbis:

2239 4990 2424 5044 Versus
2474 4991 2640 5044 sancti
2689 4989 2905 5044 Damasi
2955 5008 3102 5062 papa:
3148 4993 3398 5063 descripti
3439 5008 3502 5046 cx
3546 5008 3604 5044 eo
3653 4992 3824 5054 libro,

2227 5079 2373 5130 quem
2431 5063 2687 5131 gloriosus
2743 5071 2950 5115 sanctus
3003 5062 3322 5131 Bonifatius
3359 5062 3683 5116 Germanij
3736 5079 3830 5115 nu-

2229 5135 2382 5190 tionis
2425 5135 2690 5204 apostolus
2735 5134 3080 5201 circumtulit,
3129 5138 3278 5205 cujus
3317 5144 3671 5206 argumentum
3701 5147 3828 5188 πίονι

2313 5295 2336 5321 σε
2379 5285 2531 5339 Prior
2553 5281 2676 5335 cod.
2711 5281 2945 5336 sublimis
2967 5283 3035 5336 ad
3057 5282 3247 5337 a’thera
3271 5292 3473 5347 vectus;
3497 5282 3660 5346 alter,
3687 5291 3831 5336 trans

2235 5355 2423 5410 a'tlteru
2449 5364 2636 5408 vectus.

2313 5425 2332 5464 ί
2368 5427 2520 5481 Prior
2547 5427 2670 5484 cod.
2697 5442 2811 5499 cum
2833 5441 3098 5499 magnum,
3122 5424 3217 5479 sed
3248 5423 3364 5499 htec
3390 5425 3491 5478 alia
3523 5425 3826 5499 obscurior.

2310 5508 2335 5546 ὂ
2365 5499 2436 5551 Ita
2467 5500 2625 5552 etiam
2657 5498 2797 5569 apud
2831 5494 2960 5552 Veii.
2984 5498 3238 5569 Thomas.
3266 5497 3454 5569 Oper,
3475 5507 3602 5569 tum.
3623 5494 3683 5560 ll,
3707 5510 3827 5563 pag.

2236 5570 2362 5627 582.
2398 5570 2557 5624 Forte
2603 5567 2864 5624 Damasus
2891 5569 3081 5621 alludit
3107 5568 3173 5621 ad
3199 5571 3360 5622 verba
3394 5567 3638 5636 ejusdem
3672 5581 3826 5635 apos-

2239 5643 2357 5699 toli.
2388 5641 2427 5695 ΙΙ
2452 5643 2516 5694 ad
2548 5641 2820 5703 Cot'inth.,
2847 5654 2895 5691 XI
2922 5652 2974 5692 et
3003 5655 3094 5693 ιιι.
3171 5697 3177 5702 _

2310 5711 2334 5750 ιι
2363 5713 2558 5767 lterum
2587 5712 2650 5769 de
2687 5712 2794 5770 SS.
2830 5709 3004 5780 Nereo
3052 5721 3097 5765 et
3134 5709 3392 5776 Achilleo,
3423 5718 3478 5766 et
3525 5725 3740 5768 carmen
3769 5708 3836 5776 de

2234 5784 2299 5855 ἃ.
2331 5783 2607 5865 Εωυειιᾷο.
