4200 6178
447 178 555 237 585

449 293 750 366 Discipulos
773 296 967 352 Oriens
997 295 1144 350 misit
1165 335 1182 361 ,
1212 291 1354 364 quod
1385 299 1578 362 sponte
1609 289 1872 355 fatemur,

447 387 734 460 Sanguinis
755 389 824 443 ob
846 388 1095 443 meritum
1121 395 1147 424 α
1171 383 1553 454 Christumque
1569 398 1664 454 per
1684 391 1828 437 astra
1851 380 2044 450 secuti,

449 480 478 520 ι’
507 481 783 538 ιΕιΙιθνίοε
823 480 1028 552 petiere
1066 479 1214 534 sinus
1240 487 1294 535 et
1324 493 1489 548 regna
1525 477 1758 546 piorum.

451 573 621 629 Roma
643 589 770 629 suos
812 574 987 642 potius
1018 572 1216 627 meruit
1241 570 1534 628 defendere
1571 571 1739 625 cives.

451 665 579 722 Hac
597 663 861 720 Damasus
895 672 1104 720 vestras
1125 662 1326 720 referat
1357 679 1492 730 nova
1515 662 1695 719 sidera
1725 661 1938 718 laudes.

1051 778 1334 835 CARMEN
1385 779 1451 834 Χ.

871 872 951 928 De
979 873 1040 930 8.
1077 873 1346 944 Stephano
1373 871 1440 926 P.
1473 882 1522 927 et
1551 873 1630 928 Μ.

527 966 795 1037 Tempore
815 1009 830 1034 ,
862 983 970 1036 quo
995 967 1204 1038 gladius
1233 966 1404 1022 secuit
1427 967 1508 1037 pia
1531 968 1736 1022 viscera
1758 965 1943 1022 Matris
1969 976 2014 1019 ε.

455 1058 552 1114 Hic
578 1060 783 1128 positus
807 1058 834 1095 ά
865 1059 1054 1114 Rector
1072 1069 1095 1096 θ
1136 1059 1382 1114 ρωιεειὶει
1403 1059 1553 1129 jussa
1583 1058 1841 1114 docebam
1862 1057 1906 1126 f;

455 1149 564 1206 Sed
596 1149 816 1205 veniunt
842 1151 1056 1219 subito,
1086 1151 1302 1222 rapiunt
1329 1152 1420 1222 qui
1448 1150 1589 1206 forte
1616 1151 1901 1207 docentem
1935 1169 1948 1206 :

456 1242 713 1298 Militibus
741 1245 921 1299 missis
951 1245 1134 1315 p0puli
1163 1252 1290 1300 tunc
1319 1243 1458 1300 colla
1489 1243 1690 1300 dedere
1715 1255 1762 1298 ε.

457 1337 579 1392 Mox
607 1337 694 1393 ubi
724 1338 1220 1408 cognovitSenior,
1249 1337 1341 1407 qui
1367 1339 1559 1394 tollere
1581 1338 1749 1394 vellet

457 1473 926 1530 bibliotliecarium
946 1515 959 1539 ,
988 1474 1142 1545 cujus
1169 1474 1304 1528 liber
1333 1473 1402 1530 de
1430 1475 1586 1528 Rom.
1619 1473 1964 1545 pontiﬁcibus
1991 1489 2059 1530 ex

460 1547 577 1617 ipso
608 1547 834 1600 Damaso
879 1543 1156 1617 derivatns
1190 1546 1448 1610 creditur,
1481 1546 1549 1601 de
1579 1543 1768 1600 sancto
1806 1543 2059 1600 Cornelio

458 1616 595 1689 papa
614 1618 689 1671 sic
714 1618 1018 1689 loquentem
1040 1636 1052 1671 :
1075 1616 1178 1670 Hic
1201 1619 1511 1688 temporibus
1529 1619 1635 1670 suis
1657 1627 1865 1688 rogatas
1882 1634 2060 1689 a_qua-

460 1687 581 1742 dum
597 1699 828 1742 matrona
845 1687 1059 1750 Lucina,
1076 1705 1294 1756 corpora
1304 1687 1659 1754 apostolorum
1681 1687 1821 1742 Petri
1840 1698 1887 1742 et
1905 1687 2058 1741 Pauli

1703 174 1951 233 SANC'I‘l
1989 173 2245 232 DAMAS!
2285 176 2514 248 eam,

3644 183 3751 241 584

2072 297 2117 356 Α
2151 288 2412 357 Palmam,
2442 304 2607 362 seque
2631 305 2896 364 suumque
2925 301 3087 365 caput
3117 295 3265 364 prior
3293 294 3491 351 obtulit
3510 294 3690 366 ipse”,

2151 379 2440 452 Impatiens
2467 380 2653 438 feritas
2685 396 2865 454 posset
2889 401 2957 440 ne
2982 385 3180 440 lat-dere
3203 402 3530 458 quemquam
3565 386 3582 427 ί
3613 405 3626 442 :

2149 472 2399 529 Ostendit
2421 475 2469 531 X
2495 475 2536 530 P
2557 475 2595 532 S
2627 477 2804 533 reddit
2830 479 2918 548 qui
2952 480 3170 548 praemia
3197 482 3319 535 vita:
3337 523 3353 548 ,

2152 566 2389 624 Pastoris
2411 568 2662 625 meritum
2685 611 2700 637 ,
2735 585 3018 626 numerum
3049 573 3230 643 gregis
3257 572 3376 644 ipse
3409 579 3638 629 tueturt.

2738 682 3024 739 CARMEN
3061 683 3156 739 XI.

2581 779 2594 809 ¹
2627 777 2708 832 De
2733 778 2796 833 8.
2825 778 3072 835 Marcello
3097 779 3350 852 Martyre.

2234 872 2254 902 ²
2284 869 2566 927 Veridicus
2596 883 2774 926 rector
2800 913 2813 937 ,
2845 871 3028 940 lapsos
3065 873 3188 942 quia
3216 871 3440 927 crimina
3474 871 3608 929 ﬂere

2161 963 2412 1019 Prmdixit
2439 964 2648 1018 miseris
2669 1006 2684 1030 ,
2715 963 2813 1018 fuit
2842 965 3093 1019 omnibus
3117 964 3286 1019 hostis
3313 977 3549 1019 amarus.

2163 1057 2187 1095 ιε
2216 1059 2351 1114 Hine
2382 1059 2530 1113 furor
2548 1100 2562 1125 ,
2589 1058 2713 1114 hinc
2740 1058 2921 1113 odium
2946 1060 3192 1128 sequitur
3217 1101 3231 1124 ,
3265 1058 3554 1126 discordia,
3586 1058 3708 1114 lites
3733 1098 3750 1125 ,

2159 1150 2396 1219 Seditio,
2422 1151 2597 1206 cazdcs
2616 1193 2629 1216 ,
2655 1152 2940 1206 solvuntur
2971 1151 3176 1207 foedera
3209 1152 3356 1222 pacis
3383 1168 3396 1204 :

2171 1242 2189 1281 ι
2220 1241 2438 1298 Crimen
2469 1245 2539 1299 ob
2565 1244 2788 1298 alterius
2818 1242 3093 1299 Christum
3126 1243 3342 1313 quimin
3367 1257 3501 1314 pace
3527 1242 3758 1314 negavit,

2171 1336 2390 1392 Finibus
2419 1337 2676 1407 expulsus
2707 1337 2893 1408 patria:
2921 1347 3004 1393 est
3037 1338 3245 1393 feritate
3276 1337 3513 1409 tyranni.

2169 1474 2267 1548 luci
2284 1475 2570 1548 redditum,
2596 1492 2696 1546 quo
2722 1476 2828 1529 alia
2855 1476 2918 1530 de
2945 1477 3008 1531 S.
3040 1476 3291 1531 Marcello
3314 1481 3570 1548 referatur
3599 1476 3766 1530 histo-

2167 1546 2244 1598 ria
2271 1547 2516 1600 hactenus
2545 1549 2883 1613 incomperta.
2912 1551 3048 1613 quod
3075 1551 3151 1601 sic
3173 1565 3226 1602 se
3251 1546 3422 1612 habet,
3450 1563 3556 1603 etc.
3585 1548 3765 1604 Roma:

2167 1618 2247 1690 eia
2271 1618 2481 1690 Salaria
2507 1620 2691 1673 natalis
2722 1618 2782 1673 8.
2814 1618 3049 1673 Marcelli
3079 1637 3229 1686 papte
3255 1630 3301 1674 et
3333 1623 3596 1690 martyris,
3626 1633 3762 1684 etc.;

2171 1688 2396 1761 habetur
2451 1689 2696 1743 Romano
2750 1693 2800 1743 in
2851 1690 3252 1761 Martyrologin,
3286 1706 3350 1746 ac
3396 1688 3648 1755 Usuardi,
3682 1692 3765 1746 via

461 1761 524 1852 de
567 1758 893 1852 Ca'tactititbis
939 1761 1116 1852 legavit
1144 1772 1317 1814 noctu.
1347 1760 1585 1843 Primum
1615 1760 1826 1852 quidem
1870 1776 2056 1852 cor-plus
2090 1792 2137 1852 Β
2170 1759 2379 1852 Ξαιανὶα
2408 1763 2597 1852 Ιυειςενὶ,
2631 1761 2698 1815 16
2725 1758 3003 1852 έαιιαανὶίξ
3032 1758 3298 1852 lnﬂetreri
3350 1778 3478 1845 vera
3515 1763 3766 1852 Firmano

461 1831 588 1886 beati
620 1830 777 1884 Pauli
814 1831 959 1885 beata
987 1831 1183 1884 Lucina
1220 1833 1387 1899 posuit
1417 1834 1468 1885 in
1498 1832 1692 1901 praedio
1727 1847 1820 1885 suo
1846 1833 1925 1901 via
1957 1829 2057 1884 0s-

461 1903 638 1964 tiensi,
678 1902 746 1954 ad
783 1903 914 1956 latus
952 1903 1034 1956 ubi
1073 1903 1356 1957 decollatus
1381 1900 1694 1969 est;beatus
1725 1919 1840 1958 vero
1867 1900 2064 1956 Corne-

461 1975 563 2028 lius
599 1975 1093 2046 episcopusaccepit
1129 1991 1315 2042 corpus
1357 1974 1498 2028 Petri
1533 1975 1788 2046 apostoli,
1821 1985 1866 2027 et
1895 1975 2064 2043 posuit

460 2047 610 2115 iuxta
626 2045 820 2106 locum;
841 2045 924 2098 ubi
950 2047 1226 2115 cruciﬁxus
1253 2057 1344 2104 est.
1365 2048 1498 2100 inter
1522 2045 1744 2113 corpora
1768 2057 2062 2100 sanctorum

460 2117 844 2185 episcoporum,
873 2118 927 2169 in
953 2119 1140 2185 templo
1167 2118 1420 2184 Apollinis
1445 2119 1494 2170 in
1525 2130 1745 2171 montem
1769 2119 1988 2170 Aureum
2011 2118 2062 2170 in

473 2186 720 2240 Vaticano
750 2186 940 2240 Palatii
971 2186 1281 2254 Neroniani,
1311 2205 1362 2243 \‘l
1393 2189 1595 2242 kalend.
1623 2189 1774 2243 Julii.
1803 2189 1939 2256 Quid
1969 2204 2065 2242 au-

465 2271 571 2315 tem
609 2269 798 2329 postea
834 2260 897 2312 ad
938 2263 1052 2313 haec
1085 2273 1268 2315 sancta
1301 2261 1682 2327 Apostolorum
1713 2276 1941 2327 corpora
1973 2278 2061 2314 r0-

463 2341 588 2400 gatu
633 2333 805 2402 sancti
849 2331 1094 2386 Silvestri
1135 2335 1713 2402 egeritConstantinus
1743 2335 2058 2402 imperator.

464 2403 604 2458 idem
639 2401 957 2458 Anastasius
993 2420 1058 2458 ex
1094 2401 1280 2458 cadent
1318 2405 1534 2458 Damasi
1581 2403 1728 2458 futile
1775 2401 1889 2458 lnrc
1931 2405 2063 2458 scri-

464 2474 579 2528 bit:
629 2473 763 2558 Item
807 2477 883 2527 his
900 2475 1222 2558 _temporib_u_s
1258 2479 1374 2558 fecit
1411 2477 1543 2558 Anq.
1589 2475 1972 2558 Constantinus
1998 2493 2063 2558 ea:

465 2494 579 2528 nit:
629 2494 763 2528 uem
807 2494 883 2527 nis
912 2494 1222 2558 temporibus
1258 2494 1374 2547 [acu
1411 2494 1543 2601 aug.
1589 2494 1958 2531 Lonstanmtus
1998 2494 2060 2529 ea:

465 2555 645 2620 rogatu
676 2546 911 2620 silvestri
937 2549 1160 2619 episc0pi
1187 2549 1453 2602 basilicam
1536 2588 1548 2601 .
1586 2549 1726 2601 Petri
1751 2549 1972 2620 apostoli
2007 2549 2060 2620 in

468 2617 656 2688 templo
697 2617 972 2689 Apollinis,
999 2623 1147 2687 cujus
1181 2622 1408 2674 loculum
1434 2638 1546 2673 cum
1574 2617 1793 2687 corpore
1823 2620 1883 2672 S.
1921 2618 2060 2671 Petri

467 2689 787 2761 recondidit,
814 2691 981 2757 ipsum
1010 2692 1233 2745 loculum
1263 2693 1481 2761 undique
1508 2708 1570 2745 ea:
1595 2709 1695 2746 cere
1721 2690 1911 2761 Cyprio
1939 2707 2062 2743 con-

465 2760 634 2823 clusit,
653 2760 788 2829 quod
814 2771 884 2815 est
909 2762 1182 2816 immobile.
1219 2763 1299 2816 Ad
1327 2760 1499 2830 caput,
1529 2765 1680 2830 pedes
1706 2760 1956 2831 quinque,
1993 2761 2061 2814 ad

429 2867 431 2869 ι
467 2831 642 2902 pedes,
659 2833 1063 2900 pedesquinque.
1095 2835 1308 2888 adlatus
1336 2836 1513 2889 dextra
1536 2839 1691 2902 pedes
1715 2838 1952 2901 quinque.
1972 2834 2061 2887 Sic

466 2903 670 2956 inclusit
700 2918 885 2972 corpus
908 2905 1039 2958 beati
1064 2903 1206 2960 Petri
1232 2908 1451 2972 apostoli
1474 2948 1484 2961 .
1517 2920 1561 2960 et
1589 2907 1876 2958 recondidit
1904 2918 1948 2956 et
1977 2922 2061 2958 or-

468 2975 602 3047 nauit
625 2991 782 3040 supra
806 2991 868 3028 ex
889 2976 1138 3047 columnis
1166 2978 1554 3047 porphyreticis,
1579 2989 1622 3030 et
1644 2979 1773 3029 alias
1794 2977 2060 3029 columnas

469 3045 699 3104 vitineas,
721 3063 844 3112 quas
867 3045 1140 3100 chrmcia
1162 3045 1418 3114 perduxit.
1447 3049 1509 3102 Et
1532 3049 1664 3102 inira
1686 3067 1697 3101 :
1723 3047 1916 3100 Eodem
1935 3058 2060 3100 tem-

469 3131 592 3186 pore
617 3117 735 3185 fecit
763 3117 1021 3187 Augustus
1048 3117 1408 3172 Constantinus
1436 3119 1699 3173 basilicam
1727 3121 1866 3173 beato
1889 3118 2058 3172 Paulo

2166 1830 2568 1900 t'l'lartyrnlngin,
2621 1849 2682 1886 ac
2725 1832 2904 1897 Bedie,
2937 1832 3165 1892 AtJttttis.
3208 1833 3479 1897 thabani,
3514 1833 3760 1902 Ntilkeri,

2166 1917 2230 1957 ac
2257 1903 2534 1956 Breviariu
2575 1904 2839 1974 Romanu,
2885 1915 2938 1957 et
2961 1905 3101 1974 apud
3131 1906 3494 1967 Anastasintn,
3533 1905 3634 1959 Via
3662 1905 3766 1960 Sa-

2166 1974 2300 2028 laria
2331 1977 2382 2028 in
2412 1976 2692 2029 cremeterio
2726 1973 3005 2030 Priscillae.
3043 1977 3109 2030 Et
3139 1978 3188 2030 in
3218 1977 3382 2046 gestis
3410 1977 3466 2030 8.
3498 1977 3760 2042 Marcelli,

2165 2062 2285 2114 qua:
2319 2063 2412 2114 per
2441 2048 2596 2100 llam.
2633 2048 2890 2117 Ecclesia:
2922 2049 3160 2102 notarios
3199 2049 3501 2117 conscripta
3531 2048 3767 2101 credun-

2168 2126 2254 2170 tur
2269 2119 2410 2186 apud
2441 2121 2655 2174 Surium
2688 2135 2700 2170 :
2737 2116 2802 2170 In
2845 2121 3127 2172 cazmeterio
3176 2116 3435 2172 Priscilla:
3455 2119 3534 2173 via
3557 2118 3766 2174 Salaria

2167 2206 2268 2243 non
2316 2192 2465 2260 longe
2504 2193 2566 2243 ab
2608 2191 2730 2245 urbe
2762 2189 2925 2243 Roma
2969 2191 3213 2244 milliaria
3241 2196 3406 2254 tertio,
3438 2194 3520 2244 ubi
3559 2203 3766 2244 sanctus

2169 2260 2448 2316 Marcellus
2477 2263 2740 2330 requiescit
2774 2263 2827 2315 in
2861 2280 3003 2330 pace.
3042 2265 3113 2317 De
3147 2263 3247 2316 hoc
3277 2262 3590 2316 rmmelerio
3619 2261 3766 2316 Ana-

2167 2335 2386 2405 stasius,
2415 2350 2476 2388 ac
2513 2334 2578 2388 de
2606 2335 2662 2388 S.
2690 2334 2943 2387 Marcello
2971 2334 3160 2388 scribit
3184 2352 3197 2386 :
3235 2331 3334 2385 Hic
3361 2335 3552 2405 ragavit
3584 2350 3763 2400 quam-

2167 2404 2286 2457 dam
2315 2415 2600 2459 matronam
2628 2408 2831 2459 nomine
2854 2405 3168 2465 Priscillam,
3197 2415 3242 2458 et
3271 2405 3386 2474 fecit
3410 2404 3755 2458 emineterium

2163 2478 2242 2529 via
2286 2476 2516 2542 Salaria,
2543 2488 2648 2530 etc.
2684 2480 2835 2541 Apud
2860 2493 3018 2546 quem
3045 2481 3110 2531 ile
3147 2476 3337 2545 Vigilio
3363 2491 3495 2543 papa
3521 2477 3712 2546 legitur
3743 2494 3754 2528 :

2139 2546 2328 2616 ,Cujus
2357 2564 2543 2615 corpus
2574 2551 2785 2601 ductum
2829 2560 2900 2602 est
2934 2548 3174 2612 Romam,
3208 2557 3254 2600 et
3299 2547 3554 2614 sepultum
3581 2557 3653 2601 est
3692 2547 3762 2600 ad

2167 2619 2228 2672 S.
2261 2618 2311 2671 Μ
2320 2621 2567 2672 arcellum
2597 2620 2678 2673 via
2703 2619 2934 2683 Salaria,
2970 2620 3020 2672 in
3045 2619 3326 2672 caemeterio
3354 2616 3633 2672 Priscillte.

2237 2692 2256 2721 *
2298 2691 2581 2744 Rectorem
2642 2701 2800 2754 vocat
2843 2691 2929 2744 hic
2981 2692 3290 2745 Marcellum
3326 2689 3632 2759 pontiﬁcem
3661 2690 3761 2744 Da-

2165 2776 2383 2822 masns;
2436 2778 2599 2830 Stfque
2630 2763 2801 2829 ipsum
2835 2761 2938 2816 hoc
2963 2763 3124 2818 etiam
3159 2763 3377 2816 nomine
3407 2762 3642 2831 appellat
3669 2777 3761 2815 sn—

2167 2847 2286 2902 pt‘a,
2312 2833 2380 2888 dc
2407 2833 2586 2887 Mauro
2601 2834 2865 2904 Martyre:

2227 2925 2346 2984 Quae
2373 2926 2609 2975 Damasus
2634 2933 2794 2975 rector
2816 2926 2964 2988 longo
2990 2931 3094 2988 post
3121 2932 3344 2989 tempore
3373 2924 3547 2988 plebis.

2238 3011 2299 3063 Et
2333 3010 2382 3063 in
2413 3010 2586 3064 altero
2614 3010 2861 3078 sequenti
2893 3011 3283 3080 epigrammate
3318 3027 3330 3062 :

2223 3105 2426 3156 Ornavit
2449 3105 2688 3154 Damasus
2711 3105 2945 3155 tumulum
2971 3105 3252 3166 cognoscite
3274 3109 3456 3152 rector.

469 3182 722 3257 apostolo,
756 3205 817 3242 ea:
847 3182 1170 3262 suggestione
1206 3191 1456 3260 Syloestri
1484 3192 1734 3262 episcopi,
1768 3193 1917 3261 cujus
1945 3206 2059 3243 cor-
2086 3182 2130 3243 C
2237 3191 2301 3245 Et
2329 3191 2396 3246 de
2422 3191 2477 3247 S.
2513 3190 2711 3255 Felice,
2740 3198 2796 3245 et
2826 3189 3068 3245 Adaucto
3103 3207 3116 3242 :

383 3332 390 3338 _
471 3269 829 3338 ptts_snit£lttttt
855 3261 926 3338 una
958 3262 1238 3314 recondidit
1267 3264 1318 3338 in
1343 3278 1475 3324 tere,
1521 3273 1567 3317 et
1604 3261 1890 3330 canclusit,
1932 3264 2062 3316 sicut

426 3373 438 3384 .
471 3337 520 3382 el
562 3328 629 3384 B.
681 3329 824 3383 Petri
865 3330 1226 3385 Constantinus
1266 3333 1543 3401 Augustus.

551 3401 898 3472 'Baronius,
947 3419 1064 3472 pag.
1111 3404 1234 3464 904.
1276 3405 1472 3459 Christi
1517 3421 1658 3459 anno
1689 3406 1794 3461 ὅθί)
1830 3423 1843 3460 :
1879 3404 2065 3460 Exstat

474 3470 536 3523 de
563 3471 625 3526 8.
663 3470 911 3528 Marcello
943 3470 1154 3529 Damasi
1176 3493 1311 3548 papa
1339 3478 1656 3548 epitaphium
1677 3495 1780 3532 una
1801 3495 1916 3531 cum
1945 3477 2063 3531 aliis

549 3624 575 3686 τι
608 3615 870 3669 Baronins
901 3614 1374 3686 legeratChris-tum
1403 3633 1494 3686 per
1513 3626 1676 3671 astra.

548 3684 575 3723 ι’
609 3687 664 3742 In
691 3687 925 3756 append.
953 3684 1005 3742 ἡ.
1037 3687 1072 3741 2
1107 3704 1119 3741 :

603 3778 886 3828 JEtheream
914 3780 1110 3842 petiere
1133 3780 1350 3842 domum,
1376 3792 1687 3841 regnumque
1710 3779 1922 3842 piorum.

556 3874 576 3899 ε
615 3862 764 3916 Hnnc
814 3863 1025 3916 Damasi
1060 3864 1384 3916 versiculum
1431 3865 1561 3931 legis
1592 3863 1785 3914 iterum
1825 3861 1874 3914 in
1903 3875 2076 3915 carm.

481 3933 549 3988 de
581 3932 641 3986 S.
669 3933 956 3986 Saturnino
984 3941 1042 3986 et
1071 3933 1121 3986 in
1146 3932 1379 4000 append.
1415 3949 1466 3985 ιι.
1501 3934 1555 3986 2.

553 4001 578 4038 ά
603 4003 898 4057 Vcn.card.
919 4003 1262 4062 Tltomasius,
1297 4006 1459 4070 Oper.
1479 4015 1682 4060 tmn.ll.
1705 4018 1822 4072 pag.
1850 4001 1974 4057 506.
2003 4019 2072 4057 Iv.

485 4090 611 4130 non.
641 4077 892 4142 Angust.,
920 4073 1110 4128 Natale
1138 4076 1195 4127 8.
1215 4075 1463 4140 Stephani
1495 4074 1561 4128 Ρ.
1594 4083 1637 4127 et
1664 4074 1740 4128 Μ.
1764 4075 1817 4127 in
1845 4072 2078 4127 Callixti.

561 4155 584 4181 υ
610 4146 718 4199 llac
750 4161 878 4199 voce
905 4149 1161 4199 llatttasus
1182 4146 1467 4214 designare
1493 4147 1631 4202 solet
1648 4146 1929 4202 Romanos
1953 4160 2088 4214 pon-

489 4217 662 4272 tilices
691 4235 703 4270 :
740 4228 795 4270 ttt
827 4218 877 4271 in
909 4232 1077 4270 eartn.
1107 4217 1140 4272 8
1168 4227 1224 4272 et
1277 4216 1308 4270 9
1349 4228 1402 4272 et
1434 4220 1486 4272 in
1517 4227 1628 4273 not.
1660 4217 1935 4273 Sarazanii
1966 4216 2083 4288 (hac

486 4290 603 4363 ipsa
633 4306 754 4360 pag.
784 4298 894 4344 not.
931 4288 1046 4363 ﬂ).

563 4360 582 4398 ι’
631 4365 746 4414 Aet.
775 4363 912 4434 apud
935 4360 1148 4417 Baron.
1182 4361 1246 4415 ad
1280 4377 1406 4416 ann.
1447 4360 1555 4416 259
1579 4403 1593 4425 ,
1629 4379 1680 4416 n.
1713 4361 1821 4421 22.
1853 4361 2086 4434 sequenti

487 4433 570 4486 die
619 4433 846 4505 convenit
873 4436 925 4486 in
966 4435 1141 4487 eadem
1169 4446 1373 4505 crypta,
1406 4435 1682 4500 sedensque
1720 4433 1929 4488 docebat
1976 4451 2086 4488 om-

971 4507 981 4516 -
1157 4506 1167 4517 ·
1226 4497 1272 4505 ⁷⁷
1362 4497 1368 4499 ’
1600 4497 1608 4500 ⁷
2190 4497 2501 4524 ΠιὲΙΙυιτΙΙΙΙΙΙΙ
2528 4497 2698 4523 11811111
2759 4497 2770 4522 1
2799 4497 2997 4524 1116111113
3019 4497 3148 4523 Illuu
3174 4497 3445 4529 (2³01111111.
3471 4497 3532 4520 ειν
3555 4497 3619 4520 Ill:
3641 4497 3703 4521 U"
3746 4497 3786 4521 l'

489 4503 853 4611 ἶῖίὶίξξηζξ
891 4505 1932 4611 ijnﬁfn?"‘jf‘ﬂf;mi’f§ff§v§‘
2111 4497 2162 4555 Β
2190 4549 2357 4594 latum
2387 4497 2600 4611 quideln
2629 4497 2915 4597 defittlctus
2933 4541 3152 4595 fuerat?
3179 4542 3442 4595 (Steterunt
3475 4540 3524 4593 in
3556 4497 3789 4607 genuiim

490 4575 594 4648 hoc
618 4577 732 4648 loco
755 4575 864 4641 est,
894 4587 1171 4648 cryptam,
1197 4591 1288 4631 seu
1318 4577 1688 4648 caemeterium
1719 4577 1952 4640 Lucinae,
1978 4592 2086 4647 quo

493 4647 800 4712 Stephanus
829 4649 1148 4702 ennvenisse
1183 4648 1378 4702 dicitur
1402 4691 1415 4709 ,
1444 4663 1566 4702 esse
1603 4647 1946 4702 Catacutnbis
1977 4652 2086 4702 lere

493 4719 862 4784 cunjunctntn.
893 4719 1012 4772 Vid.
1050 4719 1228 4778 Buld..
1268 4720 1357 4773 lib.
1383 4735 1462 4778 ιιι,
1490 4734 1610 4786 cap.
1638 4719 1727 4773 18.

568 4796 602 4861 εν
628 4788 848 4861 Audiens
877 4789 984 4861 [nec
1020 4789 1341 4854 Valerianus,
1367 4791 1502 4842 misit
1524 4791 1590 4842 ad
1631 4791 1746 4844 eum
1782 4791 2089 4861 capiendum

496 4860 698 4914 milites.
729 4857 909 4913 Carm.
935 4860 993 4924 2,
1019 4861 1072 4914 in
1100 4861 1366 4931 append.:

621 4949 881 5016 Extemplo
901 4953 1114 5006 .ducibus
1137 4955 1297 5001 missis
1321 4965 1408 5001 sua
1426 4952 1551 5002 colla
1567 4955 1775 5004 dedere.

571 5044 596 5083 ¹¹
622 5049 750 5102 Acta
778 5065 791 5099 :
830 5045 1324 5119 Nosdesideramus
1353 5047 1506 5119 etiam
1534 5059 1580 5101 et
1607 5049 1905 5118 sanguinem
1933 5059 2096 5119 prop;

499 5130 575 5174 ter
605 5135 787 5173 nomen
818 5118 886 5172 D.
916 5117 988 5171 Ν.
1011 5115 1135 5170 Jesu
1155 5115 1342 5170 Christi
1374 5118 1607 5186 (irridere.

581 5191 592 5227 ί
630 5195 758 5245 Acta
786 5208 798 5244 :
824 5192 910 5259 qui
941 5189 1226 5259 intrepidus
1245 5198 1293 5243 et
1326 5200 1563 5242 constans
1599 5190 1652 5242 in
1681 5189 1858 5244 eodem
1894 5191 2005 5244 loco
2039 5193 2093 5247 in

500 5279 596 5316 sua
619 5263 902 5317 dit-collatus
923 5271 995 5316 est
1026 5259 1161 5315 sede.

581 5337 594 5384 ι
617 5332 808 5389 Factus
830 5345 902 5388 est
917 5335 1168 5388 maximus
1199 5332 1432 5402 planctus
1445 5330 1875 5395 Christimorum,
1903 5332 1987 5398 qui
2015 5344 2095 5388 ta-

505 5407 603 5459 lem
635 5417 886 5472 pastorem
899 5423 1015 5461 cum
1031 5406 1447 5477 gloriamartyris
1460 5405 1809 5477 prwmiserunt
1837 5421 1856 5458 :
1885 5405 2096 5473 sepelie-

504 5492 623 5549 runt
642 5487 809 5549 autem
822 5480 932 5547 ejus
951 5478 1264 5549 corpusj'cum
1279 5479 1392 5549 ipsa
1409 5479 1525 5549 sede
1539 5478 1788 5549 sanguine
1799 5493 2094 5545 conspersa.

578 5546 618 5619 ις
644 5531 1093 5619 Cypriaii.episl,
1122 5531 1194 5602 22
1219 5591 1232 5608 .
1257 5531 1389 5604 edit.
1425 5531 1661 5603 Verani,
1687 5531 2101 5616 Denique'hujus

510 5618 793 5692 seditionis
823 5618 988 5692 origo,
1000 5624 1115 5692 jam
1143 5623 1308 5692 carpit.
1346 5619 1581 5692 Namque
1606 5621 1660 5692 in
1699 5620 1962 5688 provincia
1983 5637 2103 5675 nos-

511 5689 589 5744 tra
610 5693 699 5756 per
723 5689 918 5755 aliquot
947 5689 1174 5745 ciritates
1198 5689 1253 5744 in
1285 5689 1584 5757 prce’positos
1604 5691 1824 5757 impetus
1856 5706 1944 5760 per
1971 5692 2102 5747 mula

2227 3286 2494 3349 Presbyter
2517 3287 2561 3336 is
2585 3299 2732 3335 verus
2753 3285 2960 3334 Damaso
2982 3291 3177 3334 rectore
3197 3281 3410 3344 jubente

2240 3370 2305 3424 Et
2327 3370 2464 3425 infra
2489 3371 2554 3425 de
2575 3370 2632 3426 S.
2657 3371 2900 3425 Tarsicio
2930 3388 2940 3422 :

2227 3465 2347 3526 Quis
2371 3467 2607 3516 Damasus
2629 3473 2796 3516 rector
2823 3466 2990 3516 titulos
3018 3472 3126 3529 post
3150 3466 3344 3528 prtemia
3366 3463 3547 3515 reddit.

2179 3615 2448 3668 tiludinem
2477 3619 2641 3684 factus
2664 3623 2759 3679 est,
2779 3623 2826 3667 et
2853 3629 3028 3684 pacem
3056 3612 3150 3666 sibi
3179 3627 3471 3666 concessam
3498 3627 3774 3682 reprtesen-

2178 3687 2276 3758 tari
2302 3686 2396 3740 sibi
2425 3696 2714 3758 coegerunt,
2734 3699 2850 3758 _etc.

2259 3756 2274 3794 1
2308 3758 2418 3811 lloc
2437 3754 2704 3810 versiculo
2734 3756 2803 3810 Pa
2815 3755 3131 3824 pebrochius
3153 3754 3418 3809 Licinium
3438 3754 3773 3824 designatum

2182 3837 2362 3898 putat,
2393 3844 2549 3896 quem
2589 3831 2764 3896 primo
2795 3829 2976 3897 spei-ie
3013 3829 3200 3881 saltem
3234 3827 3588 3880 christianum
3615 3867 3631 3892 ,
3666 3837 3775 3880 tum

2184 3897 2379 3954 deinde
2416 3910 2658 3967 apertum
2690 3899 3025 3952 lthlHlalt'altl
3050 3940 3065 3962 ,
3101 3897 3272 3951 civilis
3303 3898 3424 3951 belli
3465 3909 3736 3952 attctnreln
3762 3936 3778 3962 ,

2183 3986 2244 4024 ac
2277 3981 2552 4034 postremo
2577 3971 2778 4024 victum
2811 3985 2841 4023 ξι
2879 3970 3230 4023 Cttn~tanlintt
3265 3972 3313 4021 in
3345 3968 3549 4024 Gallias
3577 3968 3783 4038 relega-

2187 4051 2296 4096 tum
2339 4041 2504 4095 fuisse
2535 4051 2679 4094 tmtat
2708 4059 2719 4094 :
2754 4042 2886 4096 I‘linc
2915 4043 3034 4095 loca
3079 4042 3311 4112 tyranni,
3336 4041 3478 4112 quod
3516 4039 3780 4107 imperitia

2186 4114 2389 4168 librarii
2440 4114 2671 4182 positum
2726 4115 2830 4172 ait.
2881 4111 3128 4183 tyrannus
3173 4111 3517 4166 scribendum
3571 4121 3777 4183 censet.

2187 4183 2343 4238 Ratio
2374 4201 2500 4239 vero
2523 4203 2618 4238 cur
2647 4186 2723 4238 sic
2745 4185 2995 4251 Opinetnr
3014 4227 3026 4246 ,
3055 4184 3169 4238 haec
3201 4199 3303 4237 una
3333 4193 3444 4242 est.
3471 4183 3610 4252 quod
3639 4182 3785 4236 Mar-

2188 4258 2390 4310 celliani
2423 4256 2582 4322 hujus
2607 4257 2822 4317 exsilii,
2851 4256 2996 4309 nttlla
3019 4256 3171 4320 alibi,
3201 4270 3360 4324 quam
3389 4253 3490 4308 hoc
3519 4259 3782 4320 carmine,

2190 4329 2391 4380 mentio
2441 4329 2528 4380 sit.
2571 4328 2770 4383 Verum
2821 4327 2935 4380 hmc
2983 4329 3120 4380 ratio
3169 4329 3286 4378 viro
3335 4325 3427 4379 illo
3472 4325 3787 4380 doctissimo

2193 4414 2413 4456 tirorsus
2456 4399 2718 4467 indigna:
2762 4398 2889 4462 quid
2921 4400 3064 4451 enim
3098 4397 3434 4452 Licinianum
3479 4395 3677 4450 bellum
3720 4397 3785 4450 ad

2190 4470 2501 4524 Marcellum
2527 4473 2698 4537 ipsum
2718 4512 2732 4532 ,
2759 4473 2848 4540 qui
2875 4479 2997 4524 ante
3019 4470 3148 4523 illud
3174 4481 3445 4529 exortum.
3471 4484 3532 4520 ac
3555 4485 3619 4520 ne
3641 4469 3786 4537 engi-

2191 4611 2350 4684 Bt-dte
2393 4610 2937 4684 martyrologioﬂhsec
2971 4614 3039 4666 de
3079 4613 3327 4666 Marcello
3360 4612 3585 4684 legimus
3624 4612 3688 4664 ad
3723 4610 3788 4665 l6

2190 4683 2429 4738 Januarii
2463 4700 2476 4735 :
2508 4683 2726 4739 labente
2773 4683 3058 4738 Maximino
3097 4685 3405 4749 imperatore
3435 4683 3654 4751 fustibus
3693 4697 3793 4735 ca:-

2192 4771 2310 4828 sus,
2335 4765 2379 4808 ct
2407 4773 2438 4828 (ι
2468 4757 2758 4828 facietijus,
2791 4772 2939 4821 quem
2970 4756 3315 4828 corripuerat,
3343 4753 3587 4828 (impulsus
3610 4763 3702 4806 est.
3734 4753 3793 4806 Si

2196 4827 2376 4893 itaque
2413 4824 2532 4879 loco
2565 4824 2860 4890 Maximini,
2887 4828 2974 4896 qui
3006 4843 3104 4881 nec
3135 4831 3185 4878 in
3217 4825 3360 4881 Urbe
3389 4825 3485 4878 fuit
3509 4865 3522 4887 ,
3554 4839 3651 4880 nec
3671 4839 3796 4896 cor-

2196 4898 2301 4966 ripi
2330 4915 2356 4949 a
2383 4897 2631 4953 Marcello
2661 4899 2863 4965 potuit,
2889 4894 3052 4963 atque
3078 4898 3144 4950 ab
3168 4898 3417 4962 imperito
3445 4896 3666 4950 librario
3693 4894 3794 4949 ob-

2200 4977 2382 5023 trusus
2408 4979 2526 5036 est,
2563 4968 2880 5024 Mammium
2910 4970 3073 5037 legas,
3101 4978 3158 5022 ut
3201 4968 3316 5031 hic,
3349 4969 3438 5035 qui
3469 4968 3796 5020 rltristianus

2199 5040 2492 5109 aliquando
2521 5041 2688 5094 videri
2722 5041 2926 5098 voluit,
2970 5041 3047 5093 sic
3088 5039 3288 5107 corripi
3324 5041 3391 5092 ah
3438 5053 3504 5092 eo
3545 5040 3798 5106 pnntilice

2200 5116 2394 5179 potuit,
2428 5126 2491 5165 ac
2527 5113 2746 5174 debuit,
2789 5121 2845 5166 et
2875 5110 3017 5165 aliud
3050 5112 3310 5165 habemus
3340 5110 3669 5164 Marcelliani
3701 5111 3800 5163 htt-

2192 5184 2283 5254 jus
2307 5183 2483 5236 exsilii
2511 5182 2898 5237 testiinonium.

2275 5274 2314 5300 ιη
2350 5265 2426 5318 lix
2464 5263 2563 5317 hoc
2597 5263 2715 5318 loco
2741 5265 3031 5324 discimus,
3058 5273 3148 5315 aut
3175 5254 3442 5316 mitiorem
3474 5261 3638 5316 fuisse
3659 5276 3803 5315 sem—

2204 5351 2301 5408 per
2353 5337 2607 5408 llomana:
2657 5336 2914 5391 Ecclesia:
2963 5334 3303 5408 disciplinam
3352 5349 3476 5402 erga
3519 5334 3696 5408 lapsos
3747 5332 3800 5386 in

2206 5406 2562 5462 idololatriant
2591 5416 2742 5462 extra
2774 5406 3210 5476 persecutionum
3242 5415 3453 5471 tempus
3473 5446 3486 5467 ,
3519 5419 3563 5458 et
3599 5406 3650 5458 in
3679 5419 3804 5474 pare

2206 5491 2294 5533 aut
2325 5496 2444 5534 eam
2465 5520 2478 5540 ,
2507 5479 2553 5534 si
2578 5479 2767 5534 durior
2790 5482 2984 5545 fuerat,
3013 5478 3249 5532 Marcelli
3279 5484 3435 5529 a-tatc
3463 5476 3572 5544 jam
3598 5486 3804 5543 tempe-

2208 5562 2403 5606 ratam.
2451 5551 2564 5605 lloc
2613 5553 2758 5606 enim
2803 5567 2901 5616 pro
2935 5550 3206 5618 expianda
3234 5548 3538 5602 voluntario
3579 5547 3805 5601 crimine

2207 5623 2297 5676 vix
2325 5624 2521 5689 aliquis
2549 5620 3236 5678 concedebaturcanonicte
3260 5618 3604 5689 poenitentiae
3625 5618 3801 5674 locus.

2213 5693 2331 5746 Vid.
2365 5684 2520 5746 cnnc.
2561 5691 2759 5750 "liber.
2796 5708 2916 5747 can.
2954 5692 3004 5748 Ι.
3030 5701 3084 5745 et
3101 5684 3357 5759 Cypriani
3389 5686 3546 5756 epist.
3574 5684 3663 5743 52-
