4200 6178
1116 384 1403 441 CARMEN
1440 384 1606 441 XVII.

1081 522 1095 551 ¹
1136 519 1217 576 De
1244 520 1575 594 S.Eutycltio
1604 532 1652 576 υ.

631 683 922 757 Eutycbius
950 691 1153 755 martyr
1182 682 1417 739 crudelia
1442 682 1591 749 jussa
1620 683 1833 755 tyranni

553 780 986 851 Carniticumque
1012 780 1127 832 vias
1152 779 1354 848 pariter
1376 788 1503 833 tunc
1532 778 1677 833 mille
1708 777 1934 834 nocendi

554 872 583 912 1»
609 874 835 929 Vincere
865 873 1005 944 quod
1037 874 1211 943 potuit
1232 917 1245 936 ,
1280 875 1600 928 monstravit
1628 874 1800 944 gloria
1826 870 2051 928 Christi.

555 965 803 1022 Carceris
831 966 1067 1021 illuviem
1098 967 1345 1037 sequitur
1376 982 1514 1021 nova
1549 982 1730 1037 paena,
1759 982 1855 1037 per
1877 975 2026 1021 artus

557 1058 838 1115 Teslarum
870 1060 1165 1131 fragmenta
1198 1068 1419 1129 parant,
1447 1075 1515 1114 ne
1536 1074 1761 1115 somnus
1782 1058 1992 1125 adiret,

556 1153 647 1209 Bis
667 1154 782 1209 seni
808 1154 1072 1209 transiere
1093 1153 1211 1209 dies
1228 1196 1242 1219 ,
1266 1154 1517 1210 alimenta
1548 1162 1833 1224 negantur,

558 1245 786 1299 Mittitur
814 1246 865 1300 in
890 1246 1219 1301 barathrum.
1253 1226 1483 1301 Sanctus
1509 1247 1652 1301 lavat
1676 1246 1856 1300 omnia
1887 1246 2105 1316 sanguis

557 1336 796 1393 Vulnera
827 1353 946 1408 qua}
972 1338 1225 1392 intulerat
1256 1340 1448 1392 mortis
1475 1338 1758 1392 metuenda
1791 1348 2053 1407 potestas,

558 1431 727 1488 Nocte
749 1434 1051 1502 soporifera
1075 1432 1293 1487 turbant
1315 1432 1582 1486 insomnia
1614 1440 1873 1487 mentem.

560 1525 809 1581 Ostendit
835 1525 1037 1580 latebra
1063 1523 1293 1580 insontis
1314 1539 1433 1593 qua:
1457 1524 1700 1579 membra
1725 1533 1954 1590 teneret,

687 1686 982 1750 Martyribus
1004 1684 1361 1750 quondam_rite
1383 1691 1582 1750 sacrata
1597 1685 1690 1747 piis
1704 1723 1717 1746 ,

626 1749 758 1809 Quos
780 1746 1083 1799 monstrante
1106 1749 1213 1797 Deo
1240 1748 1473 1796 Damasus
1495 1748 1587 1795 sibi
1602 1746 1734 1810 papa
1763 1746 1990 1810 probatos

689 1813 849 1862 Aliixo
874 1812 1055 1860 monuit
1088 1811 1301 1859 carmine
1322 1811 1435 1872 jure
1460 1810 1571 1857 coli.

626 1875 727 1925 Sed
753 1875 898 1936 periit
922 1873 1089 1922 titulus
1112 1872 1354 1922 contracto
1377 1883 1621 1936 marmore
1647 1878 1859 1931 sanctus,

691 1934 795 1987 Nec
819 1944 983 1985 tamen
1009 1936 1085 1984 his
1107 1937 1283 1984 iterum
1311 1947 1454 1995 posse
1478 1934 1636 1983 latere
1666 1936 1774 1983 l‘uit.

626 1999 801 2051 Diruta
825 1998 1033 2059 Vigilius
1057 2010 1165 2045 nam
1187 2011 1296 2045 mox
1324 1996 1428 2045 hac
1450 2010 1569 2058 papa
1593 1997 1874 2057 gemiscens

690 2062 927 2113 Hostibus
956 2060 1174 2123 expulsis
1196 2072 1342 2108 omne
1368 2060 1561 2108 novavit
1581 2071 1721 2122 Opus.

565 2192 791 2248 Nonest
821 2192 1065 2258 Damasi,
1094 2191 1187 2247 sed
1240 2191 1380 2245 inter
1427 2190 1637 2244 Damasi
1694 2190 1935 2245 carmina
1986 2192 2160 2260 posui,

566 2265 690 2333 quia
720 2264 785 2318 de
812 2264 1041 2317 Damaso
1081 2274 1135 2319 et
1186 2262 1330 2315 illius
1360 2263 1693 2315 carminibus
1719 2278 1750 2315 a
1785 2262 1975 2333 Vigilio
2030 2279 2163 2332 papa

566 2332 825 2406 positum,
857 2334 1018 2389 habet
1038 2346 1091 2389 et
1123 2333 1379 2387 Barouius
1412 2373 1426 2397 ,
1476 2335 1565 2399 qui
1610 2332 1844 2406 Credidit
1895 2349 2018 2389 esse
2064 2335 2163 2387 Da-

568 2403 727 2471 ittasi,
755 2407 839 2459 Itis
863 2406 1043 2458 verbis
1075 2424 1087 2459 :
1124 2406 1228 2461 Sed
1260 2414 1304 2457 et
1336 2413 1536 2457 exstant
1558 2407 1788 2476 ejusdem
1811 2403 2029 2476 Damasi
2052 2420 2164 2459 ver-

568 2494 677 2543 sus,
696 2479 875 2548 quibus
904 2477 1035 2548 alias
1064 2478 1325 2531 exornavit
1351 2474 1648 2528 sanctorum
1672 2487 1955 2545 martyrum
1984 2474 2166 2530 Eccle-

567 2550 670 2602 sias
701 2556 877 2619 furore
905 2547 1170 2603 barbarico
1197 2548 1498 2619 dissipatas.
1528 2564 1654 2615 quas
1676 2550 1791 2619 ipse
1814 2548 2057 2601 restituit.
2090 2553 2165 2619 Ac

569 2617 785 2674 esse'de
814 2620 1092 2674 memoriis
1121 2629 1419 2689 martyrum
1465 2617 1517 2671 iu
1573 2618 1847 2672 suburbiis
1896 2629 2045 2671 notat
2097 2618 2163 2672 ad

568 2705 719 2747 oram
754 2691 894 2746 libri.
929 2690 989 2745 Ili
1022 2707 1152 2746 vero
1181 2702 1447 2761 martyres
1473 2705 1700 2759 quorum
1731 2690 1945 2743 nomina
1976 2690 2168 2761 legun-

570 2770 657 2817 tur
679 2765 730 2818 in
756 2764 930 2828 titulo,
966 2764 1218 2818 videntur
1241 2760 1361 2816 esse
1382 2777 1447 2815 ex
1475 2772 1681 2830 septem
1737 2761 1860 2813 [iliis
1888 2763 1945 2816 S.
1974 2760 2166 2815 Felici-

569 2836 717 2897 tatis,
742 2850 807 2890 ex
829 2836 1025 2903 quibus
1056 2834 1109 2888 hi
1141 2844 1249 2888 tres
1284 2834 1498 2900 capitali
1546 2833 1813 2887 sententia
1870 2832 2060 2903 puniti,
2109 2842 2166 2886 ut

570 2905 624 2960 in
656 2902 1079 2976 martyrologiis.
1106 2921 1155 2960 tv
1197 2904 1315 2959 idus
1336 2904 1459 2959 Julii
1486 2904 1734 2976 legimus,
1760 2905 1915 2970 cujus
1969 2902 2164 2976 Felici-

569 2980 695 3031 tatis
726 2975 1358 3032 exstabatctnmeterium
1403 2976 1481 3027 via
1510 2975 1739 3030 Salaria.
1763 2976 2077 3029 Anastasius
2108 2975 2161 3028 in

571 3048 628 3101 S.
666 3050 985 3103 Buttilacio:
1029 3048 1289 3101 Habitavit
1335 3046 1636 3115 Bonifacius
1682 3048 1734 3099 in
1783 3046 2066 3100 casmeterio
2097 3046 2156 3099 S.

569 3117 858 3190 Felicitatis
885 3124 1123 3190 martyris
1147 3119 1226 3172 via
1252 3118 1489 3190 Salaria;
1535 3117 1596 3171 Et
1648 3117 1784 3171 inira
1819 3135 1831 3169 :

575 3189 869 3245 Oratorium
923 3193 987 3244 itr
1019 3187 1319 3245 Cwmeterio
1350 3191 1412 3243 S.
1442 3187 1732 3242 Felicitatis
1771 3190 1927 3258 juxta
1970 3203 2157 3258 corpus

569 3265 698 3335 ejus,
730 3273 776 3335 et
806 3263 1003 3335 ornavit
1024 3262 1320 3335 sepulcrum
1362 3262 1428 3335 _S.
1476 3262 1715 3335 martyris
1747 3259 2054 3321 Felicitatis,
2113 3269 2159 3313 et

665 3334 919 3395 Silvestri,
948 3334 1033 3387 ubi
1059 3326 1105 3386 et
1132 3335 1302 3404 posuit
1350 3333 1457 3386 lucc
1486 3348 1503 3390 :
1555 3326 1793 3404 patenum
1841 3338 2157 3399 argenteam,

569 3415 698 3465 εις..
718 3416 773 3460 et
799 3422 985 3458 rursus
1016 3405 1067 3459 in
1101 3403 1205 3458 line
1230 3423 1243 3458 :
1269 3404 1371 3471 Qui
1390 3405 1539 3457 etiant
1566 3403 1885 3474 sepitltusicst
1911 3404 1965 3456 iu
1982 3418 2162 3455 coeme-

572 3477 698 3530 tcrio
730 3477 789 3532 S.
826 3475 1109 3531 Felicitatis
1136 3479 1378 3546 martyris
1399 3474 1742 3546 viaJSalaria.
1776 3473 1843 3528 Ει
1898 3474 2028 3546 ittS.
2058 3474 2163 3546 Ha-

571 3547 762 3603 driano
792 3566 804 3601 :
832 3547 1188 3602 Cwmeterium
1231 3563 1347 3600 vero
1376 3545 1447 3601 S.‘
1473 3545 1757 3600 Felicitatis
1800 3547 1880 3598 via
1927 3545 2160 3608 Salaria,

570 3636 675 3673 una
699 3636 815 3673 cum
862 3620 1088 3673 ecclesiis
1112 3618 1172 3673 S.
1209 3617 1409 3673 Silvani
1432 3618 1687 3687 martyris,
1723 3628 1769 3671 et
1798 3616 1857 3671 S.
1904 3615 2163 3687 Bonifacii

571 3691 881 3760 confessoris
909 3700 1060 3757 atque
1086 3689 1364 3759 pontiﬁcis,
1392 3707 1494 3743 uno
1520 3690 1833 3760 cohwrentes
1880 3688 1989 3741 solo
2020 3688 2164 3739 mira:

569 3758 879 3835 restauravit
906 3758 1317 3835 magnitudinis.
1339 3761 1404 3815 Et
1434 3761 1682 3835 ibitlettt;
1735 3758 1852 3835 lmo
1890 3770 1945 3835 _et
1986 3775 2165 3835 capue-

572 3835 755 3889 terium
781 3828 1153 3895 Jordantirum,
1183 3833 1415 3887 videlicet
1461 3832 1568 3887 SS.
1618 3830 1923 3901 Alexandri,
1948 3840 1991 3882 et
2026 3828 2166 3901 Vita-

574 3906 658 3969 lis,
679 3917 727 3959 et
752 3905 1011 3959 Martialis
1038 3916 1343 3974 martyrum,
1377 3921 1467 3957 seu
1506 3912 1795 3974 sanctorum
1823 3912 2013 3966 septem
2046 3899 2165 3974 V_i_r-

572 3978 746 4047 ginum
774 3993 805 4047 a
832 3991 960 4047 novo
1005 3969 1334 4047 restauravit:
1364 3974 1508 4047 Elin
1540 3973 1607 4047 VS.
1649 3972 1977 4047 Symmacho
2008 3987 2021 4023 :
2066 3969 2167 4047 llic

574 4043 829 4116 reparavit
857 4046 1118 4116 basilicam
1173 4047 1235 4116 ξ.
1289 4043 1596 4107 Felicitatis,
1620 4043 1704 4116 cui
1733 4043 1883 4116 ruina
1933 4043 2168 4116 immine-

542 4176 543 4179 η
575 4113 679 4171 bat.
720 4116 784 4169 Et
813 4115 1160 4185 pauloinl‘ra:
1190 4114 1292 4168 Hic
1315 4116 1433 4185 fecit
1455 4115 1792 4169 caemeterium
1811 4113 1844 4166 .1
1853 4113 2168 4167 ordanorum

575 4187 633 4259 in
679 4186 860 4259 melius
908 4196 1113 4259 prapter
1161 4201 1347 4252 corpus
1392 4187 1454 4240 S.
1503 4186 1803 4240 Alexandri.
1830 4185 1916 4259 De
1946 4186 2164 4259 aliogS.

576 4256 882 4313 Alexandro
905 4256 1160 4327 epiSeopo
1189 4268 1242 4312 et
1270 4269 1504 4328 martyre
1528 4298 1542 4321 ,
1587 4258 2025 4328 martyrnlogium
2064 4257 2169 4311 Ro-

576 4345 795 4385 manum
842 4329 906 4385 21
938 4328 1271 4399 Septembris
1307 4348 1319 4381 :
1372 4327 1551 4383 Roma:
1590 4330 1673 4381 via
1706 4327 1941 4399 Claudia
1992 4344 2059 4382 xx
2106 4328 2168 4382 ab

582 4400 717 4457 Urbe
738 4398 1023 4466 milliario,’
1048 4401 1219 4469 passio
1252 4399 1312 4454 S.
1362 4401 1641 4456 Alexandri
1686 4398 1936 4470 Episcopi
1964 4442 1976 4463 ,
2035 4411 2166 4466 elc.,

577 4476 726 4564 cujus
748 4491 932 4564 corpus
954 4484 1127 4564 pastea
1235 4470 1504 4564 Damasus
1557 4474 1767 4555 papain
1798 4470 1986 4564 Urbem
2026 4482 2167 4525 tran-
2196 4505 2249 4564 D

574 4542 742 4611 stulit,
767 4562 815 4599 vt
844 4542 963 4599 kal.
981 4542 1295 4607 Decembris,
1318 4562 1416 4616 quo
1444 4546 1526 4599 die
1548 4545 1866 4615 festivitatem
1894 4544 2034 4598 illius
2084 4560 2166 4597 ce-

576 4618 872 4672 lebrandam
891 4616 1130 4671 instituit.
1157 4617 1225 4671 Et
1245 4616 1296 4670 itt
1322 4618 1489 4671 veteri
1518 4617 1759 4687 Rmuanu
1783 4616 2166 4687 martyrologio

577 4690 716 4758 apud
748 4689 990 4744 Adonem
1034 4688 1104 4743 ‘26
1152 4687 1509 4743 Novembris:
1546 4686 1690 4740 Beati
1737 4686 2018 4758 Alertmdri
2058 4687 2169 4755 epi-

578 4756 785 4831 scOpi_et
808 4761 1048 4831 martyris
1065 4760 1204 4831 passi
1220 4775 1269 4813 ιι
1293 4758 1399 4812 kal.
1419 4758 1653 4831 Octobris
1674 4775 1705 4831 a
1730 4774 1863 4827 papa
1878 4756 2104 4812 Damaso
2116 4773 2166 4811 Vl

579 4828 683 4882 kat.
704 4828 992 4884 Decembris
1017 4828 1281 4888 translati.
1307 4829 1511 4900 quando
1539 4830 1861 4899 festivitatem
1886 4832 1930 4884 ei
1946 4831 2169 4895 dicavit;

581 4915 636 4955 et
648 4900 840 4954 Petrus
864 4903 931 4956 de
946 4901 1224 4955 Natalibus
1237 4901 1287 4955 in
1301 4902 1559 4971 Catalugn
1583 4900 1925 4961 Sanctorum.
1946 4902 2038 4955 lib.
2057 4916 2167 4967 Vllt,

578 4986 630 5044 c.
665 4971 789 5044 j_0l,
822 4973 889 5027 de
919 4974 1067 5041 ipso:
1096 4972 1321 5027 Sanctus
1342 4982 1510 5027 autem
1527 4986 1719 5044 ntartyr
1748 4974 1827 5026 via
1852 4972 2070 5027 Claudia
2095 4988 2171 5026 xx

579 5043 643 5099 ab
660 5041 796 5098 Urbe
816 5044 1059 5098 milliaria
1075 5044 1258 5099 ductus
1280 5056 1377 5113 est,
1399 5054 1501 5100 etc.
1525 5062 1539 5112 ;
1564 5047 1651 5100 sed
1661 5041 1785 5117 'post
1804 5044 2011 5099 modum
2038 5060 2175 5114 papa

655 5265 680 5330 ’ξ
708 5254 845 5330 Ven:
865 5250 1391 5330 card-Themis}.
1412 5250 1577 5330 92":
1599 5320 1609 5330 .
1633 5258 1763 5330 '9'":
1797 5246 2008 5330 Vtrae.-
2038 5244 2163 5330 “Tt-‘3:

522 5334 529 5341 '
583 5343 614 5383 ι
662 5326 865 5382 kalend.
909 5324 1057 5381 Junii
1083 5342 1102 5381 .'
1133 5322 1324 5378 Natale
1352 5322 1414 5378 S.
1434 5317 1698 5393 :Euthicii.
1729 5319 1784 5375 In
1811 5317 2033 5388 reliquis
2055 5317 2164 5372 vid.

581 5401 1089 5529 sagagienitirarm.
1117 5468 1183 5525 de
1205 5478 1393 5523 sancto
1430 5465 1628 5522 Paulo:
1651 5464 1830 5525 sensit,
1864 5470 2028 5533 posset
2053 5460 2175 5531 quid

585 5541 929 5614 gloriaixiPl.
957 5544 1034 5598 De
1053 5543 1153 5601 SS.
1176 5540 1349 5614 Nereo
1370 5552 1423 5594 ct
1449 5538 1674 5614 Acltil‘t-o
1697 5555 1709 5591 :
1734 5536 1891 5614 possit
1917 5533 2041 5614 quid
2064 5534 2177 5614 ριρτ

584 5605 663 5698 ξίιξ
694 5613 741 5669 Χ
750 5613 829 5667 ΡΙ
837 5615 953 5698 ..οε
976 5623 1163 5671 sancto
1192 5613 1516 5685 Laurentio;
1548 5610 1764 5665 Vincere
1794 5605 2041 5661 Laurenti
2064 5605 2176 5659 sola

625 5685 659 5737 d
867 5688 877 5698 '
906 5730 919 5741 .

583 5686 623 5757 ﬁ
661 5695 975 5825 f‘\lifl‘.ui|tuat
1001 5758 1066 5814 ad
1083 5757 1185 5813 hoc
1210 5756 1489 5813 observavi
1508 5754 1575 5812 de
1598 5753 1812 5809 Damas.
1828 5766 2023 5820 cartu.,
2046 5764 2166 5822 cap.

581 5828 677 5900 25,
700 5828 729 5902 §
754 5827 812 5896 2,
843 5843 899 5883 ιι.
936 5829 1021 5884 10.

1796 271 2045 329 SANCTI
2085 270 2346 330 DAMAS]
2384 270 2590 328 ΡΑΡᾸΞ

2180 408 2233 469 Α

1884 3115 1984 3170 Hic
2037 3088 2158 3184 fecii
2188 3088 2231 3148 C

3757 271 3863 327 592

2260 384 2551 453 Quaritur,
2565 383 2823 454 juventus
2842 383 3060 449 colitur,
3091 382 3265 449 fovet,
3291 382 3476 439 omnia
3507 393 3747 454 praestat.

2258 474 2544 547 Expressit
2573 477 2836 533 Damasus
2863 477 3115 533 meritum
3147 489 3411 531 venerare
3432 476 3759 547 sepulcrum.

2807 590 3001 647 CARM
3010 589 3095 646 EN
3131 589 3321 647 XVIII.

2752 697 2773 723 ε
2801 683 2880 740 De
2911 685 2971 739 S.
3006 684 3236 739 Tarsicio
3264 687 3308 739 ².

2328 781 2432 837 Par
2457 754 2707 835 meritorii
2730 780 3056 850 quicumque
3076 780 3211 848 legis
3233 793 3512 851 cognosce
3542 780 3804 848 duorum,

2256 872 2548 946 Quisquisd
2569 875 2828 929 Damasus
2841 874 3269 929 Rectortitulos°
3286 886 3405 943 post
3423 876 3645 946 prtemia
3670 876 3861 933 reddit.

2261 968 2516 1024 Judaicus
2540 969 2766 1039 populus
2783 1011 2797 1036 ,
2826 967 3159 1037 Stephanum
3183 968 3403 1023 meliora
3437 982 3750 1026 monentem

2259 1063 2574 1119 Perculerat
2596 1063 2742 1118 saxis
2767 1061 2786 1100 τ
2822 1063 3018 1118 tulerat
3038 1063 3129 1133 qui
3159 1078 3224 1119 ex
3256 1064 3408 1119 hoste
3433 1073 3719 1134 tropteum.

2259 1153 2576 1225 Martyrium
2622 1155 2827 1221 primus
2860 1155 3037 1223 rapuit
3064 1153 3223 1209 levita
3250 1155 3440 1210 litielis.

2262 1249 2562 1304 Tarsicium
2594 1258 2842 1305 sanctum
2873 1246 3075 1303 Christi
3109 1259 3447 1304 sacramenta
3483 1257 3788 1320 gerentem,

2266 1343 2402 1399 Cum
2428 1344 2568 1400 male
2600 1360 2729 1399 sana
2758 1357 2949 1398 manus
2980 1353 3187 1413 peteret
3215 1342 3431 1413 vulgare
3463 1341 3723 1413 profanis,

2262 1434 2383 1505 Ipse
2414 1437 2649 1491 animam
2679 1438 2857 1507 potius
2885 1436 3056 1490 voluit
3085 1435 3360 1490 dimittere
3391 1450 3570 1490 caesus
3595 1478 3609 1501 ,

2261 1527 2503 1585 Prodere
2525 1546 2684 1600 quam
2712 1529 2935 1585 canibus
2967 1522 3172 1584 rabidis
3196 1538 3221 1575 ε
3254 1527 3501 1586 ρωιεειὶιι
3529 1528 3797 1585 membra.

2191 1691 2240 1751 B
2268 1687 2528 1745 Damasus
2555 1700 2786 1760 cryptam
2809 1689 3108 1761 fabricavit,
3132 1698 3179 1743 et
3209 1688 3395 1743 ibidem
3414 1690 3583 1758 ipsum
3612 1689 3865 1761 deposuit.

2347 1764 2361 1794 ¹
2397 1760 2835 1832 Martyrologium
2895 1761 3196 1816 Romanum
3251 1761 3318 1815 10
3356 1761 3660 1824 Februarii,
3696 1760 3871 1817 (tanta?

2272 1834 2333 1890 S.
2363 1834 2607 1901 Eutycltii
2634 1835 2898 1904 martyris,
2924 1834 3013 1902 qui
3039 1834 3239 1886 illustre
3273 1834 3577 1904 martyrium
3633 1850 3871 1887 consum-

2270 1907 2445 1970 mavit,
2473 1903 2802 1973 sepultusque
2822 1906 2875 1957 in
2906 1904 3191 1976 cozmetetio
3242 1903 3461 1963 Callisti,
3503 1912 3651 1976 cuius
3701 1907 3846 1976 sepul

2270 1995 2411 2032 crum
2443 1978 2503 2033 S.
2532 1976 2787 2031 Damasus
2805 1994 2941 2045 papa
2962 1975 3193 2029 versibus
3219 1976 3508 2029 exornavit.
3543 1976 3608 2029 Et
3634 1975 3736 2030 hoc
3756 1975 3872 2043 epi-

2270 2067 2508 2120 gramma
2535 2050 2600 2103 ad
2631 2050 2769 2102 banc
2793 2050 2933 2102 diem
2958 2061 3127 2100 exuat
3166 2049 3217 2101 in
3244 2062 3550 2120 marmorea
3578 2049 3757 2120 tabula
3789 2047 3870 2103 in-

2269 2118 2441 2177 cisum
2476 2122 2525 2175 in
2559 2120 2851 2174 basiliens.
2884 2119 3211 2183 Sebastiani,
3238 2118 3430 2173 melius
3458 2134 3520 2172 ac
3550 2119 3782 2183 lideIius,
3814 2130 3870 2175 ut

2270 2195 2324 2247 in
2348 2210 2500 2258 saxo,
2521 2193 2723 2248 editum
2751 2207 2779 2245 a
2800 2190 3126 2245 Panvinioin
3151 2191 3369 2245 lIIII‘Otle
3394 2201 3601 2261 septem
3620 2191 3865 2245 ecclesiis

2270 2265 2451 2325 Urbis,
2513 2274 2568 2320 et
2615 2279 2643 2317 a
2677 2263 2912 2317 Barunio
2949 2263 3000 2316 iu
3049 2262 3475 2331 Martyrologio,
3510 2274 3641 2315 tum.
3704 2264 3864 2316 etiam

2271 2336 2389 2402 XII,
2413 2337 2464 2391 in
2492 2335 2893 2406 Appendicibtts
2921 2350 2987 2389 ex
3021 2335 3120 2387 hoc
3153 2341 3330 2387 tamen
3360 2334 3774 2406 inscriptionum
3804 2335 3867 2387 li-

2271 2409 2389 2472 bro,
2416 2424 2479 2464 ac
2511 2404 2565 2462 ιιί
2589 2408 2783 2473 legitur
2831 2406 2883 2460 in
2934 2421 3039 2469 eo;
3076 2420 3172 2458 nos
3200 2414 3381 2459 autem
3427 2404 3559 2459 illud
3604 2420 3727 2460 cum
3781 2421 3867 2458 ar-

2270 2481 2503 2553 cbetypu
2532 2480 2885 2553 contulimus,
2920 2494 2981 2553 ac
3005 2487 3067 2553 ιιι
3089 2492 3251 2544 supra
3282 2476 3692 2553 exscripsimus.
3734 2476 3864 2553 Nam

2269 2547 2510 2615 versit’5,
2543 2549 2833 2604 Paniiuius
2854 2549 3065 2613 scribit,
3092 2557 3444 2613 monstrante;
3498 2547 3762 2601 Baronins
3814 2552 3863 2604 in

2271 2624 2658 2696 Martyrologio
2706 2621 3083 2696 monstrantis;
3126 2634 3316 2696 ve_rsu_
3355 2618 3388 2673 8
3452 2619 3865 2696 Inscriptionum

2270 2689 2444 2763 liber',
2493 2689 2724 2759 tulerat;
2771 2693 2906 2760 lapis
2939 2691 3138 2763 habet,
3183 2689 3467 2753 intulerat;
3521 2705 3584 2745 ac
3626 2692 3868 2759 sequitur

2270 2761 2477 2830 versus,
2511 2782 2573 2821 ac
2616 2763 2938 2832 principium
2967 2761 3195 2817 alterius
3221 2805 3236 2829 ,
3272 2773 3327 2814 ut
3371 2764 3622 2830 superius
3670 2762 3858 2830 babes,

2269 2838 2412 2908 quod
2438 2841 2487 2892 iu
2511 2854 2575 2892 eo
2604 2838 2739 2890 libro
2762 2834 2941 2889 delicit
2963 2876 2976 2897 ,
3029 2836 3255 2908 duorum
3284 2832 3427 2886 enim
3456 2848 3714 2908 versuum
3749 2851 3863 2890 me-

2268 2904 2523 2965 dietatem
2555 2908 2604 2961 in
2639 2924 2801 2960 unum
2827 2904 3198 2974 transcripsit,
3232 2919 3295 2957 ac
3322 2920 3386 2958 ex
3436 2904 3667 2958 duorum
3717 2916 3867 2975 parte

2269 2997 2434 3035 unum
2484 2980 2626 3034 fecit.
2663 2980 2870 3048 Corpus
2899 2988 3076 3032 autem
3126 2975 3595 3048 sanctiﬁutycltii
3646 2992 3708 3031 ex
3763 2977 3867 3032 hoc

2272 3054 2388 3107 loco
2431 3052 2749 3106 translatum
2773 3045 2932 3118 'jacet
2960 3049 3012 3102 itt
3042 3047 3261 3103 basilica
3308 3045 3365 3101 S.
3398 3045 3677 3118 Laurentii
3712 3050 3868 3103 titulo

2270 3125 2479 3178 Damasi
2508 3124 2610 3176 sub
2637 3137 2727 3175 ara
2754 3117 2966 3188 majori,
3013 3120 3099 3172 ubi
3132 3129 3186 3172 et
3219 3117 3433 3172 Damasi
3458 3117 3625 3187 ipsius
3654 3130 3870 3175 exstant

2263 3196 2505 3265 corporis
2524 3194 2785 3265 reliquim,
2803 3194 3100 3262 legiturque
3117 3208 3127 3243 :
3144 3191 3235 3265 sub
3253 3188 3349 3243 hoc
3363 3191 3516 3244 altari
3528 3191 3868 3265 conditasunl

2265 3260 2481 3337 corpora
2510 3268 2571 3337 S.
2587 3263 2802 3317 Damasi
2825 3260 2975 3333 papa:
2997 3274 3041 3317 et
3059 3264 3389 3333 confessoris,
3411 3271 3456 3315 et
3483 3263 3647 3316 sancti
3678 3260 3870 3317 Clu-isti

2265 3340 2505 3410 martyris
2552 3336 2813 3406 Etttycltii.

2341 3413 2360 3442 ³
2401 3403 2620 3478 Ἀειδὶρε,
2643 3403 2689 3462 et
2716 3406 2942 3476 ejusdem
2966 3404 3182 3459 Damasi
3204 3405 3522 3478 epigramma
3545 3405 3611 3478 de
3635 3403 3866 3478 Tarsicio

2265 3494 2493 3552 martyre
2514 3476 2715 3535 sacram
2741 3478 3103 3552 eucharistiam
3122 3488 3372 3552 gestante.
3408 3476 3553 3552 Idem
3580 3476 3868 3552 B.trmii_us,

2267 3558 2357 3617 qui
2404 3548 2569 3608 'versu
2620 3551 3067 3620 antepenultimn,
3119 3549 3265 3617 quod
3293 3564 3360 3602 ex
3389 3550 3723 3620 membranis
3767 3548 3869 3602 Pa-

2268 3625 2447 3679 latinis
2480 3625 2693 3692 pulgare
2716 3619 2996 3692 perperam
3023 3621 3240 3690 legitur,
3275 3620 3559 3692 legendum
3583 3619 3758 3675 credit
3778 3636 3870 3688 pc—

2270 3706 2393 3751 teret
2418 3690 2646 3767 vulgare,
2679 3690 2783 3763 qua
2813 3690 3029 3746 dicendi
3053 3692 3304 3756 furinula,
3329 3700 3386 3746 et.
3418 3690 3663 3757 Owdius,
3695 3707 3753 3757 ιι,
3800 3691 3868 3746 de

2270 3770 2401 3823 Arte
2432 3766 2647 3821 amandi
2680 3768 2848 3819 utitur
2883 3782 2896 3817 :

2456 3860 2575 3919 Quis
2598 3857 2798 3909 Cereris
2820 3857 2947 3907 ritus
2970 3854 3119 3905 audet
3140 3853 3348 3917 vulgare
3373 3853 3624 3917 profanis?

2271 3963 2557 4037 Trnptenm
2588 3974 2767 4019 autem
2796 3963 3041 4037 ltoclocp
3082 3960 3202 4015 sine
3247 3959 3578 4037 aSpiratione
3605 3958 3867 4037 scriptum

2274 4031 2443 4093 veteri
2476 4052 2650 4101 more,
2676 4038 2865 4091 Cicero
2906 4034 2959 4088 in
2996 4034 3257 4097 Oratore,
3284 4034 3348 4085 ad
3391 4032 3617 4085 Brutum
3670 4048 3681 4083 :
3741 4031 3870 4083 Cum

2271 4111 2452 4164 scirem
2474 4111 2543 4162 ita
2575 4108 2797 4178 majores
2824 4109 3020 4161 locutos
3067 4122 3173 4178 esse
3202 4146 3215 4167 ,
3264 4114 3321 4178 ut
3362 4119 3616 4178 nusquam
3660 4102 3760 4178 nisi
3816 4104 3872 4156 iu

2273 4182 2459 4243 vocali.
2489 4176 2801 4252 aspiratione
2825 4186 3124 4252 uterentur;
3155 4176 3396 4252 loquebar
3435 4176 3509 4228 sic
3550 4183 3606 4227 ut
3638 4176 3868 4252 pulcros,

2273 4264 2320 4308 et
2352 4245 2600 4324 Cetegoi,
2663 4254 2955 4324 triumpos,
3000 4248 3498 4324 Cartaginem,e_tc.,
3562 4245 3759 4324 passim
3818 4246 3871 4324 in

2273 4317 2513 4395 antiquis
2564 4317 3007 4391 inscriptionibus
3036 4394 3039 4395 ν
3065 4317 3323 4395 tropieum
3388 4319 3631 4395 legitur:
3682 4317 3870 4395 Cra-ci

2273 4387 2560 4474 τροπὰῐον)
2590 4397 2713 4474 vide
2738 4387 2987 4474 Nomina.
3019 4391 3096 4445 Ad
3119 4387 3543 4474 lipig‘ratnmatis
3561 4387 3873 4474 intelligen-

2278 4459 2404 4526 tiam
2464 4459 2583 4522 vide
2634 4464 3075 4537 Martyrologium
3114 4461 3177 4515 I5
3230 4463 3479 4537 Augusti,
3532 4459 3735 4537 _ubi.el
3790 4460 3874 4512 via

2278 4542 2443 4610 Appia
2472 4542 2524 4593 in
2547 4532 2829 4610 caemeterio
2856 4532 3068 4589 Callia'ti
3098 4532 3382 4610 sepultum,
3397 4535 3543 4610 quod
3572 4543 3626 4586 et
3648 4532 3709 4610 iit
3729 4548 3873 4610 mar-

2279 4604 2417 4685 tyrio
2446 4612 2501 4667 S.
2535 4609 2983 4685 Stepbaui_p_apa:
3029 4608 3169 4675 apud
3216 4605 3658 4685 Metapltrastetnn
3680 4604 3873 4684 {Au-

2276 4674 2441 4754 g'usti,
2466 4684 2553 4754 qui
2573 4674 2656 4736 es".
2683 4674 3298 4754 apttd'piputttan._tnm.
3316 4675 3430 4739 VII,
3446 4675 3595 4754 apud
3626 4674 3873 4754 Suriuﬂnﬁt,

2280 4745 2517 4819 iomJV,
2538 4754 2603 4807 de
2627 4745 2733 4823 qua
2759 4761 2813 4807 el
2843 4752 3035 4823 Petrus
3055 4751 3105 4823 in
3135 4748 3416 4823 Catalugo,
3446 4746 3542 4823 lib.
3570 4761 3665 4809 \‘ll,
3694 4761 3742 4799 c.
3774 4745 3870 4801 66.

2280 4825 2415 4881 Vide
2443 4836 2497 4881 et
2528 4819 2858 4877 notatinnetn
2890 4822 3108 4876 Barnuii
3151 4823 3202 4872 in
3243 4819 3591 4890 Martyrolug.
3620 4833 3635 4881 ;
3685 4831 3750 4890 ac
3793 4832 3876 4890 ne

2282 4897 2493 4953 mireris
2517 4897 2784 4965 acolytutn
2826 4895 3024 4947 Christi
3056 4892 3270 4965 Corpus
3322 4886 3645 4965 gestantem.
3700 4886 3875 4965 liuius

2281 4969 2453 5024 sancti
2485 4957 2683 5036 corpus
2712 4965 2766 5019 in
2791 4964 3021 5019 ecclesia
3055 4964 3115 5019 S.
3146 4957 3391 5019 Silvestri
3418 4963 3470 5036 in
3498 4957 3702 5036 Campo
3729 4959 3876 5036 Μςιιητ

2284 5041 2358 5097 tio
2381 5029 2725 5109 requiescere
2745 5037 2904 5092 docet
2933 5046 3088 5091 vetus
3116 5047 3423 5091 marmorea
3450 5032 3757 5102 inscriptio,
3788 5029 3876 5085 cui

2346 5241 2372 5280 (ί
2413 5243 2577 5298 Forte
2610 5241 2784 5309 Queis.

2356 5350 2377 5376 υ
2420 5339 2509 5394 Sic
2534 5338 2691 5392 dicta:
2719 5333 3052 5405 sepulcrales
3087 5333 3503 5405 inscriptiones:
3530 5332 3683 5405 locos
3704 5330 3875 5387 babes

2280 5410 2750 5481 frequentissimus
2776 5404 2913 5478 apud
2942 5404 3331 5469 Gruterum,et
3357 5404 3726 5460 Muratorium.

2356 5503 2373 5541 ί
2417 5504 2596 5557 Carm.
2631 5502 2696 5558 de
2718 5502 2774 5557 S.
2800 5500 3005 5555 Paulo:
3040 5501 3226 5553 tulerat
3254 5514 3368 5568 quia
3390 5513 3455 5551 ea:
3481 5495 3626 5551 hoste
3655 5505 3875 5563 tropica;

2279 5590 2497 5633 carmen
2525 5574 2594 5630 de
2620 5574 2869 5645 Sepulcru
2886 5588 3011 5627 suo:
3042 5580 3247 5645 portant
3276 5570 3363 5645 qui
3392 5586 3456 5625 ea;
3474 5570 3623 5623 Itaste
3644 5580 3879 5638 tropaea;

2278 5660 2334 5705 et
2362 5650 2413 5704 in
2440 5642 2699 5718 append.,
2728 5662 2785 5700 n.
2808 5643 2873 5697 4.
2900 5644 3112 5715 sumpsit
3138 5644 3223 5713 qui
3252 5657 3318 5697 ea:
3342 5642 3484 5696 hoste
3514 5652 3727 5712 tropaea.

2354 5739 2633 5813 sVidcant
2661 5737 2977 5795 beterodoxi
3000 5752 3187 5795 eorum
3214 5745 3517 5809 temporum
3548 5735 3728 5794 fidem.
