  <div class='ocr_page' id='page_1' title='image "/cluster/home/n/w/nwhite01/storage/ocr_20150623/13/hvd.32044096580428/202.png"; bbox 0 0 4200 6178; ppageno 0'>
   <div class='ocr_carea' id='block_1_1' title="bbox 376 225 483 283">
    <p class='ocr_par' dir='ltr' id='par_1_1' title="bbox 376 225 483 283">
     <span class='ocr_line' id='line_1_1' title="bbox 376 225 483 283; baseline 0 -1"><span class='ocrx_word' id='word_1_1' title='bbox 376 225 483 283; x_wconf 83' lang='grc'><strong>’595</strong></span> 
     </span>
    </p>
   </div>
   <div class='ocr_carea' id='block_1_2' title="bbox 942 339 1425 398">
    <p class='ocr_par' dir='ltr' id='par_1_2' title="bbox 942 339 1425 398">
     <span class='ocr_line' id='line_1_2' title="bbox 942 339 1425 398; baseline -0.002 -1"><span class='ocrx_word' id='word_1_2' title='bbox 942 339 1226 398; x_wconf 82' lang='lat' dir='ltr'><strong>CARMEN</strong></span> <span class='ocrx_word' id='word_1_3' title='bbox 1279 341 1425 398; x_wconf 78' lang='lat' dir='ltr'><strong>XIX.</strong></span> 
     </span>
    </p>
   </div>
   <div class='ocr_carea' id='block_1_3' title="bbox 825 432 1537 506">
    <p class='ocr_par' dir='ltr' id='par_1_3' title="bbox 825 432 1537 506">
     <span class='ocr_line' id='line_1_3' title="bbox 825 432 1537 506; baseline 0.003 -21"><span class='ocrx_word' id='word_1_4' title='bbox 825 434 837 464; x_wconf 86' lang='grc'>¹</span> <span class='ocrx_word' id='word_1_5' title='bbox 880 432 959 489; x_wconf 89' lang='lat' dir='ltr'><strong>De</strong></span> <span class='ocrx_word' id='word_1_6' title='bbox 996 444 1172 490; x_wconf 89' lang='lat' dir='ltr'><strong>sancto</strong></span> <span class='ocrx_word' id='word_1_7' title='bbox 1200 434 1463 506; x_wconf 87' lang='lat' dir='ltr'><strong>Gorgonio</strong></span> <span class='ocrx_word' id='word_1_8' title='bbox 1488 445 1537 487; x_wconf 59' lang='lat' dir='ltr'><strong>tt.</strong></span> 
     </span>
    </p>
   </div>
   <div class='ocr_carea' id='block_1_4' title="bbox 378 524 1817 599">
    <p class='ocr_par' dir='ltr' id='par_1_4' title="bbox 378 524 1817 599">
     <span class='ocr_line' id='line_1_4' title="bbox 378 524 1817 599; baseline 0.003 -18"><span class='ocrx_word' id='word_1_9' title='bbox 378 524 629 597; x_wconf 77' lang='lat' dir='ltr'><strong>Martyris</strong></span> <span class='ocrx_word' id='word_1_10' title='bbox 658 524 745 581; x_wconf 85' lang='lat' dir='ltr'><strong>hic</strong></span> <span class='ocrx_word' id='word_1_11' title='bbox 778 526 1014 582; x_wconf 90' lang='lat' dir='ltr'><strong>tumulus</strong></span> <span class='ocrx_word' id='word_1_12' title='bbox 1036 543 1230 599; x_wconf 84' lang='lat' dir='ltr'><strong>magno</strong></span> <span class='ocrx_word' id='word_1_13' title='bbox 1256 528 1356 583; x_wconf 87' lang='lat' dir='ltr'><strong>sub</strong></span> <span class='ocrx_word' id='word_1_14' title='bbox 1383 529 1586 584; x_wconf 92' lang='lat' dir='ltr'><strong>vertice</strong></span> <span class='ocrx_word' id='word_1_15' title='bbox 1618 530 1817 586; x_wconf 89' lang='lat' dir='ltr'><strong>montis</strong></span> 
     </span>
    </p>
   </div>
   <div class='ocr_carea' id='block_1_5' title="bbox 377 617 1805 691">
    <p class='ocr_par' dir='ltr' id='par_1_5' title="bbox 377 617 1805 691">
     <span class='ocr_line' id='line_1_5' title="bbox 377 617 1805 691; baseline 0 -17"><span class='ocrx_word' id='word_1_16' title='bbox 377 617 709 689; x_wconf 82' lang='lat' dir='ltr'><strong>Gorgonium</strong></span> <span class='ocrx_word' id='word_1_17' title='bbox 741 620 939 675; x_wconf 91' lang='lat' dir='ltr'><strong>retinet</strong></span> <span class='ocrx_word' id='word_1_18' title='bbox 968 619 1019 688; x_wconf 68' lang='grc' dir='ltr'><strong>δ,</strong></span> <span class='ocrx_word' id='word_1_19' title='bbox 1051 629 1235 676; x_wconf 83' lang='lat' dir='ltr'><strong>servat</strong></span> <span class='ocrx_word' id='word_1_20' title='bbox 1256 621 1347 691; x_wconf 86' lang='lat' dir='ltr'><strong>qui</strong></span> <span class='ocrx_word' id='word_1_21' title='bbox 1371 622 1558 676; x_wconf 89' lang='lat' dir='ltr'><strong>altaria</strong></span> <span class='ocrx_word' id='word_1_22' title='bbox 1581 620 1805 677; x_wconf 82' lang='lat' dir='ltr'><strong>Christi.</strong></span> 
     </span>
    </p>
   </div>
   <div class='ocr_carea' id='block_1_6' title="bbox 376 715 1863 791">
    <p class='ocr_par' dir='ltr' id='par_1_6' title="bbox 376 715 1863 791">
     <span class='ocr_line' id='line_1_6' title="bbox 376 715 1863 791; baseline 0.002 -19"><span class='ocrx_word' id='word_1_23' title='bbox 376 715 476 773; x_wconf 87' lang='lat' dir='ltr'><strong>Hic</strong></span> <span class='ocrx_word' id='word_1_24' title='bbox 496 717 824 789; x_wconf 86' lang='lat' dir='ltr'><strong>quicumque</strong></span> <span class='ocrx_word' id='word_1_25' title='bbox 847 718 1023 785; x_wconf 83' lang='lat' dir='ltr'><strong>venit,</strong></span> <span class='ocrx_word' id='word_1_26' title='bbox 1058 726 1368 774; x_wconf 90' lang='lat' dir='ltr'><strong>sanctorum</strong></span> <span class='ocrx_word' id='word_1_27' title='bbox 1410 719 1597 775; x_wconf 83' lang='lat' dir='ltr'><strong>limina</strong></span> <span class='ocrx_word' id='word_1_28' title='bbox 1625 729 1863 791; x_wconf 79' lang='lat' dir='ltr'><strong>quaerat,</strong></span> 
     </span>
    </p>
   </div>
   <div class='ocr_carea' id='block_1_7' title="bbox 378 810 1593 881">
    <p class='ocr_par' dir='ltr' id='par_1_7' title="bbox 378 810 1593 881">
     <span class='ocr_line' id='line_1_7' title="bbox 378 810 1593 881; baseline 0.004 -16"><span class='ocrx_word' id='word_1_29' title='bbox 378 810 621 868; x_wconf 90' lang='lat' dir='ltr'><strong>Inveniet</strong></span> <span class='ocrx_word' id='word_1_30' title='bbox 652 814 827 869; x_wconf 88' lang='lat' dir='ltr'><strong>vicina</strong></span> <span class='ocrx_word' id='word_1_31' title='bbox 860 814 915 868; x_wconf 88' lang='lat' dir='ltr'><strong>in</strong></span> <span class='ocrx_word' id='word_1_32' title='bbox 942 813 1071 869; x_wconf 91' lang='lat' dir='ltr'><strong>sede</strong></span> <span class='ocrx_word' id='word_1_33' title='bbox 1102 814 1344 869; x_wconf 81' lang='lat' dir='ltr'><strong>habitare</strong></span> <span class='ocrx_word' id='word_1_34' title='bbox 1374 814 1593 881; x_wconf 91' lang='lat' dir='ltr'><strong>beatos,</strong></span> 
     </span>
    </p>
   </div>
   <div class='ocr_carea' id='block_1_8' title="bbox 379 908 1743 980">
    <p class='ocr_par' dir='ltr' id='par_1_8' title="bbox 379 908 1743 980">
     <span class='ocr_line' id='line_1_8' title="bbox 379 908 1743 980; baseline 0 -16"><span class='ocrx_word' id='word_1_35' title='bbox 379 908 459 964; x_wconf 81' lang='lat' dir='ltr'><strong>Ad</strong></span> <span class='ocrx_word' id='word_1_36' title='bbox 479 909 678 965; x_wconf 66' lang='lat' dir='ltr'><strong>caelum</strong></span> <span class='ocrx_word' id='word_1_37' title='bbox 710 909 913 980; x_wconf 89' lang='lat' dir='ltr'><strong>pariter</strong></span> <span class='ocrx_word' id='word_1_38' title='bbox 942 909 1114 980; x_wconf 91' lang='lat' dir='ltr'><strong>pietas</strong></span> <span class='ocrx_word' id='word_1_39' title='bbox 1141 924 1278 980; x_wconf 89' lang='lat' dir='ltr'><strong>quos</strong></span> <span class='ocrx_word' id='word_1_40' title='bbox 1303 910 1452 965; x_wconf 81' lang='lat' dir='ltr'><strong>vexit</strong></span> <span class='ocrx_word' id='word_1_41' title='bbox 1477 922 1497 949; x_wconf 76' lang='grc' dir='ltr'><strong>ο</strong></span> <span class='ocrx_word' id='word_1_42' title='bbox 1527 916 1743 966; x_wconf 87' lang='lat' dir='ltr'><strong>euntes.</strong></span> 
     </span>
    </p>
   </div>
   <div class='ocr_carea' id='block_1_9' title="bbox 949 1000 1389 1058">
    <p class='ocr_par' dir='ltr' id='par_1_9' title="bbox 949 1000 1389 1058">
     <span class='ocr_line' id='line_1_9' title="bbox 949 1000 1389 1058; baseline 0.005 -3"><span class='ocrx_word' id='word_1_43' title='bbox 949 1000 1234 1058; x_wconf 80' lang='lat' dir='ltr'><strong>CABMEN</strong></span> <span class='ocrx_word' id='word_1_44' title='bbox 1273 1001 1389 1057; x_wconf 82' lang='lat' dir='ltr'><strong>XX.</strong></span> 
     </span>
    </p>
   </div>
   <div class='ocr_carea' id='block_1_10' title="bbox 746 1092 1624 1166">
    <p class='ocr_par' dir='ltr' id='par_1_10' title="bbox 746 1092 1624 1166">
     <span class='ocr_line' id='line_1_10' title="bbox 746 1092 1624 1166; baseline 0 -19"><span class='ocrx_word' id='word_1_45' title='bbox 746 1105 765 1134; x_wconf 73' lang='grc'>³</span> <span class='ocrx_word' id='word_1_46' title='bbox 794 1093 872 1149; x_wconf 90' lang='lat' dir='ltr'><strong>De</strong></span> <span class='ocrx_word' id='word_1_47' title='bbox 897 1094 959 1149; x_wconf 90' lang='lat' dir='ltr'><strong>S.</strong></span> <span class='ocrx_word' id='word_1_48' title='bbox 997 1094 1281 1151; x_wconf 81' lang='lat' dir='ltr'><strong>Saturnino</strong></span> <span class='ocrx_word' id='word_1_49' title='bbox 1311 1104 1536 1166; x_wconf 79' lang='lat' dir='ltr'><strong>martyre</strong></span> <span class='ocrx_word' id='word_1_50' title='bbox 1575 1092 1624 1147; x_wconf 75' lang='grc' dir='ltr'><strong>ἀ.</strong></span> 
     </span>
    </p>
   </div>
   <div class='ocr_carea' id='block_1_11' title="bbox 381 1184 1811 1259">
    <p class='ocr_par' dir='ltr' id='par_1_11' title="bbox 381 1184 1811 1259">
     <span class='ocr_line' id='line_1_11' title="bbox 381 1184 1811 1259; baseline 0.001 -19"><span class='ocrx_word' id='word_1_51' title='bbox 381 1184 631 1258; x_wconf 82' lang='lat' dir='ltr'><strong>Tempore</strong></span> <span class='ocrx_word' id='word_1_52' title='bbox 653 1201 754 1255; x_wconf 90' lang='lat' dir='ltr'><strong>quo</strong></span> <span class='ocrx_word' id='word_1_53' title='bbox 781 1186 988 1259; x_wconf 78' lang='lat' dir='ltr'><strong>gladius</strong></span> <span class='ocrx_word' id='word_1_54' title='bbox 1014 1196 1037 1223; x_wconf 72' lang='grc' dir='ltr'>θ</span> <span class='ocrx_word' id='word_1_55' title='bbox 1068 1188 1225 1242; x_wconf 90' lang='lat' dir='ltr'><strong>secuit</strong></span> <span class='ocrx_word' id='word_1_56' title='bbox 1247 1188 1333 1258; x_wconf 87' lang='lat' dir='ltr'><strong>pia</strong></span> <span class='ocrx_word' id='word_1_57' title='bbox 1353 1187 1547 1242; x_wconf 87' lang='lat' dir='ltr'><strong>viscera</strong></span> <span class='ocrx_word' id='word_1_58' title='bbox 1575 1187 1763 1241; x_wconf 81' lang='lat' dir='ltr'><strong>Matris</strong></span> <span class='ocrx_word' id='word_1_59' title='bbox 1796 1187 1811 1226; x_wconf 71' lang='grc' dir='ltr'><strong>ί</strong></span> 
     </span>
    </p>
   </div>
   <div class='ocr_carea' id='block_1_12' title="bbox 379 1320 1977 1394">
    <p class='ocr_par' dir='ltr' id='par_1_12' title="bbox 379 1320 1977 1394">
     <span class='ocr_line' id='line_1_12' title="bbox 379 1320 1977 1394; baseline 0 -15"><span class='ocrx_word' id='word_1_60' title='bbox 379 1326 468 1379; x_wconf 91' lang='lat' dir='ltr'><strong>hic</strong></span> <span class='ocrx_word' id='word_1_61' title='bbox 492 1324 713 1379; x_wconf 87' lang='lat' dir='ltr'><strong>titulus:</strong></span> <span class='ocrx_word' id='word_1_62' title='bbox 743 1322 798 1394; x_wconf 63' lang='grc' dir='ltr'><strong>’ξπ</strong></span> <span class='ocrx_word' id='word_1_63' title='bbox 824 1321 893 1376; x_wconf 88' lang='lat' dir='ltr'><strong>In</strong></span> <span class='ocrx_word' id='word_1_64' title='bbox 923 1341 978 1377; x_wconf 85' lang='grc' dir='ltr'><strong>η.</strong></span> <span class='ocrx_word' id='word_1_65' title='bbox 1002 1320 1217 1378; x_wconf 85' lang='lat' dir='ltr'><strong>Domini</strong></span> <span class='ocrx_word' id='word_1_66' title='bbox 1237 1324 1346 1380; x_wconf 68' lang='lat' dir='ltr'><strong>hare</strong></span> <span class='ocrx_word' id='word_1_67' title='bbox 1373 1336 1445 1380; x_wconf 86' lang='lat' dir='ltr'><strong>est</strong></span> <span class='ocrx_word' id='word_1_68' title='bbox 1479 1325 1671 1379; x_wconf 88' lang='lat' dir='ltr'><strong>noticia</strong></span> <span class='ocrx_word' id='word_1_69' title='bbox 1704 1324 1977 1379; x_wconf 84' lang='lat' dir='ltr'><strong>natalicio-</strong></span> 
     </span>
    </p>
   </div>
   <div class='ocr_carea' id='block_1_13' title="bbox 380 1393 1975 1467">
    <p class='ocr_par' dir='ltr' id='par_1_13' title="bbox 380 1393 1975 1467">
     <span class='ocr_line' id='line_1_13' title="bbox 380 1393 1975 1467; baseline 0.002 -20"><span class='ocrx_word' id='word_1_70' title='bbox 380 1413 496 1450; x_wconf 88' lang='lat' dir='ltr'><strong>rum</strong></span> <span class='ocrx_word' id='word_1_71' title='bbox 523 1393 835 1467; x_wconf 70' lang='lat' dir='ltr'><strong>Sanctorum</strong></span> <span class='ocrx_word' id='word_1_72' title='bbox 864 1393 948 1448; x_wconf 87' lang='lat' dir='ltr'><strong>hic</strong></span> <span class='ocrx_word' id='word_1_73' title='bbox 974 1398 1396 1465; x_wconf 81' lang='lat' dir='ltr'><strong>requiescentium</strong></span> <span class='ocrx_word' id='word_1_74' title='bbox 1420 1412 1438 1460; x_wconf 88' lang='lat'><strong><em>;</em></strong></span> <span class='ocrx_word' id='word_1_75' title='bbox 1463 1396 1660 1452; x_wconf 90' lang='lat' dir='ltr'><strong>deinde</strong></span> <span class='ocrx_word' id='word_1_76' title='bbox 1688 1398 1938 1467; x_wconf 85' lang='lat' dir='ltr'><strong>sequit_ur</strong></span> <span class='ocrx_word' id='word_1_77' title='bbox 1963 1414 1975 1450; x_wconf 92' lang='lat'><strong>:</strong></span> 
     </span>
    </p>
   </div>
   <div class='ocr_carea' id='block_1_14' title="bbox 383 1465 1981 1538">
    <p class='ocr_par' dir='ltr' id='par_1_14' title="bbox 383 1465 1981 1538">
     <span class='ocr_line' id='line_1_14' title="bbox 383 1465 1981 1538; baseline 0.001 -18"><span class='ocrx_word' id='word_1_78' title='bbox 383 1468 559 1522; x_wconf 82' lang='lat' dir='ltr'><strong>Mense</strong></span> <span class='ocrx_word' id='word_1_79' title='bbox 577 1465 723 1520; x_wconf 73' lang='lat' dir='ltr'><strong>Iulio</strong></span> <span class='ocrx_word' id='word_1_80' title='bbox 746 1466 995 1538; x_wconf 20' lang='lat' dir='ltr'><strong>dieiaxvi.</strong></span> <span class='ocrx_word' id='word_1_81' title='bbox 1022 1485 1074 1521; x_wconf 89' lang='lat' dir='ltr'><strong>n.</strong></span> <span class='ocrx_word' id='word_1_82' title='bbox 1108 1466 1262 1522; x_wconf 87' lang='lat' dir='ltr'><strong>Scor.</strong></span> <span class='ocrx_word' id='word_1_83' title='bbox 1288 1468 1516 1538; x_wconf 72' lang='lat' dir='ltr'><strong>Zet‘erini</strong></span> <span class='ocrx_word' id='word_1_84' title='bbox 1543 1467 1729 1537; x_wconf 80' lang='lat' dir='ltr'><strong>Popte,</strong></span> <span class='ocrx_word' id='word_1_85' title='bbox 1752 1465 1804 1523; x_wconf 84' lang='lat' dir='ltr'><strong>et</strong></span> <span class='ocrx_word' id='word_1_86' title='bbox 1849 1465 1981 1522; x_wconf 88' lang='lat' dir='ltr'><strong>Tar-</strong></span> 
     </span>
    </p>
   </div>
   <div class='ocr_carea' id='block_1_15' title="bbox 380 1537 1975 1609">
    <p class='ocr_par' dir='ltr' id='par_1_15' title="bbox 380 1537 1975 1609">
     <span class='ocr_line' id='line_1_15' title="bbox 380 1537 1975 1609; baseline -0.001 -15"><span class='ocrx_word' id='word_1_87' title='bbox 380 1540 492 1594; x_wconf 84' lang='lat' dir='ltr'><strong>sicii</strong></span> <span class='ocrx_word' id='word_1_88' title='bbox 524 1538 797 1609; x_wconf 74' lang='lat' dir='ltr'><strong>Martyris.</strong></span> <span class='ocrx_word' id='word_1_89' title='bbox 833 1537 1077 1609; x_wconf 74' lang='lat' dir='ltr'><strong>varietas</strong></span> <span class='ocrx_word' id='word_1_90' title='bbox 1099 1548 1183 1594; x_wconf 88' lang='lat' dir='ltr'><strong>est</strong></span> <span class='ocrx_word' id='word_1_91' title='bbox 1203 1537 1412 1594; x_wconf 90' lang='lat' dir='ltr'><strong>dierum</strong></span> <span class='ocrx_word' id='word_1_92' title='bbox 1455 1539 1759 1596; x_wconf 82' lang='lat' dir='ltr'><strong>festivitatis</strong></span> <span class='ocrx_word' id='word_1_93' title='bbox 1786 1540 1931 1595; x_wconf 91' lang='lat' dir='ltr'><strong>illius</strong></span> <span class='ocrx_word' id='word_1_94' title='bbox 1961 1556 1975 1605; x_wconf 91' lang='lat'><strong>;</strong></span> 
     </span>
    </p>
   </div>
   <div class='ocr_carea' id='block_1_16' title="bbox 381 1607 1977 1682">
    <p class='ocr_par' dir='ltr' id='par_1_16' title="bbox 381 1607 1977 1682">
     <span class='ocr_line' id='line_1_16' title="bbox 381 1607 1977 1682; baseline -0.001 -17"><span class='ocrx_word' id='word_1_95' title='bbox 381 1607 974 1682; x_wconf 47' lang='lat' dir='ltr'><strong>namMart&#39;yrologium</strong></span> <span class='ocrx_word' id='word_1_96' title='bbox 1011 1610 1100 1664; x_wconf 87' lang='lat' dir='ltr'><strong>die</strong></span> <span class='ocrx_word' id='word_1_97' title='bbox 1127 1610 1192 1663; x_wconf 83' lang='lat' dir='ltr'><strong>l5</strong></span> <span class='ocrx_word' id='word_1_98' title='bbox 1224 1612 1470 1681; x_wconf 81' lang='lat' dir='ltr'><strong>Augusti.</strong></span> <span class='ocrx_word' id='word_1_99' title='bbox 1529 1610 1584 1665; x_wconf 90' lang='lat' dir='ltr'><strong>In</strong></span> <span class='ocrx_word' id='word_1_100' title='bbox 1630 1612 1892 1682; x_wconf 83' lang='lat' dir='ltr'><strong>martyrio</strong></span> <span class='ocrx_word' id='word_1_101' title='bbox 1917 1610 1977 1664; x_wconf 87' lang='lat' dir='ltr'><strong>S.</strong></span> 
     </span>
    </p>
   </div>
   <div class='ocr_carea' id='block_1_17' title="bbox 378 1679 1977 1751">
    <p class='ocr_par' dir='ltr' id='par_1_17' title="bbox 378 1679 1977 1751">
     <span class='ocr_line' id='line_1_17' title="bbox 378 1679 1977 1751; baseline 0 -14"><span class='ocrx_word' id='word_1_102' title='bbox 378 1680 641 1750; x_wconf 84' lang='lat' dir='ltr'><strong>Stephani</strong></span> <span class='ocrx_word' id='word_1_103' title='bbox 673 1679 826 1748; x_wconf 65' lang='lat' dir='ltr'><strong>papae</strong></span> <span class='ocrx_word' id='word_1_104' title='bbox 849 1679 885 1733; x_wconf 74' lang='lat'><strong>2</strong></span> <span class='ocrx_word' id='word_1_105' title='bbox 905 1681 996 1735; x_wconf 92' lang='lat' dir='ltr'><strong>die</strong></span> <span class='ocrx_word' id='word_1_106' title='bbox 1018 1682 1264 1751; x_wconf 83' lang='lat' dir='ltr'><strong>Augusti,</strong></span> <span class='ocrx_word' id='word_1_107' title='bbox 1289 1679 1342 1736; x_wconf 79' lang='lat' dir='ltr'><strong>in</strong></span> <span class='ocrx_word' id='word_1_108' title='bbox 1370 1697 1677 1738; x_wconf 90' lang='lat' dir='ltr'><strong>marmoreo</strong></span> <span class='ocrx_word' id='word_1_109' title='bbox 1704 1679 1977 1737; x_wconf 81' lang='lat' dir='ltr'><strong>Kalenda-</strong></span> 
     </span>
    </p>
   </div>
   <div class='ocr_carea' id='block_1_18' title="bbox 379 1751 1976 1825">
    <p class='ocr_par' dir='ltr' id='par_1_18' title="bbox 379 1751 1976 1825">
     <span class='ocr_line' id='line_1_18' title="bbox 379 1751 1976 1825; baseline 0 -17"><span class='ocrx_word' id='word_1_110' title='bbox 379 1754 464 1808; x_wconf 90' lang='lat' dir='ltr'><strong>rio</strong></span> <span class='ocrx_word' id='word_1_111' title='bbox 492 1754 549 1808; x_wconf 84' lang='lat' dir='ltr'><strong>S.</strong></span> <span class='ocrx_word' id='word_1_112' title='bbox 583 1751 864 1825; x_wconf 80' lang='lat' dir='ltr'><strong>silvestri,</strong></span> <span class='ocrx_word' id='word_1_113' title='bbox 889 1752 958 1807; x_wconf 72' lang='grc'><strong>26</strong></span> <span class='ocrx_word' id='word_1_114' title='bbox 984 1751 1113 1807; x_wconf 81' lang='lat' dir='ltr'><strong>Julii</strong></span> <span class='ocrx_word' id='word_1_115' title='bbox 1139 1771 1151 1806; x_wconf 92' lang='lat'><strong>:</strong></span> <span class='ocrx_word' id='word_1_116' title='bbox 1184 1756 1331 1808; x_wconf 68' lang='lat' dir='ltr'><strong>irasci</strong></span> <span class='ocrx_word' id='word_1_117' title='bbox 1364 1758 1538 1824; x_wconf 87' lang='lat' dir='ltr'><strong>potuit</strong></span> <span class='ocrx_word' id='word_1_118' title='bbox 1561 1769 1590 1825; x_wconf 88' lang='lat' dir='ltr'><strong>a</strong></span> <span class='ocrx_word' id='word_1_119' title='bbox 1614 1754 1704 1808; x_wconf 91' lang='lat' dir='ltr'><strong>die</strong></span> <span class='ocrx_word' id='word_1_120' title='bbox 1735 1754 1976 1825; x_wconf 85' lang='lat' dir='ltr'><strong>martyrii</strong></span> 
     </span>
    </p>
   </div>
   <div class='ocr_carea' id='block_1_19' title="bbox 380 1822 1977 1889">
    <p class='ocr_par' dir='ltr' id='par_1_19' title="bbox 380 1822 1977 1889">
     <span class='ocr_line' id='line_1_19' title="bbox 380 1822 1977 1889; baseline 0.001 -11"><span class='ocrx_word' id='word_1_121' title='bbox 380 1834 435 1879; x_wconf 89' lang='lat' dir='ltr'><strong>ct</strong></span> <span class='ocrx_word' id='word_1_122' title='bbox 478 1822 891 1878; x_wconf 73' lang='lat' dir='ltr'><strong>translationum</strong></span> <span class='ocrx_word' id='word_1_123' title='bbox 951 1825 1300 1889; x_wconf 77' lang='lat' dir='ltr'><strong>reliquiarum</strong></span> <span class='ocrx_word' id='word_1_124' title='bbox 1365 1822 1535 1881; x_wconf 86' lang='lat' dir='ltr'><strong>illius.</strong></span> <span class='ocrx_word' id='word_1_125' title='bbox 1579 1824 1678 1879; x_wconf 89' lang='lat' dir='ltr'><strong>Est</strong></span> <span class='ocrx_word' id='word_1_126' title='bbox 1725 1834 1779 1879; x_wconf 88' lang='lat' dir='ltr'><strong>et</strong></span> <span class='ocrx_word' id='word_1_127' title='bbox 1841 1822 1977 1880; x_wconf 87' lang='lat' dir='ltr'><strong>alius</strong></span> 
     </span>
    </p>
   </div>
   <div class='ocr_carea' id='block_1_20' title="bbox 380 1893 1979 1967">
    <p class='ocr_par' dir='ltr' id='par_1_20' title="bbox 380 1893 1979 1967">
     <span class='ocr_line' id='line_1_20' title="bbox 380 1893 1979 1967; baseline 0.002 -20"><span class='ocrx_word' id='word_1_128' title='bbox 380 1893 680 1967; x_wconf 14' lang='lat' dir='ltr'><strong>&#39;I‘arsicius‘</strong></span> <span class='ocrx_word' id='word_1_129' title='bbox 707 1906 910 1967; x_wconf 79' lang='lat' dir='ltr'><strong>martyr</strong></span> <span class='ocrx_word' id='word_1_130' title='bbox 931 1894 1274 1950; x_wconf 62' lang='lat' dir='ltr'><strong>Alexandriae</strong></span> <span class='ocrx_word' id='word_1_131' title='bbox 1300 1911 1511 1967; x_wconf 79' lang='lat' dir='ltr'><strong>paSsus,</strong></span> <span class='ocrx_word' id='word_1_132' title='bbox 1559 1912 1683 1951; x_wconf 91' lang='lat' dir='ltr'><strong>cum</strong></span> <span class='ocrx_word' id='word_1_133' title='bbox 1706 1896 1893 1952; x_wconf 89' lang='lat' dir='ltr'><strong>Zotico</strong></span> <span class='ocrx_word' id='word_1_134' title='bbox 1924 1906 1979 1951; x_wconf 91' lang='lat' dir='ltr'><strong>et</strong></span> 
     </span>
    </p>
   </div>
   <div class='ocr_carea' id='block_1_21' title="bbox 380 1964 1527 2038">
    <p class='ocr_par' dir='ltr' id='par_1_21' title="bbox 380 1964 1527 2038">
     <span class='ocr_line' id='line_1_21' title="bbox 380 1964 1527 2038; baseline -0.001 -17"><span class='ocrx_word' id='word_1_135' title='bbox 380 1966 635 2038; x_wconf 85' lang='lat' dir='ltr'><strong>Cyriaco,</strong></span> <span class='ocrx_word' id='word_1_136' title='bbox 670 1964 721 2038; x_wconf 77' lang='lat' dir='ltr'><strong>in</strong></span> <span class='ocrx_word' id='word_1_137' title='bbox 746 1965 1142 2038; x_wconf 79' lang='lat' dir='ltr'><strong>Martyrologiis</strong></span> <span class='ocrx_word' id='word_1_138' title='bbox 1171 1968 1235 2022; x_wconf 76' lang='lat'><strong>51</strong></span> <span class='ocrx_word' id='word_1_139' title='bbox 1266 1964 1527 2023; x_wconf 78' lang='lat' dir='ltr'><strong>Januarii.</strong></span> 
     </span>
    </p>
   </div>
   <div class='ocr_carea' id='block_1_22' title="bbox 456 2036 1979 2109">
    <p class='ocr_par' dir='ltr' id='par_1_22' title="bbox 456 2036 1979 2109">
     <span class='ocr_line' id='line_1_22' title="bbox 456 2036 1979 2109; baseline 0.001 -18"><span class='ocrx_word' id='word_1_140' title='bbox 456 2039 473 2067; x_wconf 78' lang='grc'>³</span> <span class='ocrx_word' id='word_1_141' title='bbox 507 2038 583 2091; x_wconf 87' lang='lat' dir='ltr'><strong>Ex</strong></span> <span class='ocrx_word' id='word_1_142' title='bbox 633 2036 932 2109; x_wconf 79' lang='lat' dir='ltr'><strong>alia_etiam</strong></span> <span class='ocrx_word' id='word_1_143' title='bbox 963 2054 1271 2093; x_wconf 84' lang='lat' dir='ltr'><strong>marmorea</strong></span> <span class='ocrx_word' id='word_1_144' title='bbox 1304 2039 1480 2094; x_wconf 87' lang='lat' dir='ltr'><strong>tabula</strong></span> <span class='ocrx_word' id='word_1_145' title='bbox 1508 2039 1637 2093; x_wconf 94' lang='lat' dir='ltr'><strong>olim</strong></span> <span class='ocrx_word' id='word_1_146' title='bbox 1669 2054 1767 2109; x_wconf 90' lang='lat' dir='ltr'><strong>pro</strong></span> <span class='ocrx_word' id='word_1_147' title='bbox 1796 2038 1979 2108; x_wconf 85' lang='lat' dir='ltr'><strong>sepul-</strong></span> 
     </span>
    </p>
   </div>
   <div class='ocr_carea' id='block_1_23' title="bbox 379 2106 1975 2180">
    <p class='ocr_par' dir='ltr' id='par_1_23' title="bbox 379 2106 1975 2180">
     <span class='ocr_line' id='line_1_23' title="bbox 379 2106 1975 2180; baseline 0 -16"><span class='ocrx_word' id='word_1_148' title='bbox 379 2123 480 2165; x_wconf 90' lang='lat' dir='ltr'><strong>cro</strong></span> <span class='ocrx_word' id='word_1_149' title='bbox 505 2106 681 2163; x_wconf 92' lang='lat' dir='ltr'><strong>sancti</strong></span> <span class='ocrx_word' id='word_1_150' title='bbox 722 2106 978 2178; x_wconf 81' lang='lat' dir='ltr'><strong>Gorgonii</strong></span> <span class='ocrx_word' id='word_1_151' title='bbox 1028 2115 1287 2180; x_wconf 79' lang='lat' dir='ltr'><strong>martyris</strong></span> <span class='ocrx_word' id='word_1_152' title='bbox 1326 2126 1482 2164; x_wconf 90' lang='lat' dir='ltr'><strong>muro</strong></span> <span class='ocrx_word' id='word_1_153' title='bbox 1524 2106 1875 2165; x_wconf 42' lang='lat' dir='ltr'><strong>nunc&#39;aflixa&#39;</strong></span> <span class='ocrx_word' id='word_1_154' title='bbox 1908 2109 1975 2164; x_wconf 92' lang='lat' dir='ltr'><strong>ad</strong></span> 
     </span>
    </p>
   </div>
   <div class='ocr_carea' id='block_1_24' title="bbox 376 2180 1979 2252">
    <p class='ocr_par' dir='ltr' id='par_1_24' title="bbox 376 2180 1979 2252">
     <span class='ocr_line' id='line_1_24' title="bbox 376 2180 1979 2252; baseline 0.001 -18"><span class='ocrx_word' id='word_1_155' title='bbox 376 2185 599 2252; x_wconf 88' lang='lat' dir='ltr'><strong>januam</strong></span> <span class='ocrx_word' id='word_1_156' title='bbox 634 2183 894 2252; x_wconf 78' lang='lat' dir='ltr'><strong>majorem</strong></span> <span class='ocrx_word' id='word_1_157' title='bbox 940 2182 1180 2236; x_wconf 72' lang='lat' dir='ltr'><strong>basilica:</strong></span> <span class='ocrx_word' id='word_1_158' title='bbox 1201 2224 1216 2249; x_wconf 95' lang='lat'><strong>,</strong></span> <span class='ocrx_word' id='word_1_159' title='bbox 1247 2182 1325 2236; x_wconf 88' lang='lat' dir='ltr'><strong>uti</strong></span> <span class='ocrx_word' id='word_1_160' title='bbox 1351 2191 1405 2236; x_wconf 91' lang='lat' dir='ltr'><strong>et</strong></span> <span class='ocrx_word' id='word_1_161' title='bbox 1435 2197 1502 2236; x_wconf 85' lang='lat' dir='ltr'><strong>ex</strong></span> <span class='ocrx_word' id='word_1_162' title='bbox 1531 2183 1699 2236; x_wconf 82' lang='lat' dir='ltr'><strong>altera</strong></span> <span class='ocrx_word' id='word_1_163' title='bbox 1729 2180 1979 2251; x_wconf 90' lang='lat' dir='ltr'><strong>superius</strong></span> 
     </span>
    </p>
   </div>
   <div class='ocr_carea' id='block_1_25' title="bbox 384 2249 1981 2319">
    <p class='ocr_par' dir='ltr' id='par_1_25' title="bbox 384 2249 1981 2319">
     <span class='ocr_line' id='line_1_25' title="bbox 384 2249 1981 2319; baseline 0.001 -14"><span class='ocrx_word' id='word_1_164' title='bbox 384 2249 682 2319; x_wconf 74' lang='lat' dir='ltr'><strong>exscripta.</strong></span> <span class='ocrx_word' id='word_1_165' title='bbox 709 2249 939 2306; x_wconf 68' lang='lat' dir='ltr'><strong>lididere</strong></span> <span class='ocrx_word' id='word_1_166' title='bbox 960 2252 1227 2307; x_wconf 86' lang='lat' dir='ltr'><strong>Baronius</strong></span> <span class='ocrx_word' id='word_1_167' title='bbox 1246 2261 1379 2309; x_wconf 91' lang='lat' dir='ltr'><strong>tom.</strong></span> <span class='ocrx_word' id='word_1_168' title='bbox 1398 2251 1465 2309; x_wconf 79' lang='lat' dir='ltr'><strong>IV</strong></span> <span class='ocrx_word' id='word_1_169' title='bbox 1485 2252 1685 2308; x_wconf 84' lang='lat' dir='ltr'><strong>Annal.</strong></span> <span class='ocrx_word' id='word_1_170' title='bbox 1713 2249 1816 2308; x_wconf 89' lang='lat' dir='ltr'><strong>sub</strong></span> <span class='ocrx_word' id='word_1_171' title='bbox 1837 2266 1981 2307; x_wconf 91' lang='lat' dir='ltr'><strong>anno</strong></span> 
     </span>
    </p>
   </div>
   <div class='ocr_carea' id='block_1_26' title="bbox 386 2321 1979 2395">
    <p class='ocr_par' dir='ltr' id='par_1_26' title="bbox 386 2321 1979 2395">
     <span class='ocr_line' id='line_1_26' title="bbox 386 2321 1979 2395; baseline 0 -18"><span class='ocrx_word' id='word_1_172' title='bbox 386 2324 601 2395; x_wconf 87' lang='lat' dir='ltr'><strong>Domini</strong></span> <span class='ocrx_word' id='word_1_173' title='bbox 632 2321 759 2395; x_wconf 47' lang='grc' dir='ltr'><strong>ὅδὲ,</strong></span> <span class='ocrx_word' id='word_1_174' title='bbox 789 2330 844 2376; x_wconf 89' lang='lat' dir='ltr'><strong>et</strong></span> <span class='ocrx_word' id='word_1_175' title='bbox 875 2331 1003 2377; x_wconf 92' lang='lat' dir='ltr'><strong>tom.</strong></span> <span class='ocrx_word' id='word_1_176' title='bbox 1039 2323 1157 2379; x_wconf 83' lang='lat' dir='ltr'><strong>VIII</strong></span> <span class='ocrx_word' id='word_1_177' title='bbox 1194 2324 1247 2379; x_wconf 90' lang='lat' dir='ltr'><strong>in</strong></span> <span class='ocrx_word' id='word_1_178' title='bbox 1291 2324 1683 2395; x_wconf 85' lang='lat' dir='ltr'><strong>appendicibus</strong></span> <span class='ocrx_word' id='word_1_179' title='bbox 1704 2367 1718 2391; x_wconf 91' lang='lat'><strong>,</strong></span> <span class='ocrx_word' id='word_1_180' title='bbox 1753 2335 1807 2379; x_wconf 91' lang='lat' dir='ltr'><strong>et</strong></span> <span class='ocrx_word' id='word_1_181' title='bbox 1836 2323 1979 2379; x_wconf 83' lang='lat' dir='ltr'><strong>Gru-</strong></span> 
     </span>
    </p>
   </div>
   <div class='ocr_carea' id='block_1_27' title="bbox 386 2392 1976 2465">
    <p class='ocr_par' dir='ltr' id='par_1_27' title="bbox 386 2392 1976 2465">
     <span class='ocr_line' id='line_1_27' title="bbox 386 2392 1976 2465; baseline 0.001 -17"><span class='ocrx_word' id='word_1_182' title='bbox 386 2405 536 2449; x_wconf 91' lang='lat' dir='ltr'><strong>terus</strong></span> <span class='ocrx_word' id='word_1_183' title='bbox 592 2394 645 2446; x_wconf 90' lang='lat' dir='ltr'><strong>in</strong></span> <span class='ocrx_word' id='word_1_184' title='bbox 700 2392 1067 2465; x_wconf 69' lang='lat' dir='ltr'><strong>Romanarum</strong></span> <span class='ocrx_word' id='word_1_185' title='bbox 1118 2392 1538 2465; x_wconf 71' lang='lat' dir='ltr'><strong>Inscriptionum</strong></span> <span class='ocrx_word' id='word_1_186' title='bbox 1599 2397 1976 2465; x_wconf 89' lang='lat' dir='ltr'><strong>appendicnla.</strong></span> 
     </span>
    </p>
   </div>
   <div class='ocr_carea' id='block_1_28' title="bbox 384 2462 1982 2538">
    <p class='ocr_par' dir='ltr' id='par_1_28' title="bbox 384 2462 1982 2538">
     <span class='ocr_line' id='line_1_28' title="bbox 384 2462 1982 2538; baseline 0.001 -17"><span class='ocrx_word' id='word_1_187' title='bbox 384 2465 695 2538; x_wconf 75' lang='lat' dir='ltr'><strong>Gorgonius</strong></span> <span class='ocrx_word' id='word_1_188' title='bbox 722 2462 771 2538; x_wconf 81' lang='lat' dir='ltr'><strong>is</strong></span> <span class='ocrx_word' id='word_1_189' title='bbox 783 2481 917 2538; x_wconf 84' lang='lat' dir='ltr'><strong>esse</strong></span> <span class='ocrx_word' id='word_1_190' title='bbox 946 2466 1183 2529; x_wconf 88' lang='lat' dir='ltr'><strong>videtur,</strong></span> <span class='ocrx_word' id='word_1_191' title='bbox 1217 2462 1458 2537; x_wconf 81' lang='lat' dir='ltr'><strong>quicum</strong></span> <span class='ocrx_word' id='word_1_192' title='bbox 1491 2462 1761 2523; x_wconf 77' lang='lat' dir='ltr'><strong>Dorotlieo</strong></span> <span class='ocrx_word' id='word_1_193' title='bbox 1789 2481 1982 2538; x_wconf 86' lang='lat' dir='ltr'><strong>passus</strong></span> 
     </span>
    </p>
   </div>
   <div class='ocr_carea' id='block_1_29' title="bbox 385 2536 1981 2609">
    <p class='ocr_par' dir='ltr' id='par_1_29' title="bbox 385 2536 1981 2609">
     <span class='ocr_line' id='line_1_29' title="bbox 385 2536 1981 2609; baseline 0.001 -18"><span class='ocrx_word' id='word_1_194' title='bbox 385 2549 472 2609; x_wconf 71' lang='lat' dir='ltr'><strong>est</strong></span> <span class='ocrx_word' id='word_1_195' title='bbox 514 2536 845 2609; x_wconf 72' lang='lat' dir='ltr'><strong>Nicomediae</strong></span> <span class='ocrx_word' id='word_1_196' title='bbox 892 2538 996 2593; x_wconf 88' lang='lat' dir='ltr'><strong>sub</strong></span> <span class='ocrx_word' id='word_1_197' title='bbox 1041 2536 1378 2593; x_wconf 82' lang='lat' dir='ltr'><strong>Diocletiano</strong></span> <span class='ocrx_word' id='word_1_198' title='bbox 1419 2540 1750 2609; x_wconf 90' lang='lat' dir='ltr'><strong>imperatore</strong></span> <span class='ocrx_word' id='word_1_199' title='bbox 1773 2536 1808 2602; x_wconf 25' lang='grc' dir='ltr'><strong>,Ὗ</strong></span> <span class='ocrx_word' id='word_1_200' title='bbox 1839 2540 1981 2609; x_wconf 90' lang='lat' dir='ltr'><strong>apud</strong></span> 
     </span>
    </p>
   </div>
   <div class='ocr_carea' id='block_1_30' title="bbox 386 2607 1980 2679">
    <p class='ocr_par' dir='ltr' id='par_1_30' title="bbox 386 2607 1980 2679">
     <span class='ocr_line' id='line_1_30' title="bbox 386 2607 1980 2679; baseline 0 -16"><span class='ocrx_word' id='word_1_201' title='bbox 386 2607 683 2663; x_wconf 84' lang='lat' dir='ltr'><strong>Eusebium</strong></span> <span class='ocrx_word' id='word_1_202' title='bbox 729 2607 827 2662; x_wconf 89' lang='lat' dir='ltr'><strong>lib.</strong></span> <span class='ocrx_word' id='word_1_203' title='bbox 856 2624 976 2672; x_wconf 85' lang='lat' dir='ltr'><strong>vui.</strong></span> <span class='ocrx_word' id='word_1_204' title='bbox 1006 2624 1125 2679; x_wconf 91' lang='lat' dir='ltr'><strong>cap.</strong></span> <span class='ocrx_word' id='word_1_205' title='bbox 1167 2612 1222 2673; x_wconf 85' lang='lat'><strong>6,</strong></span> <span class='ocrx_word' id='word_1_206' title='bbox 1265 2610 1468 2665; x_wconf 87' lang='lat' dir='ltr'><strong>Histor.</strong></span> <span class='ocrx_word' id='word_1_207' title='bbox 1502 2607 1980 2675; x_wconf 32' lang='lat' dir='ltr'><strong>Ecclesiast.;’Ni-</strong></span> 
     </span>
    </p>
   </div>
   <div class='ocr_carea' id='block_1_31' title="bbox 386 2680 1978 2751">
    <p class='ocr_par' dir='ltr' id='par_1_31' title="bbox 386 2680 1978 2751">
     <span class='ocr_line' id='line_1_31' title="bbox 386 2680 1978 2751; baseline -0.001 -16"><span class='ocrx_word' id='word_1_208' title='bbox 386 2680 666 2751; x_wconf 74' lang='lat' dir='ltr'><strong>cephorus</strong></span> <span class='ocrx_word' id='word_1_209' title='bbox 689 2680 783 2734; x_wconf 93' lang='lat' dir='ltr'><strong>lib.</strong></span> <span class='ocrx_word' id='word_1_210' title='bbox 820 2695 913 2751; x_wconf 81' lang='lat' dir='ltr'><strong>vit.</strong></span> <span class='ocrx_word' id='word_1_211' title='bbox 937 2696 1057 2750; x_wconf 87' lang='lat' dir='ltr'><strong>cap.</strong></span> <span class='ocrx_word' id='word_1_212' title='bbox 1076 2681 1145 2747; x_wconf 72' lang='lat'><strong>2;</strong></span> <span class='ocrx_word' id='word_1_213' title='bbox 1176 2682 1535 2749; x_wconf 89' lang='lat' dir='ltr'><strong>Breviarium,</strong></span> <span class='ocrx_word' id='word_1_214' title='bbox 1553 2692 1607 2738; x_wconf 92' lang='lat' dir='ltr'><strong>et</strong></span> <span class='ocrx_word' id='word_1_215' title='bbox 1630 2681 1978 2751; x_wconf 86' lang='lat' dir='ltr'><strong>Martyrolog.</strong></span> 
     </span>
    </p>
   </div>
   <div class='ocr_carea' id='block_1_32' title="bbox 386 2749 1985 2819">
    <p class='ocr_par' dir='ltr' id='par_1_32' title="bbox 386 2749 1985 2819">
     <span class='ocr_line' id='line_1_32' title="bbox 386 2749 1985 2819; baseline 0.002 -15"><span class='ocrx_word' id='word_1_216' title='bbox 386 2749 715 2814; x_wconf 80' lang='lat' dir='ltr'><strong>Romanum,</strong></span> <span class='ocrx_word' id='word_1_217' title='bbox 743 2760 797 2805; x_wconf 87' lang='lat' dir='ltr'><strong>et</strong></span> <span class='ocrx_word' id='word_1_218' title='bbox 823 2750 980 2806; x_wconf 70' lang='lat' dir='ltr'><strong>Beda:</strong></span> <span class='ocrx_word' id='word_1_219' title='bbox 1000 2794 1015 2818; x_wconf 80' lang='lat'><strong>,</strong></span> <span class='ocrx_word' id='word_1_220' title='bbox 1049 2751 1305 2819; x_wconf 87' lang='lat' dir='ltr'><strong>Usuardi,</strong></span> <span class='ocrx_word' id='word_1_221' title='bbox 1334 2752 1574 2818; x_wconf 88' lang='lat' dir='ltr'><strong>Adonis,</strong></span> <span class='ocrx_word' id='word_1_222' title='bbox 1610 2749 1864 2817; x_wconf 81' lang='lat' dir='ltr'><strong>Notkeri,</strong></span> <span class='ocrx_word' id='word_1_223' title='bbox 1895 2749 1985 2807; x_wconf 80' lang='lat' dir='ltr'><strong>die</strong></span> 
     </span>
    </p>
   </div>
   <div class='ocr_carea' id='block_1_33' title="bbox 388 2820 1985 2893">
    <p class='ocr_par' dir='ltr' id='par_1_33' title="bbox 388 2820 1985 2893">
     <span class='ocr_line' id='line_1_33' title="bbox 388 2820 1985 2893; baseline -0.001 -16"><span class='ocrx_word' id='word_1_224' title='bbox 388 2820 423 2877; x_wconf 87' lang='lat'><strong>9</strong></span> <span class='ocrx_word' id='word_1_225' title='bbox 449 2821 784 2890; x_wconf 83' lang='lat' dir='ltr'><strong>Septembris</strong></span> <span class='ocrx_word' id='word_1_226' title='bbox 810 2839 823 2887; x_wconf 93' lang='lat'>;</span> <span class='ocrx_word' id='word_1_227' title='bbox 870 2838 932 2877; x_wconf 90' lang='lat' dir='ltr'><strong>ac</strong></span> <span class='ocrx_word' id='word_1_228' title='bbox 961 2824 1179 2878; x_wconf 84' lang='lat' dir='ltr'><strong>Petrum</strong></span> <span class='ocrx_word' id='word_1_229' title='bbox 1222 2824 1289 2879; x_wconf 91' lang='lat' dir='ltr'><strong>de</strong></span> <span class='ocrx_word' id='word_1_230' title='bbox 1316 2826 1598 2880; x_wconf 86' lang='lat' dir='ltr'><strong>Natalihus</strong></span> <span class='ocrx_word' id='word_1_231' title='bbox 1630 2826 1682 2879; x_wconf 92' lang='lat' dir='ltr'><strong>in</strong></span> <span class='ocrx_word' id='word_1_232' title='bbox 1722 2822 1985 2893; x_wconf 84' lang='lat' dir='ltr'><strong>Catalogo</strong></span> 
     </span>
    </p>
   </div>
   <div class='ocr_carea' id='block_1_34' title="bbox 388 2893 1985 2965">
    <p class='ocr_par' dir='ltr' id='par_1_34' title="bbox 388 2893 1985 2965">
     <span class='ocr_line' id='line_1_34' title="bbox 388 2893 1985 2965; baseline -0.001 -17"><span class='ocrx_word' id='word_1_233' title='bbox 388 2893 484 2948; x_wconf 88' lang='lat' dir='ltr'><strong>lib.</strong></span> <span class='ocrx_word' id='word_1_234' title='bbox 504 2908 619 2965; x_wconf 80' lang='lat' dir='ltr'><strong>viii,</strong></span> <span class='ocrx_word' id='word_1_235' title='bbox 648 2908 767 2963; x_wconf 88' lang='lat' dir='ltr'><strong>cap.</strong></span> <span class='ocrx_word' id='word_1_236' title='bbox 794 2894 884 2950; x_wconf 88' lang='lat'><strong>55.</strong></span> <span class='ocrx_word' id='word_1_237' title='bbox 916 2894 1083 2963; x_wconf 91' lang='lat' dir='ltr'><strong>Cujus</strong></span> <span class='ocrx_word' id='word_1_238' title='bbox 1118 2910 1317 2964; x_wconf 86' lang='lat' dir='ltr'><strong>corpus</strong></span> <span class='ocrx_word' id='word_1_239' title='bbox 1369 2909 1554 2965; x_wconf 88' lang='lat' dir='ltr'><strong>postea</strong></span> <span class='ocrx_word' id='word_1_240' title='bbox 1582 2896 1808 2951; x_wconf 85' lang='lat' dir='ltr'><strong>Romam</strong></span> <span class='ocrx_word' id='word_1_241' title='bbox 1836 2895 1985 2951; x_wconf 87' lang='lat' dir='ltr'><strong>dela-</strong></span> 
     </span>
    </p>
   </div>
   <div class='ocr_carea' id='block_1_35' title="bbox 390 2963 1980 3038">
    <p class='ocr_par' dir='ltr' id='par_1_35' title="bbox 390 2963 1980 3038">
     <span class='ocr_line' id='line_1_35' title="bbox 390 2963 1980 3038; baseline 0.001 -21"><span class='ocrx_word' id='word_1_242' title='bbox 390 2975 504 3017; x_wconf 91' lang='lat' dir='ltr'><strong>tum</strong></span> <span class='ocrx_word' id='word_1_243' title='bbox 533 2963 832 3038; x_wconf 54' lang='lat' dir='ltr'><strong>affirmant;</strong></span> <span class='ocrx_word' id='word_1_244' title='bbox 867 2965 1200 3038; x_wconf 87' lang='lat' dir='ltr'><strong>Breviarium</strong></span> <span class='ocrx_word' id='word_1_245' title='bbox 1235 2963 1570 3031; x_wconf 81' lang='lat' dir='ltr'><strong>Romanum,</strong></span> <span class='ocrx_word' id='word_1_246' title='bbox 1614 2979 1668 3023; x_wconf 91' lang='lat' dir='ltr'><strong>et</strong></span> <span class='ocrx_word' id='word_1_247' title='bbox 1699 2967 1980 3038; x_wconf 81' lang='lat' dir='ltr'><strong>Martyrol.</strong></span> 
     </span>
    </p>
   </div>
   <div class='ocr_carea' id='block_1_36' title="bbox 389 3034 1982 3107">
    <p class='ocr_par' dir='ltr' id='par_1_36' title="bbox 389 3034 1982 3107">
     <span class='ocr_line' id='line_1_36' title="bbox 389 3034 1982 3107; baseline 0.003 -19"><span class='ocrx_word' id='word_1_248' title='bbox 389 3044 452 3089; x_wconf 90' lang='lat' dir='ltr'><strong>ut</strong></span> <span class='ocrx_word' id='word_1_249' title='bbox 477 3044 531 3089; x_wconf 87' lang='lat' dir='ltr'><strong>et</strong></span> <span class='ocrx_word' id='word_1_250' title='bbox 552 3034 735 3107; x_wconf 81' lang='lat' dir='ltr'><strong>Bedae,</strong></span> <span class='ocrx_word' id='word_1_251' title='bbox 762 3035 1014 3102; x_wconf 88' lang='lat' dir='ltr'><strong>Usuardi,</strong></span> <span class='ocrx_word' id='word_1_252' title='bbox 1039 3038 1265 3105; x_wconf 80' lang='lat' dir='ltr'><strong>Adonis,</strong></span> <span class='ocrx_word' id='word_1_253' title='bbox 1299 3055 1361 3095; x_wconf 90' lang='lat' dir='ltr'><strong>ac</strong></span> <span class='ocrx_word' id='word_1_254' title='bbox 1394 3039 1583 3094; x_wconf 83' lang='lat' dir='ltr'><strong>Petrus</strong></span> <span class='ocrx_word' id='word_1_255' title='bbox 1611 3039 1664 3093; x_wconf 91' lang='lat' dir='ltr'><strong>in</strong></span> <span class='ocrx_word' id='word_1_256' title='bbox 1689 3034 1982 3107; x_wconf 69' lang='lat' dir='ltr'><strong>Cataliigo:</strong></span> 
     </span>
    </p>
   </div>
   <div class='ocr_carea' id='block_1_37' title="bbox 388 3106 2059 3182">
    <p class='ocr_par' dir='ltr' id='par_1_37' title="bbox 388 3106 2059 3182">
     <span class='ocr_line' id='line_1_37' title="bbox 388 3106 2059 3182; baseline 0.004 -23"><span class='ocrx_word' id='word_1_257' title='bbox 388 3106 794 3182; x_wconf 9' lang='lat' dir='ltr'><strong>\‘iaquerbatina</strong></span> <span class='ocrx_word' id='word_1_258' title='bbox 812 3109 1079 3182; x_wconf 79' lang='lat' dir='ltr'><strong>positum.</strong></span> <span class='ocrx_word' id='word_1_259' title='bbox 1110 3110 1177 3164; x_wconf 88' lang='lat' dir='ltr'><strong>Et</strong></span> <span class='ocrx_word' id='word_1_260' title='bbox 1204 3111 1327 3165; x_wconf 92' lang='lat' dir='ltr'><strong>inde</strong></span> <span class='ocrx_word' id='word_1_261' title='bbox 1349 3111 1541 3167; x_wconf 83' lang='lat' dir='ltr'><strong>scribit</strong></span> <span class='ocrx_word' id='word_1_262' title='bbox 1568 3106 1986 3182; x_wconf 29' lang='lat' dir='ltr'><strong>Maryrolugi’um</strong></span> <span class='ocrx_word' id='word_1_263' title='bbox 2014 3119 2059 3182; x_wconf 71' lang='grc' dir='ltr'><strong>ί]</strong></span> 
     </span>
    </p>
   </div>
   <div class='ocr_carea' id='block_1_38' title="bbox 386 3179 1984 3251">
    <p class='ocr_par' dir='ltr' id='par_1_38' title="bbox 386 3179 1984 3251">
     <span class='ocr_line' id='line_1_38' title="bbox 386 3179 1984 3251; baseline 0.001 -18"><span class='ocrx_word' id='word_1_264' title='bbox 386 3179 458 3251; x_wconf 73' lang='lat' dir='ltr'><strong>ad</strong></span> <span class='ocrx_word' id='word_1_265' title='bbox 494 3179 770 3251; x_wconf 87' lang='lat' dir='ltr'><strong>basilicam</strong></span> <span class='ocrx_word' id='word_1_266' title='bbox 804 3180 861 3236; x_wconf 89' lang='lat' dir='ltr'><strong>S.</strong></span> <span class='ocrx_word' id='word_1_267' title='bbox 892 3179 1037 3234; x_wconf 82' lang='lat' dir='ltr'><strong>Petri</strong></span> <span class='ocrx_word' id='word_1_268' title='bbox 1071 3184 1396 3236; x_wconf 91' lang='lat' dir='ltr'><strong>translatum</strong></span> <span class='ocrx_word' id='word_1_269' title='bbox 1432 3179 1700 3251; x_wconf 86' lang='lat' dir='ltr'><strong>Gregorio</strong></span> <span class='ocrx_word' id='word_1_270' title='bbox 1730 3180 1793 3236; x_wconf 89' lang='lat' dir='ltr'><strong>IV</strong></span> <span class='ocrx_word' id='word_1_271' title='bbox 1828 3183 1984 3235; x_wconf 85' lang='lat' dir='ltr'><strong>Punt.</strong></span> 
     </span>
    </p>
   </div>
   <div class='ocr_carea' id='block_1_39' title="bbox 388 3249 1989 3322">
    <p class='ocr_par' dir='ltr' id='par_1_39' title="bbox 388 3249 1989 3322">
     <span class='ocr_line' id='line_1_39' title="bbox 388 3249 1989 3322; baseline 0.001 -17"><span class='ocrx_word' id='word_1_272' title='bbox 388 3249 727 3322; x_wconf 71' lang='lat' dir='ltr'><strong>Breviarium</strong></span> <span class='ocrx_word' id='word_1_273' title='bbox 751 3260 807 3305; x_wconf 89' lang='lat' dir='ltr'><strong>et</strong></span> <span class='ocrx_word' id='word_1_274' title='bbox 828 3250 1148 3306; x_wconf 81' lang='lat' dir='ltr'><strong>Anastasius</strong></span> <span class='ocrx_word' id='word_1_275' title='bbox 1173 3253 1227 3308; x_wconf 90' lang='lat' dir='ltr'><strong>iu</strong></span> <span class='ocrx_word' id='word_1_276' title='bbox 1248 3253 1366 3322; x_wconf 84' lang='lat' dir='ltr'><strong>ipso</strong></span> <span class='ocrx_word' id='word_1_277' title='bbox 1389 3249 1678 3322; x_wconf 79' lang='lat' dir='ltr'><strong>Gregorio.</strong></span> <span class='ocrx_word' id='word_1_278' title='bbox 1702 3251 1820 3306; x_wconf 81' lang='lat' dir='ltr'><strong>Ado</strong></span> <span class='ocrx_word' id='word_1_279' title='bbox 1841 3252 1989 3306; x_wconf 84' lang='lat' dir='ltr'><strong>addit</strong></span> 
     </span>
    </p>
   </div>
   <div class='ocr_carea' id='block_1_40' title="bbox 388 3318 1991 3389">
    <p class='ocr_par' dir='ltr' id='par_1_40' title="bbox 388 3318 1991 3389">
     <span class='ocr_line' id='line_1_40' title="bbox 388 3318 1991 3389; baseline 0.001 -15"><span class='ocrx_word' id='word_1_280' title='bbox 388 3322 476 3374; x_wconf 86' lang='lat' dir='ltr'><strong>via</strong></span> <span class='ocrx_word' id='word_1_281' title='bbox 502 3318 689 3374; x_wconf 87' lang='lat' dir='ltr'><strong>Latina</strong></span> <span class='ocrx_word' id='word_1_282' title='bbox 711 3322 843 3376; x_wconf 87' lang='lat' dir='ltr'><strong>inter</strong></span> <span class='ocrx_word' id='word_1_283' title='bbox 868 3325 997 3376; x_wconf 88' lang='lat' dir='ltr'><strong>duas</strong></span> <span class='ocrx_word' id='word_1_284' title='bbox 1026 3324 1218 3388; x_wconf 89' lang='lat' dir='ltr'><strong>lauros,</strong></span> <span class='ocrx_word' id='word_1_285' title='bbox 1249 3318 1391 3379; x_wconf 81' lang='lat' dir='ltr'><strong>unde</strong></span> <span class='ocrx_word' id='word_1_286' title='bbox 1413 3318 1811 3378; x_wconf 69' lang='lat' dir='ltr'><strong>ernéndandum</strong></span> <span class='ocrx_word' id='word_1_287' title='bbox 1837 3332 1991 3389; x_wconf 90' lang='lat' dir='ltr'><strong>puta-</strong></span> 
     </span>
    </p>
   </div>
   <div class='ocr_carea' id='block_1_41' title="bbox 387 3392 1988 3465">
    <p class='ocr_par' dir='ltr' id='par_1_41' title="bbox 387 3392 1988 3465">
     <span class='ocr_line' id='line_1_41' title="bbox 387 3392 1988 3465; baseline 0 -18"><span class='ocrx_word' id='word_1_288' title='bbox 387 3393 517 3447; x_wconf 84' lang='lat' dir='ltr'><strong>bam</strong></span> <span class='ocrx_word' id='word_1_289' title='bbox 557 3392 610 3445; x_wconf 92' lang='lat' dir='ltr'><strong>in</strong></span> <span class='ocrx_word' id='word_1_290' title='bbox 654 3392 1084 3465; x_wconf 78' lang='lat' dir='ltr'><strong>Martyrologiis,</strong></span> <span class='ocrx_word' id='word_1_291' title='bbox 1138 3406 1189 3448; x_wconf 92' lang='lat' dir='ltr'><strong>et</strong></span> <span class='ocrx_word' id='word_1_292' title='bbox 1218 3412 1312 3463; x_wconf 89' lang='lat' dir='ltr'><strong>pro</strong></span> <span class='ocrx_word' id='word_1_293' title='bbox 1358 3396 1438 3449; x_wconf 86' lang='lat' dir='ltr'><strong>via</strong></span> <span class='ocrx_word' id='word_1_294' title='bbox 1480 3394 1671 3448; x_wconf 86' lang='lat' dir='ltr'><strong>Latina</strong></span> <span class='ocrx_word' id='word_1_295' title='bbox 1727 3394 1988 3465; x_wconf 75' lang='lat' dir='ltr'><strong>Lauicano</strong></span> 
     </span>
    </p>
   </div>
   <div class='ocr_carea' id='block_1_42' title="bbox 387 3463 1988 3532">
    <p class='ocr_par' dir='ltr' id='par_1_42' title="bbox 387 3463 1988 3532">
     <span class='ocr_line' id='line_1_42' title="bbox 387 3463 1988 3532; baseline -0.001 -13"><span class='ocrx_word' id='word_1_296' title='bbox 387 3464 765 3532; x_wconf 79' lang='lat' dir='ltr'><strong>reponendum</strong></span> <span class='ocrx_word' id='word_1_297' title='bbox 784 3463 806 3531; x_wconf 63' lang='grc'>,⁷</span> <span class='ocrx_word' id='word_1_298' title='bbox 829 3463 918 3517; x_wconf 83' lang='lat' dir='ltr'><strong>ubi</strong></span> <span class='ocrx_word' id='word_1_299' title='bbox 946 3476 1056 3519; x_wconf 89' lang='lat' dir='ltr'><strong>erat</strong></span> <span class='ocrx_word' id='word_1_300' title='bbox 1085 3466 1227 3519; x_wconf 85' lang='lat' dir='ltr'><strong>locus</strong></span> <span class='ocrx_word' id='word_1_301' title='bbox 1267 3467 1401 3521; x_wconf 90' lang='lat' dir='ltr'><strong>inter</strong></span> <span class='ocrx_word' id='word_1_302' title='bbox 1432 3467 1562 3520; x_wconf 88' lang='lat' dir='ltr'><strong>duas</strong></span> <span class='ocrx_word' id='word_1_303' title='bbox 1589 3466 1763 3519; x_wconf 87' lang='lat' dir='ltr'><strong>lauros</strong></span> <span class='ocrx_word' id='word_1_304' title='bbox 1807 3466 1868 3519; x_wconf 85' lang='lat' dir='ltr'><strong>S.</strong></span> <span class='ocrx_word' id='word_1_305' title='bbox 1900 3464 1988 3518; x_wconf 89' lang='lat' dir='ltr'><strong>Ti-</strong></span> 
     </span>
    </p>
   </div>
   <div class='ocr_carea' id='block_1_43' title="bbox 388 3534 1988 3602">
    <p class='ocr_par' dir='ltr' id='par_1_43' title="bbox 388 3534 1988 3602">
     <span class='ocr_line' id='line_1_43' title="bbox 388 3534 1988 3602; baseline 0.001 -13"><span class='ocrx_word' id='word_1_306' title='bbox 388 3536 573 3595; x_wconf 76' lang='lat' dir='ltr'><strong>burtii,</strong></span> <span class='ocrx_word' id='word_1_307' title='bbox 597 3551 659 3588; x_wconf 88' lang='lat' dir='ltr'><strong>ac</strong></span> <span class='ocrx_word' id='word_1_308' title='bbox 680 3534 788 3590; x_wconf 89' lang='lat' dir='ltr'><strong>SS.</strong></span> <span class='ocrx_word' id='word_1_309' title='bbox 818 3535 1135 3601; x_wconf 77' lang='lat' dir='ltr'><strong>Marcellini,</strong></span> <span class='ocrx_word' id='word_1_310' title='bbox 1166 3548 1211 3590; x_wconf 91' lang='lat' dir='ltr'><strong>et</strong></span> <span class='ocrx_word' id='word_1_311' title='bbox 1237 3535 1382 3592; x_wconf 86' lang='lat' dir='ltr'><strong>Petri</strong></span> <span class='ocrx_word' id='word_1_312' title='bbox 1393 3580 1405 3599; x_wconf 87' lang='lat'><strong><em>.</em></strong></span> <span class='ocrx_word' id='word_1_313' title='bbox 1436 3555 1497 3592; x_wconf 89' lang='lat' dir='ltr'><strong>ac</strong></span> <span class='ocrx_word' id='word_1_314' title='bbox 1528 3537 1757 3602; x_wconf 66' lang='lat' dir='ltr'><strong>Helena,</strong></span> <span class='ocrx_word' id='word_1_315' title='bbox 1784 3537 1988 3597; x_wconf 79' lang='lat' dir='ltr'><strong>templis</strong></span> 
     </span>
    </p>
   </div>
   <div class='ocr_carea' id='block_1_44' title="bbox 386 3606 1990 3675">
    <p class='ocr_par' dir='ltr' id='par_1_44' title="bbox 386 3606 1990 3675">
     <span class='ocr_line' id='line_1_44' title="bbox 386 3606 1990 3675; baseline 0.001 -16"><span class='ocrx_word' id='word_1_316' title='bbox 386 3623 453 3665; x_wconf 80' lang='lat' dir='ltr'><strong>ac</strong></span> <span class='ocrx_word' id='word_1_317' title='bbox 486 3606 716 3675; x_wconf 88' lang='lat' dir='ltr'><strong>reliquiis</strong></span> <span class='ocrx_word' id='word_1_318' title='bbox 744 3608 867 3661; x_wconf 88' lang='lat' dir='ltr'><strong>olim</strong></span> <span class='ocrx_word' id='word_1_319' title='bbox 891 3608 1209 3661; x_wconf 87' lang='lat' dir='ltr'><strong>clarissimus</strong></span> <span class='ocrx_word' id='word_1_320' title='bbox 1229 3651 1243 3675; x_wconf 93' lang='lat'><strong>,</strong></span> <span class='ocrx_word' id='word_1_321' title='bbox 1274 3626 1333 3663; x_wconf 89' lang='lat' dir='ltr'><strong>ac</strong></span> <span class='ocrx_word' id='word_1_322' title='bbox 1358 3608 1673 3664; x_wconf 87' lang='lat' dir='ltr'><strong>Sanctorum</strong></span> <span class='ocrx_word' id='word_1_323' title='bbox 1706 3624 1809 3662; x_wconf 85' lang='lat' dir='ltr'><strong>xxx</strong></span> <span class='ocrx_word' id='word_1_324' title='bbox 1844 3606 1990 3661; x_wconf 80' lang='lat' dir='ltr'><strong>Mar-</strong></span> 
     </span>
    </p>
   </div>
   <div class='ocr_carea' id='block_1_45' title="bbox 390 3677 1989 3748">
    <p class='ocr_par' dir='ltr' id='par_1_45' title="bbox 390 3677 1989 3748">
     <span class='ocr_line' id='line_1_45' title="bbox 390 3677 1989 3748; baseline -0.001 -16"><span class='ocrx_word' id='word_1_325' title='bbox 390 3689 567 3748; x_wconf 78' lang='lat' dir='ltr'><strong>tyrum</strong></span> <span class='ocrx_word' id='word_1_326' title='bbox 612 3677 775 3732; x_wconf 84' lang='lat' dir='ltr'><strong>natali</strong></span> <span class='ocrx_word' id='word_1_327' title='bbox 817 3679 889 3732; x_wconf 73' lang='lat'><strong>2&#39;2</strong></span> <span class='ocrx_word' id='word_1_328' title='bbox 916 3677 1234 3733; x_wconf 88' lang='lat' dir='ltr'><strong>Decembris.</strong></span> <span class='ocrx_word' id='word_1_329' title='bbox 1282 3681 1652 3734; x_wconf 86' lang='lat' dir='ltr'><strong>Conlirmabat</strong></span> <span class='ocrx_word' id='word_1_330' title='bbox 1692 3678 1832 3734; x_wconf 88' lang='lat' dir='ltr'><strong>hanc</strong></span> <span class='ocrx_word' id='word_1_331' title='bbox 1877 3695 1989 3731; x_wconf 89' lang='lat' dir='ltr'><strong>no-</strong></span> 
     </span>
    </p>
   </div>
   <div class='ocr_carea' id='block_1_46' title="bbox 387 3749 1987 3814">
    <p class='ocr_par' dir='ltr' id='par_1_46' title="bbox 387 3749 1987 3814">
     <span class='ocr_line' id='line_1_46' title="bbox 387 3749 1987 3814; baseline 0 -10"><span class='ocrx_word' id='word_1_332' title='bbox 387 3760 561 3804; x_wconf 87' lang='lat' dir='ltr'><strong>stram</strong></span> <span class='ocrx_word' id='word_1_333' title='bbox 618 3749 943 3804; x_wconf 86' lang='lat' dir='ltr'><strong>sententiam</strong></span> <span class='ocrx_word' id='word_1_334' title='bbox 1000 3750 1166 3805; x_wconf 88' lang='lat' dir='ltr'><strong>lectio</strong></span> <span class='ocrx_word' id='word_1_335' title='bbox 1209 3751 1441 3806; x_wconf 82' lang='lat' dir='ltr'><strong>Romani</strong></span> <span class='ocrx_word' id='word_1_336' title='bbox 1488 3752 1770 3814; x_wconf 89' lang='lat' dir='ltr'><strong>Breviarii,</strong></span> <span class='ocrx_word' id='word_1_337' title='bbox 1831 3749 1909 3804; x_wconf 87' lang='lat' dir='ltr'><strong>Pii</strong></span> <span class='ocrx_word' id='word_1_338' title='bbox 1940 3749 1987 3805; x_wconf 71' lang='grc' dir='ltr'><strong>ν</strong></span> 
     </span>
    </p>
   </div>
   <div class='ocr_carea' id='block_1_47' title="bbox 390 3820 1986 3893">
    <p class='ocr_par' dir='ltr' id='par_1_47' title="bbox 390 3820 1986 3893">
     <span class='ocr_line' id='line_1_47' title="bbox 390 3820 1986 3893; baseline -0.001 -17"><span class='ocrx_word' id='word_1_339' title='bbox 390 3821 719 3893; x_wconf 71' lang='lat' dir='ltr'><strong>auctoritate</strong></span> <span class='ocrx_word' id='word_1_340' title='bbox 742 3820 1376 3893; x_wconf 9' lang='lat' dir='ltr'><strong>reditl,ch.rGorgonio,</strong></span> <span class='ocrx_word' id='word_1_341' title='bbox 1411 3824 1500 3893; x_wconf 92' lang='lat' dir='ltr'><strong>qui</strong></span> <span class='ocrx_word' id='word_1_342' title='bbox 1530 3825 1674 3878; x_wconf 91' lang='lat' dir='ltr'><strong>inter</strong></span> <span class='ocrx_word' id='word_1_343' title='bbox 1702 3822 1838 3877; x_wconf 89' lang='lat' dir='ltr'><strong>duas</strong></span> <span class='ocrx_word' id='word_1_344' title='bbox 1872 3823 1986 3876; x_wconf 89' lang='lat' dir='ltr'><strong>lau-</strong></span> 
     </span>
    </p>
   </div>
   <div class='ocr_carea' id='block_1_48' title="bbox 389 3890 1987 3965">
    <p class='ocr_par' dir='ltr' id='par_1_48' title="bbox 389 3890 1987 3965">
     <span class='ocr_line' id='line_1_48' title="bbox 389 3890 1987 3965; baseline 0.004 -23"><span class='ocrx_word' id='word_1_345' title='bbox 389 3905 489 3965; x_wconf 73' lang='lat' dir='ltr'><strong>ros</strong></span> <span class='ocrx_word' id='word_1_346' title='bbox 514 3890 599 3965; x_wconf 80' lang='lat' dir='ltr'><strong>via</strong></span> <span class='ocrx_word' id='word_1_347' title='bbox 622 3890 889 3965; x_wconf 77' lang='lat' dir='ltr'><strong>Lavicana</strong></span> <span class='ocrx_word' id='word_1_348' title='bbox 916 3892 1190 3965; x_wconf 87' lang='lat' dir='ltr'><strong>sepultum</strong></span> <span class='ocrx_word' id='word_1_349' title='bbox 1226 3890 1445 3965; x_wconf 59' lang='lat' dir='ltr'><strong>legitur;</strong></span> <span class='ocrx_word' id='word_1_350' title='bbox 1469 3910 1568 3949; x_wconf 90' lang='lat' dir='ltr'><strong>nec</strong></span> <span class='ocrx_word' id='word_1_351' title='bbox 1596 3893 1723 3949; x_wconf 89' lang='lat' dir='ltr'><strong>alibi</strong></span> <span class='ocrx_word' id='word_1_352' title='bbox 1748 3893 1987 3962; x_wconf 85' lang='lat' dir='ltr'><strong>reperie-</strong></span> 
     </span>
    </p>
   </div>
   <div class='ocr_carea' id='block_1_49' title="bbox 391 3962 1987 4035">
    <p class='ocr_par' dir='ltr' id='par_1_49' title="bbox 391 3962 1987 4035">
     <span class='ocr_line' id='line_1_49' title="bbox 391 3962 1987 4035; baseline 0.002 -20"><span class='ocrx_word' id='word_1_353' title='bbox 391 3962 521 4035; x_wconf 72' lang='lat' dir='ltr'><strong>bam</strong></span> <span class='ocrx_word' id='word_1_354' title='bbox 552 3963 692 4035; x_wconf 79' lang='lat' dir='ltr'><strong>viam</strong></span> <span class='ocrx_word' id='word_1_355' title='bbox 724 3963 970 4017; x_wconf 87' lang='lat' dir='ltr'><strong>Latinam</strong></span> <span class='ocrx_word' id='word_1_356' title='bbox 1001 3964 1143 4019; x_wconf 71' lang='lat' dir='ltr'><strong>inter</strong></span> <span class='ocrx_word' id='word_1_357' title='bbox 1170 3962 1304 4019; x_wconf 75' lang='lat' dir='ltr'><strong>duas</strong></span> <span class='ocrx_word' id='word_1_358' title='bbox 1331 3967 1515 4021; x_wconf 86' lang='lat' dir='ltr'><strong>lauros</strong></span> <span class='ocrx_word' id='word_1_359' title='bbox 1541 3984 1553 4019; x_wconf 95' lang='lat'><strong>:</strong></span> <span class='ocrx_word' id='word_1_360' title='bbox 1595 3980 1901 4035; x_wconf 90' lang='lat' dir='ltr'><strong>quanquam</strong></span> <span class='ocrx_word' id='word_1_361' title='bbox 1934 3966 1987 4018; x_wconf 91' lang='lat' dir='ltr'><strong>in</strong></span> 
     </span>
    </p>
   </div>
   <div class='ocr_carea' id='block_1_50' title="bbox 392 4032 1987 4106">
    <p class='ocr_par' dir='ltr' id='par_1_50' title="bbox 392 4032 1987 4106">
     <span class='ocr_line' id='line_1_50' title="bbox 392 4032 1987 4106; baseline 0.003 -20"><span class='ocrx_word' id='word_1_362' title='bbox 392 4032 697 4106; x_wconf 65' lang='lat' dir='ltr'><strong>Dreviariis</strong></span> <span class='ocrx_word' id='word_1_363' title='bbox 720 4035 1115 4106; x_wconf 82' lang='lat' dir='ltr'><strong>recentioribus</strong></span> <span class='ocrx_word' id='word_1_364' title='bbox 1146 4037 1232 4090; x_wconf 87' lang='lat' dir='ltr'><strong>via</strong></span> <span class='ocrx_word' id='word_1_365' title='bbox 1262 4036 1448 4091; x_wconf 84' lang='lat' dir='ltr'><strong>Latina</strong></span> <span class='ocrx_word' id='word_1_366' title='bbox 1476 4032 1773 4106; x_wconf 82' lang='lat' dir='ltr'><strong>repositum</strong></span> <span class='ocrx_word' id='word_1_367' title='bbox 1803 4035 1987 4090; x_wconf 87' lang='lat' dir='ltr'><strong>fuerit.</strong></span> 
     </span>
    </p>
   </div>
   <div class='ocr_carea' id='block_1_51' title="bbox 392 4104 1989 4176">
    <p class='ocr_par' dir='ltr' id='par_1_51' title="bbox 392 4104 1989 4176">
     <span class='ocr_line' id='line_1_51' title="bbox 392 4104 1989 4176; baseline 0.001 -17"><span class='ocrx_word' id='word_1_368' title='bbox 392 4104 537 4161; x_wconf 78' lang='lat' dir='ltr'><strong>Vide</strong></span> <span class='ocrx_word' id='word_1_369' title='bbox 574 4120 695 4176; x_wconf 72' lang='lat' dir='ltr'><strong>qua:</strong></span> <span class='ocrx_word' id='word_1_370' title='bbox 719 4106 786 4161; x_wconf 91' lang='lat' dir='ltr'><strong>de</strong></span> <span class='ocrx_word' id='word_1_371' title='bbox 827 4104 909 4160; x_wconf 79' lang='lat' dir='ltr'><strong>via</strong></span> <span class='ocrx_word' id='word_1_372' title='bbox 942 4106 1207 4162; x_wconf 79' lang='lat' dir='ltr'><strong>Lavicana</strong></span> <span class='ocrx_word' id='word_1_373' title='bbox 1237 4107 1303 4163; x_wconf 91' lang='lat' dir='ltr'><strong>ad</strong></span> <span class='ocrx_word' id='word_1_374' title='bbox 1333 4108 1469 4163; x_wconf 89' lang='lat' dir='ltr'><strong>duas</strong></span> <span class='ocrx_word' id='word_1_375' title='bbox 1494 4104 1678 4163; x_wconf 83' lang='lat' dir='ltr'><strong>lauros</strong></span> <span class='ocrx_word' id='word_1_376' title='bbox 1703 4122 1865 4176; x_wconf 88' lang='lat' dir='ltr'><strong>supra</strong></span> <span class='ocrx_word' id='word_1_377' title='bbox 1894 4121 1989 4161; x_wconf 58' lang='lat' dir='ltr'><strong>ana</strong></span> 
     </span>
    </p>
   </div>
   <div class='ocr_carea' id='block_1_52' title="bbox 392 4176 1987 4250">
    <p class='ocr_par' dir='ltr' id='par_1_52' title="bbox 392 4176 1987 4250">
     <span class='ocr_line' id='line_1_52' title="bbox 392 4176 1987 4250; baseline 0.001 -19"><span class='ocrx_word' id='word_1_378' title='bbox 392 4177 730 4233; x_wconf 83' lang='lat' dir='ltr'><strong>notavimus.</strong></span> <span class='ocrx_word' id='word_1_379' title='bbox 764 4176 1023 4248; x_wconf 84' lang='lat' dir='ltr'><strong>Gorgonii</strong></span> <span class='ocrx_word' id='word_1_380' title='bbox 1063 4187 1121 4234; x_wconf 90' lang='lat' dir='ltr'><strong>et</strong></span> <span class='ocrx_word' id='word_1_381' title='bbox 1157 4180 1385 4235; x_wconf 89' lang='lat' dir='ltr'><strong>aliorum</strong></span> <span class='ocrx_word' id='word_1_382' title='bbox 1428 4194 1657 4250; x_wconf 88' lang='lat' dir='ltr'><strong>corpora</strong></span> <span class='ocrx_word' id='word_1_383' title='bbox 1688 4189 1987 4249; x_wconf 86' lang='lat' dir='ltr'><strong>martyrum</strong></span> 
     </span>
    </p>
   </div>
   <div class='ocr_carea' id='block_1_53' title="bbox 474 4313 1995 4387">
    <p class='ocr_par' dir='ltr' id='par_1_53' title="bbox 474 4313 1995 4387">
     <span class='ocr_line' id='line_1_53' title="bbox 474 4313 1995 4387; baseline -0.001 -17"><span class='ocrx_word' id='word_1_384' title='bbox 474 4324 497 4350; x_wconf 71' lang='grc' dir='ltr'><strong>δ</strong></span> <span class='ocrx_word' id='word_1_385' title='bbox 539 4314 789 4387; x_wconf 79' lang='lat' dir='ltr'><strong>Quishic</strong></span> <span class='ocrx_word' id='word_1_386' title='bbox 815 4315 1152 4387; x_wconf 82' lang='lat' dir='ltr'><strong>Gorgonius?</strong></span> <span class='ocrx_word' id='word_1_387' title='bbox 1176 4316 1299 4374; x_wconf 80' lang='lat' dir='ltr'><strong>Vid.</strong></span> <span class='ocrx_word' id='word_1_388' title='bbox 1328 4317 1399 4373; x_wconf 92' lang='lat' dir='ltr'><strong>de</strong></span> <span class='ocrx_word' id='word_1_389' title='bbox 1429 4317 1644 4373; x_wconf 88' lang='lat' dir='ltr'><strong>Damas.</strong></span> <span class='ocrx_word' id='word_1_390' title='bbox 1663 4313 1995 4371; x_wconf 89' lang='lat' dir='ltr'><strong>carminibus</strong></span> 
     </span>
    </p>
   </div>
   <div class='ocr_carea' id='block_1_54' title="bbox 396 4385 1996 4529">
    <p class='ocr_par' dir='ltr' id='par_1_54' title="bbox 396 4385 1996 4529">
     <span class='ocr_line' id='line_1_54' title="bbox 396 4385 1451 4495; baseline -0.002 -52"><span class='ocrx_word' id='word_1_391' title='bbox 556 4386 649 4454; x_wconf 75' lang='lat'><strong>25,</strong></span> <span class='ocrx_word' id='word_1_392' title='bbox 677 4385 706 4458; x_wconf 84' lang='lat'><strong>§</strong></span> <span class='ocrx_word' id='word_1_393' title='bbox 735 4387 791 4451; x_wconf 61' lang='grc' dir='ltr'><strong>εὶ,</strong></span> <span class='ocrx_word' id='word_1_394' title='bbox 824 4404 879 4441; x_wconf 91' lang='lat' dir='ltr'><strong>n.</strong></span> <span class='ocrx_word' id='word_1_395' title='bbox 907 4385 994 4442; x_wconf 73' lang='lat' dir='ltr'><strong>ﬂ.</strong></span> <span class='ocrx_word' id='word_1_396' title='bbox 1439 4461 1451 4473; x_wconf 45' lang='lat'><em>.</em></span> 
     </span>
     <span class='ocr_line' id='line_1_55' title="bbox 540 4455 1996 4529; baseline -0.001 -18"><span class='ocrx_word' id='word_1_397' title='bbox 540 4457 616 4512; x_wconf 89' lang='lat' dir='ltr'><strong>Ita</strong></span> <span class='ocrx_word' id='word_1_398' title='bbox 644 4473 831 4513; x_wconf 88' lang='lat' dir='ltr'><strong>rursus</strong></span> <span class='ocrx_word' id='word_1_399' title='bbox 857 4459 924 4515; x_wconf 91' lang='lat' dir='ltr'><strong>de</strong></span> <span class='ocrx_word' id='word_1_400' title='bbox 952 4460 1204 4529; x_wconf 84' lang='lat' dir='ltr'><strong>Sepulcro</strong></span> <span class='ocrx_word' id='word_1_401' title='bbox 1225 4478 1316 4517; x_wconf 88' lang='lat' dir='ltr'><strong>suo</strong></span> <span class='ocrx_word' id='word_1_402' title='bbox 1341 4463 1404 4517; x_wconf 88' lang='lat' dir='ltr'><strong>de</strong></span> <span class='ocrx_word' id='word_1_403' title='bbox 1433 4468 1625 4516; x_wconf 86' lang='lat' dir='ltr'><strong>incerto</strong></span> <span class='ocrx_word' id='word_1_404' title='bbox 1649 4457 1826 4514; x_wconf 65' lang='lat' dir='ltr'><strong>Graeco</strong></span> <span class='ocrx_word' id='word_1_405' title='bbox 1851 4455 1909 4511; x_wconf 83' lang='grc' dir='ltr'><strong><em>Μ</em></strong></span> <span class='ocrx_word' id='word_1_406' title='bbox 1912 4474 1996 4510; x_wconf 89' lang='lat' dir='ltr'><strong>ar-</strong></span> 
     </span>
    </p>
   </div>
   <div class='ocr_carea' id='block_1_55' title="bbox 1868 228 2196 289">
    <p class='ocr_par' dir='ltr' id='par_1_55' title="bbox 1868 228 2196 289">
     <span class='ocr_line' id='line_1_56' title="bbox 1868 228 2196 289; baseline -0.012 -2"><span class='ocrx_word' id='word_1_407' title='bbox 1868 228 2171 289; x_wconf 83' lang='lat' dir='ltr'><strong>CARMINA</strong></span> <span class='ocrx_word' id='word_1_408' title='bbox 2184 270 2196 283; x_wconf 94' lang='lat'><strong>.</strong></span> 
     </span>
    </p>
   </div>
   <div class='ocr_carea' id='block_1_56' title="bbox 2007 344 3537 421">
    <p class='ocr_par' dir='ltr' id='par_1_56' title="bbox 2007 344 3537 421">
     <span class='ocr_line' id='line_1_57' title="bbox 2007 344 3537 421; baseline 0 -17"><span class='ocrx_word' id='word_1_409' title='bbox 2007 353 2060 413; x_wconf 79' lang='grc' dir='ltr'><strong>Α</strong></span> <span class='ocrx_word' id='word_1_410' title='bbox 2088 346 2356 419; x_wconf 84' lang='lat' dir='ltr'><strong>Sanguine</strong></span> <span class='ocrx_word' id='word_1_411' title='bbox 2394 346 2604 401; x_wconf 88' lang='lat' dir='ltr'><strong>mutavit</strong></span> <span class='ocrx_word' id='word_1_412' title='bbox 2627 344 2848 418; x_wconf 83' lang='lat' dir='ltr'><strong>patriam</strong></span> <span class='ocrx_word' id='word_1_413' title='bbox 2872 387 2885 412; x_wconf 95' lang='lat'><strong>,</strong></span> <span class='ocrx_word' id='word_1_414' title='bbox 2921 346 2940 377; x_wconf 82' lang='grc'><strong>³</strong></span> <span class='ocrx_word' id='word_1_415' title='bbox 2964 344 3215 410; x_wconf 78' lang='lat' dir='ltr'><strong>vitamque</strong></span> <span class='ocrx_word' id='word_1_416' title='bbox 3235 390 3250 416; x_wconf 92' lang='lat'><strong>,</strong></span> <span class='ocrx_word' id='word_1_417' title='bbox 3280 364 3537 421; x_wconf 86' lang='lat' dir='ltr'><strong>genusque</strong></span> 
     </span>
    </p>
   </div>
   <div class='ocr_carea' id='block_1_57' title="bbox 3572 233 3676 291">
    <p class='ocr_par' dir='ltr' id='par_1_57' title="bbox 3572 233 3676 291">
     <span class='ocr_line' id='line_1_58' title="bbox 3572 233 3676 291; baseline 0 -1"><span class='ocrx_word' id='word_1_418' title='bbox 3572 233 3676 291; x_wconf 78' lang='grc'><strong>594</strong></span> 
     </span>
    </p>
   </div>
   <div class='ocr_carea' id='block_1_58' title="bbox 2080 437 3222 509">
    <p class='ocr_par' dir='ltr' id='par_1_58' title="bbox 2080 437 3222 509">
     <span class='ocr_line' id='line_1_59' title="bbox 2080 437 3222 509; baseline 0 -16"><span class='ocrx_word' id='word_1_419' title='bbox 2080 438 2374 493; x_wconf 83' lang='lat' dir='ltr'><strong>Romanum</strong></span> <span class='ocrx_word' id='word_1_420' title='bbox 2396 441 2553 493; x_wconf 85' lang='lat' dir='ltr'><strong>civem</strong></span> <span class='ocrx_word' id='word_1_421' title='bbox 2578 437 2888 494; x_wconf 88' lang='lat' dir='ltr'><strong>Sanctorum</strong></span> <span class='ocrx_word' id='word_1_422' title='bbox 2913 440 3031 509; x_wconf 85' lang='lat' dir='ltr'><strong>fecit</strong></span> <span class='ocrx_word' id='word_1_423' title='bbox 3060 440 3222 509; x_wconf 87' lang='lat' dir='ltr'><strong>origo.</strong></span> 
     </span>
    </p>
   </div>
   <div class='ocr_carea' id='block_1_59' title="bbox 2082 531 3328 605">
    <p class='ocr_par' dir='ltr' id='par_1_59' title="bbox 2082 531 3328 605">
     <span class='ocr_line' id='line_1_60' title="bbox 2082 531 3328 605; baseline 0 -18"><span class='ocrx_word' id='word_1_424' title='bbox 2082 531 2220 587; x_wconf 81' lang='lat' dir='ltr'><strong>Mira</strong></span> <span class='ocrx_word' id='word_1_425' title='bbox 2247 532 2375 603; x_wconf 80' lang='lat' dir='ltr'><strong>ﬁdes</strong></span> <span class='ocrx_word' id='word_1_426' title='bbox 2402 532 2577 587; x_wconf 88' lang='lat' dir='ltr'><strong>rerum</strong></span> <span class='ocrx_word' id='word_1_427' title='bbox 2602 532 2775 587; x_wconf 86' lang='lat' dir='ltr'><strong>docuit</strong></span> <span class='ocrx_word' id='word_1_428' title='bbox 2801 541 2914 601; x_wconf 84' lang='lat' dir='ltr'><strong>post</strong></span> <span class='ocrx_word' id='word_1_429' title='bbox 2935 533 3103 588; x_wconf 75' lang='lat' dir='ltr'><strong>exitus</strong></span> <span class='ocrx_word' id='word_1_430' title='bbox 3128 533 3328 605; x_wconf 87' lang='lat' dir='ltr'><strong>ingens.</strong></span> 
     </span>
    </p>
   </div>
   <div class='ocr_carea' id='block_1_60' title="bbox 2082 622 3675 696">
    <p class='ocr_par' dir='ltr' id='par_1_60' title="bbox 2082 622 3675 696">
     <span class='ocr_line' id='line_1_61' title="bbox 2082 622 3675 696; baseline 0.004 -19"><span class='ocrx_word' id='word_1_431' title='bbox 2082 622 2209 677; x_wconf 88' lang='lat' dir='ltr'><strong>Cum</strong></span> <span class='ocrx_word' id='word_1_432' title='bbox 2241 624 2431 679; x_wconf 90' lang='lat' dir='ltr'><strong>lacerat</strong></span> <span class='ocrx_word' id='word_1_433' title='bbox 2458 625 2545 694; x_wconf 85' lang='lat' dir='ltr'><strong>pia</strong></span> <span class='ocrx_word' id='word_1_434' title='bbox 2573 624 2801 679; x_wconf 88' lang='lat' dir='ltr'><strong>membra</strong></span> <span class='ocrx_word' id='word_1_435' title='bbox 2826 666 2841 691; x_wconf 93' lang='lat'><strong>,</strong></span> <span class='ocrx_word' id='word_1_436' title='bbox 2874 625 3045 696; x_wconf 78' lang='lat' dir='ltr'><strong>fremit</strong></span> <span class='ocrx_word' id='word_1_437' title='bbox 3071 624 3355 681; x_wconf 83' lang='lat' dir='ltr'><strong>Gratianus</strong></span> <span class='ocrx_word' id='word_1_438' title='bbox 3396 636 3450 683; x_wconf 86' lang='lat' dir='ltr'><strong>ut</strong></span> <span class='ocrx_word' id='word_1_439' title='bbox 3471 628 3635 683; x_wconf 79' lang='lat' dir='ltr'><strong>[tostis</strong></span> <span class='ocrx_word' id='word_1_440' title='bbox 3660 671 3675 693; x_wconf 93' lang='lat'><strong>,</strong></span> 
     </span>
    </p>
   </div>
   <div class='ocr_carea' id='block_1_61' title="bbox 2083 713 3316 789">
    <p class='ocr_par' dir='ltr' id='par_1_61' title="bbox 2083 713 3316 789">
     <span class='ocr_line' id='line_1_62' title="bbox 2083 713 3316 789; baseline 0.004 -21"><span class='ocrx_word' id='word_1_441' title='bbox 2083 713 2428 784; x_wconf 83' lang='lat' dir='ltr'><strong>Posteaquam</strong></span> <span class='ocrx_word' id='word_1_442' title='bbox 2446 716 2583 785; x_wconf 80' lang='lat' dir='ltr'><strong>fellis</strong></span> <span class='ocrx_word' id='word_1_443' title='bbox 2605 718 2795 772; x_wconf 89' lang='lat' dir='ltr'><strong>vomuit</strong></span> <span class='ocrx_word' id='word_1_444' title='bbox 2816 728 3063 789; x_wconf 85' lang='lat' dir='ltr'><strong>concepta</strong></span> <span class='ocrx_word' id='word_1_445' title='bbox 3092 720 3316 787; x_wconf 77' lang='lat' dir='ltr'><strong>venena&quot;,</strong></span> 
     </span>
    </p>
   </div>
   <div class='ocr_carea' id='block_1_62' title="bbox 2083 804 3451 885">
    <p class='ocr_par' dir='ltr' id='par_1_62' title="bbox 2083 804 3451 885">
     <span class='ocr_line' id='line_1_63' title="bbox 2083 804 3451 885; baseline 0.006 -24"><span class='ocrx_word' id='word_1_446' title='bbox 2083 804 2275 879; x_wconf 83' lang='lat' dir='ltr'><strong>Cogere</strong></span> <span class='ocrx_word' id='word_1_447' title='bbox 2296 824 2397 862; x_wconf 88' lang='lat' dir='ltr'><strong>non</strong></span> <span class='ocrx_word' id='word_1_448' title='bbox 2424 810 2589 879; x_wconf 88' lang='lat' dir='ltr'><strong>potuit</strong></span> <span class='ocrx_word' id='word_1_449' title='bbox 2610 809 2873 864; x_wconf 85' lang='lat' dir='ltr'><strong>Christum</strong></span> <span class='ocrx_word' id='word_1_450' title='bbox 2894 820 2965 877; x_wconf 90' lang='lat' dir='ltr'><strong>te,</strong></span> <span class='ocrx_word' id='word_1_451' title='bbox 2997 823 3193 878; x_wconf 86' lang='lat' dir='ltr'><strong>sancte,</strong></span> <span class='ocrx_word' id='word_1_452' title='bbox 3227 830 3414 885; x_wconf 85' lang='lat' dir='ltr'><strong>negare</strong></span> <span class='ocrx_word' id='word_1_453' title='bbox 3437 859 3451 883; x_wconf 90' lang='lat'><strong>,</strong></span> 
     </span>
    </p>
   </div>
   <div class='ocr_carea' id='block_1_63' title="bbox 2083 898 3287 975">
    <p class='ocr_par' dir='ltr' id='par_1_63' title="bbox 2083 898 3287 975">
     <span class='ocr_line' id='line_1_64' title="bbox 2083 898 3287 975; baseline 0.007 -22"><span class='ocrx_word' id='word_1_454' title='bbox 2083 898 2111 953; x_wconf 88' lang='grc' dir='ltr'><strong><em>Ι</em></strong></span> <span class='ocrx_word' id='word_1_455' title='bbox 2120 916 2210 970; x_wconf 86' lang='lat' dir='ltr'><strong>pse</strong></span> <span class='ocrx_word' id='word_1_456' title='bbox 2238 903 2336 954; x_wconf 89' lang='lat' dir='ltr'><strong>tuis</strong></span> <span class='ocrx_word' id='word_1_457' title='bbox 2364 903 2598 973; x_wconf 87' lang='lat' dir='ltr'><strong>precibus</strong></span> <span class='ocrx_word' id='word_1_458' title='bbox 2625 904 2811 956; x_wconf 90' lang='lat' dir='ltr'><strong>meruit</strong></span> <span class='ocrx_word' id='word_1_459' title='bbox 2838 907 3106 975; x_wconf 77' lang='lat' dir='ltr'><strong>confessus</strong></span> <span class='ocrx_word' id='word_1_460' title='bbox 3126 906 3287 962; x_wconf 87' lang='lat' dir='ltr'><strong>abire.</strong></span> 
     </span>
    </p>
   </div>
   <div class='ocr_carea' id='block_1_64' title="bbox 2087 992 3605 1072">
    <p class='ocr_par' dir='ltr' id='par_1_64' title="bbox 2087 992 3605 1072">
     <span class='ocr_line' id='line_1_65' title="bbox 2087 992 3605 1072; baseline 0.007 -24"><span class='ocrx_word' id='word_1_461' title='bbox 2087 992 2358 1064; x_wconf 87' lang='lat' dir='ltr'><strong>Supplicis</strong></span> <span class='ocrx_word' id='word_1_462' title='bbox 2387 994 2498 1048; x_wconf 70' lang='lat' dir='ltr'><strong>lucc</strong></span> <span class='ocrx_word' id='word_1_463' title='bbox 2526 994 2742 1050; x_wconf 78' lang='lat' dir='ltr'><strong>Damasi</strong></span> <span class='ocrx_word' id='word_1_464' title='bbox 2772 1013 2871 1051; x_wconf 73' lang='lat' dir='ltr'><strong>vox</strong></span> <span class='ocrx_word' id='word_1_465' title='bbox 2892 1008 2965 1052; x_wconf 90' lang='lat' dir='ltr'><strong>est</strong></span> <span class='ocrx_word' id='word_1_466' title='bbox 2994 1014 3231 1054; x_wconf 83' lang='lat' dir='ltr'><strong>venerare</strong></span> <span class='ocrx_word' id='word_1_467' title='bbox 3270 1003 3563 1072; x_wconf 85' lang='lat' dir='ltr'><strong>sepulcrum</strong></span> <span class='ocrx_word' id='word_1_468' title='bbox 3591 1046 3605 1071; x_wconf 92' lang='lat'><strong>,</strong></span> 
     </span>
    </p>
   </div>
   <div class='ocr_carea' id='block_1_65' title="bbox 2088 1081 3430 1163">
    <p class='ocr_par' dir='ltr' id='par_1_65' title="bbox 2088 1081 3430 1163">
     <span class='ocr_line' id='line_1_66' title="bbox 2088 1081 3430 1163; baseline 0.005 -21"><span class='ocrx_word' id='word_1_469' title='bbox 2088 1081 2302 1142; x_wconf 87' lang='lat' dir='ltr'><strong>Solvere</strong></span> <span class='ocrx_word' id='word_1_470' title='bbox 2327 1097 2443 1141; x_wconf 89' lang='lat' dir='ltr'><strong>vota</strong></span> <span class='ocrx_word' id='word_1_471' title='bbox 2471 1088 2606 1154; x_wconf 86' lang='lat' dir='ltr'><strong>licet,</strong></span> <span class='ocrx_word' id='word_1_472' title='bbox 2638 1100 2904 1160; x_wconf 76' lang='lat' dir='ltr'><strong>casiasque</strong></span> <span class='ocrx_word' id='word_1_473' title='bbox 2930 1089 3196 1158; x_wconf 72' lang='lat' dir='ltr'><strong>e/fundere</strong></span> <span class='ocrx_word' id='word_1_474' title='bbox 3225 1110 3398 1163; x_wconf 85' lang='lat' dir='ltr'><strong>preces</strong></span> <span class='ocrx_word' id='word_1_475' title='bbox 3417 1138 3430 1163; x_wconf 87' lang='lat'><strong>,</strong></span> 
     </span>
    </p>
   </div>
   <div class='ocr_carea' id='block_1_66' title="bbox 2091 1182 3474 1256">
    <p class='ocr_par' dir='ltr' id='par_1_66' title="bbox 2091 1182 3474 1256">
     <span class='ocr_line' id='line_1_67' title="bbox 2091 1182 3474 1256; baseline 0.005 -19"><span class='ocrx_word' id='word_1_476' title='bbox 2091 1182 2274 1237; x_wconf 86' lang='lat' dir='ltr'><strong>Sancti</strong></span> <span class='ocrx_word' id='word_1_477' title='bbox 2302 1182 2537 1237; x_wconf 89' lang='lat' dir='ltr'><strong>Saturini</strong></span> <span class='ocrx_word' id='word_1_478' title='bbox 2564 1191 2588 1229; x_wconf 80' lang='lat'><strong><em>8</em></strong></span> <span class='ocrx_word' id='word_1_479' title='bbox 2618 1183 2845 1238; x_wconf 87' lang='lat' dir='ltr'><strong>tumulus</strong></span> <span class='ocrx_word' id='word_1_480' title='bbox 2869 1185 2991 1255; x_wconf 88' lang='lat' dir='ltr'><strong>quia</strong></span> <span class='ocrx_word' id='word_1_481' title='bbox 3012 1187 3253 1256; x_wconf 84' lang='lat' dir='ltr'><strong>martyris</strong></span> <span class='ocrx_word' id='word_1_482' title='bbox 3274 1188 3358 1241; x_wconf 84' lang='lat' dir='ltr'><strong>hic</strong></span> <span class='ocrx_word' id='word_1_483' title='bbox 3380 1199 3474 1243; x_wconf 91' lang='lat' dir='ltr'><strong>est.</strong></span> 
     </span>
    </p>
   </div>
   <div class='ocr_carea' id='block_1_67' title="bbox 2084 1315 3684 1391">
    <p class='ocr_par' dir='ltr' id='par_1_67' title="bbox 2084 1315 3684 1391">
     <span class='ocr_line' id='line_1_68' title="bbox 2084 1315 3684 1391; baseline 0.008 -17"><span class='ocrx_word' id='word_1_484' title='bbox 2084 1319 2137 1391; x_wconf 87' lang='lat' dir='ltr'><strong>in</strong></span> <span class='ocrx_word' id='word_1_485' title='bbox 2169 1315 2372 1374; x_wconf 88' lang='lat' dir='ltr'><strong>Gallias</strong></span> <span class='ocrx_word' id='word_1_486' title='bbox 2420 1320 2772 1391; x_wconf 87' lang='lat' dir='ltr'><strong>postmodum</strong></span> <span class='ocrx_word' id='word_1_487' title='bbox 2825 1325 3087 1379; x_wconf 86' lang='lat' dir='ltr'><strong>translata</strong></span> <span class='ocrx_word' id='word_1_488' title='bbox 3135 1326 3219 1381; x_wconf 90' lang='lat' dir='ltr'><strong>his</strong></span> <span class='ocrx_word' id='word_1_489' title='bbox 3262 1329 3445 1383; x_wconf 80' lang='lat' dir='ltr'><strong>verbis</strong></span> <span class='ocrx_word' id='word_1_490' title='bbox 3493 1332 3684 1387; x_wconf 89' lang='lat' dir='ltr'><strong>scribit</strong></span> 
     </span>
    </p>
   </div>
   <div class='ocr_carea' id='block_1_68' title="bbox 2086 1390 3683 1461">
    <p class='ocr_par' dir='ltr' id='par_1_68' title="bbox 2086 1390 3683 1461">
     <span class='ocr_line' id='line_1_69' title="bbox 2086 1390 3683 1461; baseline 0.009 -15"><span class='ocrx_word' id='word_1_491' title='bbox 2086 1390 2402 1461; x_wconf 87' lang='lat' dir='ltr'><strong>Sigebertus</strong></span> <span class='ocrx_word' id='word_1_492' title='bbox 2424 1395 2474 1445; x_wconf 92' lang='lat' dir='ltr'><strong>in</strong></span> <span class='ocrx_word' id='word_1_493' title='bbox 2496 1390 2770 1448; x_wconf 90' lang='lat' dir='ltr'><strong>Chronico</strong></span> <span class='ocrx_word' id='word_1_494' title='bbox 2784 1395 2885 1449; x_wconf 90' lang='lat' dir='ltr'><strong>sub</strong></span> <span class='ocrx_word' id='word_1_495' title='bbox 2909 1411 3053 1451; x_wconf 91' lang='lat' dir='ltr'><strong>anno</strong></span> <span class='ocrx_word' id='word_1_496' title='bbox 3072 1398 3281 1453; x_wconf 90' lang='lat' dir='ltr'><strong>Domini</strong></span> <span class='ocrx_word' id='word_1_497' title='bbox 3303 1402 3428 1456; x_wconf 68' lang='lat'><strong>764:</strong></span> <span class='ocrx_word' id='word_1_498' title='bbox 3455 1419 3475 1454; x_wconf 88' lang='grc'><em>‹</em></span> <span class='ocrx_word' id='word_1_499' title='bbox 3510 1402 3683 1459; x_wconf 90' lang='lat' dir='ltr'><strong>Chro-</strong></span> 
     </span>
    </p>
   </div>
   <div class='ocr_carea' id='block_1_69' title="bbox 2083 1461 3678 1543">
    <p class='ocr_par' dir='ltr' id='par_1_69' title="bbox 2083 1461 3678 1543">
     <span class='ocr_line' id='line_1_70' title="bbox 2083 1461 3678 1543; baseline 0.011 -30"><span class='ocrx_word' id='word_1_500' title='bbox 2083 1461 2390 1543; x_wconf 41' lang='lat' dir='ltr'><strong>d&#39;eguudus</strong></span> <span class='ocrx_word' id='word_1_501' title='bbox 2415 1465 2706 1543; x_wconf 59' lang='lat' dir='ltr'><strong>episcopus</strong></span> <span class='ocrx_word' id='word_1_502' title='bbox 2758 1479 3353 1543; x_wconf 32' lang='lat' dir='ltr'><strong>corporaumartyrum</strong></span> <span class='ocrx_word' id='word_1_503' title='bbox 3384 1472 3645 1543; x_wconf 84' lang='lat' dir='ltr'><strong>Gorgonii</strong></span> <span class='ocrx_word' id='word_1_504' title='bbox 3665 1517 3678 1542; x_wconf 93' lang='lat'><strong>,</strong></span> 
     </span>
    </p>
   </div>
   <div class='ocr_carea' id='block_1_70' title="bbox 2083 1532 3683 1610">
    <p class='ocr_par' dir='ltr' id='par_1_70' title="bbox 2083 1532 3683 1610">
     <span class='ocr_line' id='line_1_71' title="bbox 2083 1532 3683 1610; baseline 0.009 -23"><span class='ocrx_word' id='word_1_505' title='bbox 2083 1532 2332 1610; x_wconf 74' lang='lat' dir='ltr'><strong>Naboris,</strong></span> <span class='ocrx_word' id='word_1_506' title='bbox 2358 1534 2783 1610; x_wconf 65' lang='lat' dir='ltr'><strong>Naaarii,_Ror_ua</strong></span> <span class='ocrx_word' id='word_1_507' title='bbox 2810 1532 2875 1610; x_wconf 84' lang='lat' dir='ltr'><strong>ad</strong></span> <span class='ocrx_word' id='word_1_508' title='bbox 2898 1538 3099 1595; x_wconf 87' lang='lat' dir='ltr'><strong>Gallias</strong></span> <span class='ocrx_word' id='word_1_509' title='bbox 3130 1532 3435 1610; x_wconf 75' lang='lat' dir='ltr'><strong>transtulit,</strong></span> <span class='ocrx_word' id='word_1_510' title='bbox 3462 1532 3683 1601; x_wconf 66' lang='grc' dir='ltr'><strong>οἶϐον-ί</strong></span> 
     </span>
    </p>
   </div>
   <div class='ocr_carea' id='block_1_71' title="bbox 2083 1604 3681 1675">
    <p class='ocr_par' dir='ltr' id='par_1_71' title="bbox 2083 1604 3681 1675">
     <span class='ocr_line' id='line_1_72' title="bbox 2083 1604 3681 1675; baseline 0.009 -17"><span class='ocrx_word' id='word_1_511' title='bbox 2083 1604 2301 1673; x_wconf 80' lang='lat' dir='ltr'><strong>gonium</strong></span> <span class='ocrx_word' id='word_1_512' title='bbox 2333 1604 2549 1675; x_wconf 84' lang='lat' dir='ltr'><strong>quidem</strong></span> <span class='ocrx_word' id='word_1_513' title='bbox 2597 1607 2650 1660; x_wconf 90' lang='lat' dir='ltr'><strong>in</strong></span> <span class='ocrx_word' id='word_1_514' title='bbox 2694 1608 2906 1663; x_wconf 71' lang='lat' dir='ltr'><strong>Gorziie</strong></span> <span class='ocrx_word' id='word_1_515' title='bbox 2939 1610 3289 1675; x_wconf 83' lang='lat' dir='ltr'><strong>Monasterio.</strong></span> <span class='ocrx_word' id='word_1_516' title='bbox 3324 1604 3594 1672; x_wconf 84' lang='lat' dir='ltr'><strong>Nabnrem</strong></span> <span class='ocrx_word' id='word_1_517' title='bbox 3628 1618 3681 1673; x_wconf 90' lang='lat' dir='ltr'><strong>in</strong></span> 
     </span>
    </p>
   </div>
   <div class='ocr_carea' id='block_1_72' title="bbox 2082 1676 3688 1755">
    <p class='ocr_par' dir='ltr' id='par_1_72' title="bbox 2082 1676 3688 1755">
     <span class='ocr_line' id='line_1_73' title="bbox 2082 1676 3688 1755; baseline 0.009 -27"><span class='ocrx_word' id='word_1_518' title='bbox 2082 1676 2396 1755; x_wconf 73' lang='lat' dir='ltr'><strong>Hilliariaeo</strong></span> <span class='ocrx_word' id='word_1_519' title='bbox 2438 1678 2699 1755; x_wconf 78' lang='lat' dir='ltr'><strong>reposuit,</strong></span> <span class='ocrx_word' id='word_1_520' title='bbox 2731 1692 2905 1755; x_wconf 9' lang='lat' dir='ltr'><strong>etc.r;_i</strong></span> <span class='ocrx_word' id='word_1_521' title='bbox 2942 1691 2996 1736; x_wconf 91' lang='lat' dir='ltr'><strong>et</strong></span> <span class='ocrx_word' id='word_1_522' title='bbox 3025 1684 3166 1738; x_wconf 86' lang='lat' dir='ltr'><strong>Beda</strong></span> <span class='ocrx_word' id='word_1_523' title='bbox 3191 1701 3256 1739; x_wconf 84' lang='lat' dir='ltr'><strong>ex</strong></span> <span class='ocrx_word' id='word_1_524' title='bbox 3279 1702 3386 1755; x_wconf 92' lang='lat' dir='ltr'><strong>quo</strong></span> <span class='ocrx_word' id='word_1_525' title='bbox 3410 1697 3465 1742; x_wconf 89' lang='lat' dir='ltr'><strong>et</strong></span> <span class='ocrx_word' id='word_1_526' title='bbox 3505 1689 3688 1742; x_wconf 81' lang='lat' dir='ltr'><strong>Raba-</strong></span> 
     </span>
    </p>
   </div>
   <div class='ocr_carea' id='block_1_73' title="bbox 2008 1740 3685 1835">
    <p class='ocr_par' dir='ltr' id='par_1_73' title="bbox 2008 1740 3685 1835">
     <span class='ocr_line' id='line_1_74' title="bbox 2008 1740 3685 1835; baseline 0.009 -35"><span class='ocrx_word' id='word_1_527' title='bbox 2008 1740 2055 1800; x_wconf 91' lang='lat' dir='ltr'><strong>B</strong></span> <span class='ocrx_word' id='word_1_528' title='bbox 2085 1762 2189 1829; x_wconf 75' lang='lat' dir='ltr'><strong>nus</strong></span> <span class='ocrx_word' id='word_1_529' title='bbox 2229 1740 2711 1835; x_wconf 48' lang='lat' dir='ltr'><strong>inMaytyiolqgiis</strong></span> <span class='ocrx_word' id='word_1_530' title='bbox 2750 1740 2994 1834; x_wconf 80' lang='lat' dir='ltr'><strong>scribunt</strong></span> <span class='ocrx_word' id='word_1_531' title='bbox 3026 1773 3039 1809; x_wconf 89' lang='lat'><strong>:</strong></span> <span class='ocrx_word' id='word_1_532' title='bbox 3086 1770 3124 1807; x_wconf 86' lang='lat' dir='ltr'><strong>ii</strong></span> <span class='ocrx_word' id='word_1_533' title='bbox 3154 1755 3273 1809; x_wconf 84' lang='lat' dir='ltr'><strong>idus</strong></span> <span class='ocrx_word' id='word_1_534' title='bbox 3297 1740 3472 1835; x_wconf 63' lang='lat' dir='ltr'><strong>&#39;Junii,</strong></span> <span class='ocrx_word' id='word_1_535' title='bbox 3504 1740 3685 1835; x_wconf 47' lang='lat' dir='ltr'><strong>listed</strong></span> 
     </span>
    </p>
   </div>
   <div class='ocr_carea' id='block_1_74' title="bbox 2081 1818 3683 1895">
    <p class='ocr_par' dir='ltr' id='par_1_74' title="bbox 2081 1818 3683 1895">
     <span class='ocr_line' id='line_1_75' title="bbox 2081 1818 3683 1895; baseline 0.008 -24"><span class='ocrx_word' id='word_1_536' title='bbox 2081 1819 2218 1895; x_wconf 72' lang='lat' dir='ltr'><strong>rium</strong></span> <span class='ocrx_word' id='word_1_537' title='bbox 2257 1820 2411 1895; x_wconf 68' lang='lat' dir='ltr'><strong>simul</strong></span> <span class='ocrx_word' id='word_1_538' title='bbox 2433 1818 2556 1895; x_wconf 60' lang='lat' dir='ltr'><strong>cum</strong></span> <span class='ocrx_word' id='word_1_539' title='bbox 2588 1818 2851 1895; x_wconf 73' lang='lat' dir='ltr'><strong>Gorgonio</strong></span> <span class='ocrx_word' id='word_1_540' title='bbox 2882 1835 3118 1895; x_wconf 57' lang='lat' dir='ltr'><strong>Inartyre</strong></span> <span class='ocrx_word' id='word_1_541' title='bbox 3153 1830 3414 1881; x_wconf 86' lang='lat' dir='ltr'><strong>transtulit</strong></span> <span class='ocrx_word' id='word_1_542' title='bbox 3445 1818 3477 1883; x_wconf 87' lang='lat' dir='ltr'><strong>a</strong></span> <span class='ocrx_word' id='word_1_543' title='bbox 3516 1830 3683 1885; x_wconf 84' lang='lat' dir='ltr'><strong>Roma</strong></span> 
     </span>
    </p>
   </div>
   <div class='ocr_carea' id='block_1_75' title="bbox 2082 1887 3682 1965">
    <p class='ocr_par' dir='ltr' id='par_1_75' title="bbox 2082 1887 3682 1965">
     <span class='ocr_line' id='line_1_76' title="bbox 2082 1887 3682 1965; baseline 0.009 -23"><span class='ocrx_word' id='word_1_544' title='bbox 2082 1890 2135 1942; x_wconf 88' lang='lat' dir='ltr'><strong>in</strong></span> <span class='ocrx_word' id='word_1_545' title='bbox 2167 1887 2394 1943; x_wconf 78' lang='lat' dir='ltr'><strong>Galliam</strong></span> <span class='ocrx_word' id='word_1_546' title='bbox 2422 1887 2831 1965; x_wconf 69' lang='lat' dir='ltr'><strong>Chredeguiidus</strong></span> <span class='ocrx_word' id='word_1_547' title='bbox 2859 1887 3134 1956; x_wconf 70' lang='lat' dir='ltr'><strong>(Rabainus</strong></span> <span class='ocrx_word' id='word_1_548' title='bbox 3156 1908 3345 1965; x_wconf 66' lang='lat' dir='ltr'><strong>autem</strong></span> <span class='ocrx_word' id='word_1_549' title='bbox 3381 1899 3539 1954; x_wconf 80' lang='lat' dir='ltr'><strong>habet</strong></span> <span class='ocrx_word' id='word_1_550' title='bbox 3572 1902 3682 1955; x_wconf 85' lang='lat' dir='ltr'><strong>Hu-</strong></span> 
     </span>
    </p>
   </div>
   <div class='ocr_carea' id='block_1_76' title="bbox 2082 1961 3682 2035">
    <p class='ocr_par' dir='ltr' id='par_1_76' title="bbox 2082 1961 3682 2035">
     <span class='ocr_line' id='line_1_77' title="bbox 2082 1961 3682 2035; baseline 0.007 -20"><span class='ocrx_word' id='word_1_551' title='bbox 2082 1961 2473 2035; x_wconf 71' lang='lat' dir='ltr'><strong>t&#39;umgaugus),</strong></span> <span class='ocrx_word' id='word_1_552' title='bbox 2509 1961 2755 2035; x_wconf 77' lang='lat' dir='ltr'><strong>Metensis</strong></span> <span class='ocrx_word' id='word_1_553' title='bbox 2797 1968 3099 2034; x_wconf 79' lang='lat' dir='ltr'><strong>cpiscopus,</strong></span> <span class='ocrx_word' id='word_1_554' title='bbox 3150 1961 3472 2035; x_wconf 82' lang='lat' dir='ltr'><strong>permittente</strong></span> <span class='ocrx_word' id='word_1_555' title='bbox 3514 1970 3682 2026; x_wconf 91' lang='lat' dir='ltr'><strong>Paulo</strong></span> 
     </span>
    </p>
   </div>
   <div class='ocr_carea' id='block_1_77' title="bbox 2083 2031 3678 2110">
    <p class='ocr_par' dir='ltr' id='par_1_77' title="bbox 2083 2031 3678 2110">
     <span class='ocr_line' id='line_1_78' title="bbox 2083 2031 3678 2110; baseline 0.008 -26"><span class='ocrx_word' id='word_1_556' title='bbox 2083 2048 2221 2103; x_wconf 90' lang='lat' dir='ltr'><strong>papa</strong></span> <span class='ocrx_word' id='word_1_557' title='bbox 2251 2031 2489 2110; x_wconf 55' lang='lat' dir='ltr'><strong>ﬁomano</strong></span> <span class='ocrx_word' id='word_1_558' title='bbox 2510 2074 2525 2097; x_wconf 93' lang='lat'><strong>,</strong></span> <span class='ocrx_word' id='word_1_559' title='bbox 2552 2050 2688 2110; x_wconf 81' lang='lat' dir='ltr'><strong>anno</strong></span> <span class='ocrx_word' id='word_1_560' title='bbox 2729 2031 3017 2110; x_wconf 72' lang='lat' dir='ltr'><strong>ﬂaminica:</strong></span> <span class='ocrx_word' id='word_1_561' title='bbox 3045 2031 3426 2107; x_wconf 82' lang='lat' dir='ltr'><strong>Incarnattonis</strong></span> <span class='ocrx_word' id='word_1_562' title='bbox 3451 2057 3678 2110; x_wconf 75' lang='lat' dir='ltr'><strong>nccuv,</strong></span> 
     </span>
    </p>
   </div>
   <div class='ocr_carea' id='block_1_78' title="bbox 2083 2102 3681 2183">
    <p class='ocr_par' dir='ltr' id='par_1_78' title="bbox 2083 2102 3681 2183">
     <span class='ocr_line' id='line_1_79' title="bbox 2083 2102 3681 2183; baseline 0.008 -27"><span class='ocrx_word' id='word_1_563' title='bbox 2083 2112 2129 2156; x_wconf 88' lang='lat' dir='ltr'><strong>et</strong></span> <span class='ocrx_word' id='word_1_564' title='bbox 2180 2102 2452 2183; x_wconf 79' lang='lat' dir='ltr'><strong>collocavit</strong></span> <span class='ocrx_word' id='word_1_565' title='bbox 2505 2104 2780 2183; x_wconf 65' lang='lat' dir='ltr'><strong>praedictus</strong></span> <span class='ocrx_word' id='word_1_566' title='bbox 2830 2108 3217 2183; x_wconf 76' lang='lat' dir='ltr'><strong>e_piscopus__S.</strong></span> <span class='ocrx_word' id='word_1_567' title='bbox 3253 2102 3577 2183; x_wconf 80' lang='lat' dir='ltr'><strong>Gergoneum</strong></span> <span class='ocrx_word' id='word_1_568' title='bbox 3627 2102 3681 2168; x_wconf 74' lang='lat' dir='ltr'><strong>in</strong></span> 
     </span>
    </p>
   </div>
   <div class='ocr_carea' id='block_1_79' title="bbox 2083 2175 3679 2256">
    <p class='ocr_par' dir='ltr' id='par_1_79' title="bbox 2083 2175 3679 2256">
     <span class='ocr_line' id='line_1_80' title="bbox 2083 2175 3679 2256; baseline 0.007 -30"><span class='ocrx_word' id='word_1_569' title='bbox 2083 2175 2596 2256; x_wconf 45' lang='lat' dir='ltr'><strong>monasteriohquod“</strong></span> <span class='ocrx_word' id='word_1_570' title='bbox 2621 2175 2814 2256; x_wconf 69' lang='lat' dir='ltr'><strong>dicitur</strong></span> <span class='ocrx_word' id='word_1_571' title='bbox 2843 2175 3052 2256; x_wconf 51' lang='lat' dir='ltr'><strong>Gorgia.</strong></span> <span class='ocrx_word' id='word_1_572' title='bbox 3098 2175 3449 2256; x_wconf 52' lang='lat' dir='ltr'><strong>Notkcrns&#39;in</strong></span> <span class='ocrx_word' id='word_1_573' title='bbox 3483 2184 3679 2256; x_wconf 79' lang='lat' dir='ltr'><strong>Marty-</strong></span> 
     </span>
    </p>
   </div>
   <div class='ocr_carea' id='block_1_80' title="bbox 2082 2244 3684 2318">
    <p class='ocr_par' dir='ltr' id='par_1_80' title="bbox 2082 2244 3684 2318">
     <span class='ocr_line' id='line_1_81' title="bbox 2082 2244 3684 2318; baseline 0.009 -21"><span class='ocrx_word' id='word_1_574' title='bbox 2082 2244 2324 2318; x_wconf 80' lang='lat' dir='ltr'><strong>rologio,</strong></span> <span class='ocrx_word' id='word_1_575' title='bbox 2366 2245 2514 2318; x_wconf 75' lang='lat' dir='ltr'><strong>dicta</strong></span> <span class='ocrx_word' id='word_1_576' title='bbox 2545 2244 2680 2318; x_wconf 79' lang='lat' dir='ltr'><strong>die,</strong></span> <span class='ocrx_word' id='word_1_577' title='bbox 2712 2247 2905 2303; x_wconf 89' lang='lat' dir='ltr'><strong>iisdem</strong></span> <span class='ocrx_word' id='word_1_578' title='bbox 2954 2250 3068 2303; x_wconf 83' lang='lat' dir='ltr'><strong>fere</strong></span> <span class='ocrx_word' id='word_1_579' title='bbox 3115 2254 3329 2318; x_wconf 86' lang='lat' dir='ltr'><strong>verbis;</strong></span> <span class='ocrx_word' id='word_1_580' title='bbox 3379 2269 3441 2308; x_wconf 90' lang='lat' dir='ltr'><strong>ac</strong></span> <span class='ocrx_word' id='word_1_581' title='bbox 3490 2244 3684 2311; x_wconf 76' lang='lat' dir='ltr'><strong>Petrus</strong></span> 
     </span>
    </p>
   </div>
   <div class='ocr_carea' id='block_1_81' title="bbox 2083 2315 3684 2395">
    <p class='ocr_par' dir='ltr' id='par_1_81' title="bbox 2083 2315 3684 2395">
     <span class='ocr_line' id='line_1_82' title="bbox 2083 2315 3684 2395; baseline 0.006 -25"><span class='ocrx_word' id='word_1_582' title='bbox 2083 2315 2245 2370; x_wconf 85' lang='lat' dir='ltr'><strong>etiam</strong></span> <span class='ocrx_word' id='word_1_583' title='bbox 2276 2316 2612 2395; x_wconf 74' lang='lat' dir='ltr'><strong>iu_Cataln_go</strong></span> <span class='ocrx_word' id='word_1_584' title='bbox 2641 2317 2755 2372; x_wconf 87' lang='lat' dir='ltr'><strong>sic:</strong></span> <span class='ocrx_word' id='word_1_585' title='bbox 2790 2319 3131 2395; x_wconf 15' lang='lat' dir='ltr'><strong>Annorautem</strong></span> <span class='ocrx_word' id='word_1_586' title='bbox 3162 2315 3371 2376; x_wconf 82' lang='lat' dir='ltr'><strong>Domini</strong></span> <span class='ocrx_word' id='word_1_587' title='bbox 3397 2323 3536 2391; x_wconf 73' lang='grc'><strong>764,</strong></span> <span class='ocrx_word' id='word_1_588' title='bbox 3570 2329 3684 2395; x_wconf 87' lang='lat' dir='ltr'><strong>epi-</strong></span> 
     </span>
    </p>
   </div>
   <div class='ocr_carea' id='block_1_82' title="bbox 2082 2385 3688 2465">
    <p class='ocr_par' dir='ltr' id='par_1_82' title="bbox 2082 2385 3688 2465">
     <span class='ocr_line' id='line_1_83' title="bbox 2082 2385 3688 2465; baseline 0.007 -26"><span class='ocrx_word' id='word_1_589' title='bbox 2082 2403 2268 2465; x_wconf 74' lang='lat' dir='ltr'><strong>scopus</strong></span> <span class='ocrx_word' id='word_1_590' title='bbox 2320 2385 2602 2465; x_wconf 66' lang='lat' dir='ltr'><strong>Metensis,</strong></span> <span class='ocrx_word' id='word_1_591' title='bbox 2636 2389 3002 2465; x_wconf 26' lang='lat' dir='ltr'><strong>nepos‘Pipini</strong></span> <span class='ocrx_word' id='word_1_592' title='bbox 3035 2395 3193 2465; x_wconf 85' lang='lat' dir='ltr'><strong>regis,</strong></span> <span class='ocrx_word' id='word_1_593' title='bbox 3220 2394 3391 2460; x_wconf 83' lang='lat' dir='ltr'><strong>ipsum</strong></span> <span class='ocrx_word' id='word_1_594' title='bbox 3421 2385 3688 2452; x_wconf 74' lang='lat' dir='ltr'><strong>transtulit</strong></span> 
     </span>
    </p>
   </div>
   <div class='ocr_carea' id='block_1_83' title="bbox 2082 2456 3687 2537">
    <p class='ocr_par' dir='ltr' id='par_1_83' title="bbox 2082 2456 3687 2537">
     <span class='ocr_line' id='line_1_84' title="bbox 2082 2456 3687 2537; baseline 0.008 -27"><span class='ocrx_word' id='word_1_595' title='bbox 2082 2458 2137 2511; x_wconf 91' lang='lat' dir='ltr'><strong>in</strong></span> <span class='ocrx_word' id='word_1_596' title='bbox 2160 2456 2496 2537; x_wconf 70' lang='lat' dir='ltr'><strong>Gorqotiense</strong></span> <span class='ocrx_word' id='word_1_597' title='bbox 2529 2456 2923 2537; x_wconf 75' lang='lat' dir='ltr'><strong>monasterium.</strong></span> <span class='ocrx_word' id='word_1_598' title='bbox 2953 2456 3198 2537; x_wconf 12' lang='lat' dir='ltr'><strong>linteltvige</strong></span> <span class='ocrx_word' id='word_1_599' title='bbox 3231 2456 3410 2537; x_wconf 80' lang='lat' dir='ltr'><strong>tamen</strong></span> <span class='ocrx_word' id='word_1_600' title='bbox 3438 2466 3506 2521; x_wconf 89' lang='lat' dir='ltr'><strong>de</strong></span> <span class='ocrx_word' id='word_1_601' title='bbox 3536 2479 3687 2537; x_wconf 90' lang='lat' dir='ltr'><strong>parte</strong></span> 
     </span>
    </p>
   </div>
   <div class='ocr_carea' id='block_1_84' title="bbox 2084 2531 3689 2601">
    <p class='ocr_par' dir='ltr' id='par_1_84' title="bbox 2084 2531 3689 2601">
     <span class='ocr_line' id='line_1_85' title="bbox 2084 2531 3689 2601; baseline 0.007 -18"><span class='ocrx_word' id='word_1_602' title='bbox 2084 2531 2331 2598; x_wconf 90' lang='lat' dir='ltr'><strong>corporis</strong></span> <span class='ocrx_word' id='word_1_603' title='bbox 2349 2533 2721 2601; x_wconf 88' lang='lat' dir='ltr'><strong>reliquiarum,</strong></span> <span class='ocrx_word' id='word_1_604' title='bbox 2747 2549 2869 2586; x_wconf 88' lang='lat' dir='ltr'><strong>nam</strong></span> <span class='ocrx_word' id='word_1_605' title='bbox 2890 2544 2945 2588; x_wconf 88' lang='lat' dir='ltr'><strong>et</strong></span> <span class='ocrx_word' id='word_1_606' title='bbox 2968 2536 3018 2587; x_wconf 91' lang='lat' dir='ltr'><strong>in</strong></span> <span class='ocrx_word' id='word_1_607' title='bbox 3043 2531 3261 2590; x_wconf 81' lang='lat' dir='ltr'><strong>basilica</strong></span> <span class='ocrx_word' id='word_1_608' title='bbox 3284 2531 3689 2595; x_wconf 39' lang='lat' dir='ltr'><strong>Vaticana-sunt</strong></span> 
     </span>
    </p>
   </div>
   <div class='ocr_carea' id='block_1_85' title="bbox 2084 2600 3684 2675">
    <p class='ocr_par' dir='ltr' id='par_1_85' title="bbox 2084 2600 3684 2675">
     <span class='ocr_line' id='line_1_86' title="bbox 2084 2600 3684 2675; baseline 0.008 -22"><span class='ocrx_word' id='word_1_609' title='bbox 2084 2600 2675 2675; x_wconf 24' lang='lat' dir='ltr'><strong>adhucltuj‘us’saneli</strong></span> <span class='ocrx_word' id='word_1_610' title='bbox 2721 2605 2994 2674; x_wconf 57' lang='lat' dir='ltr'><strong>reliquie,</strong></span> <span class='ocrx_word' id='word_1_611' title='bbox 3028 2622 3149 2675; x_wconf 64' lang='lat' dir='ltr'><strong>qua:</strong></span> <span class='ocrx_word' id='word_1_612' title='bbox 3196 2607 3250 2661; x_wconf 89' lang='lat' dir='ltr'><strong>in</strong></span> <span class='ocrx_word' id='word_1_613' title='bbox 3290 2610 3520 2663; x_wconf 84' lang='lat' dir='ltr'><strong>solemni</strong></span> <span class='ocrx_word' id='word_1_614' title='bbox 3553 2610 3684 2666; x_wconf 84' lang='lat' dir='ltr'><strong>feria</strong></span> 
     </span>
    </p>
   </div>
   <div class='ocr_carea' id='block_1_86' title="bbox 2084 2672 3688 2752">
    <p class='ocr_par' dir='ltr' id='par_1_86' title="bbox 2084 2672 3688 2752">
     <span class='ocr_line' id='line_1_87' title="bbox 2084 2672 3688 2752; baseline 0.007 -27"><span class='ocrx_word' id='word_1_615' title='bbox 2084 2672 2684 2752; x_wconf 46' lang='lat' dir='ltr'><strong>secundanl’aschatis</strong></span> <span class='ocrx_word' id='word_1_616' title='bbox 2716 2672 2914 2752; x_wconf 67' lang='lat' dir='ltr'><strong>pupulo</strong></span> <span class='ocrx_word' id='word_1_617' title='bbox 2959 2672 3315 2752; x_wconf 63' lang='lat' dir='ltr'><strong>exhibentur;</strong></span> <span class='ocrx_word' id='word_1_618' title='bbox 3366 2678 3688 2752; x_wconf 82' lang='lat' dir='ltr'><strong>ibidemque</strong></span> 
     </span>
    </p>
   </div>
   <div class='ocr_carea' id='block_1_87' title="bbox 2085 2744 3685 2811">
    <p class='ocr_par' dir='ltr' id='par_1_87' title="bbox 2085 2744 3685 2811">
     <span class='ocr_line' id='line_1_88' title="bbox 2085 2744 3685 2811; baseline 0.008 -16"><span class='ocrx_word' id='word_1_619' title='bbox 2085 2756 2286 2811; x_wconf 89' lang='lat' dir='ltr'><strong>corpus</strong></span> <span class='ocrx_word' id='word_1_620' title='bbox 2310 2744 2457 2797; x_wconf 91' lang='lat' dir='ltr'><strong>illius</strong></span> <span class='ocrx_word' id='word_1_621' title='bbox 2480 2746 2685 2798; x_wconf 89' lang='lat' dir='ltr'><strong>servari</strong></span> <span class='ocrx_word' id='word_1_622' title='bbox 2710 2746 3035 2801; x_wconf 80' lang='lat' dir='ltr'><strong>affirmatur.</strong></span> <span class='ocrx_word' id='word_1_623' title='bbox 3071 2748 3176 2801; x_wconf 89' lang='lat' dir='ltr'><strong>Sed</strong></span> <span class='ocrx_word' id='word_1_624' title='bbox 3208 2760 3262 2803; x_wconf 90' lang='lat' dir='ltr'><strong>et</strong></span> <span class='ocrx_word' id='word_1_625' title='bbox 3286 2752 3336 2802; x_wconf 89' lang='lat' dir='ltr'><strong>in</strong></span> <span class='ocrx_word' id='word_1_626' title='bbox 3364 2744 3685 2809; x_wconf 48' lang='lat' dir='ltr'><strong>Ecclesia-5.</strong></span> 
     </span>
    </p>
   </div>
   <div class='ocr_carea' id='block_1_88' title="bbox 2087 2812 3687 2882">
    <p class='ocr_par' dir='ltr' id='par_1_88' title="bbox 2087 2812 3687 2882">
     <span class='ocr_line' id='line_1_89' title="bbox 2087 2812 3687 2882; baseline 0.007 -15"><span class='ocrx_word' id='word_1_627' title='bbox 2087 2812 2335 2867; x_wconf 87' lang='lat' dir='ltr'><strong>Silvestri</strong></span> <span class='ocrx_word' id='word_1_628' title='bbox 2364 2815 2429 2867; x_wconf 86' lang='lat' dir='ltr'><strong>ad</strong></span> <span class='ocrx_word' id='word_1_629' title='bbox 2474 2830 2722 2882; x_wconf 85' lang='lat' dir='ltr'><strong>campum</strong></span> <span class='ocrx_word' id='word_1_630' title='bbox 2766 2816 3014 2871; x_wconf 85' lang='lat' dir='ltr'><strong>Martium</strong></span> <span class='ocrx_word' id='word_1_631' title='bbox 3039 2860 3052 2881; x_wconf 91' lang='lat'><strong>,</strong></span> <span class='ocrx_word' id='word_1_632' title='bbox 3087 2821 3137 2872; x_wconf 91' lang='lat' dir='ltr'><strong>in</strong></span> <span class='ocrx_word' id='word_1_633' title='bbox 3170 2835 3470 2876; x_wconf 86' lang='lat' dir='ltr'><strong>marmorea</strong></span> <span class='ocrx_word' id='word_1_634' title='bbox 3505 2824 3687 2878; x_wconf 90' lang='lat' dir='ltr'><strong>tabula</strong></span> 
     </span>
    </p>
   </div>
   <div class='ocr_carea' id='block_1_89' title="bbox 2085 2886 3683 2963">
    <p class='ocr_par' dir='ltr' id='par_1_89' title="bbox 2085 2886 3683 2963">
     <span class='ocr_line' id='line_1_90' title="bbox 2085 2886 3683 2963; baseline 0.008 -28"><span class='ocrx_word' id='word_1_635' title='bbox 2085 2886 2456 2963; x_wconf 71' lang='lat' dir='ltr'><strong>natalitiorum</strong></span> <span class='ocrx_word' id='word_1_636' title='bbox 2485 2889 3440 2963; x_wconf 34' lang='lat' dir='ltr'><strong>sanctorumibidequuiescentimu</strong></span> <span class='ocrx_word' id='word_1_637' title='bbox 3468 2894 3683 2963; x_wconf 67' lang='lat' dir='ltr'><strong>legitur:</strong></span> 
     </span>
    </p>
   </div>
   <div class='ocr_carea' id='block_1_90' title="bbox 2088 2953 3683 3034">
    <p class='ocr_par' dir='ltr' id='par_1_90' title="bbox 2088 2953 3683 3034">
     <span class='ocr_line' id='line_1_91' title="bbox 2088 2953 3683 3034; baseline 0.006 -26"><span class='ocrx_word' id='word_1_638' title='bbox 2088 2953 2268 3008; x_wconf 79' lang='lat' dir='ltr'><strong>Mense</strong></span> <span class='ocrx_word' id='word_1_639' title='bbox 2296 2956 2621 3034; x_wconf 54' lang='lat' dir='ltr'><strong>Septembri}?</strong></span> <span class='ocrx_word' id='word_1_640' title='bbox 2649 2957 2732 3034; x_wconf 81' lang='lat' dir='ltr'><strong>die</strong></span> <span class='ocrx_word' id='word_1_641' title='bbox 2757 2960 2841 3027; x_wconf 74' lang='lat'><strong>10,</strong></span> <span class='ocrx_word' id='word_1_642' title='bbox 2867 2969 2975 3034; x_wconf 84' lang='lat' dir='ltr'><strong>nat.</strong></span> <span class='ocrx_word' id='word_1_643' title='bbox 3009 2953 3345 3034; x_wconf 43' lang='lat' dir='ltr'><strong>SIGorgonii</strong></span> <span class='ocrx_word' id='word_1_644' title='bbox 3369 2974 3415 3018; x_wconf 88' lang='lat' dir='ltr'><strong>et</strong></span> <span class='ocrx_word' id='word_1_645' title='bbox 3437 2953 3683 3031; x_wconf 67' lang='lat' dir='ltr'><strong>aliorum,</strong></span> 
     </span>
    </p>
   </div>
   <div class='ocr_carea' id='block_1_91' title="bbox 2088 3027 3681 3103">
    <p class='ocr_par' dir='ltr' id='par_1_91' title="bbox 2088 3027 3681 3103">
     <span class='ocr_line' id='line_1_92' title="bbox 2088 3027 3681 3103; baseline 0.007 -25"><span class='ocrx_word' id='word_1_646' title='bbox 2088 3029 2550 3103; x_wconf 57' lang='lat' dir='ltr'><strong>quorumnomina</strong></span> <span class='ocrx_word' id='word_1_647' title='bbox 2575 3027 2825 3083; x_wconf 86' lang='lat' dir='ltr'><strong>Dominus</strong></span> <span class='ocrx_word' id='word_1_648' title='bbox 2852 3033 2983 3098; x_wconf 90' lang='lat' dir='ltr'><strong>scit;</strong></span> <span class='ocrx_word' id='word_1_649' title='bbox 3010 3044 3063 3086; x_wconf 90' lang='lat' dir='ltr'><strong>et</strong></span> <span class='ocrx_word' id='word_1_650' title='bbox 3093 3032 3146 3086; x_wconf 88' lang='lat' dir='ltr'><strong>itt</strong></span> <span class='ocrx_word' id='word_1_651' title='bbox 3172 3027 3322 3089; x_wconf 51' lang='lat' dir='ltr'><strong>A&#39;ctis</strong></span> <span class='ocrx_word' id='word_1_652' title='bbox 3354 3035 3596 3103; x_wconf 84' lang='lat' dir='ltr'><strong>eiusdem</strong></span> <span class='ocrx_word' id='word_1_653' title='bbox 3624 3027 3681 3093; x_wconf 70' lang='lat' dir='ltr'><strong>S.</strong></span> 
     </span>
    </p>
   </div>
   <div class='ocr_carea' id='block_1_92' title="bbox 2094 3097 3686 3172">
    <p class='ocr_par' dir='ltr' id='par_1_92' title="bbox 2094 3097 3686 3172">
     <span class='ocr_line' id='line_1_93' title="bbox 2094 3097 3686 3172; baseline 0.007 -21"><span class='ocrx_word' id='word_1_654' title='bbox 2094 3097 2377 3167; x_wconf 81' lang='lat' dir='ltr'><strong>Gargonii,</strong></span> <span class='ocrx_word' id='word_1_655' title='bbox 2412 3114 2530 3172; x_wconf 66' lang='lat' dir='ltr'><strong>qua:</strong></span> <span class='ocrx_word' id='word_1_656' title='bbox 2560 3102 2926 3172; x_wconf 86' lang='lat' dir='ltr'><strong>manuscripta</strong></span> <span class='ocrx_word' id='word_1_657' title='bbox 2955 3112 3243 3159; x_wconf 88' lang='lat' dir='ltr'><strong>servantur</strong></span> <span class='ocrx_word' id='word_1_658' title='bbox 3272 3107 3322 3157; x_wconf 91' lang='lat' dir='ltr'><strong>in</strong></span> <span class='ocrx_word' id='word_1_659' title='bbox 3357 3097 3686 3164; x_wconf 73' lang='lat' dir='ltr'><strong>bibliotheca</strong></span> 
     </span>
    </p>
   </div>
   <div class='ocr_carea' id='block_1_93' title="bbox 2093 3168 3690 3244">
    <p class='ocr_par' dir='ltr' id='par_1_93' title="bbox 2093 3168 3690 3244">
     <span class='ocr_line' id='line_1_94' title="bbox 2093 3168 3690 3244; baseline 0.008 -23"><span class='ocrx_word' id='word_1_660' title='bbox 2093 3168 2531 3244; x_wconf 68' lang='lat' dir='ltr'><strong>congregationis</strong></span> <span class='ocrx_word' id='word_1_661' title='bbox 2567 3168 2851 3244; x_wconf 31' lang='grc' dir='ltr'><strong>Αθΐιιῐσιΐίίξ</strong></span> <span class='ocrx_word' id='word_1_662' title='bbox 2899 3174 3021 3228; x_wconf 90' lang='lat' dir='ltr'><strong>cod.</strong></span> <span class='ocrx_word' id='word_1_663' title='bbox 3056 3193 3108 3228; x_wconf 92' lang='lat' dir='ltr'><strong>n.</strong></span> <span class='ocrx_word' id='word_1_664' title='bbox 3139 3177 3192 3229; x_wconf 88' lang='lat'><strong>7.</strong></span> <span class='ocrx_word' id='word_1_665' title='bbox 3237 3176 3512 3244; x_wconf 80' lang='lat' dir='ltr'><strong>Reliquias</strong></span> <span class='ocrx_word' id='word_1_666' title='bbox 3546 3180 3690 3233; x_wconf 88' lang='lat' dir='ltr'><strong>illius</strong></span> 
     </span>
    </p>
   </div>
   <div class='ocr_carea' id='block_1_94' title="bbox 2094 3238 3689 3309">
    <p class='ocr_par' dir='ltr' id='par_1_94' title="bbox 2094 3238 3689 3309">
     <span class='ocr_line' id='line_1_95' title="bbox 2094 3238 3689 3309; baseline 0.008 -18"><span class='ocrx_word' id='word_1_667' title='bbox 2094 3238 2148 3293; x_wconf 90' lang='lat' dir='ltr'><strong>in</strong></span> <span class='ocrx_word' id='word_1_668' title='bbox 2176 3239 2381 3295; x_wconf 82' lang='lat' dir='ltr'><strong>Gallias</strong></span> <span class='ocrx_word' id='word_1_669' title='bbox 2412 3241 2703 3297; x_wconf 71' lang='lat' dir='ltr'><strong>translatas</strong></span> <span class='ocrx_word' id='word_1_670' title='bbox 2733 3238 2901 3298; x_wconf 75' lang='lat' dir='ltr'><strong>fuisse</strong></span> <span class='ocrx_word' id='word_1_671' title='bbox 2933 3245 3183 3309; x_wconf 90' lang='lat' dir='ltr'><strong>habetur,</strong></span> <span class='ocrx_word' id='word_1_672' title='bbox 3217 3261 3339 3300; x_wconf 86' lang='lat' dir='ltr'><strong>eum</strong></span> <span class='ocrx_word' id='word_1_673' title='bbox 3372 3238 3423 3300; x_wconf 84' lang='lat' dir='ltr'><strong>in</strong></span> <span class='ocrx_word' id='word_1_674' title='bbox 3456 3253 3689 3303; x_wconf 79' lang='lat' dir='ltr'><strong>transla—</strong></span> 
     </span>
    </p>
   </div>
   <div class='ocr_carea' id='block_1_95' title="bbox 2095 3311 3689 3389">
    <p class='ocr_par' dir='ltr' id='par_1_95' title="bbox 2095 3311 3689 3389">
     <span class='ocr_line' id='line_1_96' title="bbox 2095 3311 3689 3389; baseline 0.008 -27"><span class='ocrx_word' id='word_1_675' title='bbox 2095 3311 2244 3365; x_wconf 92' lang='lat' dir='ltr'><strong>tione</strong></span> <span class='ocrx_word' id='word_1_676' title='bbox 2267 3312 2405 3367; x_wconf 88' lang='lat' dir='ltr'><strong>facta</strong></span> <span class='ocrx_word' id='word_1_677' title='bbox 2433 3311 2746 3389; x_wconf 69' lang='lat' dir='ltr'><strong>Nicomedia</strong></span> <span class='ocrx_word' id='word_1_678' title='bbox 2778 3314 3025 3389; x_wconf 71' lang='lat' dir='ltr'><strong>Romam,</strong></span> <span class='ocrx_word' id='word_1_679' title='bbox 3055 3332 3253 3389; x_wconf 73' lang='lat' dir='ltr'><strong>corpus</strong></span> <span class='ocrx_word' id='word_1_680' title='bbox 3283 3317 3470 3372; x_wconf 88' lang='lat' dir='ltr'><strong>fuisset</strong></span> <span class='ocrx_word' id='word_1_681' title='bbox 3496 3333 3689 3389; x_wconf 80' lang='lat' dir='ltr'><strong>aSpor-</strong></span> 
     </span>
    </p>
   </div>
   <div class='ocr_carea' id='block_1_96' title="bbox 2095 3385 3693 3453">
    <p class='ocr_par' dir='ltr' id='par_1_96' title="bbox 2095 3385 3693 3453">
     <span class='ocr_line' id='line_1_97' title="bbox 2095 3385 3693 3453; baseline 0.009 -20"><span class='ocrx_word' id='word_1_682' title='bbox 2095 3390 2297 3453; x_wconf 87' lang='lat' dir='ltr'><strong>tatum,</strong></span> <span class='ocrx_word' id='word_1_683' title='bbox 2342 3398 2406 3436; x_wconf 88' lang='lat' dir='ltr'><strong>ac</strong></span> <span class='ocrx_word' id='word_1_684' title='bbox 2441 3385 2510 3437; x_wconf 88' lang='lat' dir='ltr'><strong>de</strong></span> <span class='ocrx_word' id='word_1_685' title='bbox 2559 3385 2715 3439; x_wconf 86' lang='lat' dir='ltr'><strong>dictis</strong></span> <span class='ocrx_word' id='word_1_686' title='bbox 2758 3386 3036 3453; x_wconf 81' lang='lat' dir='ltr'><strong>reliquiis,</strong></span> <span class='ocrx_word' id='word_1_687' title='bbox 3082 3390 3135 3441; x_wconf 92' lang='lat' dir='ltr'><strong>in</strong></span> <span class='ocrx_word' id='word_1_688' title='bbox 3175 3386 3468 3443; x_wconf 85' lang='lat' dir='ltr'><strong>Saxouiam</strong></span> <span class='ocrx_word' id='word_1_689' title='bbox 3523 3385 3693 3447; x_wconf 79' lang='lat' dir='ltr'><strong>etiam</strong></span> 
     </span>
    </p>
   </div>
   <div class='ocr_carea' id='block_1_97' title="bbox 2091 3451 3135 3521">
    <p class='ocr_par' dir='ltr' id='par_1_97' title="bbox 2091 3451 3135 3521">
     <span class='ocr_line' id='line_1_98' title="bbox 2091 3451 3135 3521; baseline 0.009 -16"><span class='ocrx_word' id='word_1_690' title='bbox 2091 3451 2295 3521; x_wconf 88' lang='lat' dir='ltr'><strong>aliquid</strong></span> <span class='ocrx_word' id='word_1_691' title='bbox 2330 3454 2702 3509; x_wconf 86' lang='lat' dir='ltr'><strong>transmissum</strong></span> <span class='ocrx_word' id='word_1_692' title='bbox 2732 3451 2919 3521; x_wconf 75' lang='lat' dir='ltr'><strong>postea</strong></span> <span class='ocrx_word' id='word_1_693' title='bbox 2954 3457 3135 3516; x_wconf 88' lang='lat' dir='ltr'><strong>fuerit.</strong></span> 
     </span>
    </p>
   </div>
   <div class='ocr_carea' id='block_1_98' title="bbox 2166 3524 3692 3603">
    <p class='ocr_par' dir='ltr' id='par_1_98' title="bbox 2166 3524 3692 3603">
     <span class='ocr_line' id='line_1_99' title="bbox 2166 3524 3692 3603; baseline 0.009 -28"><span class='ocrx_word' id='word_1_694' title='bbox 2166 3525 2186 3554; x_wconf 83' lang='grc'>³</span> <span class='ocrx_word' id='word_1_695' title='bbox 2223 3524 2330 3603; x_wconf 75' lang='lat' dir='ltr'><strong>Sed</strong></span> <span class='ocrx_word' id='word_1_696' title='bbox 2376 3535 2421 3578; x_wconf 89' lang='lat' dir='ltr'><strong>et</strong></span> <span class='ocrx_word' id='word_1_697' title='bbox 2453 3528 2505 3576; x_wconf 85' lang='lat' dir='ltr'><strong>in</strong></span> <span class='ocrx_word' id='word_1_698' title='bbox 2535 3526 2733 3603; x_wconf 76' lang='lat' dir='ltr'><strong>tumulo</strong></span> <span class='ocrx_word' id='word_1_699' title='bbox 2851 3527 3397 3603; x_wconf 69' lang='lat' dir='ltr'><strong>Saturninimartyris</strong></span> <span class='ocrx_word' id='word_1_700' title='bbox 3426 3533 3507 3586; x_wconf 90' lang='lat' dir='ltr'><strong>via</strong></span> <span class='ocrx_word' id='word_1_701' title='bbox 3536 3533 3692 3588; x_wconf 84' lang='lat' dir='ltr'><strong>Sala-</strong></span> 
     </span>
    </p>
   </div>
   <div class='ocr_carea' id='block_1_99' title="bbox 2096 3594 3687 3669">
    <p class='ocr_par' dir='ltr' id='par_1_99' title="bbox 2096 3594 3687 3669">
     <span class='ocr_line' id='line_1_100' title="bbox 2096 3594 3687 3669; baseline 0.008 -23"><span class='ocrx_word' id='word_1_702' title='bbox 2096 3594 2193 3660; x_wconf 88' lang='lat' dir='ltr'><strong>ria,</strong></span> <span class='ocrx_word' id='word_1_703' title='bbox 2223 3595 2315 3649; x_wconf 83' lang='lat' dir='ltr'><strong>hos</strong></span> <span class='ocrx_word' id='word_1_704' title='bbox 2332 3596 2830 3669; x_wconf 68' lang='lat' dir='ltr'><strong>versusincidendos</strong></span> <span class='ocrx_word' id='word_1_705' title='bbox 2852 3601 3069 3655; x_wconf 86' lang='lat' dir='ltr'><strong>curavit.</strong></span> <span class='ocrx_word' id='word_1_706' title='bbox 3105 3594 3425 3658; x_wconf 59' lang='lat' dir='ltr'><strong>Verba&#39;sunt</strong></span> <span class='ocrx_word' id='word_1_707' title='bbox 3449 3604 3516 3657; x_wconf 90' lang='lat' dir='ltr'><strong>Ba</strong></span> <span class='ocrx_word' id='word_1_708' title='bbox 3527 3607 3687 3669; x_wconf 86' lang='lat' dir='ltr'><strong>rnnii,</strong></span> 
     </span>
    </p>
   </div>
   <div class='ocr_carea' id='block_1_100' title="bbox 2090 3666 3689 3744">
    <p class='ocr_par' dir='ltr' id='par_1_100' title="bbox 2090 3666 3689 3744">
     <span class='ocr_line' id='line_1_101' title="bbox 2090 3666 3689 3744; baseline 0.008 -27"><span class='ocrx_word' id='word_1_709' title='bbox 2090 3679 2285 3744; x_wconf 73' lang='lat' dir='ltr'><strong>versus</strong></span> <span class='ocrx_word' id='word_1_710' title='bbox 2310 3682 2379 3744; x_wconf 83' lang='lat' dir='ltr'><strong>ex</strong></span> <span class='ocrx_word' id='word_1_711' title='bbox 2410 3680 2477 3721; x_wconf 90' lang='lat' dir='ltr'><strong>eo</strong></span> <span class='ocrx_word' id='word_1_712' title='bbox 2519 3666 2661 3744; x_wconf 79' lang='lat' dir='ltr'><strong>libro</strong></span> <span class='ocrx_word' id='word_1_713' title='bbox 2701 3670 3064 3744; x_wconf 77' lang='lat' dir='ltr'><strong>exscribemis</strong></span> <span class='ocrx_word' id='word_1_714' title='bbox 3102 3682 3227 3741; x_wconf 88' lang='lat' dir='ltr'><strong>post</strong></span> <span class='ocrx_word' id='word_1_715' title='bbox 3271 3674 3599 3744; x_wconf 72' lang='lat' dir='ltr'><strong>Superiores.</strong></span> <span class='ocrx_word' id='word_1_716' title='bbox 3631 3666 3689 3730; x_wconf 80' lang='lat' dir='ltr'><strong>lo</strong></span> 
     </span>
    </p>
   </div>
   <div class='ocr_carea' id='block_1_101' title="bbox 2090 3737 3695 3863">
    <p class='ocr_par' dir='ltr' id='par_1_101' title="bbox 2090 3737 3695 3863">
     <span class='ocr_line' id='line_1_102' title="bbox 2090 3737 3695 3863; baseline 0.007 -74"><span class='ocrx_word' id='word_1_717' title='bbox 2090 3737 2214 3863; x_wconf 57' lang='lat' dir='ltr'><strong>clad].</strong></span> <span class='ocrx_word' id='word_1_718' title='bbox 2248 3739 2416 3819; x_wconf 71' lang='lat' dir='ltr'><strong>Palat.</strong></span> <span class='ocrx_word' id='word_1_719' title='bbox 2450 3746 2505 3791; x_wconf 94' lang='lat' dir='ltr'><strong>et</strong></span> <span class='ocrx_word' id='word_1_720' title='bbox 2531 3738 2663 3793; x_wconf 89' lang='lat' dir='ltr'><strong>edit.</strong></span> <span class='ocrx_word' id='word_1_721' title='bbox 2691 3738 2847 3795; x_wconf 89' lang='lat' dir='ltr'><strong>Grut.</strong></span> <span class='ocrx_word' id='word_1_722' title='bbox 2881 3737 3208 3813; x_wconf 84' lang='lat' dir='ltr'><strong>principium</strong></span> <span class='ocrx_word' id='word_1_723' title='bbox 3243 3737 3401 3814; x_wconf 73' lang='lat' dir='ltr'><strong>hujus</strong></span> <span class='ocrx_word' id='word_1_724' title='bbox 3427 3744 3695 3801; x_wconf 85' lang='lat' dir='ltr'><strong>carminis</strong></span> 
     </span>
     <span class='ocr_line' id='line_1_103' title="bbox 2090 3821 2435 3863; baseline 0 -2"><span class='ocrx_word' id='word_1_725' title='bbox 2090 3823 2165 3862; x_wconf 85' lang='lat' dir='ltr'><strong>ta</strong></span> <span class='ocrx_word' id='word_1_726' title='bbox 2216 3821 2435 3863; x_wconf 75' lang='lat' dir='ltr'><strong>eattur:</strong></span> 
     </span>
    </p>
   </div>
   <div class='ocr_carea' id='block_1_102' title="bbox 2090 3816 2435 3877">
    <p class='ocr_par' dir='ltr' id='par_1_102' title="bbox 2090 3816 2435 3877">
     <span class='ocr_line' id='line_1_104' title="bbox 2090 3816 2435 3877; baseline 0 -16"><span class='ocrx_word' id='word_1_727' title='bbox 2090 3816 2165 3862; x_wconf 80' lang='lat' dir='ltr'><strong>ita</strong></span> <span class='ocrx_word' id='word_1_728' title='bbox 2194 3816 2397 3877; x_wconf 81' lang='lat' dir='ltr'><strong>legitur</strong></span> <span class='ocrx_word' id='word_1_729' title='bbox 2423 3826 2435 3861; x_wconf 92' lang='lat'>:</span> 
     </span>
    </p>
   </div>
   <div class='ocr_carea' id='block_1_103' title="bbox 2187 3887 3696 3957">
    <p class='ocr_par' dir='ltr' id='par_1_103' title="bbox 2187 3887 3696 3957">
     <span class='ocr_line' id='line_1_105' title="bbox 2187 3887 3696 3957; baseline 0.005 -21"><span class='ocrx_word' id='word_1_730' title='bbox 2187 3887 2375 3957; x_wconf 52' lang='lat' dir='ltr'><strong>Horum</strong></span> <span class='ocrx_word' id='word_1_731' title='bbox 2401 3889 2845 3957; x_wconf 68' lang='lat' dir='ltr'><strong>martyrumcultor</strong></span> <span class='ocrx_word' id='word_1_732' title='bbox 2863 3889 3100 3942; x_wconf 88' lang='lat' dir='ltr'><strong>Damasus</strong></span> <span class='ocrx_word' id='word_1_733' title='bbox 3124 3895 3383 3957; x_wconf 86' lang='lat' dir='ltr'><strong>episcopus</strong></span> <span class='ocrx_word' id='word_1_734' title='bbox 3406 3907 3580 3945; x_wconf 89' lang='lat' dir='ltr'><strong>servus</strong></span> <span class='ocrx_word' id='word_1_735' title='bbox 3600 3894 3696 3945; x_wconf 89' lang='lat' dir='ltr'><strong>Dei</strong></span> 
     </span>
    </p>
   </div>
   <div class='ocr_carea' id='block_1_104' title="bbox 2247 3950 3656 4020">
    <p class='ocr_par' dir='ltr' id='par_1_104' title="bbox 2247 3950 3656 4020">
     <span class='ocr_line' id='line_1_106' title="bbox 2247 3950 3656 4020; baseline 0.004 -19"><span class='ocrx_word' id='word_1_736' title='bbox 2247 3950 2338 4001; x_wconf 90' lang='lat' dir='ltr'><strong>Ola</strong></span> <span class='ocrx_word' id='word_1_737' title='bbox 2361 3963 2491 4000; x_wconf 89' lang='lat' dir='ltr'><strong>nunc</strong></span> <span class='ocrx_word' id='word_1_738' title='bbox 2511 3950 2687 4002; x_wconf 88' lang='lat' dir='ltr'><strong>Christi</strong></span> <span class='ocrx_word' id='word_1_739' title='bbox 2709 3951 2859 4002; x_wconf 85' lang='lat' dir='ltr'><strong>fuerit</strong></span> <span class='ocrx_word' id='word_1_740' title='bbox 2880 3964 3139 4006; x_wconf 87' lang='lat' dir='ltr'><strong>crarta.....</strong></span> <span class='ocrx_word' id='word_1_741' title='bbox 3157 3950 3382 4006; x_wconf 58' lang='lat' dir='ltr'><strong>&#39;cinis&#39;an.</strong></span> <span class='ocrx_word' id='word_1_742' title='bbox 3410 3964 3491 4007; x_wconf 93' lang='lat' dir='ltr'><strong>t...</strong></span> <span class='ocrx_word' id='word_1_743' title='bbox 3519 3957 3656 4020; x_wconf 83' lang='lat' dir='ltr'><strong>(sic).</strong></span> 
     </span>
    </p>
   </div>
   <div class='ocr_carea' id='block_1_105' title="bbox 2165 4035 3695 4115">
    <p class='ocr_par' dir='ltr' id='par_1_105' title="bbox 2165 4035 3695 4115">
     <span class='ocr_line' id='line_1_107' title="bbox 2165 4035 3695 4115; baseline 0.007 -26"><span class='ocrx_word' id='word_1_744' title='bbox 2165 4036 2185 4066; x_wconf 81' lang='grc'><strong>³</strong></span> <span class='ocrx_word' id='word_1_745' title='bbox 2250 4035 2308 4115; x_wconf 81' lang='lat' dir='ltr'><strong>In</strong></span> <span class='ocrx_word' id='word_1_746' title='bbox 2358 4038 2546 4094; x_wconf 88' lang='lat' dir='ltr'><strong>codice</strong></span> <span class='ocrx_word' id='word_1_747' title='bbox 2597 4040 2806 4115; x_wconf 74' lang='lat' dir='ltr'><strong>legitur</strong></span> <span class='ocrx_word' id='word_1_748' title='bbox 2844 4058 3060 4115; x_wconf 86' lang='lat' dir='ltr'><strong>namque</strong></span> <span class='ocrx_word' id='word_1_749' title='bbox 3104 4059 3393 4114; x_wconf 87' lang='lat' dir='ltr'><strong>genusque;</strong></span> <span class='ocrx_word' id='word_1_750' title='bbox 3446 4059 3543 4114; x_wconf 90' lang='lat' dir='ltr'><strong>pro</strong></span> <span class='ocrx_word' id='word_1_751' title='bbox 3587 4060 3695 4115; x_wconf 91' lang='lat' dir='ltr'><strong>quo</strong></span> 
     </span>
    </p>
   </div>
   <div class='ocr_carea' id='block_1_106' title="bbox 2092 4111 3692 4186">
    <p class='ocr_par' dir='ltr' id='par_1_106' title="bbox 2092 4111 3692 4186">
     <span class='ocr_line' id='line_1_108' title="bbox 2092 4111 3692 4186; baseline 0.005 -24"><span class='ocrx_word' id='word_1_752' title='bbox 2092 4111 2434 4186; x_wconf 78' lang='lat' dir='ltr'><strong>reposuimus</strong></span> <span class='ocrx_word' id='word_1_753' title='bbox 2461 4125 2583 4186; x_wconf 80' lang='lat' dir='ltr'><strong>eum</strong></span> <span class='ocrx_word' id='word_1_754' title='bbox 2615 4111 2869 4186; x_wconf 85' lang='lat' dir='ltr'><strong>Baronio,</strong></span> <span class='ocrx_word' id='word_1_755' title='bbox 2904 4114 3157 4186; x_wconf 73' lang='lat' dir='ltr'><strong>vitamque</strong></span> <span class='ocrx_word' id='word_1_756' title='bbox 3183 4111 3467 4186; x_wconf 76' lang='lat' dir='ltr'><strong>genusque.</strong></span> <span class='ocrx_word' id='word_1_757' title='bbox 3497 4111 3692 4170; x_wconf 79' lang='lat' dir='ltr'><strong>Satur-</strong></span> 
     </span>
    </p>
   </div>
   <div class='ocr_carea' id='block_1_107' title="bbox 2093 4179 3689 4269">
    <p class='ocr_par' dir='ltr' id='par_1_107' title="bbox 2093 4179 3689 4269">
     <span class='ocr_line' id='line_1_109' title="bbox 2093 4179 3689 4269; baseline 0.007 -37"><span class='ocrx_word' id='word_1_758' title='bbox 2093 4179 2210 4234; x_wconf 89' lang='lat' dir='ltr'><strong>nini</strong></span> <span class='ocrx_word' id='word_1_759' title='bbox 2236 4190 2418 4269; x_wconf 68' lang='lat' dir='ltr'><strong>optem</strong></span> <span class='ocrx_word' id='word_1_760' title='bbox 2440 4182 2558 4237; x_wconf 91' lang='lat' dir='ltr'><strong>dies</strong></span> <span class='ocrx_word' id='word_1_761' title='bbox 2583 4194 2667 4239; x_wconf 90' lang='lat' dir='ltr'><strong>est</strong></span> <span class='ocrx_word' id='word_1_762' title='bbox 2694 4184 2891 4239; x_wconf 87' lang='lat' dir='ltr'><strong>natalis</strong></span> <span class='ocrx_word' id='word_1_763' title='bbox 2906 4184 2976 4240; x_wconf 75' lang='grc'><strong>29</strong></span> <span class='ocrx_word' id='word_1_764' title='bbox 2998 4179 3322 4243; x_wconf 76' lang='lat' dir='ltr'><strong>Novembris</strong></span> <span class='ocrx_word' id='word_1_765' title='bbox 3347 4179 3399 4241; x_wconf 80' lang='grc' dir='ltr'><strong><em>ἱίι</em></strong></span> <span class='ocrx_word' id='word_1_766' title='bbox 3422 4186 3689 4254; x_wconf 74' lang='lat' dir='ltr'><strong>Romano,</strong></span> 
     </span>
    </p>
   </div>
   <div class='ocr_carea' id='block_1_108' title="bbox 2099 4312 3699 4388">
    <p class='ocr_par' dir='ltr' id='par_1_108' title="bbox 2099 4312 3699 4388">
     <span class='ocr_line' id='line_1_110' title="bbox 2099 4312 3699 4388; baseline 0.004 -20"><span class='ocrx_word' id='word_1_767' title='bbox 2099 4312 2281 4369; x_wconf 88' lang='lat' dir='ltr'><strong>dicto?</strong></span> <span class='ocrx_word' id='word_1_768' title='bbox 2331 4315 2409 4369; x_wconf 90' lang='lat' dir='ltr'><strong>Ita</strong></span> <span class='ocrx_word' id='word_1_769' title='bbox 2447 4316 2705 4388; x_wconf 82' lang='lat' dir='ltr'><strong>creditur.</strong></span> <span class='ocrx_word' id='word_1_770' title='bbox 2754 4316 2921 4388; x_wconf 87' lang='lat' dir='ltr'><strong>Hujus</strong></span> <span class='ocrx_word' id='word_1_771' title='bbox 2963 4320 3105 4375; x_wconf 92' lang='lat' dir='ltr'><strong>enim</strong></span> <span class='ocrx_word' id='word_1_772' title='bbox 3144 4319 3422 4376; x_wconf 88' lang='lat' dir='ltr'><strong>Saturnini</strong></span> <span class='ocrx_word' id='word_1_773' title='bbox 3466 4321 3699 4376; x_wconf 88' lang='lat' dir='ltr'><strong>celebris</strong></span> 
     </span>
    </p>
   </div>
   <div class='ocr_carea' id='block_1_109' title="bbox 2098 4386 3696 4456">
    <p class='ocr_par' dir='ltr' id='par_1_109' title="bbox 2098 4386 3696 4456">
     <span class='ocr_line' id='line_1_111' title="bbox 2098 4386 3696 4456; baseline 0.005 -19"><span class='ocrx_word' id='word_1_774' title='bbox 2098 4387 2356 4456; x_wconf 83' lang='lat' dir='ltr'><strong>memoria</strong></span> <span class='ocrx_word' id='word_1_775' title='bbox 2385 4386 2645 4456; x_wconf 86' lang='lat' dir='ltr'><strong>agebatur</strong></span> <span class='ocrx_word' id='word_1_776' title='bbox 2671 4402 2738 4443; x_wconf 91' lang='lat' dir='ltr'><strong>eo</strong></span> <span class='ocrx_word' id='word_1_777' title='bbox 2764 4386 2885 4443; x_wconf 85' lang='lat' dir='ltr'><strong>loco</strong></span> <span class='ocrx_word' id='word_1_778' title='bbox 2911 4430 2924 4453; x_wconf 92' lang='lat'><strong>,</strong></span> <span class='ocrx_word' id='word_1_779' title='bbox 2957 4404 3013 4443; x_wconf 91' lang='lat' dir='ltr'><strong>ut</strong></span> <span class='ocrx_word' id='word_1_780' title='bbox 3040 4401 3251 4444; x_wconf 89' lang='lat' dir='ltr'><strong>constat</strong></span> <span class='ocrx_word' id='word_1_781' title='bbox 3270 4406 3337 4443; x_wconf 89' lang='lat' dir='ltr'><strong>ex</strong></span> <span class='ocrx_word' id='word_1_782' title='bbox 3362 4391 3696 4445; x_wconf 86' lang='lat' dir='ltr'><strong>Bttcheriano</strong></span> 
     </span>
    </p>
   </div>
   <div class='ocr_carea' id='block_1_110' title="bbox 2099 4455 3691 4527">
    <p class='ocr_par' dir='ltr' id='par_1_110' title="bbox 2099 4455 3691 4527">
     <span class='ocr_line' id='line_1_112' title="bbox 2099 4455 3691 4527; baseline 0.003 -18"><span class='ocrx_word' id='word_1_783' title='bbox 2099 4455 2457 4527; x_wconf 31' lang='lat' dir='ltr'><strong>Kalendario’,</strong></span> <span class='ocrx_word' id='word_1_784' title='bbox 2496 4458 2727 4527; x_wconf 83' lang='lat' dir='ltr'><strong>aliisque</strong></span> <span class='ocrx_word' id='word_1_785' title='bbox 2755 4461 3026 4514; x_wconf 90' lang='lat' dir='ltr'><strong>veteribus</strong></span> <span class='ocrx_word' id='word_1_786' title='bbox 3050 4462 3415 4515; x_wconf 89' lang='lat' dir='ltr'><strong>monumentis</strong></span> <span class='ocrx_word' id='word_1_787' title='bbox 3438 4461 3504 4515; x_wconf 90' lang='lat' dir='ltr'><strong>ad</strong></span> <span class='ocrx_word' id='word_1_788' title='bbox 3547 4461 3691 4517; x_wconf 88' lang='lat' dir='ltr'><strong>diem</strong></span> 
     </span>
    </p>
   </div>
   <div class='ocr_carea' id='block_1_111' title="bbox 400 4526 3696 4601">
    <p class='ocr_par' dir='ltr' id='par_1_111' title="bbox 400 4526 3696 4601">
     <span class='ocr_line' id='line_1_113' title="bbox 400 4526 3696 4601; baseline 0 -16"><span class='ocrx_word' id='word_1_789' title='bbox 400 4538 541 4601; x_wconf 80' lang='lat' dir='ltr'><strong>lyre,</strong></span> <span class='ocrx_word' id='word_1_790' title='bbox 568 4539 731 4601; x_wconf 89' lang='lat' dir='ltr'><strong>atque</strong></span> <span class='ocrx_word' id='word_1_791' title='bbox 757 4529 881 4584; x_wconf 86' lang='lat' dir='ltr'><strong>alibi</strong></span> <span class='ocrx_word' id='word_1_792' title='bbox 914 4526 1191 4587; x_wconf 87' lang='lat' dir='ltr'><strong>Damasus.</strong></span> <span class='ocrx_word' id='word_1_793' title='bbox 1226 4533 1359 4589; x_wconf 90' lang='lat' dir='ltr'><strong>llinc</strong></span> <span class='ocrx_word' id='word_1_794' title='bbox 1401 4532 1723 4588; x_wconf 85' lang='lat' dir='ltr'><strong>Muratorius</strong></span> <span class='ocrx_word' id='word_1_795' title='bbox 1765 4530 1915 4599; x_wconf 90' lang='lat' dir='ltr'><strong>plura</strong></span> <span class='ocrx_word' id='word_1_796' title='bbox 1943 4528 1997 4583; x_wconf 89' lang='lat' dir='ltr'><strong>in</strong></span> <span class='ocrx_word' id='word_1_797' title='bbox 2024 4535 2079 4596; x_wconf 86' lang='lat'><strong>1)</strong></span> <span class='ocrx_word' id='word_1_798' title='bbox 2103 4526 2176 4601; x_wconf 63' lang='lat'><strong>29</strong></span> <span class='ocrx_word' id='word_1_799' title='bbox 2192 4527 2515 4601; x_wconf 85' lang='lat' dir='ltr'><strong>Novembris</strong></span> <span class='ocrx_word' id='word_1_800' title='bbox 2540 4544 2554 4593; x_wconf 91' lang='lat'><strong>;</strong></span> <span class='ocrx_word' id='word_1_801' title='bbox 2584 4526 2730 4601; x_wconf 86' lang='lat' dir='ltr'><strong>quod</strong></span> <span class='ocrx_word' id='word_1_802' title='bbox 2758 4544 2857 4600; x_wconf 84' lang='lat' dir='ltr'><strong>ego</strong></span> <span class='ocrx_word' id='word_1_803' title='bbox 2884 4531 3224 4586; x_wconf 85' lang='lat' dir='ltr'><strong>verissimum</strong></span> <span class='ocrx_word' id='word_1_804' title='bbox 3257 4541 3387 4601; x_wconf 90' lang='lat' dir='ltr'><strong>puto</strong></span> <span class='ocrx_word' id='word_1_805' title='bbox 3414 4573 3428 4597; x_wconf 90' lang='lat'><strong>,</strong></span> <span class='ocrx_word' id='word_1_806' title='bbox 3458 4547 3578 4586; x_wconf 91' lang='lat' dir='ltr'><strong>cum</strong></span> <span class='ocrx_word' id='word_1_807' title='bbox 3614 4533 3696 4586; x_wconf 85' lang='lat' dir='ltr'><strong>vi-</strong></span> 
     </span>
    </p>
   </div>
   <div class='ocr_carea' id='block_1_112' title="bbox 405 4600 2002 4675">
    <p class='ocr_par' dir='ltr' id='par_1_112' title="bbox 405 4600 2002 4675">
     <span class='ocr_line' id='line_1_114' title="bbox 405 4600 2002 4675; baseline -0.002 -18"><span class='ocrx_word' id='word_1_808' title='bbox 405 4600 778 4675; x_wconf 27' lang='lat' dir='ltr'><strong>c’ceineterii‘s,</strong></span> <span class='ocrx_word' id='word_1_809' title='bbox 807 4615 870 4675; x_wconf 85' lang='lat' dir='ltr'><strong>ae</strong></span> <span class='ocrx_word' id='word_1_810' title='bbox 910 4618 1072 4675; x_wconf 74' lang='lat' dir='ltr'><strong>super</strong></span> <span class='ocrx_word' id='word_1_811' title='bbox 1098 4615 1392 4675; x_wconf 84' lang='lat' dir='ltr'><strong>martyrum</strong></span> <span class='ocrx_word' id='word_1_812' title='bbox 1426 4606 1595 4673; x_wconf 90' lang='lat' dir='ltr'><strong>posita</strong></span> <span class='ocrx_word' id='word_1_813' title='bbox 1636 4601 1827 4656; x_wconf 89' lang='lat' dir='ltr'><strong>altaria</strong></span> <span class='ocrx_word' id='word_1_814' title='bbox 1851 4609 2002 4671; x_wconf 91' lang='lat' dir='ltr'><strong>putat</strong></span> 
     </span>
    </p>
   </div>
   <div class='ocr_carea' id='block_1_113' title="bbox 400 4669 1998 4744">
    <p class='ocr_par' dir='ltr' id='par_1_113' title="bbox 400 4669 1998 4744">
     <span class='ocr_line' id='line_1_115' title="bbox 400 4669 1998 4744; baseline -0.001 -18"><span class='ocrx_word' id='word_1_815' title='bbox 400 4682 463 4726; x_wconf 90' lang='lat' dir='ltr'><strong>ut</strong></span> <span class='ocrx_word' id='word_1_816' title='bbox 493 4672 656 4744; x_wconf 75' lang='lat' dir='ltr'><strong>etiam</strong></span> <span class='ocrx_word' id='word_1_817' title='bbox 689 4669 990 4744; x_wconf 58' lang='lat' dir='ltr'><strong>Aringhusf</strong></span> <span class='ocrx_word' id='word_1_818' title='bbox 1016 4673 1133 4729; x_wconf 79' lang='lat' dir='ltr'><strong>Vid.</strong></span> <span class='ocrx_word' id='word_1_819' title='bbox 1180 4669 1296 4729; x_wconf 75' lang='lat' dir='ltr'><strong>not.</strong></span> <span class='ocrx_word' id='word_1_820' title='bbox 1327 4677 1393 4731; x_wconf 90' lang='lat' dir='ltr'><strong>ad</strong></span> <span class='ocrx_word' id='word_1_821' title='bbox 1421 4669 1631 4732; x_wconf 75' lang='lat' dir='ltr'><strong>Paulin.</strong></span> <span class='ocrx_word' id='word_1_822' title='bbox 1663 4669 1998 4744; x_wconf 52' lang='lat' dir='ltr'><strong>poem.&#39;x1x,</strong></span> 
     </span>
    </p>
   </div>
   <div class='ocr_carea' id='block_1_114' title="bbox 401 4739 1074 4807">
    <p class='ocr_par' dir='ltr' id='par_1_114' title="bbox 401 4739 1074 4807">
     <span class='ocr_line' id='line_1_116' title="bbox 401 4739 1074 4807; baseline 0 -10"><span class='ocrx_word' id='word_1_823' title='bbox 401 4758 521 4798; x_wconf 85' lang='lat' dir='ltr'><strong>ver.</strong></span> <span class='ocrx_word' id='word_1_824' title='bbox 555 4740 681 4807; x_wconf 71' lang='lat'><strong>398,</strong></span> <span class='ocrx_word' id='word_1_825' title='bbox 714 4739 908 4798; x_wconf 67' lang='lat' dir='ltr'><strong>Veron.</strong></span> <span class='ocrx_word' id='word_1_826' title='bbox 943 4744 1074 4801; x_wconf 90' lang='lat' dir='ltr'><strong>edit.</strong></span> 
     </span>
    </p>
   </div>
   <div class='ocr_carea' id='block_1_115' title="bbox 481 4813 1472 4873">
    <p class='ocr_par' dir='ltr' id='par_1_115' title="bbox 481 4813 1472 4873">
     <span class='ocr_line' id='line_1_117' title="bbox 481 4813 1472 4873; baseline 0.003 -5"><span class='ocrx_word' id='word_1_827' title='bbox 481 4824 503 4851; x_wconf 74' lang='grc' dir='ltr'>ε</span> <span class='ocrx_word' id='word_1_828' title='bbox 540 4813 901 4870; x_wconf 86' lang='lat' dir='ltr'><strong>Eiusildensis</strong></span> <span class='ocrx_word' id='word_1_829' title='bbox 932 4817 1227 4871; x_wconf 88' lang='lat' dir='ltr'><strong>monachus</strong></span> <span class='ocrx_word' id='word_1_830' title='bbox 1248 4826 1472 4873; x_wconf 85' lang='lat' dir='ltr'><strong>ovantes.</strong></span> 
     </span>
    </p>
   </div>
   <div class='ocr_carea' id='block_1_116' title="bbox 478 4895 1999 4971">
    <p class='ocr_par' dir='ltr' id='par_1_116' title="bbox 478 4895 1999 4971">
     <span class='ocr_line' id='line_1_118' title="bbox 478 4895 1999 4971; baseline 0 -18"><span class='ocrx_word' id='word_1_831' title='bbox 478 4895 504 4935; x_wconf 76' lang='grc' dir='ltr'>ἀ</span> <span class='ocrx_word' id='word_1_832' title='bbox 546 4897 927 4955; x_wconf 89' lang='lat' dir='ltr'><strong>Tillemoutins</strong></span> <span class='ocrx_word' id='word_1_833' title='bbox 975 4902 1097 4971; x_wconf 90' lang='lat' dir='ltr'><strong>jure</strong></span> <span class='ocrx_word' id='word_1_834' title='bbox 1140 4903 1385 4971; x_wconf 89' lang='lat' dir='ltr'><strong>queritur</strong></span> <span class='ocrx_word' id='word_1_835' title='bbox 1424 4900 1816 4971; x_wconf 85' lang='lat' dir='ltr'><strong>exscriptorum</strong></span> <span class='ocrx_word' id='word_1_836' title='bbox 1866 4897 1999 4953; x_wconf 86' lang='lat' dir='ltr'><strong>vitio</strong></span> 
     </span>
    </p>
   </div>
   <div class='ocr_carea' id='block_1_117' title="bbox 402 4969 1997 5044">
    <p class='ocr_par' dir='ltr' id='par_1_117' title="bbox 402 4969 1997 5044">
     <span class='ocr_line' id='line_1_119' title="bbox 402 4969 1997 5044; baseline -0.001 -18"><span class='ocrx_word' id='word_1_837' title='bbox 402 4969 605 5044; x_wconf 86' lang='lat' dir='ltr'><strong>factum</strong></span> <span class='ocrx_word' id='word_1_838' title='bbox 635 5011 651 5036; x_wconf 91' lang='lat'><strong>,</strong></span> <span class='ocrx_word' id='word_1_839' title='bbox 682 4978 744 5044; x_wconf 80' lang='lat' dir='ltr'><strong>ut</strong></span> <span class='ocrx_word' id='word_1_840' title='bbox 762 4971 862 5025; x_wconf 80' lang='lat' dir='ltr'><strong>hoc</strong></span> <span class='ocrx_word' id='word_1_841' title='bbox 891 4969 1109 5044; x_wconf 78' lang='lat' dir='ltr'><strong>carmen</strong></span> <span class='ocrx_word' id='word_1_842' title='bbox 1137 4969 1343 5044; x_wconf 50' lang='lat' dir='ltr'><strong>{atque</strong></span> <span class='ocrx_word' id='word_1_843' title='bbox 1380 4975 1484 5029; x_wconf 88' lang='lat' dir='ltr'><strong>alia</strong></span> <span class='ocrx_word' id='word_1_844' title='bbox 1516 4969 1677 5029; x_wconf 84' lang='lat' dir='ltr'><strong>etiam</strong></span> <span class='ocrx_word' id='word_1_845' title='bbox 1719 4984 1863 5041; x_wconf 66' lang='lat' dir='ltr'><strong>saepe</strong></span> <span class='ocrx_word' id='word_1_846' title='bbox 1909 4971 1997 5024; x_wconf 87' lang='lat' dir='ltr'><strong>vix</strong></span> 
     </span>
    </p>
   </div>
   <div class='ocr_carea' id='block_1_118' title="bbox 402 5042 1998 5112">
    <p class='ocr_par' dir='ltr' id='par_1_118' title="bbox 402 5042 1998 5112">
     <span class='ocr_line' id='line_1_120' title="bbox 402 5042 1998 5112; baseline -0.002 -14"><span class='ocrx_word' id='word_1_847' title='bbox 402 5057 554 5098; x_wconf 87' lang='lat' dir='ltr'><strong>nunc</strong></span> <span class='ocrx_word' id='word_1_848' title='bbox 579 5042 927 5111; x_wconf 88' lang='lat' dir='ltr'><strong>intelligimus</strong></span> <span class='ocrx_word' id='word_1_849' title='bbox 948 5085 962 5108; x_wconf 93' lang='lat'><strong>,</strong></span> <span class='ocrx_word' id='word_1_850' title='bbox 987 5042 1291 5112; x_wconf 77' lang='lat' dir='ltr'><strong>frustraque</strong></span> <span class='ocrx_word' id='word_1_851' title='bbox 1313 5048 1526 5101; x_wconf 86' lang='lat' dir='ltr'><strong>fuerunt</strong></span> <span class='ocrx_word' id='word_1_852' title='bbox 1542 5044 1818 5099; x_wconf 84' lang='lat' dir='ltr'><strong>industriae</strong></span> <span class='ocrx_word' id='word_1_853' title='bbox 1842 5055 1998 5105; x_wconf 69' lang='lat' dir='ltr'><strong>mere,</strong></span> 
     </span>
    </p>
   </div>
   <div class='ocr_carea' id='block_1_119' title="bbox 404 5112 1999 5185">
    <p class='ocr_par' dir='ltr' id='par_1_119' title="bbox 404 5112 1999 5185">
     <span class='ocr_line' id='line_1_121' title="bbox 404 5112 1999 5185; baseline -0.001 -17"><span class='ocrx_word' id='word_1_854' title='bbox 404 5122 467 5169; x_wconf 92' lang='lat' dir='ltr'><strong>ut</strong></span> <span class='ocrx_word' id='word_1_855' title='bbox 496 5113 629 5167; x_wconf 89' lang='lat' dir='ltr'><strong>illud</strong></span> <span class='ocrx_word' id='word_1_856' title='bbox 670 5113 963 5185; x_wconf 83' lang='lat' dir='ltr'><strong>integritati</strong></span> <span class='ocrx_word' id='word_1_857' title='bbox 993 5130 1105 5170; x_wconf 72' lang='lat' dir='ltr'><strong>sua:</strong></span> <span class='ocrx_word' id='word_1_858' title='bbox 1133 5117 1499 5173; x_wconf 89' lang='lat' dir='ltr'><strong>restituerem.</strong></span> <span class='ocrx_word' id='word_1_859' title='bbox 1530 5115 1665 5173; x_wconf 90' lang='lat' dir='ltr'><strong>Vide</strong></span> <span class='ocrx_word' id='word_1_860' title='bbox 1692 5114 1854 5171; x_wconf 90' lang='lat' dir='ltr'><strong>etiam</strong></span> <span class='ocrx_word' id='word_1_861' title='bbox 1896 5112 1999 5168; x_wconf 86' lang='lat' dir='ltr'><strong>Sa-</strong></span> 
     </span>
    </p>
   </div>
   <div class='ocr_carea' id='block_1_120' title="bbox 403 5194 732 5240">
    <p class='ocr_par' dir='ltr' id='par_1_120' title="bbox 403 5194 732 5240">
     <span class='ocr_line' id='line_1_122' title="bbox 403 5194 732 5240; baseline -0.006 0"><span class='ocrx_word' id='word_1_862' title='bbox 403 5200 593 5240; x_wconf 80' lang='lat' dir='ltr'><strong>razan.</strong></span> <span class='ocrx_word' id='word_1_863' title='bbox 617 5194 732 5238; x_wconf 80' lang='grc' dir='ltr'><strong>ηοι.</strong></span> 
     </span>
    </p>
   </div>
   <div class='ocr_carea' id='block_1_121' title="bbox 480 5276 1992 5351">
    <p class='ocr_par' dir='ltr' id='par_1_121' title="bbox 480 5276 1992 5351">
     <span class='ocr_line' id='line_1_123' title="bbox 480 5276 1992 5351; baseline 0 -20"><span class='ocrx_word' id='word_1_864' title='bbox 480 5276 859 5351; x_wconf 55' lang='lat' dir='ltr'><strong>eyersiculum</strong></span> <span class='ocrx_word' id='word_1_865' title='bbox 877 5278 1017 5335; x_wconf 92' lang='lat' dir='ltr'><strong>hunc</strong></span> <span class='ocrx_word' id='word_1_866' title='bbox 1033 5281 1198 5337; x_wconf 88' lang='lat' dir='ltr'><strong>habes</strong></span> <span class='ocrx_word' id='word_1_867' title='bbox 1211 5281 1406 5337; x_wconf 88' lang='lat' dir='ltr'><strong>iterum</strong></span> <span class='ocrx_word' id='word_1_868' title='bbox 1421 5281 1713 5351; x_wconf 86' lang='lat' dir='ltr'><strong>repetitum</strong></span> <span class='ocrx_word' id='word_1_869' title='bbox 1735 5279 1789 5333; x_wconf 91' lang='lat' dir='ltr'><strong>in</strong></span> <span class='ocrx_word' id='word_1_870' title='bbox 1810 5276 1992 5333; x_wconf 89' lang='lat' dir='ltr'><strong>Carm.</strong></span> 
     </span>
    </p>
   </div>
   <div class='ocr_carea' id='block_1_122' title="bbox 404 5346 1588 5423">
    <p class='ocr_par' dir='ltr' id='par_1_122' title="bbox 404 5346 1588 5423">
     <span class='ocr_line' id='line_1_124' title="bbox 404 5346 1588 5423; baseline 0.005 -23"><span class='ocrx_word' id='word_1_871' title='bbox 404 5346 473 5402; x_wconf 87' lang='lat' dir='ltr'><strong>de</strong></span> <span class='ocrx_word' id='word_1_872' title='bbox 501 5347 560 5402; x_wconf 89' lang='lat' dir='ltr'><strong>S.</strong></span> <span class='ocrx_word' id='word_1_873' title='bbox 590 5346 859 5418; x_wconf 85' lang='lat' dir='ltr'><strong>Stephano</strong></span> <span class='ocrx_word' id='word_1_874' title='bbox 881 5391 895 5414; x_wconf 91' lang='lat'><strong>,</strong></span> <span class='ocrx_word' id='word_1_875' title='bbox 923 5361 977 5405; x_wconf 94' lang='lat' dir='ltr'><strong>et</strong></span> <span class='ocrx_word' id='word_1_876' title='bbox 1008 5352 1058 5405; x_wconf 90' lang='lat' dir='ltr'><strong>in</strong></span> <span class='ocrx_word' id='word_1_877' title='bbox 1086 5354 1318 5423; x_wconf 89' lang='lat' dir='ltr'><strong>append.</strong></span> <span class='ocrx_word' id='word_1_878' title='bbox 1353 5346 1500 5408; x_wconf 60' lang='lat' dir='ltr'><strong>num:</strong></span> <span class='ocrx_word' id='word_1_879' title='bbox 1530 5354 1588 5406; x_wconf 68' lang='grc'><strong>2.</strong></span> 
     </span>
    </p>
   </div>
   <div class='ocr_carea' id='block_1_123' title="bbox 484 5436 2000 5515">
    <p class='ocr_par' dir='ltr' id='par_1_123' title="bbox 484 5436 2000 5515">
     <span class='ocr_line' id='line_1_125' title="bbox 484 5436 2000 5515; baseline 0.002 -25"><span class='ocrx_word' id='word_1_880' title='bbox 484 5436 505 5476; x_wconf 71' lang='grc' dir='ltr'><strong><em>ί</em></strong></span> <span class='ocrx_word' id='word_1_881' title='bbox 552 5437 739 5515; x_wconf 65' lang='lat' dir='ltr'><strong>Roma!</strong></span> <span class='ocrx_word' id='word_1_882' title='bbox 758 5440 994 5515; x_wconf 84' lang='lat' dir='ltr'><strong>scilicet:</strong></span> <span class='ocrx_word' id='word_1_883' title='bbox 1023 5444 1372 5500; x_wconf 80' lang='lat' dir='ltr'><strong>Saturninum</strong></span> <span class='ocrx_word' id='word_1_884' title='bbox 1389 5443 1684 5515; x_wconf 82' lang='lat' dir='ltr'><strong>siquidem:</strong></span> <span class='ocrx_word' id='word_1_885' title='bbox 1713 5441 1874 5513; x_wconf 85' lang='lat' dir='ltr'><strong>Origo</strong></span> <span class='ocrx_word' id='word_1_886' title='bbox 1893 5439 2000 5515; x_wconf 70' lang='lat' dir='ltr'><strong>Rp-</strong></span> 
     </span>
    </p>
   </div>
   <div class='ocr_carea' id='block_1_124' title="bbox 405 5509 2000 5585">
    <p class='ocr_par' dir='ltr' id='par_1_124' title="bbox 405 5509 2000 5585">
     <span class='ocr_line' id='line_1_126' title="bbox 405 5509 2000 5585; baseline -0.002 -20"><span class='ocrx_word' id='word_1_887' title='bbox 405 5524 621 5585; x_wconf 72' lang='lat' dir='ltr'><strong>ntanum</strong></span> <span class='ocrx_word' id='word_1_888' title='bbox 643 5512 801 5564; x_wconf 89' lang='lat' dir='ltr'><strong>civem</strong></span> <span class='ocrx_word' id='word_1_889' title='bbox 826 5553 841 5577; x_wconf 96' lang='lat'><strong>,</strong></span> <span class='ocrx_word' id='word_1_890' title='bbox 870 5513 1002 5568; x_wconf 88' lang='lat' dir='ltr'><strong>mira</strong></span> <span class='ocrx_word' id='word_1_891' title='bbox 1025 5527 1203 5571; x_wconf 89' lang='lat' dir='ltr'><strong>autem</strong></span> <span class='ocrx_word' id='word_1_892' title='bbox 1229 5517 1357 5585; x_wconf 73' lang='lat' dir='ltr'><strong>fides</strong></span> <span class='ocrx_word' id='word_1_893' title='bbox 1389 5509 1699 5573; x_wconf 66' lang='lat' dir='ltr'><strong>Sanctorum</strong></span> <span class='ocrx_word' id='word_1_894' title='bbox 1721 5509 1881 5568; x_wconf 76' lang='lat' dir='ltr'><strong>civem</strong></span> <span class='ocrx_word' id='word_1_895' title='bbox 1921 5509 2000 5564; x_wconf 83' lang='lat' dir='ltr'><strong>fe-</strong></span> 
     </span>
    </p>
   </div>
   <div class='ocr_carea' id='block_1_125' title="bbox 404 5581 1377 5644">
    <p class='ocr_par' dir='ltr' id='par_1_125' title="bbox 404 5581 1377 5644">
     <span class='ocr_line' id='line_1_127' title="bbox 404 5581 1377 5644; baseline 0.006 -8"><span class='ocrx_word' id='word_1_896' title='bbox 404 5583 500 5636; x_wconf 90' lang='lat' dir='ltr'><strong>cit.</strong></span> <span class='ocrx_word' id='word_1_897' title='bbox 534 5581 742 5637; x_wconf 83' lang='lat' dir='ltr'><strong>Sensus</strong></span> <span class='ocrx_word' id='word_1_898' title='bbox 772 5594 949 5640; x_wconf 89' lang='lat' dir='ltr'><strong>tamen</strong></span> <span class='ocrx_word' id='word_1_899' title='bbox 977 5581 1377 5644; x_wconf 83' lang='lat' dir='ltr'><strong>subobscurior.</strong></span> 
     </span>
    </p>
   </div>
   <div class='ocr_carea' id='block_1_126' title="bbox 485 5673 2003 5751">
    <p class='ocr_par' dir='ltr' id='par_1_126' title="bbox 485 5673 2003 5751">
     <span class='ocr_line' id='line_1_128' title="bbox 485 5673 2003 5751; baseline -0.003 -20"><span class='ocrx_word' id='word_1_900' title='bbox 485 5682 510 5720; x_wconf 72' lang='grc' dir='ltr'>ε</span> <span class='ocrx_word' id='word_1_901' title='bbox 553 5673 636 5728; x_wconf 87' lang='lat' dir='ltr'><strong>An</strong></span> <span class='ocrx_word' id='word_1_902' title='bbox 663 5673 755 5743; x_wconf 93' lang='lat' dir='ltr'><strong>qui</strong></span> <span class='ocrx_word' id='word_1_903' title='bbox 782 5678 1176 5751; x_wconf 70' lang='lat' dir='ltr'><strong>cumSiSinnio</strong></span> <span class='ocrx_word' id='word_1_904' title='bbox 1198 5680 1427 5735; x_wconf 89' lang='lat' dir='ltr'><strong>diacono</strong></span> <span class='ocrx_word' id='word_1_905' title='bbox 1456 5692 1644 5751; x_wconf 85' lang='lat' dir='ltr'><strong>passus</strong></span> <span class='ocrx_word' id='word_1_906' title='bbox 1666 5684 1783 5751; x_wconf 63' lang='lat' dir='ltr'><strong>est,</strong></span> <span class='ocrx_word' id='word_1_907' title='bbox 1802 5688 1865 5729; x_wconf 91' lang='lat' dir='ltr'><strong>ac</strong></span> <span class='ocrx_word' id='word_1_908' title='bbox 1898 5685 2003 5751; x_wconf 81' lang='lat' dir='ltr'><strong>no-</strong></span> 
     </span>
    </p>
   </div>
   <div class='ocr_carea' id='block_1_127' title="bbox 411 5744 2001 5822">
    <p class='ocr_par' dir='ltr' id='par_1_127' title="bbox 411 5744 2001 5822">
     <span class='ocr_line' id='line_1_129' title="bbox 411 5744 2001 5822; baseline -0.001 -22"><span class='ocrx_word' id='word_1_909' title='bbox 411 5760 536 5802; x_wconf 88' lang='lat' dir='ltr'><strong>men</strong></span> <span class='ocrx_word' id='word_1_910' title='bbox 564 5747 881 5803; x_wconf 74' lang='lat' dir='ltr'><strong>ctemeterio</strong></span> <span class='ocrx_word' id='word_1_911' title='bbox 901 5748 1049 5805; x_wconf 86' lang='lat' dir='ltr'><strong>dedit</strong></span> <span class='ocrx_word' id='word_1_912' title='bbox 1070 5752 1123 5805; x_wconf 91' lang='lat' dir='ltr'><strong>in</strong></span> <span class='ocrx_word' id='word_1_913' title='bbox 1146 5752 1232 5806; x_wconf 88' lang='lat' dir='ltr'><strong>via</strong></span> <span class='ocrx_word' id='word_1_914' title='bbox 1258 5744 1471 5810; x_wconf 75' lang='lat' dir='ltr'><strong>Salaria</strong></span> <span class='ocrx_word' id='word_1_915' title='bbox 1483 5793 1500 5822; x_wconf 93' lang='lat'><strong>,</strong></span> <span class='ocrx_word' id='word_1_916' title='bbox 1523 5746 1818 5808; x_wconf 90' lang='lat' dir='ltr'><strong>Thrasonis</strong></span> <span class='ocrx_word' id='word_1_917' title='bbox 1838 5744 2001 5803; x_wconf 89' lang='lat' dir='ltr'><strong>etiam</strong></span> 
     </span>
    </p>
   </div>
   <div class='ocr_carea' id='block_1_128' title="bbox 838 5840 1334 5906">
    <p class='ocr_par' dir='ltr' id='par_1_128' title="bbox 838 5840 1334 5906">
     <span class='ocr_line' id='line_1_130' title="bbox 838 5840 1334 5906; baseline 0.004 -6"><span class='ocrx_word' id='word_1_918' title='bbox 838 5840 1108 5906; x_wconf 76' lang='grc' dir='ltr'><strong>ΡΛτιιοι.</strong></span> <span class='ocrx_word' id='word_1_919' title='bbox 1158 5842 1334 5905; x_wconf 85' lang='lat' dir='ltr'><strong>XIII.</strong></span> 
     </span>
    </p>
   </div>
   <div class='ocr_carea' id='block_1_129' title="bbox 2103 4598 3691 4673">
    <p class='ocr_par' dir='ltr' id='par_1_129' title="bbox 2103 4598 3691 4673">
     <span class='ocr_line' id='line_1_131' title="bbox 2103 4598 3691 4673; baseline 0.003 -20"><span class='ocrx_word' id='word_1_920' title='bbox 2103 4598 2208 4655; x_wconf 90' lang='lat' dir='ltr'><strong>deo</strong></span> <span class='ocrx_word' id='word_1_921' title='bbox 2236 4598 2425 4673; x_wconf 88' lang='lat' dir='ltr'><strong>eo_dem</strong></span> <span class='ocrx_word' id='word_1_922' title='bbox 2460 4600 2578 4654; x_wconf 91' lang='lat' dir='ltr'><strong>loco</strong></span> <span class='ocrx_word' id='word_1_923' title='bbox 2610 4600 2781 4670; x_wconf 82' lang='lat' dir='ltr'><strong>posita</strong></span> <span class='ocrx_word' id='word_1_924' title='bbox 2797 4598 3134 4657; x_wconf 45' lang='lat' dir='ltr'><strong>‘cmlerorum</strong></span> <span class='ocrx_word' id='word_1_925' title='bbox 3170 4598 3463 4673; x_wconf 78' lang='lat' dir='ltr'><strong>martyrum</strong></span> <span class='ocrx_word' id='word_1_926' title='bbox 3507 4603 3691 4672; x_wconf 90' lang='lat' dir='ltr'><strong>sepul-</strong></span> 
     </span>
    </p>
   </div>
   <div class='ocr_carea' id='block_1_130' title="bbox 2105 4670 3700 4741">
    <p class='ocr_par' dir='ltr' id='par_1_130' title="bbox 2105 4670 3700 4741">
     <span class='ocr_line' id='line_1_132' title="bbox 2105 4670 3700 4741; baseline 0.004 -17"><span class='ocrx_word' id='word_1_927' title='bbox 2105 4684 2198 4724; x_wconf 90' lang='lat' dir='ltr'><strong>cra</strong></span> <span class='ocrx_word' id='word_1_928' title='bbox 2230 4686 2259 4723; x_wconf 92' lang='lat' dir='ltr'><strong>a</strong></span> <span class='ocrx_word' id='word_1_929' title='bbox 2289 4670 2523 4726; x_wconf 84' lang='lat' dir='ltr'><strong>Damaso</strong></span> <span class='ocrx_word' id='word_1_930' title='bbox 2552 4684 2827 4741; x_wconf 89' lang='lat' dir='ltr'><strong>reparata,</strong></span> <span class='ocrx_word' id='word_1_931' title='bbox 2856 4681 2910 4727; x_wconf 91' lang='lat' dir='ltr'><strong>ct</strong></span> <span class='ocrx_word' id='word_1_932' title='bbox 2936 4674 3188 4728; x_wconf 87' lang='lat' dir='ltr'><strong>versibus</strong></span> <span class='ocrx_word' id='word_1_933' title='bbox 3210 4670 3487 4739; x_wconf 79' lang='lat' dir='ltr'><strong>exornata,</strong></span> <span class='ocrx_word' id='word_1_934' title='bbox 3518 4670 3700 4730; x_wconf 70' lang='lat' dir='ltr'><strong>Cirris-</strong></span> 
     </span>
    </p>
   </div>
   <div class='ocr_carea' id='block_1_131' title="bbox 2104 4741 3699 4811">
    <p class='ocr_par' dir='ltr' id='par_1_131' title="bbox 2104 4741 3699 4811">
     <span class='ocr_line' id='line_1_133' title="bbox 2104 4741 3699 4811; baseline 0.006 -17"><span class='ocrx_word' id='word_1_935' title='bbox 2104 4742 2247 4795; x_wconf 85' lang='lat' dir='ltr'><strong>antlti</strong></span> <span class='ocrx_word' id='word_1_936' title='bbox 2287 4742 2527 4808; x_wconf 74' lang='lat' dir='ltr'><strong>scilicet,</strong></span> <span class='ocrx_word' id='word_1_937' title='bbox 2564 4752 2617 4797; x_wconf 93' lang='lat' dir='ltr'><strong>et</strong></span> <span class='ocrx_word' id='word_1_938' title='bbox 2671 4741 2883 4808; x_wconf 66' lang='lat' dir='ltr'><strong>Dorice,</strong></span> <span class='ocrx_word' id='word_1_939' title='bbox 2932 4759 2985 4800; x_wconf 92' lang='lat' dir='ltr'><strong>et</strong></span> <span class='ocrx_word' id='word_1_940' title='bbox 3037 4744 3241 4811; x_wconf 87' lang='lat' dir='ltr'><strong>Mauri,</strong></span> <span class='ocrx_word' id='word_1_941' title='bbox 3286 4756 3340 4800; x_wconf 88' lang='lat' dir='ltr'><strong>et</strong></span> <span class='ocrx_word' id='word_1_942' title='bbox 3374 4745 3564 4801; x_wconf 84' lang='lat' dir='ltr'><strong>Hilarii</strong></span> <span class='ocrx_word' id='word_1_943' title='bbox 3589 4788 3603 4807; x_wconf 88' lang='lat'><strong>.</strong></span> <span class='ocrx_word' id='word_1_944' title='bbox 3634 4762 3699 4803; x_wconf 87' lang='lat' dir='ltr'><strong>ac</strong></span> 
     </span>
    </p>
   </div>
   <div class='ocr_carea' id='block_1_132' title="bbox 2104 4812 3700 4872">
    <p class='ocr_par' dir='ltr' id='par_1_132' title="bbox 2104 4812 3700 4872">
     <span class='ocr_line' id='line_1_134' title="bbox 2104 4812 3700 4872; baseline 0.003 -5"><span class='ocrx_word' id='word_1_945' title='bbox 2104 4812 2244 4867; x_wconf 83' lang='lat' dir='ltr'><strong>forte</strong></span> <span class='ocrx_word' id='word_1_946' title='bbox 2270 4813 2519 4866; x_wconf 79' lang='lat' dir='ltr'><strong>aliorum.</strong></span> <span class='ocrx_word' id='word_1_947' title='bbox 2557 4812 2705 4868; x_wconf 83' lang='lat' dir='ltr'><strong>Ordo</strong></span> <span class='ocrx_word' id='word_1_948' title='bbox 2740 4823 2887 4869; x_wconf 88' lang='lat' dir='ltr'><strong>certe</strong></span> <span class='ocrx_word' id='word_1_949' title='bbox 2919 4815 3240 4872; x_wconf 85' lang='lat' dir='ltr'><strong>Gelasiauus</strong></span> <span class='ocrx_word' id='word_1_950' title='bbox 3282 4816 3498 4871; x_wconf 81' lang='lat' dir='ltr'><strong>Missam</strong></span> <span class='ocrx_word' id='word_1_951' title='bbox 3536 4817 3700 4872; x_wconf 75' lang='lat' dir='ltr'><strong>habet;</strong></span> 
     </span>
    </p>
   </div>
   <div class='ocr_carea' id='block_1_133' title="bbox 2104 4882 3699 4955">
    <p class='ocr_par' dir='ltr' id='par_1_133' title="bbox 2104 4882 3699 4955">
     <span class='ocr_line' id='line_1_135' title="bbox 2104 4882 3699 4955; baseline 0.004 -20"><span class='ocrx_word' id='word_1_952' title='bbox 2104 4901 2198 4955; x_wconf 92' lang='lat' dir='ltr'><strong>pro</strong></span> <span class='ocrx_word' id='word_1_953' title='bbox 2227 4883 2543 4948; x_wconf 87' lang='lat' dir='ltr'><strong>Saturnino,</strong></span> <span class='ocrx_word' id='word_1_954' title='bbox 2600 4882 2929 4951; x_wconf 86' lang='lat' dir='ltr'><strong>Chrissanto,</strong></span> <span class='ocrx_word' id='word_1_955' title='bbox 2975 4886 3201 4953; x_wconf 83' lang='lat' dir='ltr'><strong>Mauro,</strong></span> <span class='ocrx_word' id='word_1_956' title='bbox 3242 4896 3295 4942; x_wconf 86' lang='lat' dir='ltr'><strong>et</strong></span> <span class='ocrx_word' id='word_1_957' title='bbox 3339 4888 3503 4943; x_wconf 90' lang='lat' dir='ltr'><strong>Daria</strong></span> <span class='ocrx_word' id='word_1_958' title='bbox 3528 4931 3541 4952; x_wconf 84' lang='lat'><strong>.</strong></span> <span class='ocrx_word' id='word_1_959' title='bbox 3591 4905 3699 4942; x_wconf 91' lang='lat' dir='ltr'><strong>uno</strong></span> 
     </span>
    </p>
   </div>
   <div class='ocr_carea' id='block_1_134' title="bbox 2103 4954 3695 5028">
    <p class='ocr_par' dir='ltr' id='par_1_134' title="bbox 2103 4954 3695 5028">
     <span class='ocr_line' id='line_1_136' title="bbox 2103 4954 3695 5028; baseline 0.004 -21"><span class='ocrx_word' id='word_1_960' title='bbox 2103 4954 2406 5028; x_wconf 77' lang='lat' dir='ltr'><strong>eodemque</strong></span> <span class='ocrx_word' id='word_1_961' title='bbox 2429 4957 2544 5028; x_wconf 80' lang='lat' dir='ltr'><strong>loco</strong></span> <span class='ocrx_word' id='word_1_962' title='bbox 2566 4994 2584 5028; x_wconf 82' lang='lat'><strong>,</strong></span> <span class='ocrx_word' id='word_1_963' title='bbox 2612 4963 2669 5009; x_wconf 90' lang='lat' dir='ltr'><strong>et</strong></span> <span class='ocrx_word' id='word_1_964' title='bbox 2694 4956 2801 5011; x_wconf 91' lang='lat' dir='ltr'><strong>die.</strong></span> <span class='ocrx_word' id='word_1_965' title='bbox 2842 4957 2963 5013; x_wconf 83' lang='lat' dir='ltr'><strong>Vid.</strong></span> <span class='ocrx_word' id='word_1_966' title='bbox 2994 4962 3063 5013; x_wconf 92' lang='lat' dir='ltr'><strong>cl.</strong></span> <span class='ocrx_word' id='word_1_967' title='bbox 3095 4960 3448 5015; x_wconf 87' lang='lat' dir='ltr'><strong>Blanchinum</strong></span> <span class='ocrx_word' id='word_1_968' title='bbox 3470 5001 3484 5028; x_wconf 92' lang='lat'><strong>,</strong></span> <span class='ocrx_word' id='word_1_969' title='bbox 3529 4959 3695 5028; x_wconf 86' lang='lat' dir='ltr'><strong>Oper.</strong></span> 
     </span>
    </p>
   </div>
   <div class='ocr_carea' id='block_1_135' title="bbox 2104 5025 2608 5096">
    <p class='ocr_par' dir='ltr' id='par_1_135' title="bbox 2104 5025 2608 5096">
     <span class='ocr_line' id='line_1_137' title="bbox 2104 5025 2608 5096; baseline -0.002 -15"><span class='ocrx_word' id='word_1_970' title='bbox 2104 5026 2359 5096; x_wconf 68' lang='lat' dir='ltr'><strong>Thomas.</strong></span> <span class='ocrx_word' id='word_1_971' title='bbox 2395 5042 2445 5096; x_wconf 86' lang='lat' dir='ltr'><strong>p.</strong></span> <span class='ocrx_word' id='word_1_972' title='bbox 2485 5025 2608 5081; x_wconf 79' lang='lat' dir='ltr'><strong>Ito.</strong></span> 
     </span>
    </p>
   </div>
   <div class='ocr_carea' id='block_1_136' title="bbox 2174 5094 3697 5168">
    <p class='ocr_par' dir='ltr' id='par_1_136' title="bbox 2174 5094 3697 5168">
     <span class='ocr_line' id='line_1_138' title="bbox 2174 5094 3697 5168; baseline 0.001 -17"><span class='ocrx_word' id='word_1_973' title='bbox 2174 5094 2281 5151; x_wconf 91' lang='lat' dir='ltr'><strong>Cur</strong></span> <span class='ocrx_word' id='word_1_974' title='bbox 2307 5094 2501 5166; x_wconf 80' lang='lat' dir='ltr'><strong>igitur,</strong></span> <span class='ocrx_word' id='word_1_975' title='bbox 2532 5113 2653 5168; x_wconf 64' lang='lat' dir='ltr'><strong>qua:</strong></span> <span class='ocrx_word' id='word_1_976' title='bbox 2677 5097 2817 5155; x_wconf 92' lang='lat' dir='ltr'><strong>idem</strong></span> <span class='ocrx_word' id='word_1_977' title='bbox 2854 5100 3113 5157; x_wconf 89' lang='lat' dir='ltr'><strong>Damasus</strong></span> <span class='ocrx_word' id='word_1_978' title='bbox 3160 5102 3263 5157; x_wconf 92' lang='lat' dir='ltr'><strong>hoc</strong></span> <span class='ocrx_word' id='word_1_979' title='bbox 3290 5102 3533 5155; x_wconf 86' lang='lat' dir='ltr'><strong>carmine</strong></span> <span class='ocrx_word' id='word_1_980' title='bbox 3562 5096 3697 5153; x_wconf 88' lang='lat' dir='ltr'><strong>scri-</strong></span> 
     </span>
    </p>
   </div>
   <div class='ocr_carea' id='block_1_137' title="bbox 2104 5169 3695 5240">
    <p class='ocr_par' dir='ltr' id='par_1_137' title="bbox 2104 5169 3695 5240">
     <span class='ocr_line' id='line_1_139' title="bbox 2104 5169 3695 5240; baseline -0.001 -15"><span class='ocrx_word' id='word_1_981' title='bbox 2104 5169 2184 5225; x_wconf 88' lang='lat' dir='ltr'><strong>bit</strong></span> <span class='ocrx_word' id='word_1_982' title='bbox 2214 5185 2319 5222; x_wconf 90' lang='lat' dir='ltr'><strong>uon</strong></span> <span class='ocrx_word' id='word_1_983' title='bbox 2346 5169 2567 5225; x_wconf 92' lang='lat' dir='ltr'><strong>omnino</strong></span> <span class='ocrx_word' id='word_1_984' title='bbox 2608 5173 2939 5227; x_wconf 84' lang='lat' dir='ltr'><strong>c0uveniunt</strong></span> <span class='ocrx_word' id='word_1_985' title='bbox 2977 5189 3100 5229; x_wconf 89' lang='lat' dir='ltr'><strong>cum</strong></span> <span class='ocrx_word' id='word_1_986' title='bbox 3145 5175 3240 5238; x_wconf 89' lang='lat' dir='ltr'><strong>iis,</strong></span> <span class='ocrx_word' id='word_1_987' title='bbox 3273 5187 3394 5240; x_wconf 71' lang='lat' dir='ltr'><strong>qua:</strong></span> <span class='ocrx_word' id='word_1_988' title='bbox 3443 5172 3494 5224; x_wconf 92' lang='lat' dir='ltr'><strong>iu</strong></span> <span class='ocrx_word' id='word_1_989' title='bbox 3544 5170 3695 5224; x_wconf 83' lang='lat' dir='ltr'><strong>Actis</strong></span> 
     </span>
    </p>
   </div>
   <div class='ocr_carea' id='block_1_138' title="bbox 2104 5241 3697 5313">
    <p class='ocr_par' dir='ltr' id='par_1_138' title="bbox 2104 5241 3697 5313">
     <span class='ocr_line' id='line_1_140' title="bbox 2104 5241 3697 5313; baseline -0.001 -18"><span class='ocrx_word' id='word_1_990' title='bbox 2104 5241 2341 5296; x_wconf 82' lang='lat' dir='ltr'><strong>Marcelli</strong></span> <span class='ocrx_word' id='word_1_991' title='bbox 2366 5241 2434 5296; x_wconf 89' lang='lat' dir='ltr'><strong>de</strong></span> <span class='ocrx_word' id='word_1_992' title='bbox 2472 5251 2660 5298; x_wconf 84' lang='lat' dir='ltr'><strong>sancto</strong></span> <span class='ocrx_word' id='word_1_993' title='bbox 2688 5242 2977 5300; x_wconf 88' lang='lat' dir='ltr'><strong>Saturnino</strong></span> <span class='ocrx_word' id='word_1_994' title='bbox 3014 5242 3280 5313; x_wconf 70' lang='lat' dir='ltr'><strong>legimus?</strong></span> <span class='ocrx_word' id='word_1_995' title='bbox 3312 5243 3366 5295; x_wconf 91' lang='lat' dir='ltr'><strong>In</strong></span> <span class='ocrx_word' id='word_1_996' title='bbox 3416 5242 3479 5313; x_wconf 75' lang='lat' dir='ltr'><strong>iis</strong></span> <span class='ocrx_word' id='word_1_997' title='bbox 3507 5245 3651 5313; x_wconf 84' lang='lat' dir='ltr'><strong>enim</strong></span> <span class='ocrx_word' id='word_1_998' title='bbox 3681 5282 3697 5305; x_wconf 88' lang='lat'><strong>,</strong></span> 
     </span>
    </p>
   </div>
   <div class='ocr_carea' id='block_1_139' title="bbox 2103 5310 3701 5385">
    <p class='ocr_par' dir='ltr' id='par_1_139' title="bbox 2103 5310 3701 5385">
     <span class='ocr_line' id='line_1_141' title="bbox 2103 5310 3701 5385; baseline 0 -20"><span class='ocrx_word' id='word_1_999' title='bbox 2103 5318 2194 5381; x_wconf 89' lang='lat' dir='ltr'><strong>qui</strong></span> <span class='ocrx_word' id='word_1_1000' title='bbox 2221 5324 2511 5385; x_wconf 86' lang='lat' dir='ltr'><strong>martyrem</strong></span> <span class='ocrx_word' id='word_1_1001' title='bbox 2544 5317 2875 5385; x_wconf 65' lang='lat' dir='ltr'><strong>excruciari,</strong></span> <span class='ocrx_word' id='word_1_1002' title='bbox 2898 5326 2953 5370; x_wconf 93' lang='lat' dir='ltr'><strong>et</strong></span> <span class='ocrx_word' id='word_1_1003' title='bbox 2993 5310 3174 5368; x_wconf 85' lang='lat' dir='ltr'><strong>necari</strong></span> <span class='ocrx_word' id='word_1_1004' title='bbox 3199 5315 3388 5385; x_wconf 86' lang='lat' dir='ltr'><strong>jussit,</strong></span> <span class='ocrx_word' id='word_1_1005' title='bbox 3418 5310 3701 5366; x_wconf 72' lang='lat' dir='ltr'><strong>Laodicia:</strong></span> 
     </span>
    </p>
   </div>
   <div class='ocr_carea' id='block_1_140' title="bbox 2104 5383 3698 5451">
    <p class='ocr_par' dir='ltr' id='par_1_140' title="bbox 2104 5383 3698 5451">
     <span class='ocr_line' id='line_1_142' title="bbox 2104 5383 3698 5451; baseline -0.001 -12"><span class='ocrx_word' id='word_1_1006' title='bbox 2104 5391 2220 5445; x_wconf 83' lang='lat' dir='ltr'><strong>est,</strong></span> <span class='ocrx_word' id='word_1_1007' title='bbox 2251 5384 2335 5438; x_wconf 87' lang='lat' dir='ltr'><strong>hic</strong></span> <span class='ocrx_word' id='word_1_1008' title='bbox 2366 5383 2506 5440; x_wconf 72' lang='lat' dir='ltr'><strong>vero</strong></span> <span class='ocrx_word' id='word_1_1009' title='bbox 2554 5383 2834 5440; x_wconf 83' lang='lat' dir='ltr'><strong>Gratianus</strong></span> <span class='ocrx_word' id='word_1_1010' title='bbox 2872 5386 3088 5439; x_wconf 89' lang='lat' dir='ltr'><strong>dicitur.</strong></span> <span class='ocrx_word' id='word_1_1011' title='bbox 3142 5384 3295 5438; x_wconf 80' lang='lat' dir='ltr'><strong>Nulla</strong></span> <span class='ocrx_word' id='word_1_1012' title='bbox 3328 5391 3594 5451; x_wconf 81' lang='lat' dir='ltr'><strong>praeterea</strong></span> <span class='ocrx_word' id='word_1_1013' title='bbox 3644 5386 3698 5438; x_wconf 93' lang='lat' dir='ltr'><strong>in</strong></span> 
     </span>
    </p>
   </div>
   <div class='ocr_carea' id='block_1_141' title="bbox 2106 5453 3696 5524">
    <p class='ocr_par' dir='ltr' id='par_1_141' title="bbox 2106 5453 3696 5524">
     <span class='ocr_line' id='line_1_143' title="bbox 2106 5453 3696 5524; baseline -0.001 -15"><span class='ocrx_word' id='word_1_1014' title='bbox 2106 5455 2254 5509; x_wconf 85' lang='lat' dir='ltr'><strong>Actis</strong></span> <span class='ocrx_word' id='word_1_1015' title='bbox 2284 5455 2474 5510; x_wconf 89' lang='lat' dir='ltr'><strong>iisdem</strong></span> <span class='ocrx_word' id='word_1_1016' title='bbox 2503 5455 2569 5508; x_wconf 91' lang='lat' dir='ltr'><strong>de</strong></span> <span class='ocrx_word' id='word_1_1017' title='bbox 2598 5454 2801 5509; x_wconf 86' lang='lat' dir='ltr'><strong>Judicis</strong></span> <span class='ocrx_word' id='word_1_1018' title='bbox 2828 5455 3069 5522; x_wconf 66' lang='lat' dir='ltr'><strong>ejusdem</strong></span> <span class='ocrx_word' id='word_1_1019' title='bbox 3097 5495 3113 5522; x_wconf 90' lang='lat'><strong>,</strong></span> <span class='ocrx_word' id='word_1_1020' title='bbox 3164 5453 3409 5524; x_wconf 87' lang='lat' dir='ltr'><strong>quisquis</strong></span> <span class='ocrx_word' id='word_1_1021' title='bbox 3440 5455 3532 5508; x_wconf 90' lang='lat' dir='ltr'><strong>itle</strong></span> <span class='ocrx_word' id='word_1_1022' title='bbox 3585 5454 3655 5508; x_wconf 91' lang='lat' dir='ltr'><strong>sit</strong></span> <span class='ocrx_word' id='word_1_1023' title='bbox 3680 5495 3696 5520; x_wconf 94' lang='lat'><strong>,</strong></span> 
     </span>
    </p>
   </div>
   <div class='ocr_carea' id='block_1_142' title="bbox 2105 5525 3699 5593">
    <p class='ocr_par' dir='ltr' id='par_1_142' title="bbox 2105 5525 3699 5593">
     <span class='ocr_line' id='line_1_144' title="bbox 2105 5525 3699 5593; baseline -0.001 -14"><span class='ocrx_word' id='word_1_1024' title='bbox 2105 5525 2411 5580; x_wconf 73' lang='lat' dir='ltr'><strong>Christiania</strong></span> <span class='ocrx_word' id='word_1_1025' title='bbox 2426 5526 2549 5579; x_wconf 84' lang='lat' dir='ltr'><strong>fidei</strong></span> <span class='ocrx_word' id='word_1_1026' title='bbox 2580 5525 2895 5592; x_wconf 79' lang='lat' dir='ltr'><strong>confessione</strong></span> <span class='ocrx_word' id='word_1_1027' title='bbox 2911 5566 2925 5587; x_wconf 91' lang='lat'><strong>,</strong></span> <span class='ocrx_word' id='word_1_1028' title='bbox 2945 5542 3103 5593; x_wconf 89' lang='lat' dir='ltr'><strong>quam</strong></span> <span class='ocrx_word' id='word_1_1029' title='bbox 3128 5525 3393 5579; x_wconf 69' lang='lat' dir='ltr'><strong>Damasus</strong></span> <span class='ocrx_word' id='word_1_1030' title='bbox 3410 5535 3699 5592; x_wconf 90' lang='lat' dir='ltr'><strong>memorat,</strong></span> 
     </span>
    </p>
   </div>
   <div class='ocr_carea' id='block_1_143' title="bbox 2106 5595 3705 5661">
    <p class='ocr_par' dir='ltr' id='par_1_143' title="bbox 2106 5595 3705 5661">
     <span class='ocr_line' id='line_1_145' title="bbox 2106 5595 3705 5661; baseline 0.001 -10"><span class='ocrx_word' id='word_1_1031' title='bbox 2106 5598 2312 5651; x_wconf 88' lang='lat' dir='ltr'><strong>mentio</strong></span> <span class='ocrx_word' id='word_1_1032' title='bbox 2358 5606 2460 5652; x_wconf 90' lang='lat' dir='ltr'><strong>est.</strong></span> <span class='ocrx_word' id='word_1_1033' title='bbox 2498 5595 2690 5650; x_wconf 82' lang='lat' dir='ltr'><strong>Verum</strong></span> <span class='ocrx_word' id='word_1_1034' title='bbox 2711 5637 2723 5660; x_wconf 98' lang='lat'><strong>,</strong></span> <span class='ocrx_word' id='word_1_1035' title='bbox 2758 5605 2810 5649; x_wconf 90' lang='lat' dir='ltr'><strong>ut</strong></span> <span class='ocrx_word' id='word_1_1036' title='bbox 2840 5595 3140 5661; x_wconf 88' lang='lat' dir='ltr'><strong>Baronius,</strong></span> <span class='ocrx_word' id='word_1_1037' title='bbox 3172 5612 3234 5651; x_wconf 91' lang='lat' dir='ltr'><strong>ac</strong></span> <span class='ocrx_word' id='word_1_1038' title='bbox 3261 5597 3557 5652; x_wconf 87' lang='lat' dir='ltr'><strong>Bollandus</strong></span> <span class='ocrx_word' id='word_1_1039' title='bbox 3603 5595 3705 5652; x_wconf 87' lang='lat' dir='ltr'><strong>ad-</strong></span> 
     </span>
    </p>
   </div>
   <div class='ocr_carea' id='block_1_144' title="bbox 2106 5667 3703 5740">
    <p class='ocr_par' dir='ltr' id='par_1_144' title="bbox 2106 5667 3703 5740">
     <span class='ocr_line' id='line_1_146' title="bbox 2106 5667 3703 5740; baseline -0.001 -17"><span class='ocrx_word' id='word_1_1040' title='bbox 2106 5677 2320 5723; x_wconf 89' lang='lat' dir='ltr'><strong>vertunt</strong></span> <span class='ocrx_word' id='word_1_1041' title='bbox 2348 5710 2363 5737; x_wconf 93' lang='lat'><strong>,</strong></span> <span class='ocrx_word' id='word_1_1042' title='bbox 2394 5668 2527 5726; x_wconf 86' lang='lat' dir='ltr'><strong>Acta</strong></span> <span class='ocrx_word' id='word_1_1043' title='bbox 2557 5667 2641 5722; x_wconf 88' lang='lat' dir='ltr'><strong>illa</strong></span> <span class='ocrx_word' id='word_1_1044' title='bbox 2669 5682 2774 5722; x_wconf 89' lang='lat' dir='ltr'><strong>non</strong></span> <span class='ocrx_word' id='word_1_1045' title='bbox 2800 5669 2945 5723; x_wconf 87' lang='lat' dir='ltr'><strong>omni</strong></span> <span class='ocrx_word' id='word_1_1046' title='bbox 2971 5683 3037 5724; x_wconf 87' lang='lat' dir='ltr'><strong>ex</strong></span> <span class='ocrx_word' id='word_1_1047' title='bbox 3089 5679 3239 5740; x_wconf 85' lang='lat' dir='ltr'><strong>parte</strong></span> <span class='ocrx_word' id='word_1_1048' title='bbox 3264 5668 3584 5726; x_wconf 85' lang='lat' dir='ltr'><strong>difficultate</strong></span> <span class='ocrx_word' id='word_1_1049' title='bbox 3612 5683 3703 5722; x_wconf 58' lang='lat' dir='ltr'><strong>cae</strong></span> 
     </span>
    </p>
   </div>
   <div class='ocr_carea' id='block_1_145' title="bbox 2106 5747 2250 5798">
    <p class='ocr_par' dir='ltr' id='par_1_145' title="bbox 2106 5747 2250 5798">
     <span class='ocr_line' id='line_1_147' title="bbox 2106 5747 2250 5798; baseline -0.028 0"><span class='ocrx_word' id='word_1_1050' title='bbox 2106 5747 2250 5798; x_wconf 90' lang='lat' dir='ltr'><strong>rent.</strong></span> 
     </span>
    </p>
   </div>
   <div class='ocr_carea' id='block_1_146' title="bbox 3237 5836 3311 5898">
    <p class='ocr_par' dir='ltr' id='par_1_146' title="bbox 3237 5836 3311 5898">
     <span class='ocr_line' id='line_1_148' title="bbox 3237 5836 3311 5898; baseline -0.014 0"><span class='ocrx_word' id='word_1_1051' title='bbox 3237 5836 3311 5898; x_wconf 88' lang='grc'><strong>13</strong></span> 
     </span>
    </p>
   </div>
  </div>
