4200 6178
393 273 503 335 397

392 394 524 448 Hec
553 393 641 448 tibi
664 403 692 431 α
717 393 1006 465 carniﬁcem
1033 394 1271 450 rabidum
1295 396 1540 449 mandata
1562 395 1762 451 dedisse
1785 438 1799 463 ,

387 485 639 544 Sentibus
663 490 714 543 in
746 489 925 543 mediis
949 498 1118 544 vestra
1147 499 1204 542 ut
1229 499 1350 542 tunc
1375 489 1510 543 colla
1540 499 1764 554 secaret,

390 676 520 722 ante
566 684 737 724 annos
784 685 951 738 prope
993 669 1127 732 800;
1177 670 1367 739 incipit
1405 687 1416 721 :
1461 668 1644 722 Clarus
1705 669 1884 726 laudes
1930 689 1990 725 ac

390 740 628 812 salubres
661 757 846 808 posco,
872 743 1079 812 fratres.
1109 743 1292 804 dicite;
1334 741 1560 796 habetur
1592 757 1739 795 num.
1767 743 1838 796 23
1859 783 1875 808 ,
1927 759 1990 798 ac

433 822 516 864 ost
561 811 820 883 hymnum
866 811 953 866 alii
989 828 1177 868 versus
1215 829 1360 867 num.
1411 827 1527 882 seq.
1563 812 1653 866 24.
1709 814 1788 868 Ad
1837 815 1990 867 intel-

419 883 710 947 igentiam,
769 893 821 937 et
873 894 928 938 ut
988 884 1205 948 locum,
1255 885 1342 936 tibi
1390 887 1488 937 boc
1528 888 1853 952 epigramma
1896 901 1988 951 po-

393 955 559 1007 situm
588 955 763 1010 luerat
789 955 1086 1009 indicemus
1108 997 1122 1017 ,
1159 957 1287 1008 libet
1317 955 1402 1009 hic
1425 956 1615 1007 aII'erre
1647 955 1806 1010 Verba
1829 997 1842 1020 ,
1868 972 1988 1022 qum

391 1022 447 1076 in
494 1027 754 1096 martyrio
787 1027 1132 1093 prtelatorum
1165 1038 1475 1096 sanctOrunt
1510 1026 1746 1080 Marcelli
1793 1038 1845 1081 et
1889 1027 1988 1080 Pe-

394 1097 463 1148 tri
499 1095 764 1162 leguntur.
801 1098 938 1153 Sunt
966 1106 1142 1151 autem
1185 1097 1296 1150 ha-c
1337 1115 1348 1148 :
1390 1095 1465 1148 lis
1491 1097 1730 1154 (Luetllzr.
1772 1107 1826 1152 et
1875 1096 1991 1150 Fir-

387 1164 582 1234 minse)
614 1183 730 1220 vero
767 1171 817 1220 in
836 1168 943 1220 visu
973 1169 1213 1236 apparuit
1243 1178 1446 1221 sanctus
1476 1165 1738 1220 Tiburtius
1766 1186 1878 1220 cum
1910 1170 1990 1222 Itis

395 1238 594 1291 duobus
645 1241 955 1309 martyribus
1013 1240 1342 1309 (Marcellino
1388 1252 1440 1292 et
1470 1238 1654 1306 Petro)
1693 1240 1992 1310 edat-aitque

393 1323 481 1361 eos
504 1349 522 1375 ,
549 1311 980 1382 quemadmodum
1007 1327 1223 1382 corpora
1253 1327 1426 1364 eorum
1469 1327 1494 1363 e
1537 1311 1685 1379 nigra
1727 1313 1869 1379 sylva
1899 1315 1990 1364 ub-

392 1390 623 1452 sportata
646 1423 661 1446 ,
694 1382 852 1448 juxta
897 1381 1067 1450 ipsum
1099 1381 1154 1434 in
1185 1393 1330 1451 parte
1362 1382 1595 1452 inferiori
1622 1382 1673 1433 in
1703 1393 1881 1452 crypta
1910 1399 1987 1434 se-

392 1451 824 1523 pelire_deberent
851 1468 868 1505 :
897 1455 1101 1519 fuerunt
1146 1450 1310 1504 autem
1358 1453 1429 1505 eis
1479 1450 1740 1517 adiutorio
1762 1450 1987 1523 acolythi

395 1524 499 1574 duo
546 1521 792 1578 Ecclesia
837 1523 1101 1578 Romanae.
1155 1523 1278 1576 ch
1323 1524 1494 1576 omnia
1535 1523 1817 1584 Damasus,
1868 1521 1982 1576 cum

399 1594 555 1646 lector
601 1604 729 1648 esset
780 1595 1056 1661 puerulus,
1097 1595 1276 1648 didicit
1317 1593 1378 1648 ab
1409 1610 1496 1656 eo,
1529 1595 1614 1663 qui
1643 1611 1726 1647 eos
1762 1595 1985 1648 decolla-

400 1675 570 1726 verat,
609 1676 658 1719 et
687 1677 862 1734 postea
905 1665 1070 1733 [actus
1118 1667 1383 1733 episcopus
1407 1708 1419 1730 ,
1457 1666 1508 1717 in
1540 1682 1712 1716 eorum
1751 1666 1984 1734 sepulcro

397 1735 476 1788 Itis
524 1738 750 1790 versibus
793 1735 1070 1790 decoravit.
1109 1735 1406 1789 Marcelline
1428 1777 1441 1798 ,
1475 1748 1585 1788 tuos
1614 1737 1803 1804 pariter
1829 1778 1842 1800 ,
1874 1747 1978 1790 etc.

397 1806 526 1872 Quae
556 1811 736 1862 omnia
767 1807 1093 1869 referuntur.
1119 1817 1173 1862 et
1200 1807 1251 1859 in
1277 1808 1501 1860 bis-toria
1528 1809 1842 1876 Martyrum,
1865 1823 1986 1876 qua:

397 1880 644 1933 versibus
676 1877 917 1932 iatnbicis
943 1881 1138 1947 scripta
1165 1877 1393 1932 habetur
1422 1888 1566 1930 tonio
1585 1877 1668 1930 VII
1700 1879 1839 1932 Sui-ii
1867 1889 1986 1940 post

399 1949 681 2003 historiam
713 1949 1076 2003 translationis
1105 1954 1392 2015 Corporum
1433 1949 1498 2001 ad
1535 1950 1717 2002 linem.
1771 1949 1836 2002 Et
1883 1949 1990 2004 Ro-

395 2036 615 2074 manum
659 2021 1093 2090 Martyrologium
1134 2021 1202 2075 de
1238 2019 1430 2074 iisdem
1457 2023 1658 2073 sanctis
1684 2022 1873 2074 eodem
1902 2022 1990 2076 die

395 2090 430 2145 2
458 2091 605 2146 Junii
643 2109 654 2143 :
699 2090 905 2145 Horum
934 2108 1153 2159 corpora
1179 2093 1232 2143 in
1255 2104 1436 2158 crypta
1452 2093 1611 2160 juxta
1638 2103 1866 2145 sanctum
1893 2090 1991 2160 Ti-

397 2163 625 2216 burtium
659 2163 855 2230 sepulta
884 2175 1046 2225 sunt;
1083 2177 1258 2216 eorum
1293 2159 1584 2232 sepulcrum
1627 2175 1834 2217 sanctus
1875 2159 1986 2215 Da-

394 2251 570 2305 masus
599 2252 735 2305 papa
761 2236 984 2288 versibus
1025 2245 1198 2299 postea
1248 2235 1532 2287 exornavit.
1561 2234 1626 2287 Et
1649 2233 1768 2288 Atla
1809 2235 1860 2287 in
1891 2250 1990 2289 suo

392 2303 780 2374 Martyrologio
834 2305 909 2358 ait
957 2322 971 2360 ;
1021 2306 1252 2368 Quorum
1298 2320 1514 2369 corpora
1559 2305 1898 2358 revelantibus
1938 2322 1990 2359 se

391 2375 554 2430 beatis
589 2375 904 2444 Martyribus
925 2377 1145 2430 tulerunt
1180 2384 1292 2441 post
1317 2376 1523 2428 modum
1551 2374 1755 2429 Lucilio
1791 2389 1836 2430 et
1873 2376 1992 2430 Fir-

393 2451 575 2518 mino,
645 2448 1081 2500 cltristianissinue
1112 2447 1380 2518 lenitate,
1445 2457 1490 2500 et
1533 2450 1690 2518 juxta
1761 2460 1990 2500 sanciunt

394 2517 686 2571 Tiburtina:
761 2518 814 2571 iu
889 2517 1121 2586 inferiori
1197 2531 1342 2584 parte
1399 2517 1592 2587 crypta:
1663 2520 1990 2586 sepelierunt.

393 2588 567 2644 Porto
598 2591 667 2644 ab
697 2589 946 2642 omnibus
981 2588 1092 2642 fere
1124 2587 1515 2656 Martyrologtis
1547 2590 1804 2644 “munitis
1831 2631 1845 2652 ,
1893 2590 1992 2643 Be-

393 2661 500 2724 dae,
538 2659 770 2716 Usnardi
798 2700 812 2722 .
869 2659 1076 2713 AdOttis
1103 2700 1118 2723 ,
1162 2665 1217 2712 et
1260 2658 1511 2722 Nttlket'i,
1543 2671 1803 2714 :tsserttur
1849 2660 1990 2715 ἱειηά

393 2730 626 2786 Tiburtii
684 2731 991 2800 sepulcrum
1052 2730 1215 2784 luisse
1273 2730 1326 2783 in
1384 2730 1466 2783 via
1513 2731 1776 2784 Lartcaoa
1825 2749 1878 2786 III
1925 2733 1992 2788 ab

393 2801 546 2858 Urbe
578 2803 832 2858 milliaria
886 2807 1018 2855 inter
1059 2804 1187 2854 duas
1217 2802 1393 2855 lauros
1425 2843 1439 2865 ,
1469 2819 1574 2870 quo
1606 2803 1658 2856 in
1693 2803 1811 2856 loco
1852 2804 1995 2856 Con-

394 2879 671 2929 stantinus
715 2875 1008 2942 imperator
1061 2871 1334 2926 basilicam
1390 2877 1726 2939 COtlstl'llin-,
1776 2885 1828 2928 ut
1884 2875 1986 2928 Da-

394 2960 582 3000 masus
610 2986 624 3009 ,
659 2944 775 2999 sive
833 2946 878 3000 is
930 2943 1248 2998 Anastasius
1299 2943 1748 2999 Bibliotliecarius
1774 2987 1788 3010 ,
1817 2948 1867 2999 in
1930 2947 1987 3000 S.

397 3015 648 3071 Silvestri
680 3016 826 3070 Vita:
859 3015 1054 3070 Eadem
1080 3027 1305 3088 tempore
1325 3015 1556 3088 (scribit)
1581 3015 1836 3088 Augustus
1858 3016 1992 3070 (Ion-

396 3089 657 3142 stantinus
698 3090 816 3158 fecit
850 3088 1121 3158 basilicam
1148 3084 1308 3140 beatis
1337 3084 1991 3157 ‘ntartyrtbusMarcellino

397 3157 730 3229 presbytero,
760 3170 804 3212 et
836 3157 991 3212 Petro
1039 3159 1322 3219 ποιεί-ἰδίας,
1366 3159 1497 3211 inter
1537 3160 1667 3212 duas
1696 3161 1869 3213 lauros
1899 3201 1911 3222 ,
1942 3168 1987 3213 et

398 3218 761 3294 mausoleum,
807 3232 890 3283 ubi
941 3230 1229 3281 beatissima
1280 3218 1436 3281 mater
1484 3229 1643 3296 ipsius
1688 3218 1987 3298 sepultam
2015 3218 2058 3279 C

401 3299 639 3366 Helena,
686 3301 739 3353 in
787 3298 1108 3371 sarcophago
1148 3302 1509 3368 porphyretico
1555 3302 1635 3352 via
1693 3300 1986 3363 Laricana,

400 3373 649 3426 milliaria
707 3373 770 3424 ab
819 3373 940 3423 urbe
993 3370 1158 3423 Roma
1200 3373 1348 3423 tertio
1374 3412 1388 3433 ,
1425 3371 1478 3422 in
1513 3387 1610 3439 quo
1651 3371 1760 3424 loco
1783 3413 1798 3435 ,
1827 3383 1872 3426 et
1901 3389 1993 3441 pro

400 3459 573 3496 amore
601 3443 781 3495 matris
799 3449 990 3505 suimet
1022 3443 1340 3495 veneratione
1353 3452 1671 3504 sanctorum,
1701 3444 1866 3510 posuit
1895 3445 1992 3496 voti

399 3514 480 3568 sui
507 3515 667 3578 dona,
711 3525 946 3583 patenum
970 3529 1036 3569 ex
1061 3528 1188 3565 auro
1218 3514 1491 3579 purissimo
1521 3524 1815 3582 pensantem
1841 3515 1994 3568 libras

399 3584 493 3641 35.
531 3585 599 3638 Et
633 3585 803 3654 pergit
832 3586 1037 3651 reliqua
1085 3583 1305 3637 donaria
1358 3583 1629 3651 explicare
1681 3587 1944 3652 permulta
1974 3626 1988 3648 ,

401 3658 694 3726 magnique
739 3655 892 3722 pretii
919 3696 932 3715 ,
967 3667 1021 3710 et
1057 3670 1217 3726 agros
1242 3697 1254 3716 ,
1284 3664 1386 3708 etc.
1428 3657 1623 3726 Eadem
1655 3656 1820 3709 ferme
1851 3655 1991 3710 Beda

401 3725 468 3782 de
517 3725 642 3781 Rat.
675 3737 840 3795 temp.
876 3726 954 3780 sic
999 3745 1011 3780 :
1053 3725 1077 3777 Ι
1087 3735 1186 3778 tem
1217 3726 1432 3780 basilica
1461 3727 1542 3778 ria
1571 3725 1832 3780 Lavicaua
1863 3729 1993 3782 inter

401 3797 531 3852 duas
557 3799 734 3852 lauros
761 3799 904 3850 beato
936 3795 1094 3850 Petro
1133 3805 1177 3849 et
1223 3795 1530 3850 Marcellino
1567 3799 1876 3868 martyribus
1898 3841 1912 3862 ,
1945 3808 1991 3851 et

399 3869 754 3940 mausoleum,
809 3868 894 3921 ubi
946 3879 1159 3940 matrem
1198 3884 1343 3921 suam
1373 3870 1542 3940 posuit
1580 3870 1633 3922 in
1669 3869 1993 3940 sarcophago

400 3939 786 4012 purpureant
816 3940 934 3994 Ado
963 3939 1179 4012 iisdcm_
1197 3940 1378 4012 verbis
1410 3941 1458 3991 in
1487 3939 1774 3994 Chronico.
1808 3943 1872 3995 Et
1903 3939 1995 3996 Ni-

399 4009 668 4082 Cepborus
700 4011 793 4064 lib.
832 4025 922 4064 vni
950 4050 966 4075 ,
994 4025 1113 4078 cap.
1134 4009 1210 4082 ίδι
1235 4051 1248 4071 ,
1280 4009 1425 4082 iiust.
1463 4012 1773 4065 Ecclesium.
1806 4013 1993 4067 scribit

398 4080 476 4136 de'
509 4081 708 4138 Helena
757 4092 962 4135 mortui
988 4123 1001 4145 ,
1033 4097 1096 4134 ex
1130 4080 1313 4149 Langii
1348 4083 1800 4150 interpretatione'
1829 4101 1841 4136 :
1887 4083 1994 4137 Ea:-

398 4161 476 4205 tra
507 4152 682 4207 urbem
713 4151 933 4206 Romam
970 4152 1022 4204 in
1049 4152 1238 4220 templo
1263 4152 1485 4205 rotundo
1541 4170 1824 4206 marmorea
1862 4171 1992 4207 urna

396 4225 630 4293 deposita
658 4265 671 4287 ,
713 4236 865 4294 atque
907 4223 1106 4274 biennio
1132 4233 1242 4294 post
1285 4240 1387 4274 una
1429 4240 1541 4294 cunt
1580 4241 1708 4275 urna
1744 4224 1994 4277 Constan-

395 4292 667 4362 tinopolim
697 4292 986 4362 deportata.
1024 4294 1083 4345 Et
1115 4292 1430 4361 Sigebertus
1465 4293 1518 4346 iit
1547 4296 1817 4348 Clit-unico
1844 4335 1856 4354 .
1892 4297 1992 4348 sub

397 4379 543 4418 anno
580 4367 787 4420 homini
821 4364 927 4434 849
953 4404 967 4424 ,
1013 4364 1200 4417 scribit
1233 4383 1244 4415 :
1287 4364 1480 4418 Sancta
1537 4363 1731 4417 Helena
1772 4367 1990 4434 imperas

398 4437 506 4489 tria:
546 4435 720 4489 Roma:
748 4439 802 4489 in
832 4433 1065 4488 Ecclesia
1103 4446 1399 4487 sanctorum
1447 4435 1740 4488 Marcellini
1765 4448 1812 4489 et
1846 4433 1991 4490 Petri

393 4518 723 4578 martyrum,
756 4509 809 4560 in
846 4506 1107 4578 nutusoleo
1139 4521 1399 4576 purpureo
1438 4507 1661 4574 sepulta,
1720 4516 1824 4560 etc.
1882 4507 1988 4560 Ea-

395 4577 608 4632 demet
639 4581 828 4632 Petrus
857 4580 922 4631 de
950 4577 1232 4648 Nataltbus
1262 4579 1352 4631 lib.
1389 4594 1458 4632 vn
1486 4619 1499 4640 ,
1531 4593 1650 4648 cap.
1711 4579 1798 4632 75.
1844 4578 1986 4632 Ana-

393 4651 596 4703 stasius
634 4659 811 4703 autem
855 4646 1302 4702 Bibliotltccatius
1355 4651 1518 4702 refert
1569 4646 1636 4701 tle
1682 4649 1921 4704 Honorio
1972 4649 1991 4704 1

393 4719 541 4792 Papa
591 4738 606 4792 ς
658 4720 1382 4792 Ιίειιοξαυὶιᾼειγεωριειενὲκηι
1411 4720 1673 4792 beatorum
1701 4721 1989 4792 Martyrum

392 4790 694 4845 Marcellini
721 4801 773 4844 et
803 4789 944 4845 Petri
986 4791 1066 4843 via
1103 4789 1382 4843 Lavicana.
1417 4791 1482 4844 Et
1511 4793 1578 4844 de
1609 4789 1878 4846 Hadriano
1922 4793 1940 4846 I
1975 4811 1986 4845 :

393 4861 752 4917 Caemeterium
798 4864 917 4916 item
965 4859 1075 4914 ΒΗ.
1130 4859 1272 4916 Petri
1318 4872 1364 4915 et
1406 4861 1698 4916 Marcellini
1730 4867 1810 4918 via
1840 4863 1992 4918 Lavi-

391 4949 527 4987 cana
551 4975 565 4996 ,
585 4936 743 5002 juxta
774 4933 1041 4986 basilicam
1070 4930 1134 4986 Β.
1171 4933 1382 4986 Helena:
1409 4938 1702 5000 renovavit,
1734 4947 1779 4988 et
1807 4947 1992 4989 tectum

391 5007 546 5070 ejus,
593 5006 646 5055 id
681 5015 750 5057 est
781 5004 839 5058 S.
876 5002 1128 5066 Tiburtii,
1176 5013 1220 5056 et
1258 5006 1549 5058 earumdem
1597 5006 1705 5059 SS.
1760 5004 1900 5060 Petri
1947 5017 1992 5059 et

392 5025 420 5058 ε
450 5025 546 5070 us,
593 5025 645 5055 ra
681 5025 750 5057 eu
781 5025 839 5058 Ο.
879 5025 1128 5066 ιιυιινιιι,
1176 5025 1220 5056 ει
1258 5025 1549 5058 εοηιοιιαεηι
1597 5025 1705 5059 DD.
1760 5025 1900 5060 t'etrt
1947 5025 1992 5059 et

392 5025 695 5130 llarcellini
743 5076 938 5130 nouiter
967 5076 1121 5142 fecit,
1152 5078 1396 5143 quoniam
1431 5077 1602 5130 nullus
1629 5087 1739 5130 erat
1761 5080 1873 5143 jam
1905 5077 1994 5131 de-

389 5162 606 5202 scensus
623 5147 691 5199 ad
712 5147 825 5216 ipsa
846 5155 1142 5200 sanctorum
1165 5162 1403 5218 corpora.
1432 5149 1671 5214 Quorum
1694 5157 1990 5219 martyrum

391 5333 701 5406 consularia
730 5333 1020 5405 Martyrum
1050 5349 1080 5387 a
1103 5333 1423 5406 Christianis
1452 5334 1624 5406 excipi
1653 5375 1666 5397 ,
1697 5334 1847 5388 autsi
1870 5349 1989 5406 qua:

395 5407 598 5474 seripta
632 5405 838 5459 fuerant
865 5447 878 5468 ,
913 5406 1204 5459 dilacerata
1239 5405 1402 5459 fuisse
1429 5448 1442 5470 ,
1475 5424 1536 5459 ne
1569 5405 1825 5459 tenacibus
1849 5405 1991 5459 libel-

395 5478 464 5530 lis
484 5478 688 5529 erudita
717 5478 926 5538 διιιευια,
957 5486 1172 5546 tempus,
1197 5482 1503 5543 modumque
1533 5479 1785 5547 passionis
1815 5477 1991 5538 prodi-

395 5557 505 5602 tum
532 5547 763 5600 dulcibus
786 5548 974 5615 linguis
1003 5564 1092 5616 per
1120 5564 1265 5601 aures
1279 5560 1597 5618 posterorum
1621 5548 1922 5618 proderent.
1941 5554 1997 5599 ut

396 5618 726 5672 Prudentius
751 5622 823 5672 ait
853 5615 1050 5687 hymno
1091 5620 1157 5672 tle
1182 5615 1383 5673 sanctis
1434 5615 1730 5672 Hometerio
1774 5627 1827 5671 et
1863 5615 1995 5672 Cke-

399 5689 632 5744 ledouio.
661 5689 776 5744 Viti.
813 5689 947 5744 Acta
974 5689 1037 5744 S.
1071 5689 1325 5744 Vincentu'
1365 5689 1502 5760 apttd
1537 5689 1780 5745 Ruinart.

478 5789 503 5816 η
538 5779 612 5834 Ita
633 5779 1036 5851 Sarazaniuset
1081 5781 1470 5848 Henschenius,
1503 5791 1557 5836 at
1599 5796 1791 5838 sensus
1818 5789 2001 5851 postu-

1810 279 2140 339 CABMINA.

2020 413 2066 472 Α
2102 396 2212 451 Nec
2241 399 2488 452 tumulum
2519 408 2741 452 vestrum
2769 399 3039 471 quisquam
3061 414 3362 472 cegnoscere
3388 411 3557 475 posset
3585 420 3602 469 ;

2019 4613 2072 4672 D

3586 286 3694 347 398

2110 489 2208 544 Vos
2235 491 2429 546 alacres
2451 493 2627 547 vestris
2659 494 2894 548 manibus
2921 496 3192 550 mandasse
3211 495 3512 568 sepulcrab,

2093 687 2317 754 corpora
2335 716 2383 754 _,_
2412 675 2461 727 iit
2504 675 2707 754 Gallias
2739 687 2949 754 postea
2972 679 3225 754 translata
3258 681 3494 737 fuerunt.
3531 683 3691 754 Ejus-

2091 747 2302 823 querei
2335 746 2861 823 ltistoriantscripsit
2887 749 3186 823 ‘Eiuardns,
3221 754 3341 823 sive
3375 746 3688 823 Egiuarius,

2094 828 2144 869 et
2177 817 2366 869 Surius
2401 830 2530 869 I0tlt.
2561 816 2672 870 VIII
2703 861 2716 876 ,
2746 820 2835 872 ubi
2869 818 2934 872 de
2964 821 3080 874 loco
3116 823 3228 878 ba‘c
3257 816 3465 880 hilbt'l'Z
3509 816 3690 884 Prima

2093 887 2181 962 ad_
2210 887 2490 962 basilicam
2525 887 2586 942 S.
2637 887 2860 941 Tiburtii
2911 894 3152 962 martyris
3200 896 3253 946 in
3299 895 3378 949 via
3427 897 3692 955 Labicana

2095 958 2255 1035 tribus
2299 960 2361 1035 ab
2411 959 2533 1010 urbe
2582 977 2825 1035 passuum
2873 958 3096 1035 millibus
3138 965 3412 1020 distantem
3447 971 3686 1035 veniunt,

2094 1029 2384 1109 d‘ei‘ttdemia
2417 1043 2649 1109 cryptam
2676 1032 3108 1109 eidem_busilicte
3130 1040 3441 1109 contiguam
3462 1079 3478 1105 ,
3511 1044 3561 1091 in
3591 1029 3692 1109 qua

2095 1098 2202 1151 BB.
2264 1097 2814 1180 Christi"Martyrum.
2844 1101 3237 1180 Murcellini_et
3287 1097 3425 1161 Petri
3465 1097 3692 1180 corpora

2094 1180 2239 1223 erant
2297 1175 2546 1224 tumulata
2595 1174 2946 1235 descendunt,
2999 1189 3104 1228 etc.
3153 1175 3412 1232 Ret’et'nnt
3463 1174 3690 1235 transla-

2096 1242 2294 1294 tionem
2337 1252 2390 1296 et
2419 1242 2734 1307 Sigebertus
2770 1247 2820 1295 in
2852 1245 3119 1300 Chronico
3152 1265 3293 1299 attno
3325 1251 3430 1303 8‘26
3454 1293 3467 1314 ,
3497 1260 3551 1304 ct
3580 1252 3692 1307 An-

2093 1316 2289 1366 nonins
2319 1315 2433 1367 sive
2461 1313 2745 1386 Antonius
2773 1316 2840 1368 de
2877 1315 3059 1370 Gestis
3097 1319 3430 1374 Francorum
3459 1313 3565 1375 illi.
3602 1341 3654 1377 tv
3675 1365 3688 1386 ,

2092 1398 2212 1449 cap.
2247 1386 2346 1438 114
2369 1425 2382 1446 ,
2416 1386 2482 1438 ad
2513 1384 2704 1447 linem,
2741 1387 2831 1454 qui
2874 1391 2973 1440 sub
3013 1387 3278 1454 GregOrio
3311 1392 3375 1447 lV
3407 1391 3575 1449 fuisse
3608 1384 3689 1450 re;

2093 1454 2194 1508 fert
2227 1496 2240 1519 ,
2289 1464 2342 1507 et
2386 1456 2495 1507 alii.
2544 1456 2615 1508 De
2641 1472 2742 1523 qua
2770 1474 2826 1511 re
2849 1498 2862 1518 ,
2894 1470 2944 1511 et
2968 1457 3222 1516 Rabanns
3249 1461 3465 1518 Maurus
3492 1465 3541 1518 in
3571 1481 3690 1521 vcr-

2088 1525 2239 1579 sibus
2267 1527 2332 1579 de
2364 1525 2554 1579 iisdem
2593 1528 2919 1596 martyribus
2957 1548 2969 1581 :

2215 1615 2316 1665 Hos
2338 1615 2514 1667 Christi
2539 1625 2695 1666 testes
2714 1617 2926 1668 Romana
2957 1621 3160 1672 adscivit
3183 1623 3244 1671 ab
3264 1625 3388 1673 urbe

2277 1679 2361 1728 Vir
2387 1681 2566 1742 probus
2588 1681 2832 1731 Aiuardus
2855 1687 3205 1748 constituitque
3229 1687 3406 1749 locum,
3435 1693 3535 1740 etc.

2092 1760 2158 1815 Et
2191 1763 2240 1816 in
2273 1764 2546 1833 epitaphii)
2578 1765 2799 1820 Enardi
2821 1809 2835 1832 ,
2870 1767 3014 1822 Idem
3051 1788 3062 1822 :

2216 1859 2333 1925 15am
2359 1862 2833 1925 horum_sanct0rum
2853 1867 3096 1925 condigne
3114 1867 3306 1918 functus
3329 1869 3516 1922 tumore

2216 1921 2498 1986 Exquireus
2519 1923 2684 1973 Romae
2717 1940 2916 1987 corpora
2941 1921 3099 1991 dum,
3130 1938 3182 1978 et
3206 1932 3317 1987 huc,
3345 1939 3444 1981 etc.

2092 2015 2149 2069 In
2200 2016 2299 2071 hac
2335 2018 2550 2070 ba~ilica
2599 2019 2883 2073 stationem
2928 2021 3091 2075 fuisse
3122 2022 3275 2076 refert
3313 2023 3606 2078 Panvinius
3639 2029 3690 2080 iit

2087 2087 2273 2142 libello
2303 2090 2369 2144 tle
2397 2089 2729 2144 διθῑίοιιίὺιις
2760 2089 2918 2146 Urbis
2963 2109 2975 2142 :
3007 2107 3056 2144 tv
3091 2091 3234 2147 Non.
3263 2092 3412 2146 Junii
3439 2097 3593 2150 statio
3622 2097 3691 2150 ad

2091 2158 2199 2213 SS.
2255 2159 2618 2212 Marcellinum
2661 2172 2705 2214 et
2759 2161 2970 2215 Petrum
3009 2164 3089 2215 via
3136 2163 3416 2217 Labicana.
3455 2165 3588 2220 Nam
3619 2169 3678 2223 S.

2091 2229 2372 2302 Gregorius
2403 2233 2648 2304 stationes
2690 2249 2780 2304 per
2807 2234 3042 2296 basilicas
3081 2235 3157 2287 vel
3207 2247 3501 2289 sanctorum
3552 2256 3693 2290 mar-

2090 2310 2258 2374 tyrum
2290 2303 2572 2355 coemeteria
2598 2303 2856 2356 sollicitus
2893 2305 3184 2368 distribuit,
3216 2323 3363 2374 quem
3395 2325 3584 2360 morem
3615 2311 3692 2363 la-

2091 2373 2327 2427 bentibus
2379 2374 2690 2440 temporibus
2743 2375 2883 2442 plebs
2936 2375 3169 2429 Romana
3218 2379 3366 2445 quasi
3407 2395 3464 2430 eo
3502 2383 3694 2435 rivente

2091 2447 2327 2518 certatim
2354 2449 2582 2498 ret-iuuit.
2620 2445 2723 2518 Eas
2771 2447 3020 2499 basilicas
3053 2449 3165 2515 ipse
3215 2449 3450 2515 pontifex
3479 2450 3686 2518 Grego-

2091 2517 2205 2588 rius
2234 2558 2246 2579 ,
2279 2518 2440 2571 simul
2470 2517 2883 2572 venerabundos
2925 2519 3111 2570 adit-ns
3136 2561 3150 2584 ,
3203 2518 3389 2588 viginti
3438 2521 3689 2576 hotnilias

2091 2586 2144 2640 in
2177 2588 2464 2658 Evangelia
2496 2603 2676 2643 coram
2709 2590 2938 2642 ecclesia
2959 2589 3179 2660 divorso
3201 2586 3450 2660 tempore
3477 2591 3689 2659 habuit,

2094 2668 2152 2711 ut
2191 2660 2379 2714 scribit
2422 2660 2658 2713 Joannes
2695 2661 2958 2712 liiaContts
2988 2661 3039 2712 in
3074 2659 3192 2713 \t'ila
3231 2663 3283 2713 S.
3307 2659 3553 2729 Grcam-ii
3591 2664 3683 2716 lib.

2091 2744 2128 2782 ll
2157 2747 2349 2802 ,ptnn.
2389 2731 2468 2784 18.
2505 2729 2825 2784 Mentiouem
2863 2743 3050 2802 postea
3082 2735 3321 2802 t't-cernnt
3349 2734 3464 2787 loci'
3486 2735 3644 2800 hujus
3676 2775 3690 2802 ,

2091 2810 2145 2852 et
2173 2799 2406 2854 Cuiacius
2435 2803 2684 2855 Sabellus
2709 2841 2723 2865 ,
2755 2802 2842 2867 qui
2875 2801 2968 2854 fuit
2994 2801 3264 2856 Honorius
3297 2805 3488 2858 tot-tius
3518 2799 3694 2871 Papa,

2092 2871 2146 2923 in
2193 2874 2330 2925 libro
2367 2873 2637 2926 Censnum
2685 2873 2937 2924 Itomana-
2962 2871 3249 2937 Ecclesim,
3285 2873 3470 2929 habuit
3509 2891 3688 2931 autem

2092 2956 2252 2994 unum
2309 2945 2358 2996 in
2407 2943 2623 2996 Ini~ilica
2665 2942 2764 2997 SS.
2810 2942 3102 2996 Marcellini
3142 2955 3194 2996 et
3228 2945 3370 2998 Petri
3407 2948 3566 3000 natali
3599 2964 3692 3000 eo-

2092 3028 2209 3067 rum
2240 3013 2326 3068 tlie
2361 3033 2373 3068 :
2407 3012 2758 3068 Ctemeteriunt
2804 3015 2933 3067 inter
2957 3015 3084 3069 duas
3114 3016 3289 3068 lauros
3318 3018 3385 3068 ad
3425 3018 3486 3071 S.
3534 3017 3692 3071 Hele-

2092 3101 2250 3150 nam;
2297 3098 2353 3138 et
2404 3085 2656 3140 Nicotaus
2703 3085 3018 3152 Signorilis,
3071 3087 3159 3152 qui
3199 3087 3298 3139 sub
3350 3087 3577 3140 Mat-tino
3623 3089 3687 3143 V.

2093 3171 2227 3225 papa
2295 3159 2468 3221 vixit,
2521 3159 2645 3211 dum
2691 3164 2938 3210 recenset
2981 3159 3236 3212 ecclesias
3267 3176 3456 3211 oninus
3489 3159 3688 3227 Urbis,

2093 3244 2211 3300 (tua:
2243 3243 2342 3281 suo
2372 3242 2615 3296 tempore
2647 3228 2933 3300 exstabant
2964 3246 2976 3281 :
3018 3229 3183 3282 Extra
3222 3227 3407 3282 Urbem
3441 3232 3558 3300 (ait)
3601 3249 3690 3283 ec-

2097 3299 2254 3352 clesia
2305 3300 2366 3354 S.
2415 3300 2600 3363 Pauli,
2632 3299 2690 3354 S.
2741 3300 3000 3352 Anastasii
3042 3301 3109 3350 ad
3149 3316 3309 3367 aquas
3348 3299 3570 3358 salrias.
3624 3302 3686 3356 8.

2100 3369 2284 3423 Maria:
2354 3372 2718 3432 Annuntiatae,
2774 3371 2834 3421 S.
2881 3369 3175 3421 Sebastiani
3213 3372 3281 3421 ad
3320 3369 3688 3439 Catacumbus,

2101 3442 2306 3495 Sancta:
2340 3442 2584 3500 Helena.
2619 3451 2721 3494 etc.
2760 3441 3056 3492 Exstabant
3087 3451 3246 3503 tunc,
3279 3451 3330 3494 et
3382 3443 3558 3497 adhuc
3597 3459 3693 3498 ex-

2097 3521 2242 3565 SIant
2293 3515 2517 3579 vestigia
2549 3511 2710 3579 bujus
2761 3511 2964 3575 templi.
3014 3525 3077 3564 ac
3126 3512 3342 3565 Helena:
3388 3515 3689 3580 inauscvlei,

2096 3598 2217 3652 qu-v.
2243 3623 2256 3645 ,
2307 3594 2359 3635 ct
2391 3584 2500 3650 jam
2530 3598 2627 3635 nos
2655 3581 2780 3633 olitn
2827 3580 3060 3635 vidimus
3087 3624 3098 3641 .
3132 3599 3194 3635 ac
3224 3597 3283 3637 se
3317 3585 3544 3649 primum
3590 3587 3681 3640 dc-

2098 3654 2335 3717 tesisse,
2386 3664 2546 3715 atque
2590 3653 2850 3705 lustrasse
2901 3654 3062 3706 t'el'ert
3111 3653 3300 3708 Busius
3343 3657 3394 3706 in
3439 3655 3594 3710 Notis
3622 3657 3686 3711 ad

2098 3723 2272 3780 Vitam
2323 3725 2379 3780 S.
2433 3723 2685 3778 Caecilia.
2727 3723 2852 3776 Haec
2876 3725 3119 3796 pluribus
3151 3727 3529 3796 tractavimus,
3565 3727 3689 3796 quia

2097 3800 2282 3868 paucis
2333 3797 2545 3862 cognita
2624 3797 2738 3846 lucc
2791 3807 2907 3868 erat
2971 3795 3239 3848 baetlica:
3288 3794 3395 3868 imo
3428 3794 3592 3868 vulgo
3625 3813 3690 3851 ea

2095 3867 2420 3923 cretii-batur
2483 3880 2603 3936 qum
2659 3880 2825 3932 prope
2876 3865 3200 3919 Lateranum
3257 3867 3337 3919 bis
3382 3878 3458 3920 est
3513 3865 3691 3922 dicata

2099 3940 2430 4009 martyribus
2453 3980 2468 4004 ,
2502 3954 2623 3991 cum
2662 3936 2800 3989 hanc
2831 3951 2936 3990 neu
2964 3951 3086 3990 esse
3115 3954 3142 3989 a
3174 3938 3530 3990 Constantino
3560 3939 3692 3994 ardi-

2098 4010 2309 4064 Iicatam
2350 4026 2415 4063 ex
2469 4011 2738 4076 pranlictis
2769 4023 2904 4076 cogn
2930 4014 3126 4081 iscatur
3152 4051 3166 4073 ,
3198 4009 3340 4077 quod
3371 4019 3425 4062 et
3453 4010 3692 4081 Ugonius

2096 4083 2163 4135 de
2193 4081 2527 4152 StatiOnibus
2572 4083 2878 4152 allirtnuvit.
2930 4078 3308 4134 Verumtamen
3339 4096 3459 4134 cum
3503 4078 3692 4136 nostro

2098 4150 2372 4219 tempere.
2411 4152 2624 4206 Urbano
2660 4150 2766 4204 VIII
2801 4161 2949 4215 paul.
2976 4152 3110 4203 Max.
3145 4153 3367 4205 sedente
3389 4195 3403 4214 ,
3428 4155 3688 4223 templum

2098 4225 2150 4276 id
2206 4225 2257 4278 in
2308 4224 2481 4276 lucem
2524 4237 2608 4276 est
2637 4234 2942 4276 restitutum
2966 4264 2978 4281 .
3013 4233 3064 4273 et
3116 4225 3471 4278 in~tauratutu
3499 4267 3512 4285 .
3544 4229 3689 4279 clata

2097 4296 2315 4348 cuilibet
2360 4306 2414 4348 et
2474 4296 2756 4360 persipicua
2799 4309 2917 4360 qua-
2965 4291 3201 4346 diximus
3250 4310 3372 4348 esse
3415 4307 3686 4361 poterunt.

2097 4364 2390 4432 Obiter-que
2435 4364 2522 4416 bic
2563 4364 2853 4417 notandum
2884 4372 3000 4426 est,
3035 4363 3174 4427 aliud
3218 4364 3415 4417 dicitur
3461 4367 3529 4418 ad
3559 4368 3688 4420 duas

2098 4437 2305 4498 lauros,
2339 4435 2476 4487 forte
2505 4436 2571 4486 ad
2610 4435 2739 4486 duas
2786 4436 2960 4485 lattras
2993 4447 3118 4486 esse
3146 4434 3427 4501 Ιυενηιιυηι
3455 4476 3470 4500 ,
3511 4451 3574 4488 ex
3623 4451 3689 4489 eo

2097 4508 2270 4574 quod,
2322 4514 2379 4558 ut
2427 4507 2500 4557 ait
2552 4504 2823 4558 Arnobius
2866 4505 2960 4554 lib.
3007 4519 3097 4562 iit.
3130 4503 3297 4557 (ἱππί
3328 4506 3464 4557 vicos
3493 4521 3692 4574 cogno-

2098 4579 2292 4630 minant
2343 4580 2538 4631 (auras.
2600 4575 2968 4628 Tertullianns
2999 4585 3174 4626 autem
3213 4579 3262 4628 in
3293 4577 3643 4641 Apologetico
3676 4593 3690 4631 :

2103 4648 2252 4703 Unde
2283 4647 2446 4702 Cassii
2471 4689 2486 4713 ,
2521 4659 2565 4701 et
2595 4645 2786 4714 Nigri,
2816 4655 2863 4696 et
2899 4644 3065 4696 Albini
3090 4686 3104 4709 ,
3137 4648 3272 4698 unde
3291 4647 3377 4706 qui
3405 4648 3534 4700 inter
3561 4649 3694 4702 duas

2098 4723 2272 4775 lauros
2326 4721 2556 4774 obsident
2607 4717 2902 4782 Ctesarem,
2949 4726 3053 4768 t-tc.
3083 4757 3096 4779 ,
3139 4719 3382 4786 intelligit
3433 4722 3498 4770 de
3529 4720 3694 4772 Coni-

2097 4793 2257 4846 modo
2300 4793 2626 4854 imperatore
2648 4831 2662 4851 ,
2701 4789 2787 4850 qui
2812 4799 2867 4840 ut
2898 4788 3242 4856 pestilentiam
3272 4792 3500 4849 evitaret.
3545 4790 3690 4845 Lau-

2097 4875 2260 4917 retum
2303 4866 2504 4916 secessit
2533 4905 2545 4922 ,
2598 4862 2731 4931 quod
2777 4859 3017 4929 [rigidior
3061 4874 3122 4911 ea
3152 4861 3293 4932 regio
3319 4862 3384 4913 sit
3408 4903 3420 4921 ,
3452 4863 3694 4931 silvisque

2096 4936 2300 5003 elauro
2330 4933 2597 4996 permultis
2623 4949 2785 5000 Opaca
2807 4972 2820 4993 ,
2856 4948 2886 4982 a
2915 4946 3016 4998 quo
3045 4933 3196 4985 etiam
3224 4933 3420 5003 regioni
3445 4934 3692 4986 indictum

2096 5002 2315 5065 nemen,
2363 5014 2502 5067 etc.,
2535 5005 2702 5070 ibique
2747 5004 2979 5054 obsessus
3027 5014 3096 5058 est
3141 5022 3170 5056 a
3212 5002 3462 5058 Romanis
3503 5003 3694 5058 Clean-

2098 5077 2247 5130 drttm
2275 5075 2341 5127 ad
2375 5090 2544 5127 necem
2566 5074 2992 5143 deposcentibus;
3039 5075 3105 5131 de
3134 5078 3325 5146 quibus
3357 5073 3692 5129 Herodianus

2099 5148 2195 5202 lib.
2222 5163 2238 5201 ι
2268 5147 2458 5200 histor.

2098 5331 2198 5457 ﬁt,
2223 5331 2416 5454 nil/uec
2438 5329 2533 5384 sibi
2558 5329 2801 5401 legamus
2831 5369 2846 5394 ,
2889 5327 3031 5399 quod
3069 5326 3229 5381 etiam
3285 5333 3434 5380 notat
3486 5325 3696 5386 clariss.

2154 5418 2426 5457 azocnus.

2154 5418 2426 5457 tllOCIllllS.

2176 5493 2202 5532 ι)
2246 5495 2339 5549 Hic
2373 5502 2658 5560 punctum,
2689 5487 3172 5560 quodSarazanius
3217 5498 3270 5543 et
3321 5487 3694 5548 Heuschenius

2105 5559 2382 5629 etuittunt,
2430 5564 2568 5616 ἱιισιιιι
2619 5559 2920 5614 Μμιυοιιίιιε
2969 5568 3114 5612 ret-to
3161 5565 3372 5627 posult:
3425 5578 3523 5616 nec
3553 5566 3698 5619 enim

2107 5651 2374 5708 martyres
2403 5645 2679 5700 postquam
2707 5633 2992 5708 iit-nerunt
3018 5670 3032 5693 ,
3063 5632 3159 5700 ipsi
3193 5636 3309 5708 suis
3342 5635 3590 5689 manibus
3621 5638 3692 5690 si-

2107 5709 2162 5764 bi
2195 5700 2589 5763 inundaverant.
2629 5700 2866 5773 sepulcri
2887 5702 3087 5770 locum,
3126 5703 3223 5761 sed
3261 5718 3548 5779 antequam
3609 5722 3701 5763 oc-

2107 5781 2446 5836 cumberenl.
