4200 6178
404 245 510 302 407

404 363 690 434 Projectae,
719 359 894 418 luerat
916 359 1090 432 primo
1111 372 1232 430 quae
1257 358 1445 429 juncta
1473 356 1694 426 marito,

320 469 342 486 ⁸
407 455 645 512 Pulchra
672 453 871 509 decore
900 467 1022 518 suo,
1043 451 1161 506 solo
1185 458 1440 506 contenta
1473 449 1704 521 pudore;

410 547 528 604 Heu
556 547 756 603 dilecta
786 546 921 601 satis
947 544 1160 600 miserae
1188 545 1467 615 genitricis
1487 558 1697 610 amore,

407 638 610 710 Accipe
634 636 764 708 quid
790 636 975 690 multis
1003 635 1225 690 thalami
1255 645 1378 706 post
1406 635 1608 691 foedera
1641 636 1814 706 prima

409 730 610 799 Erepta
639 743 707 784 ex
732 729 906 784 oculis
933 727 1080 784 Flori
1107 728 1369 798 genitoris
1390 736 1416 764 α
1440 728 1630 794 abivit,

410 823 720 881 JEtheriam
748 825 974 893 cupiens
1001 823 1125 879 coeli
1148 820 1522 877 conscendere
1552 822 1751 877 lucem.

408 916 538 976 Haec
562 915 590 955 ι)
614 916 889 975 Damasus
914 922 1137 986 prastat
1165 915 1383 969 cunctis
1413 914 1604 970 solatia
1625 912 1804 970 ﬂetus.

943 1049 1230 1108 CARMEN
1260 1049 1505 1106 XXXIII.

924 1151 937 1179 ¹
981 1146 1059 1203 De
1088 1148 1325 1218 sepulcro
1355 1163 1471 1202 suo.

418 1281 596 1324 Vle'I'.
630 1281 721 1321 AN.
752 1279 863 1318 XVI.
895 1279 951 1317 κ.
988 1279 1039 1316 Χ.
1065 1277 1203 1317 DIES.
1239 1277 1366 1316 XXV.
1400 1277 1522 1316 DEP.
1556 1277 1613 1316 III
1643 1276 1770 1317 ΚΑΙ...
1795 1276 1910 1317 IAN.
1936 1277 2022 1316 Π..

700 1373 1020 1415 ΠΕΒΟΒᾹΗΒΕ
1053 1371 1142 1412 ΕΤ.
1177 1372 1263 1410 FL.
1305 1370 1593 1410 SATURNIN.
1627 1369 1810 1411 CONSS.

425 1478 527 1534 Hic
546 1484 803 1548 congesta
829 1473 976 1544 jacet
996 1471 1196 1542 quaeris
1221 1470 1267 1526 si
1295 1470 1446 1526 turba
1477 1469 1720 1535 Piorum,

423 1574 666 1645 Corpora
698 1580 1009 1627 sanctorum
1037 1567 1275 1624 retinent
1297 1566 1603 1622 veneranda
1631 1563 1900 1636 sepulcra,

429 1743 588 1806 patur
607 1773 622 1798 ,
655 1728 1108 1806 quiarvigilaturos
1131 1768 1144 1806 ,
1170 1726 1719 1806 id_est_resurrecturos
1748 1722 1857 1806 vult
1882 1722 2036 1806 intel-r

427 1792 521 1875 ltgi
541 1845 555 1868 ,
587 1792 644 1858 ut
667 1792 746 1856 ait
771 1792 1102 1875 Augustinus
1132 1795 1490 1875 in__Psalmum
1531 1808 1760 1875 Lxxitvn
1787 1792 1959 1875 ,Ainde
1985 1799 2040 1847 et

430 1863 740 1944 scpnlcrum
770 1863 1142 1944 cceﬁretcrium
1179 1869 1379 1922 dictum
1437 1867 1608 1944 quasi
1631 1863 2034 1944 dormitorium.

429 1935 844 2014 Inseriptionem
866 1951 1046 1996 autem
1071 1941 1207 1995 hanc
1237 1954 1304 2014 ex
1333 1935 1933 2014 cmmetcrioAPriscillm
1954 1936 2042 1991 via

430 2005 640 2073 Salaria
675 2015 778 2069 huc
801 2015 1118 2068 translatam
1151 2012 1464 2074 crederem;
1493 2023 1616 2062 cum
1652 2007 1873 2075 Sergius
1895 2005 2041 2077 Papa

432 2088 481 2144 II
537 2087 874 2141 transtulerit
921 2083 1089 2138 multa
1128 2097 1356 2151 Corpora
1385 2081 1707 2151 Sanctorum
1739 2093 1804 2131 ex
1833 2093 1900 2132 eo
1932 2092 2044 2133 cce-

431 2162 664 2215 meterio
691 2161 742 2212 in
774 2157 911 2210 hanc
937 2150 1259 2217 basilicam,
1291 2161 1347 2205 ut
1374 2150 1534 2206 docet
1563 2161 1716 2204 vetns
1742 2163 2043 2204 marmorea

433 2230 615 2285 tabula
642 2231 743 2282 hoc
772 2227 912 2280 loco.
963 2224 1119 2281 Unde
1164 2224 1325 2278 etiam
1369 2232 1720 2276 monumenta
1751 2218 2044 2274 transferre

434 2299 614 2367 potuit
660 2297 886 2368 Sergius
917 2337 930 2356 ,
982 2297 1072 2368 qui
1121 2305 1174 2351 et
1201 2294 1508 2368 ecclesiam
1545 2292 1683 2368 hanc
1730 2305 2044 2346 sanctorum

435 2362 683 2427 Silvestri
707 2362 1078 2423 et'Martini'in
1109 2367 1386 2420 meliorem
1423 2362 1896 2432 pulchrioremque
1927 2371 2039 2417 ειδ-

437 2452 550 2498 tum
583 2456 611 2494 a
644 2438 1010 2495 fundamentis
1035 2437 1237 2503 erexit,
1269 2445 1327 2490 ut
1352 2436 1540 2490 scribit
1577 2435 1910 2488 Anastasius.

511 2515 526 2544 ⁸
566 2511 705 2565 Vidit
750 2509 1048 2576 Bitronius,
1097 2518 1153 2564 et
1198 2525 1264 2563 ex
1295 2508 1396 2561 hoc
1450 2507 1571 2561 loco
1601 2505 1892 2573 exscripsit
1923 2517 2042 2574 pag.

438 2587 568 2650 915,
594 2584 779 2637 dicens
807 2601 819 2635 :
849 2581 1076 2635 Rursum
1100 2581 1291 2635 deloco
1312 2595 1417 2632 sum
1436 2577 1714 2646 sepultura:
1739 2577 1879 2648 apud
1929 2592 2053 2629 sun-

441 2667 549 2710 ctos
573 2666 825 2726 martyres
847 2654 1182 2726 collocanda},
1217 2651 1510 2726 nisiipsum
1539 2651 1821 2726 reuerentia
1847 2653 2044 2726 abster-

439 2729 645 2787 ruisset.
677 2720 842 2780 efcstat
864 2724 1091 2796 ejusdem
1114 2722 1333 2777 Damasi
1353 2721 1608 2796 eiusmodi
1626 2720 2046 2796 inscriptionem.

441 2798 618 2854 Versu
659 2788 1085 2866 antepetinltitno
1108 2838 1121 2859 ,
1151 2811 1250 2862 pro
1276 2795 1387 2860 quis
1421 2792 1636 2866 reponit
1681 2791 1859 2866 queis,
1889 2788 1941 2866 id
1969 2798 2053 2844 est

443 2870 647 2941 quibus.
695 2861 878 2941 Est-ct
903 2868 1044 2941 aliud
1075 2861 1734 2941 epitaphiumilliusquod
1767 2861 2052 2941 habuimus

442 2932 607 3010 supra
637 2955 700 2992 ex
718 2939 937 3010 Barouii
970 2932 1265 3010 tumeIII.
1299 2934 1543 3010 Intellige
1571 2939 1671 2987 hoc
1703 2932 1821 3010 loco
1839 2933 1914 3010 de
1942 2945 2052 2986 Cte—

442 3003 674 3066 meterio
695 3008 908 3064 Callisti
938 3009 1003 3062 ad
1031 3007 1290 3062 Sanctum
1311 3003 1713 3067 Sebastianum,
1743 3003 2053 3068 ibidemque

442 3084 679 3154 positum
713 3080 880 3154 fuisse
903 3079 1192 3134 dicendum
1215 3086 1318 3143 est;
1350 3093 1472 3154 nam
1502 3086 1557 3154 e_t
1586 3075 1853 3145 superius,
1889 3083 1942 3128 et
1969 3087 2053 3154 se-

445 3146 665 3224 quentia
693 3152 801 3206 duo
826 3161 1178 3224 monumenta
1205 3166 1268 3202 ex
1297 3148 1488 3224 eodem
1522 3147 1644 3224 loco
1666 3153 1790 3224 sunt
1815 3146 2055 3224 exscrip-

444 3214 497 3279 ta
533 3241 548 3288 ;
599 3238 665 3278 ex
695 3237 800 3292 quo
828 3222 1120 3276 verisimile
1142 3229 1226 3274 est
1253 3229 1308 3274 et
1347 3217 1508 3292 istud.
1551 3217 1708 3289 Xysti
1759 3226 1934 3292 tamen
1966 3214 2009 3268 II
2036 3258 2050 3282 ,
2084 3216 2132 3279 C

449 3288 896 3364 porttilicissocii,
930 3292 999 3346 de
1029 3292 1307 3364 quibusin
1327 3288 1734 3364 epigrammate
1760 3288 1818 3364 in
1851 3301 2052 3341 caune-

448 3358 587 3421 ierio
615 3365 925 3418 Praetextati
974 3358 1162 3417 eadem
1195 3361 1278 3415 via
1310 3358 1480 3429 Appia
1508 3359 1708 3428 sepulti
1759 3358 2009 3428 leguntur
2037 3398 2051 3422 ,

449 3439 502 3491 in
538 3437 784 3490 Romano
810 3450 872 3488 ac
905 3434 1134 3490 Usnardi
1167 3431 1564 3503 Martyrologiis
1592 3471 1607 3496 ,
1639 3440 1692 3484 et
1715 3429 1878 3503 Aapud
1907 3433 2053 3482 Ana-

449 3510 674 3562 stasinm
706 3505 1219 3566 Bibliotheczirintn;
1268 3501 1408 3572 apud
1451 3517 1587 3572 quos
1631 3510 1686 3555 et
1711 3501 1908 3572 Bedant
1957 3515 2056 3555 no-

451 3580 596 3633 mina
622 3579 872 3647 leguntur
900 3577 1140 3647 ipsorum
1167 3571 1494 3647 Felicissimi
1537 3584 1590 3647 et
1617 3572 1828 3642 Agapiti
1871 3571 2055 3647 diaco-

452 3643 968 3714 norumeincenﬁi
996 3689 1010 3713 ,
1043 3656 1097 3700 et
1121 3646 1381 3716 Stephani
1415 3643 1893 3716 subdiaconoruut.
1925 3643 2056 3697 Item

453 3730 508 3775 et
533 3721 721 3776 beatus
749 3722 982 3786 Quartus
1008 3759 1021 3782 ,
1045 3733 1111 3772 ex
1137 3719 1196 3773 S.
1223 3714 1477 3787 Cypriani
1506 3715 1772 3787 relatione
1791 3714 2057 3787 Martyro-j

453 3793 560 3862 log.
591 3807 654 3846 ac
684 3784 798 3861 ipse
827 3792 989 3846 etiam
1020 3784 1642 3862 Xystnsin'cusmeterio
1663 3786 1892 3862 Callisti,
1917 3784 2057 3853 apud

454 3856 718 3918 eu'mdem'
737 3856 1086 3916 Anastasiqu
1105 3860 1586 3915 Bibliothecarium
1611 3898 1627 3922 ,
1654 3865 1710 3910 et
1732 3856 2055 3919 Romanum,

453 3950 520 3988 ac
560 3933 719 3987 Bedre
749 3973 765 3997 ,
816 3943 865 3985 et
910 3932 1117 3986 Adonis
1164 3930 1629 3998 Martyrologium.
1675 3927 2058 3998 Coenteterium

455 4011 635 4057 autem
668 3995 980 4056 Praetextati
1009 3995 1320 4069 cuntignum
1343 4039 1358 4062 ,
1407 3995 1588 4063 et'par
1615 3997 1912 4069 emittetcrii
1939 3995 2063 4049 Cal-

455 4073 568 4128 listi
595 4073 712 4139 luit,
742 4072 886 4139 quod
913 4072 1048 4126 bene
1072 4066 1310 4124 aflii'inat
1335 4077 1390 4122 et
1409 4069 1622 4122 illorunt
1647 4083 1846 4139 gnarus
1873 4066 2062 4121 Bosius

458 4145 512 4199 in
540 4143 682 4198 notis
713 4138 779 4197 ad
807 4142 865 4197 S.
897 4139 1130 4196 Caeciliae
1168 4142 1476 4208 passionem
1505 4179 1519 4201 ,
1569 4148 1625 4192 et
1673 4138 1955 4191 Parvinius
1995 4139 2062 4192 de

458 4215 794 4270 cmineteriis
822 4213 938 4266 haec
967 4213 1158 4266 habet:
1189 4209 1542 4265 Cremeterium
1573 4210 1634 4266 S.
1668 4208 1884 4263 Damasi
1913 4225 2064 4276 papa:

459 4287 593 4340 inter
647 4286 755 4352 vias
786 4285 1121 4339 Ardeatinam
1186 4281 1526 4353 etwAppiam.
1581 4281 1655 4353 De
1695 4295 1801 4348 quo
1848 4279 2062 4334 Damasi

461 4351 781 4412 coemeterio
807 4398 821 4421 ,
850 4356 903 4410 in
948 4355 1157 4410 Joanne
1189 4352 1280 4408 VII
1332 4351 1463 4422 papa
1491 4351 1681 4408 scribit
1713 4352 2060 4406 Anastasius:

460 4427 737 4483 Laboravit
771 4435 956 4482 autent
983 4437 1028 4479 et
1069 4428 1122 4480 in
1156 4426 1454 4479 ccemeteriis
1492 4423 1759 4478 beatorum
1779 4433 2064 4494 martyrum

461 4499 761 4554 Marcellini
811 4510 858 4553 et
910 4498 1080 4552 Marci
1110 4538 1124 4559 .
1178 4494 1496 4559 Damasique
1547 4495 1710 4550 sancti
1765 4492 2060 4563 Pontiﬁcis.

462 4570 617 4639 Quod
650 4573 694 4625 si
728 4570 869 4626 idem
905 4585 1010 4624 non
1039 4577 1124 4624 est
1162 4583 1284 4623 cum
1317 4568 1520 4623 Callisti
1548 4567 1865 4639 eteineterjo
1890 4605 1904 4630 ,
1962 4566 2066 4639 erit

463 4635 774 4710 contiguum
798 4683 813 4706 ,
841 4650 898 4698 et
927 4655 1050 4710 pars
1072 4641 1236 4695 etiam
1267 4639 1413 4693 illius
1435 4683 1451 4706 ,
1501 4654 1626 4710 nam
1653 4647 1706 4691 et
1735 4635 2062 4710 Athanasius

463 4707 653 4766 scribit
679 4714 747 4766 de
772 4707 1000 4766 Damaso
1022 4755 1037 4778 ,
1073 4720 1132 4765 ut
1162 4713 1213 4764 in
1245 4709 1513 4778 superiori
1539 4711 1717 4778 etiam
1736 4707 2021 4762 retulimus
2048 4724 2060 4760 :

468 4779 572 4835 Hic
603 4783 722 4849 fecit
757 4785 889 4836 duas
927 4777 1164 4836 basilicas
1191 4777 1379 4839 unam.
1411 4788 1516 4834 ctc.
1548 4796 1562 4843 ;
1589 4789 1637 4832 et
1667 4777 1827 4831 aliam
1853 4779 1934 4831 via
1953 4779 2058 4849 Ar-

467 4853 675 4908 deatina
704 4854 788 4907 ubi
817 4853 1084 4922 requiescit
1110 4854 1164 4906 in
1188 4849 1534 4907 Catacumbis.
1585 4849 1652 4905 Et
1682 4850 1838 4920 paulo
1881 4848 2022 4904 infra
2048 4867 2058 4902 :

541 4999 567 5026 ει
596 4986 781 5058 Lapis,
809 4986 953 5040 abiit.

539 5082 567 5122 δ
599 5081 925 5139 Muratorius
949 5087 1068 5148 post
1098 5077 1206 5133 l‘ata
1232 5077 1429 5148 quibus
1458 5093 1628 5144 nuper
1653 5077 1838 5136 cessit.
1869 5091 2059 5148 superg

471 5165 621 5222 stes,
650 5155 816 5210 Thes.
843 5147 1092 5218 Inscript.
1124 5147 1373 5222 tom.’_IV,
1405 5149 1440 5201 t.
1465 5148 1625 5222 1999,
1663 5149 1715 5201 in
1745 5148 1963 5202 schedis
1990 5147 2057 5201 ad

468 5243 530 5296 se
551 5219 730 5281 missis
749 5221 1231 5296 scriptumrreperit
1241 5219 1494 5285 clamans,
1513 5221 1660 5274 nullo
1683 5227 1861 5273 tamen
1896 5232 2058 5273 sensu

469 5313 534 5352 ac.
563 5303 894 5368 repugnante
921 5295 1235 5364 archetypo.

551 5423 572 5449 ε
606 5411 766 5468 Vides
803 5412 962 5481 igitur
1011 5407 1389 5481 Sixtumgalios’
1418 5404 1674 5481 habuisse
1702 5403 1943 5474 martyrii
1973 5419 2063 5458 so-

473 5485 589 5536 cios
609 5523 623 5546 ,
656 5498 750 5537 eos
779 5479 1018 5549 scilicet,
1041 5495 1177 5546 quos
1209 5479 1522 5534 Pontilicale
1563 5486 1861 5549 memorat;
1894 5489 2066 5549 eaque

473 5551 544 5606 de
576 5545 633 5605 re
677 5554 948 5607 immerito
997 5545 1272 5607 dubitasse
1312 5550 1633 5606 Ruinartum
1675 5549 1728 5604 in
1759 5545 1958 5602 Monito
1997 5546 2065 5602 ad

477 5620 787 5691 Martyrium
816 5622 876 5676 S.
909 5622 1191 5678 Laurentii.

549 5735 573 5774 "
606 5735 750 5806 θίιί»
781 5736 871 5806 ιιιιὶ
901 5747 1045 5804 sunt,
1076 5737 1147 5795 de
1175 5737 1390 5796 Damus.
1417 5718 1777 5800 Carminibus.

1638 232 1893 296 SANC'I'I'
1927 237 2185 296 DAMASI
2223 239 2430 297 ΡΑΡΕ

2069 1834 2118 1895 Β

2094 4608 2142 4668 ι)

3603 242 3712 298 408

2033 375 2090 437 Α
2109 355 2380 414 Sublimes
2401 357 2608 414 animas
2635 356 2816 428 rapuit
2843 356 2947 413 sibi
2975 356 3121 428 regia
3152 355 3300 418 eteli.

2120 464 2141 490 ο
2174 451 2270 508 llic
2291 452 2518 509 comites
2548 451 2704 524 Xysti
2733 461 2947 524 portant
2968 450 3061 522 qui
3089 465 3156 506 ex
3189 448 3349 506 hoste
3381 459 3594 521 tropaea,
3689 479 3693 482 -

2116 546 2137 576 ²
2169 545 2269 600 llic
2296 559 2552 600 numerus
2572 543 2599 581 ά
2628 559 2911 615 procerum
2934 550 3112 600 servat
3133 543 3225 611 qui
3258 541 3450 598 altaria
3466 538 3683 610 Christi,

2117 637 2215 694 Hic
2248 639 2458 708 positus
2486 639 2645 709 longa
2677 638 2815 693 vixit
2841 636 2932 708 qui
2956 637 3010 692 in
3036 649 3166 705 pace
3196 633 3508 702 Sacerdos;

2121 731 2218 788 l-lic
2246 733 2589 788 confessores
2609 733 2804 799 sancti,
2839 745 2974 802 quos
3004 729 3214 786 Graecia
3243 729 3390 787 misit
3419 747 3434 792 ;

2119 825 2218 883 Hic
2241 826 2492 896 juvenes,
2524 825 2809 896 puerique,
2843 839 3024 890 senes,
3056 823 3298 894 castique
3329 831 3580 894 nepotes,

2127 917 2263 986 Quis
2289 932 2444 989 mage
2469 917 2770 990 virgineum
2804 917 3000 988 placuit
3029 918 3268 972 retinere
3295 916 3579 987 pudorem.

2129 1011 2229 1066 Hic
2255 1009 2431 1066 fateor
2453 1011 2722 1087 Damasus
2747 1021 2770 1048 ο
2797 1012 2941 1066 volui
2967 1026 3082 1066 mea
3109 1009 3345 1066 condere
3373 1010 3639 1075 membra,

2132 1103 2239 1162 Sed
2267 1105 2482 1161 cineres
2505 1105 2660 1160 timui
2684 1113 2904 1160 sanctos
2929 1103 2947 1142 ί
2977 1118 3175 1160 vexare
3203 1098 3436 1174 piarum.

2649 1239 2936 1297 CARMEN
2962 1238 3210 1300 XXXIV.

2204 1357 2225 1388 ³
2255 1355 2600 1427 Epitaphium
2629 1373 2782 1428 papa:
2812 1355 3031 1409 Damasi
3061 1355 3201 1425 quod
3229 1353 3324 1410 sibi
3347 1353 3510 1408 edidit
3539 1353 3670 1426 ipse.

2134 1473 2236 1541 Qui
2269 1471 2519 1543 gradiens
2544 1473 2717 1543 pelagi
2744 1472 2938 1528 ﬂuctus
2969 1472 3296 1542 compressit
3318 1485 3555 1538 amaros,

2133 1564 2329 1621 Vivere
2351 1566 2442 1636 qui
2463 1573 2680 1636 praestet
2706 1575 2731 1613 ε
2760 1564 3048 1622 morientia
3079 1565 3289 1621 semina
3317 1572 3497 1631 terrae,

2150 1723 2254 1794 Qui
2296 1725 2528 1794 sepultus
2559 1733 2632 1780 est
2656 1726 2738 1779 via
2765 1726 3042 1780 Ardeatina
3080 1727 3134 1780 in
3173 1727 3388 1782 basilica
3413 1743 3508 1782 sua
3556 1742 3610 1781 nt
3651 1725 3742 1782 Id.

2146 1793 2461 1867 Decembris,
2479 1795 2635 1866 juxta
2656 1805 2871 1852 matrem
2897 1815 3044 1852 suam
3064 1807 3109 1852 et
3160 1815 3478 1867 germanam.
3512 1797 3580 1852 Et
3605 1798 3748 1854 Beda

2144 1866 2212 1922 de
2245 1869 2576 1941 temporibus
2602 1868 2814 1941 iisdem
2848 1869 3069 1941 verbi_s:
3121 1866 3600 1941 Damasusillomte
3640 1871 3752 1941 epi-

2144 1954 2332 2013 scopus
2357 1938 2489 2013 fecit
2502 1937 2768 2013 basilicam
2795 1943 2952 2013 juxta
2976 1938 3255 1995 Theatrum
3285 1941 3346 1997 S.
3379 1937 3679 2006 Laurentio,
3699 1951 3753 1995 et

2144 2007 2303 2063 aliam
2337 2007 2399 2084 in
2448 2007 2832 2084 Catgcuiiibis,_
2863 2012 2950 2065 ubi
2979 2014 3263 2084 jacuerunt
3307 2027 3527 2082 corpora
3573 2022 3752 2066 sancta

2144 2081 2498 2151 apostolorum
2540 2080 2686 2135 Petri
2713 2092 2759 2136 et
2793 2080 3113 2150 Paulifetc.
3165 2084 3229 2138 Et
3260 2085 3377 2138 Ado
3400 2080 3454 2138 in
3481 2084 3754 2138 Chronico

2146 2152 2336 2206 eadem
2383 2151 2451 2206 ad
2478 2154 2701 2207 verbum
2731 2170 2850 2222 qua:
2881 2154 3017 2209 Beda
3046 2197 3061 2221 ,
3093 2164 3149 2209 et
3175 2155 3288 2209 alii.
3341 2155 3490 2210 Facit
3539 2155 3604 2209 ad
3645 2170 3704 2210 ea
3738 2196 3754 2220 ,

2145 2237 2266 2347 ante
2291 2223 2550 2278 Damasus
2582 2222 2636 2276 in
2661 2223 2769 2280 [ine
2790 2224 3193 2295 epigrammatis
3219 2227 3370 2289 dixit,
3399 2227 3503 2297 leg.
3533 2225 3589 2290 2,
3613 2225 3752 2280 Cod.

2187 2310 2216 2347 e
2243 2295 2612 2347 Sacrosanctis
2645 2295 2904 2347 Ecclesiis
2928 2315 2940 2347 :
2972 2297 3264 2347 Imperator
3290 2296 3571 2347 Gratianus
3589 2339 3602 2347 .
3647 2297 3752 2347 Va-

2187 2310 2216 2347 e
2243 2295 2622 2369 Sacrosanctis
2645 2295 2940 2351 Ecclesiis:
2972 2297 3264 2369 Imperator
3290 2295 3602 2369 Gratianus,
3647 2297 3754 2369 Ya-

2150 2367 2465 2422 lentinianus
2481 2377 2528 2420 et
2555 2365 2881 2422 Theodosius
2899 2365 3089 2435 ΑΑΑΣ,
3118 2369 3403 2423 Pancratio
3437 2368 3505 2422 Ρ.
3539 2367 3600 2423 γ.
3637 2368 3751 2423 Ne-

2148 2455 2231 2512 mo
2251 2439 2621 2512 apostolorum,
2653 2441 2732 2492 vel
2765 2455 3050 2512 martyrum
3103 2443 3273 2495 sedent
3300 2442 3754 2512 humanisicorpo-

2150 2511 2291 2564 ribus
2318 2511 2569 2564 existimet
2591 2528 2696 2566 esse
2725 2511 3035 2566 concessum.
3072 2513 3134 2567 Et
3166 2511 3505 2569 postmodum
3529 2511 3757 2565 Carolus

2151 2580 2445 2654 imperator
2473 2585 2695 2652 Magnus
2721 2583 2774 2637 in
2805 2583 3101 2654 Capitular.
3149 2583 3390 2637 Francia:
3416 2583 3491 2636 lib
3520 2599 3537 2636 ι
3565 2624 3579 2646 ,
3602 2598 3753 2637 ηιιηι.

2155 2653 2292 2720 159,
2322 2653 2388 2706 de
2412 2653 2702 2724 Sepultura
2734 2655 2823 2709 ubi
2848 2653 2952 2709 nOn
2985 2655 3077 2708 ﬁat
3108 2659 3306 2716 sanxit,
3336 2665 3387 2708 ut
3408 2654 3581 2708 nullus
3611 2654 3758 2709 dein-

2152 2739 2270 2793 ceps
2294 2725 2350 2777 in
2380 2726 2595 2780 ecelesia
2626 2737 2884 2780 mortuum
2911 2727 3144 2797 sepeliet.
3195 2726 3352 2780 Certe
3397 2726 3466 2780 ob
3502 2725 3759 2780 Ecclesia:

2153 2799 2586 2858 venerationem,
2612 2813 2735 2851 nam
2767 2800 2820 2852 in
2843 2799 3059 2853 concilii
3090 2797 3398 2852 Tibnrcien.
3429 2811 3636 2851 canone
3662 2797 3756 2862 Π,

2154 2866 2422 2922 habetur:
2470 2867 2666 2923 Nullus
2691 2869 2852 2940 laicus
2891 2871 2944 2923 in
2982 2869 3211 2924 Ecclesia
3237 2867 3485 2940 sepelitur
3511 2909 3524 2932 ,
3564 2869 3761 2940 nisiiin

2153 2941 2409 3012 coinmuni
2431 2943 2736 3012 caemeterio.
2791 2938 3025 3012 Corpora
3056 2950 3224 2994 tamen
3256 2938 3544 3009 antiquitus
3573 2943 3627 2993 in
3658 2939 3761 2993 Ec-

2155 3010 2315 3084 clesia
2343 3011 2544 3078 sepulta
2572 3010 2905 3082 nequaquam
2928 3013 3272 3084 projiciantur
3296 3054 3309 3078 ,
3343 3012 3433 3066 sed
3473 3013 3760 3084 pavimento

2156 3080 2376 3155 desuper
2405 3086 2565 3151 facta.
2592 3080 2736 3137 nullo
2751 3080 3072 3138 tumulorum
3100 3083 3308 3155 vestigio
3329 3080 3628 3155 apparente,
3659 3080 3763 3136 Ec—

2159 3151 2332 3206 clesia:
2362 3155 2647 3208 reverentia
2677 3165 3020 3210 conservetur.

2235 3225 2254 3254 ³
2287 3223 2380 3278 Sic
2403 3236 2566 3294 supra
2602 3243 2614 3279 :

2284 3325 2589 3390 Gorgonium
2616 3329 2801 3379 retinet
2825 3335 2992 3379 servat
3014 3330 3097 3392 qui
3121 3327 3292 3378 altaria
3313 3327 3510 3380 Christi.

2232 3429 2716 3504 {Baronitts;_Ad
2765 3442 3077 3503 postremum
3117 3441 3286 3487 autent
3333 3433 3416 3504 hic
3462 3431 3762 3504 subjicimus

2303 3505 2535 3576 ejusdem
2582 3500 2798 3558 Damasi
2853 3503 3211 3576 epitaphium,
3257 3503 3396 3574 quod
3439 3500 3561 3575 ipse
3595 3507 3762 3557 vivens

2160 3571 2259 3627 sibi
2296 3571 2601 3645 conscripsit
2623 3617 2635 3638 ,
2668 3576 2812 3646 pium
2847 3571 3030 3641 valde;
3071 3571 3338 3646 acceptum
3381 3571 3469 3629 est‘
3497 3576 3664 3644 ipsum
3699 3589 3764 3628 ea:

2163 3654 2449 3713 pervetusto
2499 3645 2676 3699 codice
2730 3646 3049 3700 bibliotheca:
3097 3645 3384 3701 Treverica:
3427 3646 3657 3700 ecclesiae
3698 3648 3758 3700 S.

2163 3712 2347 3787 Petri;
2394 3717 2661 3787 egcscripsit
2708 3718 2843 3772 illud
2884 3717 3290 3787 Christophorus
3333 3715 3626 3777 Broverus",
3660 3715 3764 3787 So-

2163 3785 2361 3858 cieﬁtatis
2399 3785 2526 3858 Jesu
2558 3788 2839 3858 professor.
2871 3785 3234 3843 Rontam‘vero
3273 3789 3340 3844 ad
3368 3805 3460 3842 nos
3488 3789 3624 3842 misit
3665 3785 3764 3840 Ni-

2164 3857 2368 3931 colaus_
2385 3857 2689 3931 Seri'urius',
2729 3860 2959 3931 ejusdem
2998 3861 3274 3915 Societatis
3305 3863 3585 3931 professor.
3617 3857 3754 3914 Vide

2166 3926 2303 4001 intra
2337 3928 2394 3983 S.
2439 3929 2652 3984 Damasi
2691 3926 3025 4000 epigramma
3053 3933 3119 3985 dc
3163 3948 3260 3984 suo
3301 3926 3555 4001 Sepulcro
3593 3931 3764 3984 collo-

2165 3999 2338 4080 cando
2385 3999 2839 4080 ex_antiquarttm
2895 4002 3313 4080 Inscriptiunetn
3358 3999 3537 4068 libro,
3588 4016 3653 4056 ac
3697 4016 3765 4080 ex

2168 4072 2358 4138 pagina
2395 4072 2567 4138 H72,
2604 4089 2752 4127 ιιιιιιι.
2781 4075 2843 4127 11
2866 4115 2881 4138 ,
2915 4090 2943 4128 a
2973 4075 3204 4129 Barouio
3244 4075 3405 4128 etiam
3438 4084 3676 4127 notatum
3709 4073 3762 4125 in

2166 4141 2481 4209 Appendice
2517 4160 2594 4198 xtl
2623 4145 2817 4198 Annal.
2854 4153 3022 4201 tomo.
3057 4145 3136 4201 Ex
3165 4145 3386 4200 basilica
3416 4160 3542 4199 vero
3571 4145 3632 4200 S.
3665 4143 3765 4200 Se-

2168 4210 2397 4288 bastiani
2426 4218 2755 4288 esscriptum
2792 4217 2956 4272 fuisse
2998 4219 3099 4272 hoc
3127 4217 3458 4287 epigramma
3495 4217 3642 4271 credi
3673 4231 3767 4283 po-

2170 4291 2307 4358 test;
2334 4286 2421 4340 ubi
2471 4286 2529 4342 S.
2565 4286 2853 4342 Damasum
2899 4288 3167 4358 sepnlnnu
3199 4286 3265 4343 ex
3309 4288 3491 4354 Beda,
3542 4293 3770 4358 Anasta-

2168 4355 2250 4429 _sio
2291 4357 2516 4427 aliisque
2570 4359 2704 4413 inl‘ra
2734 4355 3000 4413 dicemus.
3033 4359 3291 4429 Corporis
3312 4370 3488 4412 autem
3521 4357 3766 4427 reliquite

2171 4425 2468 4507 beatissimi
2511 4430 2965 4507 hujuspontilicis
2987 4472 3012 4507 ,_
3045 4431 3097 4485 in
3132 4425 3406 4487 basilicam
3435 4429 3492 4507 _S.
3523 4425 3768 4507 Lauren-

2174 4497 2336 4580 tii.ab
2382 4502 2499 4580 ipso
2543 4497 2814 4580 conditam
2849 4503 3122 4580 translata:
3165 4514 3284 4572 post
3308 4501 3544 4580 _m_od_un_t
3575 4543 3590 4566 ,
3622 4501 3766 4580 anti-

2171 4571 2292 4637 quis
2327 4571 2489 4625 etiain
2547 4573 2880 4639 temporibus
2924 4572 3108 4638 fuere,
3156 4571 3278 4628 nam
3308 4573 3770 4628 Bibliothecarius

2167 4643 2484 4698 Anastasius
2521 4644 2708 4698 scribit
2738 4642 2804 4715 de
2832 4644 2888 4700 S.
2923 4644 3195 4699 Hadriano
3236 4655 3371 4715 papa
3403 4642 3461 4699 I:
3488 4642 3770 4698 Renovavit

2168 4719 2354 4785 tectum
2397 4716 2622 4770 basilicae
2657 4715 2718 4770 S.
2759 4713 3063 4781 Laurentii,
3100 4713 3254 4785 quam
3304 4713 3514 4769 Damasi
3544 4723 3726 4769 vocant
3751 4757 3766 4776 ,

2172 4783 2258 4835 ubi
2286 4793 2333 4837 et
2363 4797 2548 4860 vestem
2572 4804 2725 4856 super
2753 4790 2865 4860 ejus
2891 4788 3056 4860 altare
3077 4783 3567 4860 destauracimisic)
3584 4784 3768 4860 simul-

2172 4868 2270 4924 que
2300 4864 2348 4909 et
2381 4856 2541 4910 aliaat
2562 4867 2743 4913 vestem
2765 4856 2828 4914 de
2849 4870 2965 4930 post
2985 4859 3151 4913 altare
3172 4860 3290 4932 fecit
3311 4901 3325 4924 ,
3366 4856 3458 4913 ubi
3492 4856 3765 4930 requiescit

2245 4993 2408 5068 {Hoc
2434 5006 2561 5068 erat
2585 4996 2881 5068 antiquitus
2907 4998 2960 5051 in
2989 4997 3421 5052 Christianorum
3445 4997 3604 5051 votis.
3634 4995 3759 5053 Vid.

2170 5061 2405 5140 Boldett.
2433 5066 2526 5140 lib.
2559 5084 2610 5135 I,
2642 5061 2763 5140 cap.
2791 5067 2879 5134 i4,
2902 5067 3087 5124 adnot.
3122 5070 3250 5134 559,
3274 5069 3341 5125 ad
3371 5069 3581 5124 Paulin.
3606 5081 3763 5138 Oper.

2165 5133 2366 5192 Veron.
2389 5138 2518 5192 edit.

2249 5250 2450 5324 ‘_Hinc_
2468 5251 2635 5308 videri
2679 5261 2855 5324 potest
2903 5255 3005 5311 hoc
3050 5271 3269 5312 carmen
3297 5272 3326 5310 ει
3361 5256 3591 5311 Damaso
3613 5269 3764 5310 com-

2175 5322 2416 5398 posigunr
2433 5322 2544 5392 jam
2569 5322 2691 5398 fere
2707 5328 3072 5398 octogenario,
3101 5337 3221 5397 post
3249 5327 3421 5398 legem
3461 5327 3670 5398 scilicet
3698 5326 3768 5391 2,

2168 5390 2230 5475 (ξ.
2275 5390 2537 5475 .de‘Sacr.
2581 5395 2750 5475 Ecc_l.,
2786 5390 3485 5475 Giatiano,:Valentiniano
3513 5407 3567 5454 et
3593 5390 3771 5453 Theo?

2170 5462 2323 5520 dosio
2349 5463 2512 5521 AAA.
2550 5469 2893 5538 publicatam.
2919 5462 3262 5527 Videaraz.
3291 5469 3479 5525 adnot.

2243 5593 2265 5630 κ
2308 5582 2418 5638 Hac
2439 5583 2628 5640 eadem
2661 5585 3065 5655 comparatione
3098 5586 3266 5640 utitur
3296 5585 3556 5640 Prudent.
3587 5591 3765 5655 contr.

2175 5654 2489 5736 §yunnach.
2511 5655 2614 5736 lib.
2641 5672 2700 5721 ιι,
2726 5654 2871 5710 vers.
2895 5657 3002 5714 506
3028 5669 3080 5714 et
3107 5671 3259 5730 seqq.
3284 5657 3498 5714 Paulin.
3525 5657 3593 5714 de
3619 5654 3765 5710 Obit.

2175 5723 2318 5782 Celsi
2339 5741 2480 5783 vers.
2505 5724 2615 5782 245
2630 5738 2686 5786 et
2709 5743 2859 5798 seqq.
