4200 6178
367 281 475 339 409

364 377 589 434 Solvere
612 385 637 414 ι
668 377 759 449 qui
787 378 962 450 potuit
981 377 1186 437 Lazaro
1209 378 1236 418 ι)
1266 394 1361 436 sua
1388 383 1626 453 vincula,
1649 389 1841 445 mortis

362 470 496 528 Post
524 472 798 542 tenebras,
829 474 1046 529 tratrem
1081 486 1201 545 post
1230 478 1386 533 tertia
1412 478 1617 536 lumina
1646 484 1777 541 solis

360 565 445 621 Ad
466 580 694 638 superos
718 567 911 623 iterum
943 580 964 605 ο
997 569 1179 625 Maria:
1208 569 1412 627 donare
1442 575 1650 641 sorori,

360 658 492 715 Post
516 661 727 717 cineres
748 661 1030 716 Damasum
1056 663 1214 719 faciet
1235 666 1359 735 quia
1384 682 1609 739 surgere
1630 669 1815 725 credo.

886 754 1173 811 CARMEN
1213 756 1434 813 XXXV.

362 848 385 879 ⁸
409 847 490 903 De
509 850 699 918 templo
729 850 893 904 sancti
915 849 1192 906 Laurentii
1214 852 1277 905 Α.
1305 852 1367 908 S.
1400 852 1624 910 Damaso
1651 858 1955 914 instaurata.

438 943 549 999 Hac
577 943 758 1007 Pater.
793 940 819 980 ά
847 954 1137 1015 exceptor,
1168 945 1368 1014 lector,
1400 946 1599 1014 levita,
1632 951 1888 1007 sacerdos

360 1067 551 1127 corpus
603 1050 663 1106 S.
697 1050 933 1105 Damasi.
967 1051 1093 1127 Haec
1119 1052 1471 1127 Anastasius.
1511 1054 1694 1127 Itaque
1737 1059 1847 1114 illic
1870 1076 1955 1115 re-

361 1122 673 1191 periebatur
697 1137 726 1175 a
757 1125 1092 1191 temporibus
1119 1123 1405 1189 Hadriani,
1440 1126 1529 1191 qui
1562 1122 1702 1184 sedit
1723 1130 1791 1185 ab
1814 1148 1956 1187 anno

360 1193 1185 1270 Christiu‘i'l?,_vel_Atetnpore
1228 1197 1394 1265 ipsius
1440 1193 1733 1255 Anastasii.
1784 1200 1955 1270 Caput

362 1280 492 1319 vero
520 1265 665 1319 illius
696 1267 750 1319 in
779 1265 999 1321 basilica
1028 1265 1282 1321 Vaticana
1306 1280 1573 1327 servatur.
1605 1271 1795 1327 Testes
1824 1265 1955 1329 Pan-

360 1336 592 1413 vinius,_
632 1337 933 1413 Serranus},
969 1337 1237 1413 Ugonius,
1273 1349 1327 1393 et
1364 1352 1490 1395 ante
1532 1342 1679 1412 ipsos
1712 1344 1956 1413 Signori—

363 1408 594 1483 l_i_s,_qui
632 1408 743 1483 jam
789 1419 916 1483 ante
958 1424 1131 1483 annos
1172 1410 1435 1465 ducentos
1477 1408 1659 1467 sacras
1705 1408 1960 1483 reliquias

362 1478 523 1553 Qrbis
556 1479 743 1553 retulit
760 1480 970 1553 ,Wcujus
1014 1480 1148 1553 liber
1180 1484 1589 1553 manuscriptus
1632 1478 1859 1543 habetur
1906 1492 1957 1544 in

364 1550 625 1627 Vaticana
677 1550 1631 1627 bibliotheca._Q_uod_venerandum
1665 1568 1827 1625 caput
1866 1576 1959 1627 po-

365 1623 490 1693 pulo
518 1624 836 1677 soletnuitcr
866 1623 996 1678 feria
1038 1624 1072 1676 2
1098 1623 1317 1679 Pascha:
1348 1627 1653 1681 ostenditur
1689 1623 1810 1683 cum
1839 1623 1958 1687 aliis

1833 289 2133 348 CARMINA
2147 332 2158 345 .

3557 298 3661 354 HO

1989 385 2042 446 Α
2068 384 2329 443 Creverat
2362 386 2487 444 hinc
2516 386 2745 453 meritis,
2778 398 2801 424 ο
2847 388 3099 460 quoniam
3140 386 3457 444 melioribus
3485 388 3657 445 actis:

2068 477 2205 535 Hinc
2235 480 2366 535 mihi
2397 490 2652 552 provecto
2673 480 2920 539 Christus
2959 482 3045 537 cui
3074 496 3282 537 summa
3311 491 3550 553 potestas

2066 568 2225 627 Sedis
2255 573 2566 643 aposmlieaz
2599 573 2767 631 voluit
2796 574 3101 631 concedere
3127 573 3409 631 honorem.

2066 664 2085 695 ⁸
2132 662 2151 701 τ
2192 666 2441 721 Archibis
2469 667 2639 723 fateor
2668 669 2812 724 volui
2838 684 2975 723 nova
3004 668 3243 725 condere
3274 677 3438 733 tecta,

2065 758 2282 815 Addere
2310 770 2573 830 prieterea
2605 763 2791 819 dextra
2809 765 3051 835 ltevaque
3080 774 3105 812 κ
3135 765 3441 831 columnas,

2064 850 2195 919 Quae
2226 852 2437 908 Damasi
2466 862 2681 911 teneant
2705 856 2982 927 proprium
3014 871 3112 927 per
3137 857 3335 912 saecula
3363 871 3583 914 nomen.

2063 1055 2249 1109 rabilia
2279 1057 2958 1134 vasa_servan_t_ur._Pr:eter
2987 1058 3090 1115 hoc
3133 1069 3190 1117 et
3233 1062 3342 1117 duo
3386 1062 3487 1118 alia
3540 1080 3659 1134 qua:

2062 1140 2360 1204 sequuntur
2388 1127 2455 1183 de
2486 1128 2706 1204 basilica
2732 1129 2912 1204 Sancti
2939 1131 3214 1204 Laurentii
3242 1127 3622 1204 epigrammata
3642 1177 3657 1202 ,

2063 1198 2231 1252 habes
2277 1198 2415 1253 inl'ra
2464 1200 2607 1253 aliud
2658 1200 2902 1269 ejusdem
2937 1203 3175 1257 Damasi.
3221 1198 3299 1259 De
3332 1198 3405 1261 ca
3436 1198 3663 1262 Anasta;

2062 1269 2176 1343 sius
2223 1270 2665 1343 Bibliothecarius
2694 1290 2709 1327 :
2745 1271 2842 1343 Hic
2874 1275 2994 1343 fecit
3027 1274 3264 1329 basilicas
3294 1278 3425 1331 duas
3449 1319 3463 1341 ,
3506 1295 3663 1333 unam

2052 1340 2216 1411 juxta
2244 1340 2522 1395 Theatrum
2551 1356 2728 1395 sancto
2760 1340 3038 1399 Laurentio
3060 1387 3075 1408 ,
3106 1356 3153 1399 et
3191 1348 3406 1402 alteram
3449 1340 3531 1403 via
3559 1350 3659 1404 Ar-

2062 1413 2270 1466 deatino
2294 1455 2309 1477 ,
2339 1414 2427 1467 ubi
2461 1415 2724 1480 requiescit
2754 1415 2807 1467 in
2834 1412 3162 1472 Catacuntbis
3182 1460 3195 1480 ,
3230 1429 3333 1473 etc.
3372 1420 3436 1474 Et
3477 1420 3614 1474 infra
3643 1441 3657 1477 :
3692 1418 3699 1433 ³

2063 1482 2165 1537 Hic
2190 1486 2453 1559 constituit
2486 1484 2690 1559 titulum
2718 1485 2769 1538 in
2794 1486 2916 1559 urbe
2944 1488 3113 1541 Roma
3137 1489 3330 1543 scilicet
3359 1492 3652 1559 basilicam,

2060 1571 2215 1623 quam
2259 1556 2371 1622 ipse
2406 1557 2731 1633 construxit,
2768 1557 2852 1610 ubi
2879 1569 2926 1611 et
2955 1560 3163 1633 donavit
3191 1573 3445 1633 ipatenam
3475 1556 3661 1633 argen-

2062 1636 2194 1703 team
2223 1638 2517 1703 pensantem
2546 1627 2749 1703 libras;
2770 1640 2907 1703 etc.;
2940 1630 3142 1699 reliqua
3174 1627 3311 1685 dona
3346 1633 3493 1700 leges
3517 1627 3658 1703 a'pud

364 1692 608 1771 reliquiis
632 1736 647 1759 ,
693 1694 972 1771 brachium
1019 1698 1179 1749 etiam
1210 1696 1355 1750 illius
1395 1696 1461 1751 ad
1504 1698 1560 1752 S.
1592 1699 1812 1771 Thoma:
1856 1704 1958 1757 Pa-
1987 1692 2034 1752 B
2060 1692 2256 1771 ipsum.
2290 1698 2428 1753 Beda
2460 1698 2526 1751 de
2555 1713 2649 1753 sex
2684 1692 2957 1754 jEtatibus
2983 1743 2995 1762 ,
3023 1692 3134 1756 sive
3160 1704 3229 1758 de
3256 1692 3653 1771 Temporibus:

364 1765 532 1821 rionis
577 1767 780 1820 servari
812 1766 967 1820 docet
997 1776 1153 1820 vetns
1195 1782 1500 1822 marmorea
1544 1770 1720 1824 tabula
1746 1815 1759 1836 ,
1807 1775 1858 1827 in
1890 1792 1956 1829 eo

368 1838 485 1912 loco
510 1878 526 1904 ,
556 1837 783 1891 abanno
804 1838 1211 1912 Dominiltso,
1242 1839 1780 1912 lnttocentiollpapa:
1819 1844 1960 1899 Reli-

367 1910 494 1980 quite
523 1912 632 1984 Itth
653 1918 810 1984 sunt,
845 1908 1122 1984 Bracltium
1168 1910 1228 1964 S.
1266 1909 1483 1984 Damasi
1514 1908 1710 1984 paptc,
1740 1926 1873 1982 etc.,
1905 1931 1957 1971 ct

367 1984 429 2033 tle
475 1980 717 2048 reliquiis
770 1981 940 2049 ipsius
988 1980 1253 2035 habentur
1304 1983 1355 2036 in
1404 1980 1625 2038 basilica
1674 1986 1729 2040 S.
1775 1980 1957 2043 Maria:

368 2052 789 2126 Transtiberino}:
816 2094 831 2117 ,
864 2068 925 2107 ac
970 2052 1027 2107 S.
1070 2051 1252 2107 Maria:
1296 2054 1362 2107 ad
1406 2053 1702 2126 Martyres,
1738 2068 1791 2112 et
1836 2062 1957 2117 aliis

370 2122 418 2177 in
446 2124 689 2179 ecclesiis
720 2124 901 2179 Urbis.

438 2197 453 2227 ¹
484 2196 559 2251 De
610 2198 712 2251 hoc
769 2197 1011 2250 carmine
1069 2204 1125 2250 et
1160 2195 1371 2250 duobus
1403 2199 1753 2263 sequentibus
1793 2202 1956 2257 Baro-

371 2267 486 2321 nius
526 2282 644 2336 pag.
694 2268 794 2321 9H
845 2266 1176 2336 Appendicis
1222 2268 1451 2321 indicto
1492 2279 1621 2321 tom.
1652 2271 1769 2336 ΧΙΙ,
1813 2289 1955 2328 anno

368 2338 697 2415 GitrlSllADS‘
718 2360 735 2415 7:
759 2338 979 2415 Egestam
1002 2339 1171 2415 adhuc
1195 2339 1258 2393 de
1286 2340 1461 2392 eadem
1490 2339 1701 2395 basilica
1724 2347 1955 2415 ejusdem

370 2410 579 2465 Damasi
625 2412 856 2482 insignia,
900 2412 1213 2463 monimenta
1258 2427 1438 2475 nempe
1489 2416 1717 2481 antiquae
1744 2410 1953 2471 'inscri-

369 2484 557 2552 ptiones
593 2481 778 2535 ibidem
804 2481 868 2535 ab
894 2498 951 2535 eo
980 2493 1103 2535 tunc
1134 2483 1330 2550 positae,
1351 2499 1464 2550 qua’
1488 2484 1577 2536 ditt
1600 2484 1855 2540 oblivione
1875 2507 1955 2544 se-

366 2555 517 2625 pulta:
541 2555 697 2608 veluti
719 2555 1034 2625 postliminio
1048 2570 1261 2607 reversa:
1282 2557 1709 2625 sutttnrecipiant
1736 2559 1927 2615 locum.

432 2626 450 2656 ³
478 2626 733 2689 Are/libis,
754 2642 849 2695 pro
880 2624 1134 2691 Arcltivis,
1167 2642 1287 2679 nam
1312 2641 1338 2677 v
1360 2635 1412 2679 et
1434 2624 1462 2677 b
1487 2630 1684 2695 smpius
1715 2632 1853 2684 inter
1893 2648 1953 2687 se

364 2708 779 2773 commutantur.
800 2696 1056 2773 Arellium
1080 2712 1144 2751 ex
1164 2695 1357 2773 (ΣΙ-ινφ
1382 2700 1576 2750 factum
1601 2709 1682 2751 est
1704 2704 1948 2773 ἀρχεῖον,

361 2769 498 2837 qttod
558 2769 825 2839 signiﬁcat
886 2768 1192 2834 Palatium,
1250 2768 1489 2837 regiam,
1545 2768 1950 2838 magistriftumu

360 2841 503 2917 aedes
524 2883 538 2904 ,
561 2841 818 2917 judiciale
845 2841 1057 2917 lorum,
1085 2851 1247 2917 atque
1279 2840 1414 2917 inde
1434 2842 1953 2917 etiant_ebat-toplty-

359 2912 553 2987 lacium
579 2954 591 2977 ,
623 2914 973 2987 Qillaic’tpzeiat
993 2912 1169 2987 vicina
1200 2922 1327 2987 sunt
1368 2912 1952 2987 cltartopbylaciasiitt

358 2983 573 3039 illorum
610 2982 885 3038 membra;
907 2983 1202 3051 anpiantts
1230 2984 1331 3052 leg.
1362 2982 1425 3045 9,
1460 2983 1486 3053 §
1522 2986 1589 3037 de
1612 2984 1793 3039 Pennis
1821 3005 1833 3039 :
1869 2988 1951 3042 Ne

2068 1769 2323 1847 Damasus
2363 1772 2629 1847 episconus
2666 1772 3080 1847 fecit‘basilicam
3099 1777 3255 1847 juxta
3284 1769 3563 1847 Theatrum
3592 1776 3656 1832 S.

2065 1840 2458 1903 Laurentio,“
2498 1840 2671 1894 aliam
2697 1843 2747 1894 in
2779 1840 3155 1907 Catacumbas,
3199 1856 3303 1901 etc.
3355 1846 3557 1901 Eadem
3603 1858 3660 1904 et

2064 1912 2180 1966 Ado
2205 1914 2254 1967 in
2297 1912 2676 1985 ChronicotS.
2708 1912 3010 1985 Hadrianus
3058 1913 3245 1985 lpapa
3289 1918 3355 1970 ad
3401 1919 3655 1974 Carolutn

2064 2000 2243 2059 regem
2276 1984 2351 2059 de
2385 1984 2739 2059 Imaginibus;
2774 1984 2999 2059 habetur
3030 1984 3147 2059 post
3175 1990 3458 2053 septimam
3494 2005 3657 2059 syno-

2062 2056 2186 2129 dum
2215 2074 2225 2107 :
2263 2055 2392 2109 Item
2427 2056 2478 2107 in
2507 2064 2681 2129 sancto
2708 2071 2741 2108 ll
2767 2058 2986 2129 concilio
3013 2056 3072 2112 S.
3106 2056 3363 2114 Damasus
3386 2055 3658 2129 elegantis-

2059 2128 2387 2203 simusﬂpapa
2412 2127 2678 2203 propriam
2707 2144 2851 2179 suam
2876 2128 2999 2203 fecit
3024 2130 3286 2203 ecclesiam
3311 2173 3325 2193 ,
3358 2127 3511 2203 cujus
3534 2148 3656 2186 san-

2059 2207 2169 2272 ctus
2208 2197 2485 2272 Gregorius
2519 2214 2653 2272 papa
2682 2200 2906 2252 meminit
2944 2200 2997 2251 in
3029 2199 3284 2270 dialogis,
3317 2197 3430 2272 (μιτὲ
3461 2219 3523 2256 ea:
3563 2220 3655 2256 no-

2058 2270 2195 2321 mine
2231 2270 2515 2322 conditoris
2547 2268 2754 2321 Damasi
2781 2280 2991 2323 vocatur
3014 2287 3032 2323 :
3064 2268 3303 2326 similiter
3330 2268 3379 2325 'a
3421 2284 3541 2326 tunc
3570 2292 3657 2326 us-

2058 2357 2156 2414 que
2182 2341 2425 2393 hactenus
2455 2341 2683 2414 historiis
2714 2342 2949 2414 sacriset
2981 2343 3301 2414 imaginibus
3343 2346 3531 2413 pictam
3562 2336 3656 2397 Ita-

2058 2411 2249 2465 bemus.
2283 2415 2461 2466 Sancti
2508 2411 2751 2476 Gregorii
2785 2413 2836 2466 in
2880 2411 3114 2482 Dialogis
3159 2414 3272 2469 ha-c
3315 2411 3441 2469 sunt
3490 2418 3653 2470 verba

2058 2483 2150 2557 lib.
2191 2499 2274 2545 tv,
2304 2499 2424 2551 cap.
2457 2483 2518 2537 5|
2555 2502 2566 2537 :
2597 2483 2675 2536 Ad
2728 2483 3113 2557 Ecclesimn_S.
3149 2483 3419 2540 Laurentii
3462 2498 3656 2557 marty-

2056 2556 2130 2607 ris
2154 2596 2167 2619 ,
2199 2572 2315 2622 qnar
2358 2572 2419 2607 ea:
2457 2558 2659 2607 nomine
2689 2557 2965 2608 conditoris
3006 2555 3219 2609 Damasi
3264 2567 3506 2615 vocatur.
3539 2555 3648 2613 etc.

2058 2626 2133 2680 Dc
2184 2627 2451 2679 Hadriano
2502 2642 2632 2694 papa
2677 2628 2863 2681 scribit
2913 2627 3232 2681 Anastasius
3282 2628 3654 2683 Bibliotheca-

2058 2704 2167 2750 rius
2197 2716 2208 2750 :
2242 2697 2519 2753 Renovavit
2538 2702 2691 2754 etiam
2717 2710 2760 2751 et
2795 2708 2985 2751 tectum
3012 2698 3237 2753 basilica:
3268 2699 3328 2752 S.
3364 2698 3648 2762 Laurentii.

2055 2785 2208 2837 quam
2246 2768 2462 2822 Damasi
2510 2781 2685 2823 vocant
2708 2811 2723 2834 ,
2758 2770 2840 2822 ubi
2881 2780 2927 2822 et
2973 2779 3156 2827 vestem
3184 2787 3339 2839 super
3373 2771 3537 2824 altare
3590 2772 3653 2824 de

2055 2842 2468 2913 stauracim(sic)
2508 2843 2780 2904 simulque,
2799 2852 2844 2893 et
2874 2844 3031 2913 etiam
3048 2850 3230 2893 vestem
3258 2843 3320 2894 de
3346 2852 3459 2913 post
3485 2842 3650 2896 altare

2055 2914 2207 2980 fecit.
2242 2914 2327 2965 ubi
2370 2914 2635 2982 requiescit
2678 2930 2864 2978 corpus
2907 2912 2967 2966 S.
3006 2912 3238 2966 Damasi.
3274 2912 3513 2967 Titttlttm
3554 2931 3652 2966 auo

2058 2994 2162 3036 tem
2198 2984 2354 3051 huius
2385 2985 2630 3039 ecclesiae
2662 2986 2829 3039 luisse
2858 2994 2981 3037 ante
3010 2984 3376 3052 pontiﬁcatum
3409 2985 3616 3038 llatuasi
3638 3026 3652 3048 ,

356 3072 414 3109 eo
438 3055 554 3108 loco
580 3056 788 3135 sedeant
812 3096 825 3115 .
855 3072 954 3125 quo
986 3056 1036 3135 in
1064 3054 1264 3126 publico
1307 3058 1659 3135 instrumenta
1678 3059 1948 3135 depomm-
1975 3072 2018 3135 C
2057 3053 2377 3135 innuitnltoc
2419 3058 2745 3135 epigramma
2774 3098 2788 3120 ,
2830 3056 3138 3135 ips-umque
3163 3056 3447 3135 Damasum
3491 3058 3651 3135 cleri-

354 3139 441 3179 tur
465 3170 481 3188 ,
506 3128 714 3181 are/tivo
746 3124 915 3197 forte.
948 3129 1023 3180 vel
1054 3124 1606 3195 grammawphylacio.
1638 3128 1693 3182 Itt
1731 3124 1942 3185 Det-ret.

352 3200 554 3264 sarpius
585 3201 640 3252 lit
680 3198 883 3253 mentio
913 3198 981 3251 de
1020 3199 1369 3251 ecclesiarum
1413 3200 1688 3260 Archivis,
1724 3213 1771 3253 et
1809 3201 1945 3254 Bur-

352 3269 591 3341 Cll'Jl'tillS
628 3271 679 3324 in
712 3270 792 3323 tit.
824 3269 1028 3337 Quibus
1072 3268 1247 3341 modis
1291 3270 1566 3321 naturales
1604 3270 1746 3323 ellic.
1799 3273 1943 3341 legit.

355 3340 381 3412 ξ
413 3341 547 3396 Illud
582 3343 632 3395 in
669 3342 759 3395 litt.
797 3358 809 3394 :
845 3341 1090 3395 Ecclesiw
1120 3339 1383 3404 Art-tricis,
1431 3342 1525 3393 hoc
1567 3350 1638 3395 est
1682 3342 1767 3395 ubi
1805 3339 1948 3398 vene-

428 3466 453 3492 ⁸
485 3455 621 3510 Cod.
656 3457 827 3511 Vatic.
858 3457 1019 3513 1578.

481 3538 687 3589 Solvere
713 3541 796 3603 qui
824 3539 979 3601 potuit
1005 3537 1179 3599 legalis
1213 3536 1418 3587 vincula.

423 3622 453 3660 ιι
489 3623 597 3679 Hac
628 3626 787 3680 etiam
817 3639 947 3678 voce
991 3622 1355 3678 Tertullianus
1404 3622 1571 3677 utitur
1615 3624 1679 3677 de
1738 3624 1947 3683 Resnrr.

355 3708 479 3759 cap.
500 3696 605 3765 5i,
640 3707 695 3748 ut
716 3696 1136 3749 circnmvolutas
1165 3694 1365 3747 Lazaro
1394 3694 1603 3749 institas
1630 3700 1913 3765 exprimat.

430 3777 454 3804 ο
482 3764 613 3821 Cod.
650 3766 817 3821 Vatic.
850 3765 1070 3820 Martiae
1090 3809 1104 3829 ,
1137 3776 1191 3819 ut
1218 3766 1375 3819 etiam
1401 3766 1537 3833 apud
1578 3764 1946 3836 Sirntontlum,

353 3854 509 3906 oper.
541 3848 672 3891 tom.
700 3838 741 3892 ll
764 3878 777 3899 .
805 3855 855 3906 p.
882 3840 1005 3893 786.
1052 3839 1318 3892 Caeterum
1354 3836 1611 3891 Lazarum
1645 3840 1948 3895 circumvo-

354 3911 486 3963 Iutis
517 3910 713 3963 institis
744 3912 1131 3973 constrictum,
1164 3918 1325 3974 atque
1357 3924 1384 3959 a
1413 3911 1690 3963 sororibus
1738 3913 1947 3968 Martha

355 3992 410 4036 et
453 3981 615 4035 Maria
662 3982 875 4035 Christo
905 3980 1171 4035 Salvatori
1202 3981 1437 4034 oblatum
1468 3995 1612 4049 smpe
1642 3998 1946 4051 reprzesen-

356 4062 545 4105 taruut
568 4063 776 4107 veteres
796 4052 1107 4111 Christiani.
1135 4062 1225 4106 aut
1248 4052 1615 4119 sarcopltagis.
1636 4064 1725 4107 aut
1743 4069 1948 4111 cmme-

357 4124 618 4178 teriorum
689 4124 952 4193 picturis,
1030 4124 1172 4177 velut
1234 4134 1438 4176 certum
1506 4122 1699 4178 futurae
1762 4142 1943 4181 resur-

356 4196 614 4248 rectionis
645 4204 1054 4264 argumentum,
1094 4202 1151 4248 ut
1194 4194 1334 4262 apud
1366 4193 1657 4262 Aringum,
1703 4196 1943 4261 anium,

356 4266 697 4330 Boldettutn,
726 4283 786 4321 ac
809 4282 979 4335 nuper
1000 4266 1139 4335 apud
1164 4266 1233 4320 el.
1276 4265 1335 4319 Ρ.
1368 4264 1557 4317 Thom.
1590 4266 1944 4321 Mamachiutn

354 4339 609 4401 antiquit.
644 4334 934 4392 Christian.
964 4334 1094 4392 tom.
1127 4336 1175 4399 I,
1208 4354 1260 4405 p.
1294 4334 1423 4396 ΞΗ,
1454 4336 1561 4389 275
1590 4348 1643 4389 et
1672 4338 1798 4391 232.

428 4406 456 4444 ¹¹
499 4410 813 4475 Ετοθιιιοτίς
863 4410 1214 4464 ecclesiastici
1264 4407 1500 4461 ottieinm
1553 4408 1629 4459 sic
1688 4410 1948 4465 describit

356 4480 637 4536 Elln‘tdills
680 4482 730 4534 in
778 4480 895 4535 Vita
945 4480 1230 4546 Epiphanii
1277 4478 1583 4551 'l‘icineusis
1613 4495 1632 4532 :
1682 4480 1943 4551 Attnot'ttrtt
1975 4491 2028 4551 D

354 4556 517 4622 ferme
555 4562 665 4605 octo
712 4551 913 4606 lectoris
941 4553 1165 4623 suscepit
1211 4550 1429 4623 officiunt
1462 4587 1475 4601 .
1505 4590 1517 4603 .
1549 4591 1560 4602 .
1592 4591 1603 4601 .
1634 4591 1645 4602 .
1674 4589 1688 4623 .
1718 4593 1729 4604 .
1778 4550 1947 4604 Nota-

354 4625 489 4676 rium
520 4624 571 4675 in
613 4622 877 4677 scribendo
907 4622 1207 4694 compendia
1228 4664 1244 4694 ,
1274 4630 1319 4674 et
1358 4622 1552 4694 ﬁguras
1579 4622 1746 4675 varias
1774 4624 1949 4677 verbo-

352 4711 472 4747 rum
501 4694 875 4748 multitudinem
904 4692 1386 4761 contprehendentes
1415 4692 1550 4745 brevi
1581 4704 1864 4752 assecutus.
1895 4696 1948 4748 in

355 4781 712 4821 meemoauu
757 4783 966 4819 numero
1002 4766 1266 4819 dedicatus
1309 4764 1518 4835 enituit,
1570 4766 1815 4835 ca’pitque
1842 4768 1949 4832 iam

354 4838 476 4890 talis
500 4838 765 4899 excipere,
802 4839 969 4906 qualis
998 4845 1163 4908 posset
1205 4835 1313 4908 sine
1339 4834 1590 4908 bonorum
1630 4834 1951 4908 oblecutione

354 4909 571 4962 dictare.
598 4905 875 4963 Sirmoud.
903 4905 1057 4977 oper.
1084 4917 1214 4961 tom.
1243 4906 1295 4972 Ι,
1334 4922 1452 4976 pag.
1484 4905 1607 4969 996,
1646 4907 1779 4961 Ven.
1815 4909 1945 4962 edit.

354 4978 493 5034 Hinc
541 4994 732 5034 causas
778 4994 1047 5039 errorum,
1079 4978 1172 5047 qui
1212 4993 1355 5044 stupe
1408 4982 1456 5031 iu
1508 4992 1638 5032 mss.
1669 4979 1947 5034 codicibus

353 5058 679 5117 occurrunt,
729 5048 887 5104 facile
914 5049 1298 5119 deprehendis.
1342 5048 1502 5103 Vides
1544 5050 1706 5103 etiam
1744 5065 1806 5105 es
1840 5052 1947 5105 lec-

354 5123 491 5175 toris
521 5122 711 5176 ordine
743 5121 809 5175 ad
858 5122 1092 5174 oilicium
1136 5123 1441 5189 exceptoris
1481 5121 1706 5189 gradmn
1757 5123 1943 5175 statui.

355 5192 595 5247 Erantne
640 5209 766 5247 vero
806 5202 1124 5261 exceptores
1170 5193 1220 5244 in
1264 5192 1504 5261 quolibet
1535 5190 1695 5246 Urbis
1756 5191 1948 5245 titulo?

350 5279 419 5318 an
469 5266 645 5331 potius
674 5271 879 5334 septem
918 5265 1231 5323 dumtaxat,
1266 5273 1397 5332 quot
1429 5278 1455 5314 tt
1489 5263 1766 5317 Clemente
1796 5263 1948 5317 insti-

352 5345 500 5389 tutos
533 5336 774 5389 umarios
807 5334 1036 5403 legimus
1077 5348 1176 5403 pro
1203 5334 1351 5387 Actis
1382 5347 1676 5404 martyrum
1706 5336 1947 5389 conscri-

349 5408 581 5460 bendis?
608 5406 685 5460 lta
711 5421 812 5473 ego
832 5406 1110 5460 crederem
1137 5420 1155 5458 :
1184 5406 1267 5457 cui
1291 5404 1432 5457 enim
1452 5405 1595 5458 bano
1624 5407 1674 5458 in
1701 5407 1947 5474 quolibet

348 5480 511 5531 titulo
531 5478 722 5532 notarii
748 5478 940 5546 singuli
960 5487 1013 5531 et
1041 5477 1401 5547 esceptores‘t
1428 5477 1760 5547 Quamquam
1788 5479 1947 5547 igitur

349 5549 569 5604 Damasi
616 5550 785 5603 nostri
835 5559 987 5619 pater
1018 5548 1321 5616 adscriplus
1364 5546 1525 5601 fuerit
1568 5546 1627 5601 S.
1670 5546 1946 5601 Laurentii

348 5623 533 5687 titulo,
567 5622 702 5676 nihil
734 5618 945 5687 obstat,
987 5621 1276 5688 quominus
1307 5618 1547 5674 notarius
1591 5627 1647 5672 et
1689 5628 1950 5689 exceptor

344 5708 475 5765 esse
517 5695 752 5763 potuerit
783 5706 879 5762 pro
908 5691 1404 5765 septimagregione
1427 5689 1792 5746 ecclesiastica
1815 5732 1828 5753 ,
1865 5691 1950 5765 cui

345 5760 571 5821 basilica
591 5764 682 5820 illa
706 5760 1113 5823 accensebattir.
1148 5762 1436 5819 Esstiuctis
1455 5776 1588 5818 vero
1616 5762 1951 5834 persecutio-

2053 3141 2196 3191 cum,
2216 3127 2527 3192 diaconum,
2545 3128 2879 3182 sacerdotem
2908 3127 3040 3181 inibi
3070 3126 3256 3191 fuisse,
3278 3128 3405 3182 dum
3429 3128 3647 3183 scribit:

2174 3225 2302 3289 Hinc
2325 3226 2475 3277 Pater
2500 3236 2753 3289 exceptor,
2781 3227 2951 3284 lector,
2980 3225 3143 3285 levita,
3170 3226 3397 3275 sacerdos

2178 3288 2416 3352 Creverat
2440 3291 2549 3339 hinc
2573 3288 2761 3339 meritis
2780 3292 3003 3352 quoniam
3039 3290 3319 3339 melioribus
3344 3288 3463 3336 actis

2179 3350 2303 3401 Hinc
2325 3354 2439 3400 mihi
2467 3360 2698 3415 provecto
2721 3350 2959 3413 Christus,
2989 3360 3083 3401 etc.

2064 3457 2242 3521 nibus,
2272 3473 2334 3512 ac
2363 3473 2492 3523 pace
2534 3458 2792 3513 Ecclesia:
2820 3466 2992 3525 parta,
3028 3455 3301 3511 adhibitos
3332 3455 3454 3509 illos
3484 3454 3649 3510 fuisse

2061 3530 2287 3599 legimus
2325 3530 2390 3583 ad
2434 3529 2779 3596 excipiendas
2824 3528 3215 3595 distnttationcs
3257 3537 3312 3582 et
3340 3528 3648 3592 orationes,

2060 3616 2180 3669 qua:
2232 3602 2282 3653 itt
2324 3600 2547 3671 synodis
2601 3600 2829 3667 aliisque
2874 3601 3259 3655 ecclesiasticis
3290 3599 3650 3671 conventibus

2060 3669 2418 3726 habebantur.
2454 3672 2736 3740 Bingham.
2782 3672 2871 3725 lib.
2902 3688 2990 3728 ιιι.
3020 3686 3139 3738 Cap.
3178 3672 3267 3734 15,
3302 3669 3329 3739 §
3364 3670 3431 3732 ὅς
3467 3669 3645 3725 Vales.

2056 3743 2122 3796 ad
2153 3743 2305 3798 Socr.
2354 3744 2446 3796 lib.
2481 3759 2549 3807 v,
2589 3759 2637 3798 c.
2669 3742 2759 3795 22.
2810 3742 3157 3795 Tenebantur
3201 3751 3465 3809 pra-terea
3518 3745 3645 3793 Acta

2057 3816 2237 3868 omnia
2287 3811 2602 3879 causarum,
2638 3831 2756 3882 qua:
2798 3814 2864 3868 ad
2914 3810 3244 3875 Ecclesium,
3289 3812 3511 3882 rjuattue
3561 3825 3647 3863 res

2056 3880 2814 3955 quoquomodopertinebant,
2844 3885 3115 3953 excipere.
3148 3898 3319 3952 caque
3339 3880 3648 3955 ⁸ι’σεΐειτς-,Ῑιε-

2057 3952 2321 4012 liebantttr
2350 3958 2656 4027 primicerio
2682 3952 3033 4016 notariorum,
3070 3955 3155 4009 cui
3209 3952 3486 4021 parebant.
3523 3952 3641 4006 Viti.

2055 4031 2305 4082 Anastas.
2338 4038 2395 4084 et
2422 4028 2715 4083 Altaserra».
2759 4028 3099 4096 aliormuque
3142 4037 3323 4079 natas.

2127 4111 2149 4135 ι’
2191 4101 2400 4155 Paulin.
2434 4108 2545 4154 not.
2578 4100 2632 4166 5,
2664 4098 2830 4153 Crevit
2870 4095 3061 4152 meritis
3084 4140 3098 4161 ,
3133 4098 3220 4168 qui
3261 4111 3487 4151 crescere
3529 4095 3647 4149 sede

2053 4172 2241 4225 uoluit.

2129 4242 2145 4279 τ
2191 4244 2245 4297 Si
2278 4242 2345 4297 cl.
2380 4240 2687 4295 Facciolato
2713 4242 3017 4305 credimus,
3043 4241 3131 4310 qui
3168 4239 3416 4293 Vossium
3448 4246 3641 4310 testem

2050 4313 2311 4377 advocat,
2347 4328 2467 4366 cum
2498 4313 2776 4375 Are/tium,
2811 4309 3103 4381 aliquando
3136 4327 3232 4377 pro
3275 4311 3477 4377 templo
3506 4309 3651 4381 acri-7

2054 4386 2261 4451 piatur,
2295 4385 2409 4437 sive
2439 4383 2601 4453 adyto
2644 4384 2858 4451 templi,
2888 4379 2949 4436 ea
2984 4398 3083 4436 vox
3112 4382 3240 4434 ferri
3272 4392 3476 4453 posset.
3509 4379 3645 4453 Quid

2054 4450 2182 4509 vero
2208 4457 2252 4507 si
2284 4450 2526 4522 legamus
2548 4450 2779 4506 Arcubus
2800 4452 2909 4505 [nec
2933 4453 3067 4505 volui
3091 4468 3219 4503 nova
3236 4450 3456 4503 condere
3477 4458 3606 4501 tecta
3622 4450 3647 4501 Ρ

2055 4526 2314 4593 SuSpicor
2341 4526 2503 4590 igitur
2535 4524 2787 4578 laterales
2829 4526 3061 4579 basilicm
3094 4537 3292 4593 naves,
3335 4535 3534 4593 easque
3561 4534 3649 4593 ar-

2054 4589 2261 4661 cuatas,
2292 4613 2320 4651 a
2354 4597 2586 4650 Damaso
2616 4595 2907 4650 ,νάὶίίοςιιθε
2941 4612 2953 4645 :
2999 4594 3049 4647 itl
3094 4595 3237 4645 enim
3280 4589 3522 4646 indicare
3562 4590 3646 4644 vi-

2053 4669 2250 4723 denlur
2274 4668 2546 4730 columnae,
2571 4683 2703 4735 quas
2746 4675 3002 4735 prazterca
3032 4666 3211 4717 dextra
3233 4664 3459 4735 (ceraque
3499 4672 3649 4735 parte

2054 4756 2083 4793 a
2104 4756 2162 4794 se
2186 4742 2390 4793 additas
2414 4738 2503 4792 ait.
2532 4733 2783 4793 Arcuatis
2811 4752 2939 4791 vero
2966 4736 3211 4801 navibus,
3243 4750 3361 4803 quze
3379 4733 3648 4787 columnis

2053 4810 2159 4865 illis
2187 4812 2548 4866 fulciebantur
2572 4820 2972 4876 superstructas
2998 4808 3163 4861 cellas
3183 4848 3198 4872 ,
3226 4816 3279 4860 et
3310 4806 3644 4867 mansiones,

2053 4899 2081 4935 ει
2112 4883 2309 4952 quibus
2338 4890 2485 4937 esset
2516 4896 2611 4949 pro
2648 4880 2826 4935 viduis
2854 4889 2908 4934 et
2935 4878 3234 4949 virginibus
3262 4879 3316 4933 in
3348 4876 3647 4952 Ecclesiant

2054 4950 2393 5035 prospectus.
2429 4952 2557 5035 Nam
2602 4969 2722 5034 quae
2753 4953 2821 5007 de
2857 4952 3020 5035 [egi-is
3048 4952 3255 5005 aedibus
3279 4991 3293 5014 ,
3323 4950 3527 5035 palatio
3548 4990 3563 5015 ,
3597 4956 3652 5002 et

2045 5022 2288 5094 judiciali
2324 5024 2441 5078 loro
2468 5023 2791 5080 Sat-ananius
2820 5022 3000 5089 aﬂ'ert,
3034 5038 3188 5093 nugae
3216 5031 3359 5077 sunt.

2124 5126 2149 5189 ξς
2194 5115 2298 5189 Eas
2322 5117 2468 5189 ipsas
2492 5114 2731 5189 scilicet,
2763 5130 2879 5189 quae
2912 5129 3053 5169 nunc
3079 5122 3275 5189 Ornant
3304 5111 3497 5189 atrium
3524 5121 3646 5189 tua:

2049 5186 2229 5272 gnilici
2255 5184 2871 5272 Cancellarimnpalatii;
2910 5200 2977 5241 eo
3008 5185 3151 5272 enim
3180 5184 3651 5272 trnll§itltlaitiittlﬂ

2047 5251 2203 5330 Iussu
2253 5258 2543 5312 eardinalis
2596 5257 2972 5330 Riarii,_t-ttm
3021 5265 3257 5308 veterem
3308 5251 3650 5330 fatiscentem
3730 5278 3733 5285 -

2052 5320 2328 5385 basilicam
2351 5346 2380 5384 a
2416 5330 2777 5384 fundamentis
2798 5328 2982 5389 diruit,
3018 5338 3319 5392 novamque
3340 5331 3397 5375 et
3421 5320 3655 5386 amplio-

2052 5417 2188 5461 rem,
2214 5417 2333 5469 qua:
2353 5416 2494 5455 nunc
2519 5409 2716 5465 exstat,
2747 5402 2868 5455 loco
2892 5397 3030 5469 haud
3064 5396 3290 5448 multum
3318 5398 3649 5469 permutato,

2051 5461 2306 5527 (editicari
2338 5474 2581 5533 curavit,
2614 5461 2899 5524 substratis
2944 5467 3319 5520 columnarum
3362 5463 3481 5517 vice
3529 5461 3651 5530 pilis

2054 5544 2300 5613 lapideis.
2332 5544 2453 5598 Vid.
2482 5544 2552 5597 cl.
2580 5540 2982 5610 Marangouium
3006 5537 3137 5591 delle
3160 5534 3288 5591 Cose
3317 5534 3648 5605 gentilesche,

2053 5630 2173 5672 can.
2201 5618 2288 5671 6t.

2120 5633 2352 5758 ﬁnitivi}
2377 5685 2602 5758 Templa
2618 5686 2687 5758 S._
2711 5683 2976 5758 Laurentii
2999 5681 3331 5758 jungendum
3368 5688 3511 5738 esset
3537 5694 3656 5735 car-

2056 5775 2181 5817 men
2209 5759 2272 5813 de
2295 5754 2550 5815 Fontibus
2575 5756 2636 5816 S.
2662 5756 2953 5824 Laurentii,
2983 5756 3271 5832 siDamasi
3296 5754 3462 5813 [tutus
3488 5759 3657 5817 esset,
