4200 6178
419 271 526 327 Μὸ

419 367 674 422 Protinus
702 381 992 438 aggressus
1026 381 1277 438 magnum
1309 381 1569 437 superare
1597 367 1834 424 laborem

419 459 647 529 Aggeris
671 457 920 513 immensi
949 451 1150 528 dejecit
1179 459 1416 513 culmina
1442 457 1661 512 montis.

415 551 607 606 Intima
638 549 872 605 sollicite
902 561 1176 604 scrutatus
1202 550 1410 604 viscera
1444 559 1604 604 terrae

417 642 653 701 Siccavit
685 654 854 698 totum
892 641 1152 714 quidquid
1181 639 1546 696 madefecerat
1575 640 1789 707 humor,

417 736 624 791 Invenit
654 733 880 801 fontem,
922 734 1128 806 przebet
1149 735 1241 805 qui
1275 733 1412 788 dona
1439 733 1651 788 salutis.

421 828 545 885 Haic
571 829 784 885 curavit
812 828 1109 885 Mercurius
1133 827 1294 884 levita
1327 823 1520 884 ﬁdelis.

408 1079 565 1133 Jussu
611 1062 707 1116 hoc
733 1078 988 1118 marmore
1031 1064 1196 1118 incisa
1235 1065 1304 1117 ad
1348 1064 1650 1118 veneranda!
1694 1064 2014 1128 antiquitatis

415 1144 796 1207 monumentum
814 1137 896 1205 pie
916 1146 1166 1207 servatum
1191 1151 1253 1207 ea:
1283 1136 1458 1207 {empti
1485 1135 1713 1207 ejusdem
1736 1136 1902 1188 ruinis
1928 1135 2013 1189 hic

413 1206 596 1272 reponi
628 1204 884 1258 mandauit
910 1223 1044 1259 anno
1073 1205 1149 1258 M.
1182 1205 1250 1260 D.
1275 1204 1458 1262 CVII.

492 1276 568 1330 Ex
598 1276 809 1331 Baronii
843 1275 1126 1340 tom.Vlll,
1149 1277 1201 1331 in
1235 1276 1496 1332 addendis
1521 1275 1588 1331 ad
1618 1285 1819 1331 tomum
1844 1291 2007 1345 quar-

417 1355 529 1399 tum
558 1361 682 1416 pag.
715 1346 818 1401 799
844 1347 1172 1417 Appendicis
1203 1363 1322 1402 cum
1367 1348 1711 1416 sequentibus
1739 1364 1752 1412 ;
1785 1356 1838 1402 et
1863 1347 2008 1403 dicto

417 1427 549 1470 tom.
582 1417 646 1470 IV
671 1458 685 1478 ,
719 1418 894 1471 addita
931 1420 984 1473 in
1016 1420 1250 1473 secunda
1283 1420 1522 1474 editione
1549 1435 1670 1488 pag.
1701 1418 1827 1474 M9.

490 1490 505 1518 ⁸
537 1489 669 1556 Qum
711 1501 1005 1557 sequuntur
1051 1490 1311 1555 carmina,
1341 1492 1484 1545 edita
1514 1498 1640 1544 sunt
1666 1489 1719 1543 itt
1753 1490 1891 1544 libro
1921 1490 2006 1546 ln-

415 1559 772 1632 scriptionutn
805 1562 1143 1632 antiquarum
1170 1560 1384 1617 Gruteri
1417 1561 1480 1614 ad
1510 1563 1704 1624 finem;
1733 1562 2006 1632 descripta

413 1641 594 1685 autem
626 1631 693 1684 ab
719 1647 786 1684 eo
818 1630 964 1684 fuere
990 1647 1057 1686 ex
1093 1634 1316 1697 antiquo
1341 1632 1558 1695 codice,
1591 1634 1644 1684 in
1679 1630 2006 1687 membranis

341 1757 346 1765 _
416 1701 760 1757 bibliotheca:
790 1701 1082 1766 Palatina),
1113 1705 1200 1772 qui
1229 1703 1450 1758 llOmam
1477 1711 1660 1771 postea
1691 1705 2004 1770 translatus,

1240 274 1332 328 AD
1367 265 1598 330 unum
1636 263 1877 329 satum
1918 265 2174 330 uAttASI
2217 260 2421 330 metu
2474 259 2842 331 APPEthx.

2040 369 2090 429 A

2625 367 2906 425 CARMEN
2949 367 3214 426 XXXVII.

2727 463 2742 492 ¹
2784 461 2866 516 Ad
2891 465 3076 532 fontes.

2193 552 2308 608 Non
2338 553 2452 608 hmc
2485 552 2736 608 humanis
2761 553 2978 621 Opibus,
3007 568 3114 607 non
3145 560 3261 608 arte
3289 550 3566 621 magistra,

2120 646 2224 701 Sed
2261 657 2552 714 przcstante
2584 646 2769 710 Petro,
2795 645 2885 702 cui
2915 647 3106 700 tradita
3137 647 3297 716 janua
3324 645 3446 701 οωΙί
3475 652 3576 706 est.

2120 741 2361 796 Antistes
2389 741 2590 797 Christi
2616 743 2920 810 composuit
2943 742 3222 797 Damasus.

2121 830 2236 888 Una
2265 827 2409 888 Petri
2447 832 2630 900 sedes,
2663 847 2825 888 unum
2855 847 3151 902 verumque
3184 831 3480 898 lavacrum,

2125 923 2345 979 Vincula
2374 924 2521 978 nulla
2554 934 2776 989 tenent,
2810 919 3110 978 Acbathius
3140 933 3324 979 votum
3357 921 3540 978 solvit.

2179 1066 2417 1127 Virgineo
2440 1068 2558 1119 foe-tu
2583 1069 2800 1130 genitrix
2826 1065 3048 1118 Ecclesia
3074 1071 3213 1114 natos

2243 1125 2374 1189 Quos
2397 1125 2613 1192 Spirante
2640 1127 2746 1179 Deo
2769 1131 2996 1191 concipit,
3023 1141 3166 1192 amne
3192 1125 3336 1189 parit.

2179 1189 2349 1258 Insons
2367 1189 2485 1258 esse
2507 1192 2676 1242 volens
2702 1194 2794 1258 isto
2818 1189 3050 1258 nnindare
3077 1190 3267 1237 lavacro
3322 1249 3331 1258 ε

2240 1257 2339 1303 Seu
2362 1257 2516 1315 patrio
2540 1255 2782 1317 premeris
2804 1255 3029 1314 crimine,
3058 1263 3151 1317 seu,
3171 1255 3383 1317 proprio.

2175 1313 2306 1377 Fons
2330 1313 2407 1365 hic
2429 1325 2504 1366 est
2527 1313 2642 1377 vita,
2672 1323 2722 1366 et
2745 1317 2827 1377 qtti
2852 1313 3179 1365 totum’deluit
3197 1315 3387 1370 orbem,

2238 1376 2450 1426 Snmens
2469 1381 2532 1427 de
2557 1376 2732 1429 Christi
2756 1376 2961 1426 vulnere
2986 1377 3290 1439 principium.

2173 1437 2417 1503 Caglorum
2443 1452 2648 1503 regnum
2668 1447 2882 1503 Sperate,
2901 1437 2995 1487 hoc
3010 1439 3141 1503 fonte
3163 1437 3340 1495 renati;

2235 1499 2340 1550 Non
2368 1499 2544 1563 recipit
2562 1501 2678 1551 felix
2695 1499 2803 1551 'vita
2829 1503 2985 1563 semel
3009 1502 3223 1562 genitos.

2176 1563 2279 1628 Neg
2305 1561 2538 1628 numerus
2561 1577 2854 1628 quemquam
2879 1561 3140 1628 scelerum,
3163 1573 3255 1608 nec
3277 1561 3426 1628 forma
3451 1571 3646 1608 suorum

2237 1623 2477 1684 Terreat;
2509 1623 2600 1676 hoc
2625 1623 2764 1674 natus
2784 1626 2986 1674 ﬂumine
3011 1635 3206 1672 sanctus
3230 1625 3342 1671 erit.

2117 1709 2386 1765 Habemus
2417 1721 2472 1765 et
2518 1713 2584 1765 de
2635 1711 2869 1764 fontibus
2902 1711 2960 1763 S.
2994 1707 3265 1762 Ambrosii
3310 1706 3548 1760 carmina
3591 1720 3710 1772 qua:

415 1789 557 1827 nunc
585 1783 896 1852 ass’ervjttur
926 1775 992 1852 in_
1006 1774 1334 1852 bibliotheca
1369 1774 1675 1852 Apostolica
1705 1773 2004 1852 Vaticana,
2035 1782 2041 1840 ζ

2114 1782 2199 1836 hic
2230 1784 2585 1852 opponimus,
2631 1782 2773 1837 edita
2805 1797 2924 1836 cum
2977 1780 3267 1852 nonnullis
3301 1779 3422 1852 aliis
3467 1777 3709 1852 ejusdem

417 1861 566 1897 num.
597 1843 721 1897 532.
753 1844 828 1898 Ex
859 1844 1386 1915 istoInscriptinnum
1415 1847 1548 1898 libro
1569 1859 1786 1898 Carmen
1813 1847 1913 1900 hoc
1938 1847 2004 1900 I7

413 1916 586 1969 edidit
617 1915 812 1969 Baron.
846 1925 980 1970 tom.
1002 1913 1099 1969 XII
1120 1913 1219 1981 ,'in
1249 1915 1559 1984 Appendicc
1588 1929 1686 1984 pag
1737 1917 1872 1979 9l'5,
1906 1917 2007 1971 sub

412 2000 556 2038 anno
575 1985 778 2041 Christi
811 1987 916 2041 584
940 2028 954 2049 ,
983 1986 1219 2057 legitque
1251 2003 1406 2042 versu
1440 1987 1628 2040 ultimo
1657 1997 1854 2051 tenent;
1879 2002 2004 2042 eum

413 2057 783 2128 ibidchnale
815 2060 1019 2128 legatur
1046 2069 1232 2128 teneat.
1267 2059 1474 2113 Primus
1503 2072 1692 2111 versus
1722 2067 1805 2112 est
1835 2057 2008 2128 Virgi-

414 2127 469 2180 lii
505 2127 555 2180 in
590 2123 808 2181 Eneid.
854 2123 1013 2182 Aliud
1043 2127 1111 2183 de
1144 2129 1226 2182 Itis
1273 2129 1512 2183 fontibus
1544 2131 1873 2197 epigramma
1907 2123 1998 2182 lfa-

414 2197 629 2252 bnimus
657 2213 818 2263 supra
857 2213 920 2251 ex
960 2201 1175 2254 basilica
1210 2201 1497 2262 Vaticana,
1545 2216 1651 2268 (ιιιυ
1695 2202 1816 2254 loco
1846 2203 2008 2255 etiam

413 2268 529 2322 h:rc
559 2269 839 2324 exstitisse
868 2271 1102 2325 carmina
1127 2271 1287 2328 docet
1316 2273 1502 2326 titulus
1532 2273 1810 2341 appositus
1837 2274 2009 2339 primo

409 2341 785 2407 epigrammati
854 2341 981 2395 dicti
1045 2344 1248 2396 codicis
1309 2343 1558 2397 Palatini.
1625 2343 2006 2410 Baptisterium

409 2414 572 2466 etiam
606 2410 966 2466 Laterancnse
999 2413 1055 2468 S.
1085 2414 1264 2467 Sixtus
1297 2413 1360 2469 III
1395 2431 1527 2482 papa
1568 2415 1814 2467 versibus
1847 2431 2008 2468 exor-

410 2485 557 2535 navit
590 2495 640 2536 ut
670 2483 859 2537 scribit
886 2483 1202 2539 Anastasius
1232 2503 1244 2537 :
1283 2485 1380 2538 llic
1412 2487 1528 2555 fecit
1563 2489 1612 2538 in
1639 2486 1851 2538 basilica
1876 2485 2011 2538 (Ion-

407 2555 725 2607 strmtiniana
755 2568 1109 2608 ornamentum
1151 2573 1304 2624 super
1334 2561 1560 2626 fontem,
1605 2558 1740 2626 quod
1781 2567 1896 2610 ante
1941 2556 2011 2609 ibi

410 2641 510 2698 non
560 2635 670 2680 erat
686 2643 702 2689 ;
749 2627 880 2698 idem
912 2627 1459 2698 epistyliamarmorea
1489 2638 1533 2680 et
1582 2630 1846 2680 columnas
1892 2643 2013 2698 por-

408 2697 703 2765 pltyreticas
729 2695 917 2760 erexit,
943 2695 1077 2764 quas
1109 2695 1472 2752 Constantinus
1509 2698 1769 2767 Augustus
1800 2695 2014 2763 con-gre-

407 2776 554 2839 gaias
587 2767 816 2832 dimisit,
843 2777 889 2820 et
908 2769 1067 2842 jussit
1099 2782 1152 2823 ut
1185 2772 1501 2842 erigerentur
1522 2812 1535 2834 ,
1567 2786 1692 2838 quas
1715 2777 1759 2822 et
1784 2771 2012 2842 versibus

408 2842 706 2901 exornavit,
752 2850 858 2894 etc.
891 2840 992 2904 Qui
1038 2856 1226 2896 vernis
1252 2840 1274 2904 ,7
1313 2851 1368 2895 et
1404 2842 1580 2894 adhuc
1607 2852 1866 2909 apparent
1900 2841 2011 2895 bini

409 2924 505 2976 per
531 2911 864 2979 zoophorum
897 2911 1205 2975 distributi,
1235 2927 1369 2980 quos
1399 2913 1628 2980 primum
1665 2912 1811 2966 cudit
1871 2912 2009 2965 Pan-

405 2980 586 3032 vinius
616 2981 798 3034 libello
826 2981 892 3035 de
921 2989 1129 3050 septem
1159 2981 1449 3046 Ecclesiis;
1483 2983 1577 3037 sed
1610 2984 1730 3053 quia
1770 2983 1910 3052 apud
1935 2985 2014 3051 ip-

407 3066 528 3103 sum
565 3053 803 3106 variatus
833 3062 917 3106 est
940 3057 1072 3106 ordo
1101 3055 1431 3115 carminum.
1466 3054 1656 3108 damus
1693 3063 1746 3108 et
1775 3071 1873 3107 nos
1913 3069 2012 3107 suo

406 3122 599 3176 ordine
643 3126 953 3184 reSIitntos,
1008 3141 1127 3178 nam
1169 3142 1290 3179 cttm
1333 3142 1520 3178 eorum
1574 3127 1781 3179 initium
1833 3126 1904 3179 sit
1948 3140 2009 3179 ea

406 3201 593 3279 parte,
622 3211 723 3262 qua
754 3210 782 3279 a
813 3197 1021 3279 porticu
1051 3198 1107 3252 S.
1143 3195 1476 3279 Venantiiin
1514 3198 1888 3263 baptisterium
1922 3200 2005 3279 in-_
2035 3215 2080 3279 ρ

404 3266 718 3338 διιειιίηιυγιο,
751 3265 949 3320 deinde
975 3268 1307 3334 sequendum
1338 3277 1419 3322 est
1447 3268 1496 3321 in
1525 3283 1715 3338 gyrum
1746 3285 1912 3338 usque
1941 3268 2008 3324 ad

408 3337 595 3389 linem.
628 3337 882 3390 Carmina
915 3347 1043 3393 sunt
1076 3339 1190 3393 bare
1223 3347 1278 3392 ut
1309 3337 1644 3407 sequentur:

470 3428 608 3478 Gens
631 3430 861 3492 sacranda
885 3430 1007 3491 polis
1029 3431 1109 3480 hic
1139 3433 1330 3480 semine.
1367 3433 1580 3482 nascitur
1604 3431 1747 3492 almo,

534 3492 685 3549 Quam
713 3491 986 3542 fecundatis
1012 3495 1212 3556 spiritus
1235 3496 1338 3543 edit
1363 3496 1517 3556 aquis.

467 3553 722 3614 Mergere,
746 3564 986 3616 peccator,
1013 3553 1149 3605 sacro
1171 3553 1420 3617 purgando
1445 3559 1660 3617 fluento;

533 3617 690 3682 Quem
717 3623 938 3665 veterem
975 3616 1203 3682 accipiet,
1226 3616 1444 3681 proferet
1467 3616 1607 3682 unda
1626 3627 1823 3666 novum.

471 3677 612 3742 Nulla
640 3685 983 3742 renascentum
1011 3677 1094 3730 est
1109 3677 1356 3741 distantia,
1380 3694 1502 3742 quos
1525 3681 1637 3731 facit
1660 3693 1810 3730 unum

539 3739 674 3790 Unus
693 3739 816 3801 ions,
838 3753 961 3791 unus
984 3743 1206 3806 spiritus,
1228 3757 1318 3791 una
1345 3739 1485 3792 lides.

2110 1857 2278 1977 sanfti
2304 1847 2316 1916 ζ
2343 1870 2405 1909 ex
2436 1857 2625 1910 eodem
2655 1853 2841 1908 codice
2866 1853 3106 1906 Palatino
3131 1849 3269 1920 apud
3295 1848 3584 1903 Gruterutn
3609 1847 3712 1902 hoc

2114 1933 2207 1977 ttlu
2236 1940 2265 1977 0
2289 1943 2301 1977 :

2114 1933 2265 1978 “uno
2289 1966 2301 1978 ’
2343 1998 2532 2053 Versus
2565 1995 2816 2048 Ambrosii
2848 1995 2916 2047 ad
2945 1991 3165 2046 Formm
3191 1991 3251 2047 S.
3275 1990 3466 2044 Tecla’.

2172 2082 2497 2136 Octacliorum
2523 2084 2716 2126 sanctos
2740 2075 2974 2138 templum
2998 2074 3215 2123 surrexit
3238 2075 3288 2122 in
3311 2086 3458 2132 usus;

2239 2149 2522 2205 octagonus
2541 2140 2660 2205 fons
2675 2147 2750 2187 est
2775 2152 2988 2205 munere
3004 2139 3181 2205 dignus
3206 2148 3284 2205 eo.

2172 2209 2277 2258 Hoc
2301 2197 2503 2255 uulnere
2521 2204 2686 2250 decuit
2710 2202 2834 2249 sacri
2861 2197 3162 2259 baptismatis
3179 2197 3335 2258 aulam

2236 2272 2482 2330 Surgere,
2509 2277 2607 2324 quo
2626 2262 3114 2330 populisverasalns
3135 2260 3286 2308 rediit

2174 2333 2306 2383 Luce.
2334 2321 2642 2390 resurgentis
2663 2321 2864 2390 Christi,
2887 2325 2970 2390 qui
2989 2323 3197 2390 claustra
3225 2335 3261 2368 τ.
3283 2321 3427 2370 solvit

2234 2393 2419 2448 Mortis,
2444 2387 2534 2439 etc
2555 2387 2751 2438 tmnnlis
2772 2388 2973 2435 suscitet
2995 2388 3266 2433 exanimes.

2173 2456 2530 2516 Confessiosque
2555 2449 2938 2516 reosmaculoso
2962 2448 3166 2498 crimine
3192 2449 3409 2510 solvens,

2242 2519 2408 2568 Fontis
2430 2511 2621 2578 purilIui
2646 2511 2787 2578 diluit
2811 2511 3014 2578 irriguo.

2177 2582 2266 2632 Hic
2291 2572 2747 2642 quit-uniquevolet
2767 2572 3016 2635 probrosze
3041 2572 3248 2642 crimina
3273 2575 3379 2621 vita:

2237 2637 2452 2698 Ponere,
2491 2637 2636 2688 corda
2656 2638 2853 2694 lavent;
2881 2644 3078 2697 pectora
3105 2637 3276 2698 munda
3305 2642 3500 2694 gerant.

2174 2707 2282 2756 Huc
2309 2705 2498 2752 veniant
2529 2702 2745 2758 alacres;
2768 2698 2986 2760 quamvis
3012 2697 3306 2760 tenebrosus
3328 2698 3465 2746 adire

2240 2765 2451 2827 Audeat,
2479 2763 2712 2827 abscedet
2737 2759 2988 2808 candidior
3022 2759 3231 2827 nivibus.

2172 2828 2280 2878 Huc
2305 2819 2456 2877 sancti
2484 2825 2754 2886 proferent,
2773 2835 2868 2870 non
2889 2835 3073 2883 expers
3093 2819 3220 2886 ullus
3243 2833 3477 2886 aquarum

2236 2893 2442 2938 Sanctus
2464 2882 2511 2936 in
2534 2889 2607 2936 his
2626 2899 2834 2947 regnum
2861 2891 2931 2947 est
2961 2882 3316 2947 Consiliumque
3337 2882 3457 2945 Dei,

2176 2953 2338 3003 Gloria
2358 2950 2577 3013 justitim,
2608 2946 2716 2997 nam
2741 2947 2856 3013 quid
2883 2946 3090 3013 divinius
3117 2946 3208 3013 isto

2240 3015 2303 3064 Ut
2329 3006 2504 3076 puncto
2544 3006 2728 3074 exiguo
2749 3006 2890 3072 culpa
2914 3009 3051 3058 Cadat
3075 3006 3254 3070 populi.

2115 3102 2242 3158 Post
2272 3101 2434 3156 hosne
2465 3098 2736 3153 Ambrosii
2769 3112 2976 3159 versus,
3005 3088 3304 3163 sequuntur
3326 3095 3377 3148 in
3402 3092 3589 3146 codice
3614 3091 3714 3146 Pa—

2116 3175 2281 3228 latino
2315 3174 2401 3225 alii
2433 3173 2499 3226 de
2523 3171 2749 3226 ecclesia
2789 3168 2846 3222 S.
2893 3169 3189 3222 Anastasia:
3235 3180 3262 3218 a
3307 3165 3537 3219 Damaso
3579 3164 3708 3218 olim

2112 3255 2422 3310 exornatte,
2455 3260 2592 3312 quos
2617 3239 2817 3295 idcirco
2850 3239 2934 3293 hic
2964 3235 3203 3293 edendos
3220 3235 3551 3290 censuimus.

2585 3335 2647 3389 In
2689 3335 2897 3390 Sancta:
2934 3334 3240 3386 Anastasius.

2177 3429 2398 3479 Antistes
2415 3429 2650 3478 Damasus
2669 3427 2870 3489 picturae
2889 3424 3078 3489 ornavit
3099 3424 3282 3489 honore

2239 3493 2410 3551 'l‘ecta,
2433 3491 2612 3552 quibus
2635 3483 2760 3536 nunc
2779 3488 2892 3552 dant
2922 3484 3118 3552 pulchra
3143 3483 3339 3533 metalla
3360 3483 3530 3532 decus.

2175 3554 2343 3605 Divite
2371 3548 2580 3600 testatur
2608 3551 2865 3616 pretiosior
2887 3548 3195 3616 aula_ni_tore,

2244 3618 2376 3674 Quos
2401 3628 2566 3662 rerum
2594 3607 2800 3659 eiii-ctus
2821 3607 2974 3674 possit
3001 3609 3185 3674 habere
3211 3607 3348 3674 fides.

2175 3672 2321 3734 Papae
2343 3676 2491 3726 Hilari
2518 3675 2709 3723 meritis
2737 3672 2850 3721 olim
2873 3673 3045 3721 devota
3071 3672 3245 3734 Severi

2240 3733 2440 3790 Necnon
2464 3737 2640 3788 Cassia;
2664 3749 2805 3785 mens
2823 3735 2959 3784 dedit
2982 3736 3070 3784 ista
3095 3733 3222 3786 Deo.

447 3858 2930 3882 W

1589 3967 2491 4080 APPENDIX

1009 4161 1166 4246 AD
1247 4163 1645 4248 OPERA
1723 4161 2150 4248 SANCTI
2223 4153 2669 4244 DAMASI
2747 4153 3104 4238 PAPfE.

1449 4324 1692 4388 (Carmina
1723 4339 1750 4376 a
1784 4326 2000 4378 Grutero
2023 4339 2086 4375 ex
2109 4326 2217 4374 eod.
2242 4321 2452 4372 Palatio.
2480 4320 2654 4384 edita.)

473 4582 688 4649 Omnia,
715 4599 941 4655 quaeque
971 4584 1147 4653 vides,
1179 4587 1398 4658 proprio
1425 4589 1654 4659 quiesita
1681 4588 1891 4654 labore,

396 4674 537 4731 Cum
568 4677 697 4731 mihi
727 4678 940 4747 gentilis
962 4677 1278 4748 jamdudum
1302 4681 1409 4735 vita
1441 4691 1706 4746 maneret,

397 4768 640 4834 Institui,
672 4769 873 4824 cultum
900 4772 1123 4840 cupiens
1145 4787 1474 4841 cognoscere
1500 4775 1709 4829 mundi.

391 4859 613 4917 Iudicio
639 4869 762 4931 post
802 4859 966 4917 tnulta
989 4865 1078 4920 Dei
1105 4864 1329 4918 meliora
1359 4874 1642 4934 sequutus,

393 4952 738 5022 Contemptis
761 4955 972 5023 opibus,
997 4956 1158 5010 malui
1183 4972 1511 5028 cognoscere
1532 4956 1710 5012 XPM:

393 5044 528 5100 Haac
549 5045 825 5100 mibicnra
853 5047 980 5112 fuit,
1014 5048 1185 5104 nudos
1213 5050 1413 5104 vestire
1443 5058 1708 5120 petentes,

397 5137 655 5193 Fundere
681 5140 1031 5207 pauperibus,
1061 5139 1319 5211 quidquid
1341 5151 1685 5195 concesserat
1707 5156 1912 5208 annus;

394 5229 641 5285 Psallere
669 5238 724 5284 ct
753 5231 805 5283 in
838 5232 1048 5301 populis
1076 5231 1220 5286 volui
1255 5231 1568 5287 modulante
1597 5233 1891 5304 Propheta:

393 5321 489 5377 Sic
509 5324 678 5377 merui
710 5321 920 5393 plebem
940 5321 1056 5378 XPI
1087 5322 1318 5379 retinere
1344 5321 1629 5379 Sacerdos.

1175 5411 1236 5470 II.

469 5505 746 5577 Tempore,
777 5522 875 5575 quo
905 5505 1113 5579 gladius
1137 5509 1296 5561 secuit
1326 5508 1413 5575 pia
1433 5509 1623 5563 viscera
1650 5511 1827 5566 matris
1859 5514 1875 5534 ‘
1912 5545 1928 5579 ,

395 5597 692 5666 Sexaginta
733 5597 839 5650 duo
870 5600 1010 5665 capti
1042 5597 1256 5655 feritate
1284 5599 1556 5673 Tyranni,

395 5688 689 5759 Extemplo
719 5690 932 5746 ducibus
962 5693 1129 5746 missis
1169 5709 1262 5746 sua
1292 5693 1427 5751 colla
1446 5693 1630 5749 dedere

2033 4503 2087 4564 ι)
2110 4491 2360 4548 Confessi
2389 4490 2555 4555 XPM,
2580 4499 2832 4561 snperato
2865 4489 3112 4560 Princtpe
3142 4489 3325 4544 mundi

2105 4583 2409 4640 Aﬁtheriam
2444 4583 2649 4656 petiere
2676 4582 2918 4644 domum,
2948 4598 3260 4653 regnumque
3284 4582 3506 4652 piorum.

2860 4673 2954 4728 III.

2181 4769 2408 4834 Discite,
2436 4769 2562 4838 quid
2606 4767 2780 4824 meriti
2813 4773 3035 4837 pra-stet
3059 4779 3157 4834 pro
3184 4778 3310 4834 rege
3343 4762 3523 4830 feriri,

2112 4861 2354 4916 Foemina
2382 4878 2487 4915 non
2512 4862 2694 4914 timuit
2718 4859 2976 4930 gladium,
3013 4869 3134 4912 cum
3169 4865 3328 4910 natus
3350 4855 3513 4910 obivit
3546 4871 3560 4922 ;

2109 4950 2372 5008 Confessa
2403 4949 2549 5006 XMP
2583 4952 2782 5005 meruit
2803 4965 2896 5021 per
2935 4949 3128 5004 sarcula
3158 4963 3374 5002 nomen.

2863 5039 2952 5096 IV.

2181 5137 2612 5208 Stringe,dolor,
2646 5137 2933 5208 lacrymas;
2965 5135 3185 5206 quaeris,
3221 5133 3588 5204 plobssancta,
3621 5145 3708 5183 rc-

2112 5232 2377 5295 Levilatn,
2407 5232 2589 5286 subito
2616 5233 2788 5300 rapuit
2821 5230 2918 5284 sibi
2950 5228 3269 5302 Regiaxwli.
3396 5223 3705 5297 [demptum

2114 5329 2295 5383 Dulcia
2320 5336 2571 5383 nectarco
2601 5325 2881 5397 proruebat
2903 5326 3060 5378 mella
3090 5335 3308 5384 canore,

2109 5419 2434 5490 Prophetatn
2459 5417 2742 5474 celebrans
2767 5431 2924 5471 sacro
2956 5415 3314 5470 modulamine
3338 5425 3559 5478 senem;

2110 5511 2235 5566 ch
2264 5514 2358 5565 fuit
2387 5510 2616 5565 insontis
2649 5510 2757 5563 vita
2783 5509 2992 5562 laudata
3011 5507 3294 5574 juventus:

2109 5602 2314 5657 Invidia
2352 5601 2537 5657 infelix
2587 5600 2800 5655 tandem
2825 5613 3138 5669 compressa
3161 5599 3423 5669 quiescit;

2112 5695 2264 5754 Nunc
2291 5694 2579 5751 Parudisus
2610 5691 2788 5755 habet,
2819 5693 3040 5761 sumpsit
3066 5694 3155 5763 qui
3177 5710 3242 5749 ex
3263 5692 3634 5765 Itostetropa’a.

462 5830 495 5896 ,‘_
545 5829 585 5895 Ο
607 5830 812 5902 uidquid
844 5845 872 5885 ι
894 5836 1292 5903 precedentibus
1315 5839 1608 5895 carminibus
1629 5840 1709 5896 hic
1731 5841 2000 5908 repetitum
2021 5848 2099 5897 est
2122 5841 2286 5896 italico
2307 5841 2593 5896 charactere
2617 5841 2911 5908 scripsimus.
2975 5839 3096 5897 Enn.
