4200 6178
557 254 666 311 415

1324 392 1385 448 ν.

814 484 1110 541 ΤιίεουοιιΑ
1138 525 1154 553 ,
1212 498 1333 548 θυι
1376 499 1519 540 νιχιτ
1576 498 1742 540 annos
1801 498 1913 537 XXI.

880 577 1097 633 Mensas
1127 593 1223 633 vn.
1243 592 1363 633 DIES
1402 593 1552 632 xxxv.
1586 592 1639 632 IN
1670 590 1825 631 PACE.

619 690 726 756 (Ex
745 691 893 754 Spon.
919 690 1095 740 Itiner.
1124 695 1223 740 tom
1258 689 1296 741 Ι.
1326 702 1438 753 pag.
1462 687 1601 750 317.)

629 799 971 872 Amplilicam
1002 799 1248 870 sequitur
1276 800 1436 854 vitam
1477 799 1603 854 dum
1655 805 1801 853 casta
1836 796 2136 866 Aplirodite

557 890 712 949 Fecit
740 892 807 947 ad
838 901 982 946 astra
1014 892 1178 954 viam,
1212 890 1325 945 XPI
1352 890 1515 945 modo
1545 889 1743 959 gaudet
1786 890 1837 943 in
1868 888 2025 943 aula:

558 983 781 1039 Restitit
810 983 926 1039 tunc
955 983 1155 1037 mundo
1186 998 1420 1052 semper.
1451 982 1690 1037 cmlestia
1715 994 1984 1050 qtiaerens,

560 1075 774 1147 Optima
810 1076 1077 1131 servatrix
1115 1075 1273 1147 legis,
1310 1072 1542 1147 ﬁdeique
1570 1076 1825 1146 magistra
1859 1090 1873 1139 ;

636 1216 651 1244 ¹
682 1212 837 1269 Grut.
871 1228 927 1283 p.
960 1212 1122 1280 1177,
1152 1211 1353 1267 Edidit.

1492 250 1737 310 SANCTI
1777 250 2033 310 DAMAS]
2074 249 2282 309 PAPIE
2324 250 2635 309 CARMINA
2674 252 2976 310 INEDITA.
3071 256 3080 275 ‘

3743 263 3837 321 416

2184 396 2240 457 Α
2266 389 2420 446 Dedit
2448 392 2463 421 ⁸
2493 392 2763 462 egregiam
2790 394 2993 448 sanctis
3022 407 3118 464 per
3156 396 3355 450 saecula
3382 374 3617 453 mentem

2266 484 2412 540 Inter
2432 488 2451 516 ¹
2473 485 2701 541 eximios
2730 485 2965 555 paradisi
2991 498 3180 558 regnat
3205 489 3408 545 odores
3429 532 3445 557 ,

2264 576 2534 647 Tempore
2555 577 2812 633 continuo
2832 590 3057 633 vernant
3081 580 3168 635 ubi
3194 582 3444 651 gramina
3466 584 3697 652 quasvis:

2265 671 2634 741 Expectatque
2666 672 2855 738 Deum,
2880 688 3105 743 superas
3128 690 3235 745 quo
3275 686 3466 747 surgat
3490 677 3560 731 ad
3582 692 3753 735 auras.

2263 762 2379 818 Hoc
2411 765 2585 834 posuit
2614 779 2810 833 corpus
2831 767 3055 830 tumulo,
3089 767 3336 822 mortalia
3373 768 3659 839 linquens,

2275 856 2645 929 Fundavitque
2668 858 2843 913 locum
2873 859 3067 931 conjux
3099 859 3232 915 Eva.
3280 903 3293 914 .
3338 903 3351 916 .
3388 905 3408 919 .
3452 866 3521 917 A.
3560 863 3628 918 N.
3670 863 3729 921 S.

2825 987 2945 1026 DEP.
2990 988 3076 1026 DIE
3120 1012 3134 1025 .
3181 1011 3193 1024 .
3242 1012 3255 1024 .

2662 1078 2891 1119 ANTONIO
2938 1080 3007 1119 E'I'
3052 1079 3279 1119 SUAGMO
3315 1080 3467 1121 CONS.

2344 1208 2363 1239 ’
2395 1204 2614 1261 Gruter.
2650 1203 2779 1258 Inde
2822 1220 2931 1273 per.

562 1343 3828 1377 ,________________________________..________

1667 1432 2209 1519 CARMINA
2286 1432 2802 1517 INEDITA.

1611 1575 1706 1641 (Ex
1734 1577 1970 1626 Aneedot.
1997 1588 2093 1625 sae.
2121 1574 2182 1624 D.
2206 1573 2271 1624 de
2293 1572 2458 1634 Levis,
2486 1585 2599 1635 pag.
2637 1572 2715 1634 l7,
2741 1572 2848 1633 20.)

1127 1767 1587 1826 OBSERVATIO.

637 1885 843 1940 Certum
874 1885 1321 1955 indubitatumque
1352 1894 1428 1939 est
1457 1885 1681 1957 primum
1712 1883 1944 1937 omnium
1991 1880 2159 1947 scrip-

568 1988 753 2041 torum,
780 1980 865 2048 qui
893 1981 1084 2033 notauit
1111 1996 1216 2033 corr
1227 1980 1381 2051 plura
1411 1996 1475 2034 ea:
1504 1977 1717 2032 Damasi
1743 1975 2053 2031 carminibus
2081 1974 2164 2028 in-

569 2074 869 2140 tercidisse,
902 2083 948 2127 et
994 2073 1204 2143 quidem
1251 2074 1454 2142 potiora
1475 2114 1488 2138 ,
1520 2076 1679 2143 fuisse
1705 2068 2160 2125 eminentissimum

565 2168 883 2222 cardinalem
910 2165 1193 2220 Baronimn
1226 2166 1295 2219 ad
1324 2181 1517 2219 annum
1559 2165 1664 2219 584
1686 2206 1700 2228 ,
1735 2164 1762 2235 ᾗ
1788 2163 1854 2216 ‘21
1881 2172 1929 2217 et
1956 2162 2046 2216 51.
2095 2160 2161 2214 Et

565 2274 879 2329 quamquam
910 2256 1132 2311 Martius
1179 2256 1423 2310 Milesius
1452 2256 1767 2311 Sarazanius
1797 2256 2017 2326 vulgatis
2056 2252 2162 2306 Pa-

568 2352 742 2405 latinis
767 2350 1077 2404 membranis
1100 2367 1129 2402 n
1154 2349 1376 2404 Grutero
1389 2367 1544 2419 opera
1557 2349 1840 2419 collegerit,
1867 2350 2167 2419 primusque

564 2440 899 2495 illustraverit
921 2483 935 2505 ,
967 2457 1079 2511 qua:
1105 2440 1341 2496 absoluta
1369 2458 1505 2495 anno
1532 2440 1671 2495 1658
1701 2439 1979 2493 Federicus
2004 2437 2165 2493 Ubal-

569 2534 725 2587 diuus
757 2534 891 2603 typis
920 2532 1078 2586 edidit
1109 2550 1127 2587 :
1170 2534 1266 2588 hoc
1295 2543 1463 2587 tamen
1491 2550 1605 2587 cum
1651 2531 1880 2586 Baronio
1904 2532 1961 2585 in
1996 2531 2166 2584 novis-

568 2626 700 2681 sima
724 2642 817 2679 sua
845 2623 907 2680 S.
943 2625 1162 2680 Damasi
1187 2643 1399 2696 operum
1428 2627 1652 2681 editione
1683 2636 1868 2692 aucta,
1893 2634 2043 2695 atque
2071 2624 2165 2678 ad-

566 2721 724 2794 jectis
752 2721 1011 2788 opusculis
1038 2720 1201 2774 eidem
1230 2721 1519 2775 beatissimo
1558 2738 1707 2793 papa:
1734 2722 1868 2792 {also
1909 2719 2163 2773 attributis

573 2813 785 2882 vulgata
827 2811 1007 2867 Roma:
1040 2814 1175 2869 1754
1198 2856 1211 2879 ,
1246 2824 1294 2868 et
1337 2815 1538 2868 clariss.
1573 2816 1823 2868 Antonius
1851 2812 2022 2867 Maria
2056 2812 2167 2867 Me-

571 2905 731 2961 renda
764 2907 826 2959 de
855 2907 1171 2961 carminibus
1208 2908 1415 2978 loquens
1442 2925 1557 2961 cum
1591 2908 1650 2963 S.
1693 2907 2029 2979 Hieronymo,
2060 2905 2163 2961 Ca-

572 3000 745 3071 talogo
774 3001 836 3053 de
870 3000 1009 3055 Viris
1052 3000 1338 3055 illustribus
1366 3019 1479 3073 cap.
1510 3003 1564 3065 5,
1598 3003 1753 3055 simili
1776 3003 1929 3055 modo
1957 3003 2167 3055 conclu-

572 3105 771 3150 serunt.
803 3093 942 3149 Nam
972 3111 1035 3149 ea:
1064 3094 1127 3150 S.
1165 3084 1481 3167 Hieronymo
1505 3097 1801 3162 edocemur,
1834 3098 1887 3151 in
1917 3097 2165 3152 versibus

2194 1832 2243 1892 B

2882 1765 3172 1821 CARMEN
3217 1766 3255 1821 l.

2609 1882 2672 1937 In
2704 1882 2973 1952 Epistolas
2996 1880 3066 1936 D.
3097 1880 3255 1937 Pauli
3285 1884 3541 1953 apostoli.

2268 1995 2407 2052 Sunt
2437 1996 2524 2050 hic
2550 1997 2703 2066 plura
2735 2010 2911 2058 sacra,
2934 2005 3060 2050 sunt
3080 1996 3167 2049 liic
3193 1996 3465 2050 mundalia
3498 1998 3699 2067 plura;

2343 2088 2417 2142 Ex
2448 2088 2552 2150 bis,
2583 2087 2630 2141 si
2662 2103 2779 2156 qua:
2812 2087 3060 2156 placent,
3093 2088 3335 2142 carmina
3366 2089 3523 2152 tolle.
3556 2089 3704 2159 lege.

2266 2181 2424 2236 Prata
2460 2180 2611 2235 vides
2643 2180 2801 2249 plena
2834 2182 3035 2250 spinis,
3066 2191 3119 2235 et
3149 2182 3303 2250 c0pia
3330 2180 3567 2245 ﬂorum;

2344 2272 2399 2327 Si
2433 2272 2513 2325 vis
2546 2281 2601 2325 tu
2632 2273 2817 2340 spinas
2848 2288 3085 2340 sumere,
3118 2289 3272 2327 sume
3296 2288 3469 2329 rosas.

2275 2364 2375 2420 llic
2400 2355 2625 2434 gemina:
2656 2365 2869 2418 radiant
2903 2365 3206 2420 veneranda
3233 2367 3505 2421 volumina
3535 2368 3703 2439 legis,

2344 2457 2574 2513 Condita
2602 2466 2729 2513 sunt
2756 2459 2955 2527 pariter
2977 2459 3061 2513 hic
3091 2476 3227 2514 nova
3256 2476 3376 2515 cum
3403 2464 3609 2518 veteri.

2869 2550 3151 2605 CARMEN
3196 2553 3258 2607 ll.

2647 2643 2712 2697 ln
2741 2644 2947 2698 laudem
2977 2643 3040 2699 Β.
3073 2645 3230 2698 Pauli
3259 2647 3497 2715 apostoli.

2266 2744 2464 2799 Saulus
2493 2754 2611 2799 erat
2638 2754 2659 2781 τι
2692 2745 2963 2815 quondam
2998 2760 3300 2816 cognomen
3330 2747 3428 2801 rite
3461 2748 3711 2804 tenendo
3736 2789 3750 2811 ,

2342 2838 2473 2893 Nam
2504 2839 2649 2893 velut
2678 2840 2908 2893 emerito
2930 2840 3178 2908 dogmata
3211 2855 3333 2893 vera
3365 2840 3589 2909 premit.

2268 2929 2399 2998 Quis
2426 2930 2638 2985 tandem
2672 2932 2887 2999 penitus
2918 2932 3196 2985 traductus
3220 2931 3426 2986 lumine
3459 2948 3615 2998 vero,

2341 3022 2540 3078 Paulus
2571 3032 2627 3077 ut
2652 3025 2902 3087 emeruit,
2928 3010 3151 3078 nomine
3177 3023 3375 3094 dignus
3396 3025 3550 3078 erat?

2272 3116 2500 3171 Lumine
2524 3118 2769 3187 privatus
2798 3117 3138 3185 mantis,jani
3158 3133 3309 3171 sacra
3344 3118 3583 3179 vetabat;

571 3186 966 3257 componendis
1012 3188 1282 3259 ingenium
1314 3187 1531 3250 habuit.
1566 3197 1728 3257 atque
1772 3189 1942 3243 multa
1980 3189 2165 3243 brevia
2196 3180 2242 3243 C
2348 3180 2581 3266 Visum-1,
2623 3212 2749 3265 dum
2779 3180 3221 3281 rccipit’aeseril
3253 3228 3413 3266 omne
3441 3213 3610 3265 "eras.

571 3282 777 3349 edidit,
823 3298 939 3353 quae
967 3286 1141 3337 omnia
1190 3300 1289 3336 non
1340 3282 1525 3337 habere
1550 3282 1794 3353 fatentur.
1847 3282 1972 3336 Cum
2011 3283 2169 3353 igitur

572 3376 702 3430 mihi
730 3376 797 3430 ml
826 3392 1011 3429 manus
1045 3377 1302 3431 devenerit
1342 3378 1501 3431 codex
1529 3377 1943 3430 membranaceus
1988 3376 2171 3431 biblio-

575 3470 735 3523 theca:
782 3468 1178 3535 Novaiiciensis,
1221 3470 1455 3541 signatus
1488 3469 1550 3522 Α.
1582 3467 1672 3532 3.,
1698 3471 1885 3523 satculo
1910 3472 2087 3540 forsan
2117 3484 2169 3522 Ix

575 3563 659 3618 vel
676 3579 703 3616 ι
722 3564 1064 3635 conscriptus,
1091 3565 1355 3618 continens
1378 3562 1645 3632 Epistolas
1668 3562 1729 3616 Β.
1761 3562 1920 3617 Pauli
1943 3564 2172 3635 Apostali

580 3673 694 3711 cum
718 3658 1109 3729 prmfationibus
1138 3657 1201 3711 Β.
1240 3657 1564 3729 Hieronymi,
1596 3659 1826 3712 carmina
1848 3657 2100 3713 nonnulla
2121 3660 2173 3710 in

578 3750 833 3820 principio
867 3750 932 3804 Ι).
967 3749 1195 3805 Damaso
1222 3752 1468 3823 inscripta
1494 3754 1691 3821 reperi,
1721 3752 1855 3805 inter
1898 3767 2012 3820 qua:
2053 3751 2175 3803 ade-

582 3854 701 3898 rant
727 3845 853 3909 ista;
888 3861 951 3900 ne
973 3856 1145 3899 autem
1167 3847 1293 3907 lucc.
1325 3862 1440 3916 qua:
1460 3857 1659 3899 mature
1684 3862 1799 3899 cum
1815 3846 2035 3899 editione
2052 3862 2174 3914 ape-

576 3955 693 3994 runt
733 3939 793 3992 S.
837 3938 1087 4000 Damasi,
1131 3950 1237 3992 tum
1270 3938 1564 4003 Merendae,
1598 3949 1704 3991 tum
1736 3938 2012 3992 clarissimi
2051 3935 2176 3990 Gal-

578 4030 743 4083 landii
771 4041 893 4084 tant.
936 4029 1009 4082 Vl
1051 4028 1299 4083 Biblioth.
1352 4029 1465 4082 PP.
1517 4029 1589 4082 Ν.
1644 4028 1708 4081 γ.
1743 4045 1989 4100 perpensa
2012 4033 2173 4098 fuere,

578 4121 801 4188 inedita,
838 4130 885 4173 et
924 4120 1059 4191 stylo
1086 4121 1350 4173 simillima
1373 4160 1387 4181 ,
1411 4120 1811 4182 deperderentur
1830 4160 1845 4181 ,
1876 4119 1957 4172 edi
1978 4121 2177 4173 curavi-

577 4230 711 4275 ntus,
738 4223 791 4267 ut
812 4223 1017 4283 gratum
1040 4214 1244 4278 cupidis
1267 4213 1340 4267 rei
1373 4212 1728 4267 ecclesiastij
1769 4213 2051 4281 faceremus
2075 4254 2090 4279 ,
2123 4225 2178 4266 ut

580 4308 796 4380 quisque
823 4310 983 4379 possit
1032 4308 1173 4373 lucc,
1219 4324 1332 4378 qua:
1372 4307 1660 4361 lucidamus
1703 4307 2019 4379 perpendere
2062 4324 2179 4363 cum

585 4400 737 4456 editis
770 4415 784 4452 :
817 4418 983 4471 pauca
1003 4400 1252 4455 adnotare
1275 4401 1499 4455 contenti
1520 4401 1736 4472 fuimus.

656 4514 773 4570 Etsi
811 4517 921 4571 lucc
957 4516 1187 4571 carmina
1214 4517 1443 4584 pluribus
1464 4525 1691 4571 scateant
1715 4516 1911 4571 mendis
1952 4516 2006 4569 in
2045 4524 2178 4569 vete-

2274 3305 2539 3362 Gentibus
2570 3307 2657 3362 hic
2687 3307 2855 3362 tradit
2885 3323 3012 3362 vera
3040 3318 3060 3344 ο
3094 3317 3361 3376 prmcepta
3387 3306 3659 3375 magistri,

2282 3402 2291 3411 '
2345 3397 2623 3454 Convocat
2648 3410 2703 3453 et
2730 3410 2959 3454 cunctos
2980 3398 3238 3468 dogmate
3262 3396 3543 3463 niellilluo,

2274 3489 2540 3546 Cordibus
2570 3492 2813 3545 obtunsis
2845 3499 3051 3545 reserat
3080 3506 3272 3545 arcana
3303 3491 3477 3555 beata,

2347 3584 2479 3651 Qua:
2510 3584 2725 3639 tandvm
2760 3584 2999 3639 tenebris
3025 3583 3234 3653 fulgure
3264 3584 3424 3653 plena
3457 3592 3627 3652 parat.

2275 3680 2415 3738 Solis
2446 3698 2595 3736 more
2625 3682 2785 3735 micat
2814 3680 2992 3735 radios
3020 3680 3325 3751 spargendo
3357 3696 3450 3747 per
3478 3678 3693 3747 orbem,

2351 3773 2517 3827 Lucet
2544 3781 2597 3827 ct
2625 3774 2675 3826 in
2700 3773 2912 3826 cunctis
2942 3774 3140 3827 clarius
3171 3774 3185 3803 ¹
3216 3772 3466 3842 eloquiis.

2280 3864 2396 3918 Alta
2430 3866 2562 3934 petit
2581 3861 2606 3899 ἀ
2639 3875 2823 3933 raptus
2846 3865 3086 3920 caelestia
3109 3864 3269 3919 verba
3296 3873 3516 3919 secutus

2350 3956 2481 4023 Qua:
2505 3959 2524 3989 ³
2557 3944 2733 4012 minus
2761 3958 2995 4012 humano
3024 3974 3119 4013 ore
3144 3960 3346 4014 referre
3371 3959 3514 4012 licet.

2282 4049 2559 4106 Fluctibus
2586 4051 2832 4105 obruitur
2864 4066 2959 4120 pro
2986 4050 3185 4107 Christi
3217 4051 3435 4106 nomine
3458 4062 3693 4115 mersus,

2351 4142 2588 4199 Cmditur
2611 4145 2871 4199 innocuus
2894 4146 3121 4201 verbere
3144 4145 3446 4212 multiplici.

2282 4218 2408 4293 Htec
2440 4236 2641 4306 patitur
2667 4236 2866 4291 Christi
2900 4253 2997 4307 per
3025 4252 3244 4292 carnem
3267 4236 3286 4257 ‘
3318 4238 3564 4307 stigmata
3597 4246 3819 4306 portans

2356 4330 2562 4397 Victor,
2594 4343 2647 4387 et
2672 4332 2915 4388 ascendit
2936 4331 3167 4386 culmina
3201 4330 3346 4385 clara
3379 4330 3509 4401 poli.

2284 4423 2341 4479 Si
2366 4433 2420 4479 tu
2448 4425 2646 4495 quique
2677 4424 2823 4494 legas
2854 4424 2873 4453 ³
2899 4422 3429 4493 perquirasjusserat
3452 4437 3573 4477 esse

2355 4519 2459 4574 Ista
2490 4520 2610 4587 quis
2632 4518 2923 4585 espedient
2946 4518 3200 4589 prospice
3228 4532 3348 4585 quae
3370 4526 3670 4572 remanent.

582 4614 721 4669 ribus
741 4614 1032 4679 codicibus,
1067 4625 1233 4668 tamen
1261 4617 1369 4668 tunc
1400 4615 1668 4668 emendare
1691 4628 1791 4668 non
1819 4612 1944 4666 duxi
1963 4653 1977 4678 ,
2011 4622 2065 4665 ut
2093 4628 2179 4682 ge—
2208 4591 2260 4651 D
2284 4613 2355 4668 At
2379 4623 2430 4667 te
2452 4611 2640 4667 colens
2661 4611 2806 4665 cultu
2840 4626 2935 4680 per
2968 4610 3091 4664 thus
3116 4609 3345 4664 haerebit
3373 4610 3424 4664 in
3448 4610 3571 4664 aula

584 4708 744 4760 nuina
772 4718 1018 4776 appareat
1045 4708 1230 4762 [torum
1253 4718 1492 4762 vetustas.

659 4846 673 4918 ἡ
717 4842 904 4918 Codex
938 4856 1121 4918 noster
1144 4847 1269 4918 legit
1292 4847 1632 4917 splendidius.

657 4917 677 4945 ²
717 4916 836 4971 Alio
867 4920 921 4971 in
947 4917 1135 4972 codice
1160 4916 1238 4973 sic
1269 4916 1463 4989 legitur
1488 4918 1574 4973 hic
1600 4934 1790 4976 versus
1816 4940 1830 4977 :

773 5011 893 5070 Quae
916 5022 1014 5060 non
1037 5010 1270 5061 mortales
1291 5024 1378 5061 ore
1410 5012 1602 5063 referre
1628 5013 1809 5064 valent.

662 5179 687 5205 ιι
717 5166 773 5222 1η
816 5165 1057 5221 carmine
1098 5180 1173 5219 vn
1203 5165 1445 5233 ejusdem
1484 5166 1543 5222 S.
1578 5167 1791 5221 Damasi
1824 5182 1973 5237 papse
2012 5166 2079 5223 de
2117 5166 2175 5222 S.

589 5240 757 5295 Paulo
785 5238 1054 5310 apostolo,
1100 5253 1256 5308 supra
1286 5236 1393 5293 col.
1450 5238 1591 5305 579,
1638 5254 1795 5294 versu
1826 5236 1916 5308 10,
1951 5239 2065 5296 hwc
2090 5236 2183 5293 lia-

600 5312 798 5367 bentur
824 5329 840 5367 :

654 5403 838 5455 Mutato
860 5403 1041 5467 placuit
1064 5408 1319 5467 postquam
1342 5402 1407 5453 de
1440 5402 1635 5453 nomine
1658 5401 1859 5452 Paulus.

664 5509 692 5547 ι’
733 5510 907 5565 Visum
935 5512 1014 5567 sic
1037 5526 1097 5568 se
1125 5513 1362 5584 explicat
1387 5513 1441 5567 in
1474 5526 1633 5567 versu
1656 5520 1850 5567 octavo
1882 5529 1894 5565 :

662 5600 875 5654 Auribus
897 5611 953 5653 ut
974 5604 1167 5657 Domini
1191 5618 1376 5667 vocem,
1408 5604 1669 5670 lucemque
1692 5607 1903 5669 recepit.

672 5717 695 5785 _c
739 5706 868 5766 Vera
892 5722 1163 5785 ρηεεερια.
1193 5711 1253 5768 ln
1294 5713 1541 5773 versibus
1568 5712 1635 5782 9,
1672 5712 1742 5771 15
1770 5722 1824 5771 et
1864 5712 1967 5784 16,
1996 5711 2183 5772 eadem

596 5776 773 5839 liabet.

2354 4703 2520 4759 Teter
2542 4704 2630 4758 ubi
2654 4718 2925 4773 nunquam
2956 4702 3179 4759 zabulus
3209 4717 3331 4758 esse
3361 4701 3519 4755 valet.

2356 4846 2377 4875 ³
2419 4844 2479 4900 Si
2534 4854 2588 4899 tu
2639 4846 2843 4918 quique.
2880 4844 3007 4900 Haec
3045 4853 3100 4900 et
3136 4846 3419 4916 sequentia
3458 4844 3616 4901 valde
3657 4842 3878 4900 obseura

2292 4927 2439 4975 sunt.

2351 5166 2817 5229 Composuitimores
2840 5164 3019 5229 Christi
3046 5172 3292 5228 praecepta
3316 5170 3536 5226 secutus,

2352 5228 2615 5288 Colloquiis
2642 5228 2831 5277 Domini
2860 5228 3053 5288 fruitur,
3081 5240 3276 5278 secreta
3299 5235 3525 5276 reservat

2354 5290 2596 5341 Gentibus
2620 5304 2677 5339 ac
2703 5290 2891 5353 populis
2908 5292 3074 5353 jussus
3096 5291 3364 5355 praedicere
3392 5302 3523 5340 vera.

2364 5396 2390 5433 ιι
2433 5397 2550 5451 Alta
2580 5399 2704 5464 petit
2727 5408 2784 5452 ut
2814 5398 2865 5453 in
2896 5414 3053 5453 versu
3082 5400 3169 5453 15.

2356 5512 2649 5565 Conscendit
2670 5520 2842 5577 raptus
2864 5520 3044 5577 martyr
3068 5512 3339 5577 penetralia
3364 5513 3560 5564 Christi.

2368 5628 2391 5657 ε
2437 5617 2562 5674 Htec
2588 5620 2785 5691 patitur
2804 5619 2869 5675 ad
2902 5626 3114 5673 Versum
3147 5617 3217 5673 22
3242 5616 3556 5689 respondit:

2357 5732 2595 5799 Stigmata
2618 5747 2717 5787 non
2741 5735 2903 5791 timuit
2926 5742 3117 5799 portare
3144 5736 3194 5787 in
3215 5746 3418 5796 corpore
3440 5730 3639 5784 Christi.
