4200 6178
364 277 483 335 ιη

364 414 540 467 Totus
566 421 683 467 erat
710 416 722 445 ³
756 412 945 483 pulsus
967 412 1037 469 de
1059 426 1272 469 summo
1297 413 1537 469 culmine
1572 413 1807 470 lirmanti

444 507 710 579 Eligimur
736 508 898 563 sociis
918 508 1083 577 gratis
1118 508 1435 564 honoriﬁce.

359 597 575 669 Pasqua
610 602 629 631 ²
660 599 900 671 lanigerii
925 599 1121 654 ﬂorent
1142 602 1260 656 sine
1284 601 1470 657 limine
1498 602 1679 658 marea

445 690 585 746 Ecce
608 692 768 762 quies
799 692 988 747 dubito
1010 708 1116 748 non
1145 693 1217 747 ibi
1247 695 1403 764 plena
1430 694 1566 750 fore.

361 780 578 838 Rumor
607 783 787 839 celsus
816 785 918 840 erit
946 800 1114 856 regno
1144 801 1266 841 cum
1298 802 1394 841 nos
1424 786 1754 857 gradiamur;

377 949 389 959 .
441 875 645 931 Terror
664 877 768 932 erit
798 877 981 946 lapsis,
1014 886 1073 931 ut
1098 878 1269 933 bonus
1297 879 1401 933 alta
1428 880 1581 949 petit.

364 968 736 1039 Volverequis
759 971 959 1040 poterit
984 972 1247 1027 caalorum
1264 974 1482 1042 praemia
1506 973 1675 1027 dicta?

442 1060 625 1127 Salve,
658 1062 821 1117 chare
843 1063 1024 1130 Pater,
1059 1064 1243 1134 accipe
1269 1066 1523 1136 quodque
1555 1068 1711 1137 petis.

969 1176 1154 1232 CARM
1163 1178 1247 1232 EN
1274 1179 1359 1234 lll.

835 1268 916 1324 De
944 1286 1093 1339 paena
1124 1269 1500 1343 Redemptoris.

439 1359 607 1418 Pana
652 1361 1035 1432 Redemptoris
1066 1362 1163 1417 fuit
1194 1363 1309 1419 hzec
1338 1365 1423 1418 via
1449 1365 1607 1433 plena
1637 1365 1844 1421 doloris
1874 1382 1893 1419 :

440 1453 633 1523 Sputa,
664 1455 896 1525 ﬂagella,
932 1454 1085 1521 foris,
1126 1471 1261 1511 crux
1283 1498 1295 1522 ,
1324 1448 1545 1528 spongia
1576 1456 1797 1513 furoris.

442 1595 456 1623 ‘
508 1592 663 1648 Totus
694 1606 803 1648 erat
834 1593 1041 1649 Desinit
1078 1609 1268 1650 versus
1307 1596 1477 1651 verbo
1506 1596 1758 1665 ﬁrmanti,
1805 1595 1973 1651 credo

363 1667 679 1737 [imitamenti
691 1682 711 1730 ;
747 1666 988 1734 adquue
1005 1666 1214 1737 corrige
1245 1668 1376 1721 caeli.

438 1740 457 1768 ²
504 1735 709 1807 Pasqua
736 1737 1003 1807 lanigert'i,
1027 1735 1232 1793 Vereor
1271 1753 1339 1793 ne
1367 1739 1474 1805 hic,
1516 1748 1571 1793 et
1599 1740 1652 1795 in
1686 1739 1967 1811 sequenti-

1860 278 2205 338 ADDENDA.

2002 1712 2051 1773 B

3569 284 3676 343 «H8

2149 415 2385 484 Impetus
2410 412 2673 481 horroris,
2696 422 2749 471 et
2773 430 2955 487 myrra
2981 416 3217 488 saporis,

2148 508 2328 578 Spina:
2352 509 2597 574 terroris,
2624 508 2715 575 fel,
2743 510 2899 578 clavi,
2927 512 3103 581 palor,
3134 521 3188 567 et
3209 511 3417 568 doloris

2147 602 2389 668 Clamor,
2418 604 2668 659 maeroris
2695 619 2885 674 aequa,
2920 605 3131 672 lancea,
3162 614 3310 677 gutta
3342 607 3551 662 cruoris
3586 624 3598 661 :

2147 696 2254 753 Cor
2284 698 2584 768 peccatoris
2608 697 2805 769 frangit
2828 698 2915 769 pia
2943 699 3093 770 signa
3125 700 3347 756 amoris.

2151 875 2311 929 Nota.
2347 875 2458 929 Hoc
2480 884 2692 931 erutum
2738 875 2839 930 fuit
2866 891 2932 931 ex
2967 877 3155 933 codice
3197 888 3384 934 nostro
3424 890 3672 937 cartacco

2078 945 2129 1019 in
2162 958 2372 1019 (μυξη-ιο,
2404 956 2463 999 ut
2484 948 2843 1019 communiter
2864 947 3077 1019 dicitur,
3104 950 3314 1019 signato
3344 951 3381 1004 l.
3414 951 3477 1005 N.
3510 954 3669 1016 1000.

2079 1018 2131 1072 in
2160 1034 2266 1087 quo
2304 1018 2499 1087 adsunt
2549 1017 2907 1071 Meditationes
2944 1018 3005 1074 B.
3066 1017 3321 1074 Her-nardi
3366 1021 3562 1078 abbatis
3606 1025 3670 1078 de

2072 1086 2307 1155 passione
2357 1086 2548 1171 Cjtristi
2574 1106 2727 1159 super
2770 1099 2961 1160 septem
3000 1090 3142 1145 horis
3184 1092 3442 1147 canonicis
3470 1096 3671 1150 sarculo

2072 1175 2166 1214 xw
2190 1170 2519 1230 conscripto.

2141 1252 2439 1327 Consulant
2466 1253 2664 1327 eruditi
2695 1268 2923 1327 carmen
2945 1271 3016 1309 v1.
3043 1255 3111 1310 de
3139 1259 3513 1327 coguomenlis
3551 1258 3671 1314 Sal—

2069 1324 2271 1449 tv'a'tgiris
2299 1339 2419 1394 pag.
2467 1325 2573 1380 546
2616 1326 2756 1397 apud
2807 1325 3151 1384 Gallandium
3194 1324 3444 1401 superius
3485 1330 3673 1386 lauda-

2081 1598 2180 1671 b‘us
2202 1597 2445 1671 versibus
2468 1597 2643 1653 desint
2671 1598 2848 1671 aliqua
2871 1598 3110 1654 carmina
3138 1599 3344 1657 incuria
3377 1617 3671 1661 amanuen-

2080 1668 2175 1725 sis.
2209 1668 2341 1724 Nam
2369 1668 2785 1726 obscurissimus
2815 1680 2899 1727 est
2919 1685 3134 1728 sensus.

1724 2011 2320 2095 ADDENDA.

998 2176 1328 2234 MONITUM.

443 2272 693 2327 Absoluta
705 2274 820 2344 jam
838 2271 1171 2343 impressione
1193 2270 1583 2325 communicata:
1608 2270 1731 2324 mihi
1759 2273 1966 2342 fuerunt

366 2367 729 2421 aunotationes
752 2365 948 2433 aliquot
996 2374 1043 2417 et
1085 2364 1456 2418 observationes
1484 2363 1654 2416 studio
1685 2373 1836 2433 atque
1864 2364 1965 2416 Itu-

370 2461 617 2514 manitate
638 2459 731 2511 viri
764 2458 892 2511 clar.
921 2456 983 2512 D.
1016 2457 1210 2511 abbatis
1245 2456 1556 2521 Terribilini,
1581 2471 1710 2526 quas
1730 2455 1825 2510 hoc
1855 2457 1967 2510 loco

366 2551 694 2624 adjiciendus
725 2550 868 2620 operi
902 2551 1111 2617 censui,
1156 2566 1215 2603 ne
1259 2550 1469 2603 lectores
1507 2566 1684 2603 earum
1726 2550 1967 2619 bene/icio

371 2644 692 2713 fraudarem.

443 2734 726 2790 Existimat
757 2736 1009 2808 igituroir
1034 2736 1123 2790 ille
1152 2737 1383 2791 eruditus
1412 2739 1580 2808 primo
1603 2738 1735 2803 loco,
1772 2736 1969 2791 Dama-

367 2848 483 2885 sum
507 2831 687 2886 Romae
713 2841 885 2885 ortum
908 2833 1091 2903 fuisse,
1118 2834 1375 2902 utiturque
1397 2833 1466 2885 ad
1494 2834 1629 2885 lianc
1651 2833 1962 2901 conﬁrman-

368 2925 491 2977 dum
517 2925 813 2994 opinionem
840 2926 1124 2979 rationibus
1151 2926 1235 2988 iis,
1265 2942 1391 2993 quas
1411 2940 1506 2994 ego
1531 2926 1697 2997 attigi.
1726 2925 1971 2979 Observat

365 3018 526 3070 etiam
575 3017 747 3085 plures
787 3033 896 3070 esse
930 3024 1118 3071 veteres
1155 3017 1430 3086 scriptores
1476 3034 1506 3069 a
1546 3016 1833 3071 Saraziauo
1860 3057 1873 3080 ,
1923 3024 1969 3069 et

2066 2174 2316 2245 Ursinus,
2348 2176 2605 2233 Romamn
2638 2178 2901 2234 Ecclesiae
2925 2164 3207 2248 diaconus,
3242 2181 3528 2239 Damasum
3558 2185 3660 2242 sibi

2067 2270 2345 2340 prmlatum
2380 2286 2483 2323 nou
2520 2269 2726 2338 ferens,
2776 2272 2830 2325 in
2878 2280 3083 2326 tantum
3114 2273 3311 2329 luroris
3342 2276 3519 2346 erupit
3550 2319 3565 2340 ,
3613 2286 3672 2332 ut

2072 2378 2335 2432 persuaso
2362 2363 2594 2433 quodam
2631 2363 2885 2433 imperito
2914 2374 2978 2420 ac
3007 2366 3205 2436 agresti
3239 2366 3495 2436 episcopo
3518 2408 3533 2433 ,
3562 2367 3671 2423 eol-

2068 2454 2209 2510 lecta
2234 2455 2664 2510 turbulentorum
2689 2464 2743 2510 et
2764 2456 3147 2512 seditiosorum
3171 2456 3451 2513 hominum
3483 2476 3669 2527 manu,

2074 2548 2127 2603 in
2172 2548 2410 2612 basilica,
2458 2566 2576 2620 qua:
2623 2549 2849 2605 Sicinini
2889 2552 3210 2620 appellatur,
3252 2552 3570 2624 episcopum
3613 2568 3674 2611 se

2075 2641 2190 2697 ﬁeri
2218 2651 2571 2713 extorqueret
2598 2660 2610 2696 :
2641 2643 2875 2713 legibus,
2906 2643 3119 2710 ordine,
3151 2653 3205 2699 et
3229 2644 3518 2701 traditione
3548 2662 3674 2716 per-

2075 2736 2267 2789 versis.
2299 2736 2485 2805 Itaque
2506 2752 2629 2791 cum
2681 2751 2787 2789 non
2836 2744 3042 2790 tantum
3069 2736 3359 2806 suffragiis,
3386 2738 3481 2793 sed
3507 2739 3672 2796 etiam

2071 2826 2122 2878 vi
2150 2836 2206 2880 et
2232 2826 2401 2881 armis
2430 2843 2519 2882 res
2545 2836 2797 2894 ageretur
2821 2845 2833 2881 :
2864 2828 3017 2882 multi
3046 2830 3316 2900 utrimque
3334 2831 3668 2888 ceciderunt.

2075 2917 2392 2973 Ammianus
2422 2919 2765 2974 Marcellinus
2795 2919 2913 2989 ejus
2942 2922 3204 2992 temporis
3233 2920 3545 2991 historicus,
3578 2918 3669 2981 re-

2076 3008 2172 3063 fert
2207 3018 2422 3064 centum
2458 3011 2674 3080 triginta
2698 3022 2907 3081 septem
2941 3028 3050 3067 uno
3079 3014 3184 3081 die,
3214 3014 3265 3069 in
3292 3014 3508 3071 basilica
3534 3016 3669 3072 Sici-

367 3111 677 3165 Cuustantio
706 3119 1037 3176 memoratos,
1066 3110 1153 3179 qui
1177 3111 1237 3162 de
1259 3126 1314 3163 eo
1334 3110 1576 3179 pontiﬁce
1597 3120 1775 3181 agunt,
1796 3110 1972 3163 illum—
1999 3081 2045 3144 C
2078 3102 2191 3156 nini
2224 3114 2625 3173 peremptorum
2684 3115 2896 3174 reperta
2929 3104 3097 3161 fuisse
3119 3106 3403 3163 cadavera.
3432 3108 3674 3180 Denique

364 3219 465 3274 que
489 3203 739 3257 laudant:
766 3212 817 3256 at
839 3219 902 3256 ea:
922 3204 995 3257 eis
1023 3219 1085 3255 ne
1105 3218 1263 3255 unum
1285 3202 1508 3270 quidem,
1532 3204 1619 3272 qui
1643 3219 1754 3256 eum
1784 3202 1975 3271 Hispa-

366 3313 495 3349 num
527 3295 719 3349 dixerit
756 3305 874 3349 ante
914 3295 1219 3366 Catalogum
1266 3295 1612 3348 Romanorum
1645 3296 1968 3366 pontiﬁcum,

362 3408 517 3456 quem
552 3390 645 3444 sub
690 3388 867 3443 Felice
909 3387 986 3442 IV
1022 3390 1371 3459 conscriptum
1399 3389 1545 3441 aiunt
1572 3428 1586 3453 ,
1628 3398 1719 3441 aut
1750 3389 1972 3442 Anasta-

366 3484 529 3547 sium,
572 3498 603 3534 a
632 3498 730 3550 quo
766 3481 1071 3552 Catalogum
1103 3481 1251 3535 illum
1304 3482 1617 3551 exscriptum
1654 3490 1835 3551 putant
1882 3480 1972 3533 sed

366 3576 642 3643 utriusque
681 3576 836 3645 Imjus
870 3575 1134 3645 scriptoris
1168 3574 1308 3627 haud
1339 3590 1575 3645 magnam
1606 3590 1713 3628 esse
1747 3576 1972 3628 auctori-

365 3676 525 3719 tatem
549 3676 734 3719 censet.
767 3665 931 3732 Alfert
962 3667 1148 3720 deinde
1176 3668 1482 3720 recentiores
1511 3682 1572 3719 ea:
1599 3666 1795 3736 inclyta
1826 3677 1971 3736 gente

361 3759 464 3813 illa
492 3769 746 3824 auctores,
777 3776 837 3812 ac
876 3775 961 3814 eos
998 3761 1069 3812 ait
1100 3758 1246 3812 nullo
1277 3758 1443 3812 solido
1476 3758 1811 3829 fundamento
1849 3760 1966 3825 uiti,

360 3861 716 3920 praetereaque
764 3852 829 3905 de
868 3852 980 3906 loco
1010 3851 1293 3922 digladiari
1334 3852 1466 3905 inter
1502 3868 1590 3916 se;
1627 3862 1879 3919 postremo
1908 3868 1971 3906 ea:

361 3942 635 3997 Breuiurio
674 3942 923 3997 Eborensi
953 3960 1087 3997 anno
1122 3942 1261 3999 15i8
1289 3944 1541 4012 impresso
1571 3944 1812 3997 exscribit
1852 3961 1970 3998 ora-

366 4040 598 4103 tionem,
641 4046 686 4090 et
726 4038 963 4091 lectiones
1006 4035 1053 4089 F
1056 4046 1162 4091 esto
1191 4037 1251 4092 S.
1286 4036 1503 4091 Damasi
1534 4038 1967 4093 accommodatas.

364 4127 455 4180 En
477 4143 593 4182 vero
615 4128 711 4181 Itoc
736 4128 1081 4183 lococollecta
1102 4130 1293 4182 omnia.

362 4243 450 4299 Es
477 4243 757 4305 Breviario
784 4244 1077 4298 Ehorensis
1109 4242 1372 4298 Ecclesiae
1398 4244 1451 4298 in
1483 4243 1791 4309 Lusitania,
1827 4244 1968 4315 typis

680 4337 946 4407 impresso
990 4351 1130 4392 anno
1184 4336 1343 4403 1548,
1374 4351 1494 4409 pag.
1522 4337 1649 4393 857.

709 4470 775 4525 ΙΝ
813 4467 1035 4526 FESTO
1073 4468 1321 4526 SANCTI
1364 4468 1621 4525 DAMASI

834 4581 979 4619 ΡΛΡᾸΞ
1016 4581 1082 4619 ετ
1110 4578 1478 4620 CONFESSORIS.

444 4681 646 4735 Oratio.
674 4711 746 4722 —
777 4679 1201 4735 Misericordiam
1239 4688 1383 4733 tuam
1404 4721 1417 4743 ,
1459 4677 1718 4743 Domine,
1750 4692 1965 4748 quaesu-

360 4790 515 4839 mus,
546 4773 703 4828 nobis
725 4773 1120 4829 interveniente
1151 4772 1311 4827 beato
1342 4770 1658 4827 confessore
1689 4779 1783 4826 tuo
1807 4780 1969 4841 atque

357 4867 627 4939 pontiﬁce
669 4867 929 4931 Damaso,
979 4866 1276 4920 clementer
1313 4863 1604 4935 impende:
1656 4863 1967 4934 nostrisque

358 4962 582 5017 delictis
611 4960 781 5031 ipsius
809 4958 1100 5029 propitiare
1128 4956 1421 5028 suﬁ'ragiis.
1454 4956 1512 5010 P.

441 5053 585 5105 Lect.
624 5049 675 5104 I.
706 5081 777 5090 —
812 5050 1009 5105 Beatus
1040 5050 1304 5104 Damasus
1331 5088 1347 5113 ,
1396 5048 1556 5107 huius
1588 5046 1826 5101 nominis
1858 5046 1967 5118 pri-

361 5158 527 5209 mus,
569 5146 784 5198 natione
834 5142 1133 5212 Hispanus,
1183 5143 1353 5211 patria
1402 5138 1845 5205 Vimaranensis,
1899 5154 1964 5193 ex

356 5235 692 5293 Braeareusi
750 5236 1070 5307 provincia,
1126 5243 1280 5305 patre
1334 5234 1611 5299 Antonio,
1668 5232 1966 5288 secundum

356 5329 757 5401 Hieronymum
801 5329 855 5383 in
900 5328 1263 5383 ecclesiastica
1308 5326 1545 5382 Historia
1588 5326 1838 5391 Liberio,
1876 5340 1967 5379 sc-

357 5426 603 5482 cnndum
639 5440 765 5480 vero
793 5426 928 5478 alios
966 5423 1134 5479 Felici
1170 5423 1211 5477 ll
1240 5423 1291 5476 in
1322 5420 1636 5491 pontiﬁcatu
1663 5420 1962 5486 successit,

358 5534 514 5573 anno
538 5518 749 5573 Domini
778 5516 907 5582 569,
936 5517 1037 5571 sub
1062 5514 1445 5570 Valentiniano
1472 5525 1524 5568 et
1549 5513 1775 5568 Valente
1799 5514 1968 5581 impe-

357 5610 659 5666 ratoribus.
711 5609 864 5665 Sedit
917 5608 1075 5663 annis
1126 5608 1314 5663 decem
1370 5614 1425 5662 et
1478 5618 1643 5674 octo,
1694 5604 1969 5661 mensibus

358 5703 602 5770 duobus,
633 5702 824 5759 diebus
850 5701 1060 5758 decem.
1096 5700 1159 5755 Τ.

437 5794 583 5851 Lect.
620 5793 706 5849 Η.
740 5824 819 5869 —-_
841 5793 1124 5851 Ursicinus
1152 5801 1365 5862 autem,
1397 5792 1515 5860 vel,
1546 5801 1605 5849 ut
1632 5791 1722 5848 alii
1754 5791 1967 5863 legunt,

2077 3192 2420 3248 sacerdotum
2457 3204 2511 3248 et
2543 3194 2721 3263 populi
2750 3210 3018 3251 consensu
3044 3239 3056 3257 .
3090 3196 3349 3252 Damasus
3384 3199 3672 3253 conﬁrma-

2079 3294 2162 3338 tus
2191 3296 2273 3338 est
2299 3302 2310 3338 :
2338 3295 2393 3339 et
2425 3285 2706 3341 Ursicinus
2728 3288 2935 3355 ejectus
2956 3287 3024 3343 ab
3052 3287 3217 3355 Urbe,
3247 3299 3406 3359 atque
3436 3289 3502 3343 ad
3533 3289 3673 3346 Nea-

2076 3376 2371 3445 politanum
2403 3376 2701 3432 Ecelesiam
2732 3378 3031 3433 traductus.
3062 3378 3125 3433 Τ.

2147 3469 2291 3525 Lect.
2321 3468 2445 3523 III.
2473 3500 2538 3510 —
2568 3470 2825 3525 Damasus
2856 3479 3036 3526 autem
3062 3470 3130 3527 de
3158 3471 3428 3529 adulterio
3458 3488 3555 3544 per
3586 3474 3670 3529 in—

2075 3561 2275 3616 vidiam
2317 3570 2637 3625 accusatus,
2678 3561 2814 3617 facta
2848 3562 3056 3633 synodo
3100 3579 3283 3619 coram
3314 3566 3668 3638 quadraginta

2073 3663 2303 3723 quatuor
2351 3653 2621 3722 ejiSCODlS
2666 3670 2725 3709 se
2761 3657 3043 3725 purgavit:
3096 3672 3124 3710 a
3171 3656 3365 3728 quibus
3412 3660 3675 3716 innocens

2073 3743 2354 3798 absolutus
2380 3754 2481 3809 est,
2512 3755 2565 3800 et
2595 3754 2939 3800 accusatores
2965 3746 3083 3814 ejus
3104 3748 3440 3804 Concordius
3463 3759 3519 3805 et
3545 3750 3667 3806 Cal-

2072 3835 2237 3889 lixtus
2260 3836 2496 3904 diaconi,
2522 3836 2763 3891 damnati
2796 3837 3089 3908 rejectiqne
3114 3839 3183 3893 ab
3212 3840 3475 3895 Ecclesia.
3510 3842 3672 3898 Certe

2074 3927 2263 3984 beatus
2313 3928 2694 4002 Hieronymus,
2745 3931 2795 3985 in
2841 3932 3068 4001 epistola
3119 3933 3187 3988 ad
3238 3932 3668 4005 Pammacltium,

2074 4037 2180 4076 non
2209 4023 2385 4078 solum
2414 4024 2587 4079 virum
2621 4025 2898 4097 egregium
2926 4068 2941 4093 ,
2976 4036 3029 4081 et
3059 4026 3111 4081 in
3142 4027 3453 4098 'Scripturis
3490 4032 3675 4087 erudi-

2076 4127 2210 4184 tum,
2239 4117 2333 4173 sed
2360 4118 2625 4189 virginem
2660 4120 2823 4175 etiam
2854 4119 3077 4192 virginis
3103 4119 3363 4177 Ecclesia:
3388 4121 3668 4181 doctorem

2072 4212 2325 4283 appellat.
2360 4211 2421 4267 T.
2574 4288 2577 4291 ἰ
3497 4232 3501 4236 '

2143 4303 2285 4358 Lect.
2346 4303 2453 4359 IV.
2484 4336 2553 4345 —-
2578 4304 2819 4361 Tandem
2850 4314 3039 4376 pacata
3082 4305 3320 4363 Ecclesia
3347 4347 3362 4375 ,
3406 4308 3670 4366 Damasus

2073 4394 2187 4450 otio
2214 4394 2480 4451 litterario
2512 4396 2833 4463 delectatus,
2868 4397 3019 4452 Vitas
3048 4397 3369 4453 Pontiﬁcqu
3402 4401 3668 4465 omnium,

1990 4477 2045 4537 D
2072 4488 2161 4558 qui
2191 4495 2317 4543 ante
2345 4502 2404 4542 se
2444 4488 2595 4544 fuere
2618 4530 2633 4556 ,
2678 4488 2999 4557 conscripsit
3018 4531 3032 4554 ,
3084 4504 3284 4560 easque
3312 4490 3379 4544 ad
3408 4489 3673 4562 Hierony-

2071 4596 2219 4635 mum
2248 4580 2395 4635 misit
2425 4598 2439 4635 :
2482 4591 2535 4635 et
2576 4594 2699 4635 cum
2736 4580 2902 4634 multa
2930 4594 3159 4651 corpora
3191 4582 3517 4638 Sanctorum
3550 4598 3671 4652 per-

2071 4674 2292 4743 quirens
2321 4673 2640 4740 invenisset,
2686 4688 2875 4728 eorum
2907 4673 3121 4728 tumbas
3150 4674 3485 4730 carminibus
3510 4674 3671 4731 ador-

2073 4768 2237 4823 navit.
2295 4766 2529 4838 Elegans
2586 4766 2731 4822 enim
2788 4766 2841 4821 in
2898 4767 3291 4837 componendis
3334 4770 3671 4827 carminibus

2073 4860 2346 4931 ingenium
2398 4859 2603 4915 habuit.
2658 4859 2821 4915 Multa
2880 4860 3064 4918 brevia
3115 4863 3373 4933 opuscula
3434 4862 3671 4922 heroicis

2073 4954 2319 5009 versibus
2349 4954 2692 5022 composuit:
2740 4953 3012 5023 Epistolas
3044 4954 3175 5010 item
3206 4956 3425 5013 multas.
3459 4956 3523 5012 T.

2143 5045 2285 5101 Lect.
2311 5044 2448 5101 V.—
2468 5045 2691 5115 'l‘empla
2708 5045 3268 5118 cultumqnedivinum
3289 5050 3436 5103 auxit
3450 5063 3670 5120 magno-

2072 5153 2222 5209 pere.
2257 5138 2401 5193 Duas
2426 5138 2571 5194 enim
2602 5138 2853 5195 basilicas
2878 5140 3201 5209 azdiﬁcavit,
3243 5143 3467 5198 alteram
3516 5144 3670 5211 juxta

2075 5235 2377 5299 theatrum,
2404 5233 2628 5289 alteram
2681 5234 2764 5289 via
2808 5233 3133 5303 Ardeatina,
3181 5236 3247 5291 ad
3284 5236 3667 5305 catacumbas,

2074 5323 2381 5379 dedicavit:
2433 5335 2487 5380 et
2517 5326 2852 5393 Platoniam,
2883 5328 2975 5382 ubi
3018 5342 3246 5397 corpora
3297 5326 3668 5393 apostolorum

2073 5418 2216 5474 Petri
2240 5427 2290 5474 et
2319 5418 2467 5473 Pauli
2498 5420 2788 5489 aliquando
2811 5421 3095 5489 jacueraut
3120 5463 3132 5484 ,
3162 5427 3218 5474 et
3241 5433 3472 5489 corpora
3513 5435 3675 5478 sanc-

2074 5520 2252 5568 torum
2284 5529 2350 5570 eo
2379 5514 2482 5569 loci
2528 5515 2736 5584 sepulta
2766 5557 2780 5581 ,
2826 5514 3075 5570 versibus
3103 5514 3417 5582 exornavit,
3451 5516 3517 5572 ad
3550 5532 3678 5588 pos-

2076 5607 2302 5662 teritatis
2328 5606 2668 5662 memoriam.
2709 5607 2772 5661 Τ.

2144 5697 2285 5752 Lect.
2318 5697 2495 5752 VL—
2539 5697 2821 5753 Basilicam
2870 5713 3036 5767 vero,
3083 5715 3244 5770 quam
3296 5700 3347 5755 in
3400 5701 3666 5760 honorem

2072 5791 2248 5849 sancti
2278 5790 2555 5848 Laurentii
2585 5808 2689 5849 non
2720 5792 2877 5865 longe
2904 5809 2935 5849 a
2957 5793 3169 5853 theatro
3192 5795 3522 5870 Pompeiano
3542 5812 3674 5855 con-
