4200 6178
339 285 444 346 ιει

1819 279 2164 346 ADDENDA.

3535 257 3640 344 te

403 405 674 475 Alumnus
708 411 762 459 et
793 403 1084 474 magister,
1116 411 1262 460 tomo
1287 403 1356 460 Iv
1388 405 1591 474 operis,
1623 369 1709 460 cui
1742 405 1928 461 titulus
1957 409 2005 468 Α
2097 405 2152 475 ξι
2175 400 2327 475 ερζςνε
2392 400 2739 475 [inﬂammat
2771 401 3049 475 pepetraiia
3073 403 3236 453 cordis

409 473 624 542 Espana
652 473 909 544 Sagrada,
938 486 1093 530 tract.
1131 477 1183 542 6,
1216 492 1335 544 cap.
1364 473 1488 538 ult.,
1518 475 1613 530 fol.
1642 476 1766 538 508,
1795 478 1925 530 edit.

411 547 763 616 Matritensis,
813 563 957 602 anno
1004 547 1182 615 1⁸151,
1229 563 1395 618 agens
1425 549 1493 603 de
1534 549 1750 603 Sanctis
1773 548 1933 605 Tole-

410 620 576 681 tanis,
612 618 728 672 haec
759 620 922 674 habet
954 637 968 675 :

412 708 529 766 XII.
561 710 621 766 S.
656 710 910 781 Duaso,
943 730 975 767 a
1000 712 1150 782 quien
1180 713 1397 786 algunos
1439 711 1599 766 haceu
1631 711 1838 766 natural
1877 709 1940 764 de

339 802 596 865 Madrid;
626 821 658 874 y
688 821 781 874 por
813 815 955 859 tanta
984 805 1048 862 de
1074 805 1126 859 la
1161 806 1346 860 diecesi
1375 806 1436 861 de
1469 804 1662 860 Toledo
1696 822 1713 858 :
1739 821 1860 877 pero
1888 805 1938 864 le

337 913 657 952 reservantes
691 915 819 964 para
844 908 955 952 otro
981 899 1098 952 sitio
1123 915 1219 969 que
1240 902 1516 971 jazgamos
1542 913 1664 968 may
1694 898 1931 970 praprio,

339 1006 439 1060 por
467 1006 532 1043 no
562 989 753 1059 pendet-
776 991 840 1046 de
872 993 1103 1063 ninguna
1145 991 1356 1062 opinion
1399 992 1684 1061 particular
1730 1006 1806 1064 εν
1852 1005 1939 1043 en—

343 1090 521 1137 tonces
541 1100 594 1138 se
619 1099 756 1149 vera,
785 1084 831 1140 si
852 1087 936 1156 [tte
960 1084 1223 1144 Εδνιὶιοι..

341 1194 426 1251 Ex
461 1196 578 1251 Vita
621 1197 682 1277 Βἶ
712 1197 1565 1281 Gonsa‘lvihltt‘naranthi‘Ordinis
1610 1198 1940 1281 Prardic.ito-

419 1284 537 1320 rum
579 1271 778 1338 seripta
806 1285 834 1321 a
860 1269 950 1325 Fr.
980 1269 1178 1324 Didaco
1205 1271 1272 1323 de
1297 1271 1524 1325 ltoSario
1551 1313 1565 1336 ,
1596 1271 1662 1325 de
1688 1270 1943 1324 mandato

421 1337 512 1413 Fr.
550 1339 933 1413 Bartholontrei
952 1342 1016 1413 de
1038 1341 1366 1413 Martyribus
1395 1341 1788 1413 archiepiscopi
1813 1340 1946 1413 Bra-

417 1410 869 1479 cbarensis,apnd
903 1410 1284 1478 Bollaltdistas,
1318 1413 1383 1466 ad
1414 1412 1559 1467 diem
1585 1415 1651 1468 10
1676 1411 1938 1476 Januarii,

420 1497 478 1534 n.
508 1484 560 1543 5,
590 1497 708 1551 pag.
737 1481 862 1543 641.
891 1484 1020 1540 edit.
1052 1483 1242 1540 Venet.
1279 1503 1292 1540 ;

423 1571 494 1624 In
521 1574 676 1644 hujus
720 1589 838 1642 ergo
871 1577 1284 1644 metr0p0litame
1309 1577 1447 1630 sedis
1478 1576 1944 1648 (Bracltarensis)

350 1666 702 1720 districto.....
737 1666 790 1718 in
819 1683 918 1736 quo
943 1668 1065 1720 aliut
1089 1669 1236 1723 divus
1272 1670 1428 1723 etiam
1458 1666 1714 1724 Damasus
1743 1684 1810 1726 ea:
1841 1666 1948 1726 VI-

351 1755 803 1813 MARANENSI
830 1761 1020 1832 oppido
1046 1771 1207 1827 ortus,
1243 1773 1351 1818 etc.

525 1873 965 1942 QUAliUMDAM
1007 1877 1298 1934 ABBATIS
1349 1877 1772 1935 TEKRIBILINI

785 1982 1196 2024 SENTENTIARUI
1246 1986 1516 2025 ANALYSIS.

428 2064 509 2118 Ad
539 2078 706 2119 carm.
756 2079 832 2127 lx,
866 2065 930 2118 de
955 2064 1062 2120 SS.
1095 2066 1204 2118 ΛΑ.
1233 2064 1579 2130 Catacambis,
1611 2081 1720 2120 non
1746 2065 1953 2120 dubitat

357 2136 545 2190 beatos
574 2135 864 2205 Apostolus
888 2137 938 2188 in
973 2137 1034 2189 iis
1059 2137 1348 2205 aliquando
1371 2136 1646 2200 habitasse,
1678 2147 1735 2192 ut
1762 2138 1956 2195 Dama-

358 2155 545 2190 nealns
574 2155 864 2205 Λροειυιος
888 2155 938 2188 111
973 2155 1034 2189 IIS
1059 2155 1146 2188 811(
1172 2155 1348 2190 1121111111
1371 2155 1646 2200 nuntiasse,
1678 2155 1735 2192 ιιι
1762 2155 1955 2195 υηιιιθ-

356 2221 453 2260 sus
481 2209 577 2270 ait,
612 2209 662 2260 id
686 2216 770 2261 est
808 2207 1104 2262 collocatos
1137 2155 1305 2261 lluisse
1337 2227 1348 2259 :
1380 2208 1473 2261 sed
1500 2224 1565 2261 co
1591 2208 1795 2262 delatus
1825 2225 1955 2263 con-

351 2277 474 2348 jicit
513 2279 585 2332 ab
624 2280 741 2346 ipso
786 2279 966 2332 statim
1007 2283 1291 2350 martyrio,
1345 2291 1507 2348 atque
1553 2280 1620 2350 ibi
1653 2279 1952 2347 depositas,

359 2364 518 2404 secus
546 2364 608 2402 ac
636 2350 724 2402 alii
753 2352 997 2403 sentiunt
1027 2354 1116 2418 qui
1148 2349 1204 2404 Β.
1238 2349 1456 2404 Petrmn
1489 2350 1556 2403 ad
1583 2349 1824 2405 Vaticani
1864 2368 1954 2404 ra-

361 2419 537 2481 dices,
566 2420 626 2473 Β.
653 2437 781 2473 vero
805 2420 1024 2476 l’aulum
1051 2424 1102 2474 in
1126 2421 1362 2476 Ostiensi
1392 2423 1660 2487 sepultum
1687 2423 1952 2477 scribunt.

362 2490 408 2545 Α
453 2490 803 2546 Catacumhis
850 2507 979 2544 vero
1017 2491 1082 2545 ad
1129 2492 1394 2561 pas~ionis
1436 2493 1612 2546 locum
1667 2497 1960 2549 translatos

363 2575 513 2634 putat
547 2563 635 2634 diu
687 2573 812 2617 ante
843 2563 1077 2615 Cornelii
1121 2573 1175 2616 et
1202 2561 1357 2634 Xysti
1394 2564 1784 2630 pootiﬂcatum,
1834 2567 1958 2634 quia

360 2633 528 2688 Caius
562 2633 834 2686 Romanus
863 2634 1166 2702 presbyter,
1213 2637 1450 2705 secutnlo
1483 2637 1721 2688 nondum
1773 2633 1960 2705 elapso
2007 2653 2015 2661 ·

364 2705 593 2769 seculo,
615 2705 1192 2775 Apostoloramtropwa
1221 2703 1654 2760 Christianorum
1685 2703 1957 2775 religioni,

364 2777 423 2829 in
463 2775 720 2836 Vaticani,
746 2789 791 2830 et
815 2779 868 2830 in
899 2774 1123 2830 Ostiensi
1155 2779 1436 2830 occurrisse
1459 2778 1668 2831 scribit.
1697 2774 1962 2847 Equidem

364 2847 728 2916 quiacstionem
780 2847 938 2912 hanc,
984 2863 1142 2915 quam
1192 2849 1287 2900 viri
1323 2850 1479 2917 longe
1525 2849 1821 2903 doctissimi
1874 2852 1962 2905 vix

366 2917 636 2974 hactenus
676 2921 1036 2980 extricarunt,
1083 2933 1188 2972 non
1231 2919 1508 2988 attingam.
1565 2919 1675 2974 Hoc
1715 2921 1964 2986 adjiciam

366 2989 672 3052 dumtaxat,
708 2991 904 3044 nullam
938 2991 1246 3059 perspicere
1279 3008 1364 3044 tne
1391 2992 1653 3046 rationem
1687 3007 1863 3059 posse,
1894 2995 1967 3047 ob

368 3076 533 3129 quam
563 3061 840 3114 versiculus
864 3061 953 3115 ille
985 3061 1357 3124 Datnasianus,
1389 3062 1455 3116 de
1483 3080 1586 3130 quu
1618 3064 1669 3116 in
1691 3065 1823 3117 uotis
1848 3080 1967 3118 mo-

368 3134 488 3195 nui,
533 3132 842 3195 exprimere
888 3147 993 3186 non
1028 3132 1219 3185 debeat
1270 3133 1516 3188 mirabile
1571 3135 1695 3186 illud
1744 3135 1938 3188 factum

366 3177 517 3272 quiid
560 3177 854 3270 Gregorius
888 3203 1110 3271 Magnus
1151 3213 1351 3257 narrat.
1408 3204 1462 3258 Si
1493 3204 1613 3273 quis
1659 3205 1819 3274 igitur
1859 3177 1964 3271 est:
1994 3181 2040 3243 C

367 3275 468 3343 qui
498 3277 575 3328 sic
606 3291 710 3328 non
735 3276 952 3339 sentiat,
983 3276 1142 3327 aliam
1177 3274 1352 3330 eidem
1383 3275 1502 3327 loco
1529 3276 1854 3330 sententiam
1886 3292 1975 3331 as-

368 3347 574 3414 signet,
610 3361 761 3414 rogo,
804 3362 956 3413 atque
1007 3357 1208 3413 aptam.
1242 3345 1427 3400 Edicat
1475 3346 1638 3401 etiam
1687 3349 1772 3403 cui
1829 3349 1974 3404 bono

369 3416 543 3486 priori
570 3417 676 3468 alio
704 3416 969 3470 versiculo
997 3431 1095 3471 nos
1118 3418 1196 3470 sic
1225 3417 1466 3469 monuit:

439 3511 713 3574 Discipulos
735 3511 914 3562 Oriens
936 3513 1081 3570 misit,
1107 3510 1234 3573 quod
1259 3516 1432 3573 Sponte
1456 3509 1686 3574 fatemur,

373 3598 458 3652 An
489 3597 631 3652 forte
676 3597 779 3650 hoc
808 3595 1044 3664 ignorari
1079 3611 1308 3664 unquam
1343 3595 1558 3665 potuit?
1603 3594 1661 3650 Si
1686 3610 1810 3650 vero
1839 3594 1967 3650 bea-

375 3680 555 3724 torum
587 3668 974 3734 Apostolorum
1005 3677 1198 3733 troptea
1224 3666 1289 3718 ad
1318 3681 1376 3719 se
1411 3681 1601 3733 rapere
1641 3667 1970 3734 Orientales,

371 3751 433 3796 et
457 3740 730 3794 vindicare
763 3756 869 3791 non
912 3738 1259 3802 studuerunt,
1294 3737 1533 3807 proferat
1581 3737 1843 3792 rationem
1873 3739 1976 3791 aii-

373 3827 540 3882 quam
573 3813 643 3864 ob
673 3825 831 3880 quam

442 3889 594 3939 Roma
614 3902 728 3938 suos
750 3888 907 3950 potius
922 3888 1106 3937 meruit
1124 3886 1397 3936 defendere
1421 3887 1571 3950 cives;

375 3973 739 4042 oste-ndatque
768 3974 954 4037 etiam,
984 3989 1103 4042 quzc
1127 3971 1196 4025 sit
1224 3972 1325 4024 alia
1349 3971 1590 4041 ejusdem
1621 3971 1769 4026 verbi
1799 3971 1976 4038 defert-

377 4047 505 4099 dere
537 4044 635 4098 vis.
666 4045 790 4099 Scio
819 4043 1148 4097 Pearsonum
1175 4042 1241 4096 ad
1273 4059 1399 4096 ann.
1432 4043 1558 4109 258,
1596 4061 1647 4096 n.
1683 4044 1739 4104 2,
1771 4053 1975 4097 temere

377 4115 672 4184 scripsisse
723 4115 1028 4180 Historiam,
1060 4131 1212 4183 quam
1257 4113 1538 4185 Gregorius
1585 4125 1781 4179 narrat,
1829 4116 1978 4170 nulla

378 4189 489 4257 fide
510 4188 719 4260 dignam
748 4204 871 4241 esse.
905 4186 1009 4242 Sed
1042 4187 1142 4240 hoc
1174 4187 1248 4241 illi
1288 4187 1446 4242 liceat
1483 4187 1784 4252 dumtaxat,
1826 4191 1974 4256 ejus-

377 4275 492 4329 que
520 4258 806 4312 similibus.

460 4330 544 4386 Ad
581 4346 750 4384 carm.
780 4346 831 4383 ι.
874 4329 1105 4383 Carmen
1133 4330 1275 4398 quod
1320 4345 1420 4400 ego
1447 4345 1516 4384 ex
1557 4327 1803 4383 Palatino
1833 4326 1976 4382 Gru-

384 4405 600 4457 teriano
632 4401 819 4456 codice
860 4417 925 4458 eo
959 4401 1078 4456 loco
1108 4402 1379 4468 ret-cnsui,
1412 4417 1474 4456 ac
1503 4402 1559 4456 S.
1609 4400 1885 4466 Stephano
1915 4401 1975 4454 P.

383 4483 442 4528 et
487 4472 558 4526 Μ.
605 4473 774 4539 aptari
804 4487 960 4541 posse
1001 4473 1326 4536 existimavi,
1375 4472 1585 4527 Damasi
1635 4487 1757 4526 esse
1789 4471 1977 4527 fmtum

383 4546 773 4625 censetetiant
793 4545 870 4625 vir
896 4544 1140 4625 eruditus
1166 4585 1178 4609 ,
1205 4545 1299 4598 sed
1331 4545 1379 4598 in
1405 4560 1469 4625 eo
1494 4543 1718 4625 Xystutn
1747 4543 1800 4597 Ρ.
1828 4543 1976 4598 etM.
2009 4565 2062 4625 D

387 4615 604 4670 laudari
630 4615 873 4684 conjicit,
899 4631 1059 4685 quem
1089 4615 1141 4669 in
1170 4618 1450 4669 cwmeterio
1473 4614 1882 4668 animadversum
1907 4631 1975 4667 ex

386 4687 663 4758 Cypriano
691 4689 911 4743 scimus.
939 4689 1044 4742 Sed
1075 4686 1198 4740 huic
1229 4687 1555 4755 conjecturae
1582 4697 1840 4756 repugnat
1863 4700 1983 4739 ear-

389 4757 521 4812 men
546 4757 741 4825 ipsum,
767 4774 872 4824 qtto
895 4769 1107 4811 constat
1133 4773 1295 4810 unum
1326 4759 1656 4824 Stephanum
1688 4767 1815 4812 tunc
1841 4773 1980 4813 utar-

392 4841 571 4901 tyrem
600 4829 946 4901 occubuisse.
975 4831 1187 4883 ca-teris
1235 4830 1488 4901 omnibus
1517 4845 1659 4901 cum_
1687 4829 1878 4901 eodem
1927 4830 1978 4881 in

390 4899 710 4956 ctemetcrio
770 4900 1158 4968 deprehensis,
1209 4901 1373 4952 salvis
1454 4899 1713 4954 dimissis.
1781 4900 1980 4954 Contra

392 4988 532 5026 vero
554 4986 674 5026 Cum
711 4969 879 5038 Xystu
908 4971 1150 5025 diacones
1177 4981 1396 5040 quatuor
1421 4973 1549 5026 caesi
1578 4981 1722 5033 sunt,
1760 4980 1814 5025 et
1844 4970 1986 5025 forte

394 5043 513 5106 alii,
541 5043 682 5112 quod
711 5044 791 5096 vir
819 5043 934 5112 ipse
956 5043 1196 5097 eruditus
1223 5041 1558 5096 ohservatad
1581 5042 1760 5096 Carm.
1787 5058 1980 5112 XXXIII.

395 5114 515 5170 lloc
541 5111 722 5181 igitur,
758 5114 825 5168 de
847 5111 954 5183 quo
985 5115 1181 5182 agitur,
1215 5115 1376 5181 priori
1412 5119 1603 5184 magis,
1635 5128 1795 5184 quant
1828 5111 1988 5168 alteri

395 5187 626 5255 martyri
649 5186 990 5239 sanctissimo
1017 5195 1070 5239 et
1098 5185 1337 5253 pontiﬁci
1360 5183 1632 5238 convenit.

473 5255 704 5312 Carmen
737 5257 933 5322 suade
956 5255 1149 5312 Sancte
1175 5255 1358 5312 Marco
1390 5272 1546 5324 papa,
1577 5256 1656 5310 sic
1677 5270 1744 5311 ex
1776 5255 1994 5326 ingenio

396 5329 617 5397 supplet
651 5345 665 5381 :

466 5417 640 5481 Iam
767 5418 877 5469 Vita
901 5419 996 5481 fuit,
1009 5418 1175 5476 Marci,
1200 5419 1328 5481 quod
1352 5419 1574 5468 novimus
1595 5432 1766 5468 omnes

472 5479 692 5532 Blandus
769 5481 951 5532 Amore
974 5479 1067 5532 Dei
1094 5479 1256 5541 posset
1273 5483 1355 5540 qui
1384 5490 1608 5531 temnere
1631 5481 1860 5532 mundum

469 5543 706 5605 Exemplo
768 5544 934 5607 Qravit
957 5544 1171 5607 Ropulus
1189 5545 1315 5606 quod
1338 5544 1554 5594 disceret
1575 5546 1734 5607 omnis

467 5604 662 5656 Parvus
771 5605 936 5655 Honor
956 5604 1102 5665 Vitae,
1129 5604 1325 5670 grandis
1343 5613 1652 5667 contetnptus
1678 5604 1886 5653 habendi

489 5713 504 5788 ξ
529 5712 622 5788 Sic
649 5711 704 5788 i_n
729 5711 912 5768 Carm.
945 5728 1086 5768 unt
1111 5729 1124 5765 :
1155 5711 1374 5788 condere
1403 5708 1722 5788 umbra.“
1914 5779 1923 5788 .
1969 5779 1978 5788 _

486 5784 505 5812 ’
531 5785 622 5841 Sic
647 5783 830 5842 Carm.
865 5801 938 5838 xu
967 5806 979 5839 ς
1009 5790 1231 5837 servaret
1254 5783 1448 5852 fwdera
1472 5782 1634 5852 pacis.
1665 5779 1881 5834 Vixerat
1913 5779 2006 5849 igi-

2099 462 2316 515 Justilia:
2390 463 2444 513 ΑΞ
2470 472 2651 517 custos.
2679 462 2852 515 Christi
2881 468 3129 526 perlectus
3162 465 3346 514 amicus

2103 528 2264 579 Ornau
2400 526 2459 576 Et
2469 527 2704 576 Damasus
2718 528 2972 586 tumulum,
2985 541 3094 576 cum
3109 528 3266 577 reddit
3280 528 3639 587 bonorem,etc.

2042 609 2132 666 Sic
2163 611 2214 663 in
2241 611 2515 682 epitapbio
2545 611 2770 666 Sisinuii
2804 611 3129 682 presbyteri,
3175 611 3319 680 quod
3353 610 3421 663 ab
3451 611 3644 666 eodem

2043 682 2274 737 Damaso
2325 697 2429 735 non
2461 681 2578 736 sine
2609 683 2867 748 probabili
2915 681 3125 737 ratione
3175 683 3437 753 Scriptum
3485 691 3642 752 putat

2041 753 2182 822 apud
2208 753 2426 808 Gruter.
2460 768 2580 822 pag.
2607 769 2866 815 ucuxttr,
2896 770 2948 806 ιι.
2981 755 3014 808 9
3043 771 3056 807 :

2105 841 2374 905 Presbyter
2397 841 2474 890 hic
2498 841 2648 892 voluit
2671 844 2895 905 Sislnnus
2918 855 3104 905 ponere
3130 844 3351 894 membra
3373 847 3390 876 ι

2104 903 2340 953 Omnibus
2364 911 2590 963 acceptus
2614 903 2801 967 pepulis
2818 903 3129 967 ,digttusque
3155 905 3398 955 Sacerdos

2109 967 2198 1023 Qui
2224 968 2375 1014 sciret
2398 967 2588 1014 Sanctae
2611 966 2808 1014 servare
2835 966 3014 1014 laxiora
3040 966 3208 1016 matris
3231 968 3269 1014 ί.

2110 1027 2328 1077 Blandus
2351 1033 2528 1077 Amore
2552 1026 2644 1076 Dei
2663 1041 2864 1090 semper
2882 1029 2964 1089 qui
2993 1029 3163 1077 vivere
3185 1038 3379 1090 nosset,

2109 1091 2479 1152 Contentusque
2503 1103 2592 1139 suo
2617 1091 2830 1140 nesciret
2851 1090 3016 1139 divitis
3039 1091 3216 1141 aulam.

2047 1170 2327 1248 Ad‘Cartn.
2359 1189 2450 1248 ss,
2473 1172 2612 1228 deS.
2632 1172 3025 1248 Saturnino._lu
3049 1175 3305 1230 carminis
3324 1175 3485 1243 hujus
3501 1176 3648 1248 prin-

2047 1245 2190 1369 fiplit)
2220 1243 2496 1300 Palatinus
2545 1243 2716 1298 codex
2768 1246 2907 1315 apud
2935 1245 3158 1300 Gruter.
3210 1264 3258 1318 p.
3310 1243 3529 1314 leuat,
3573 1250 3652 1303 sic

2067 1331 2115 1368 ta
2159 1323 2253 1369 et:

2067 1323 2253 1370 tabet:

2137 1414 2340 1468 Harant
2379 1425 2664 1488 martyrum
2703 1416 2958 1539 cultormDn
2990 1414 3273 1498 .Damasus
3303 1417 3575 1488 episcopus

2695 1502 2873 1539 servus
2955 1503 3023 1539 et.

2695 1502 2873 1540 servus
2904 1502 3023 1542 νει.

2112 1575 2240 1628 OLA
2260 1576 2429 1629 NUNC
2452 1575 2704 1626 FUERAT
2727 1576 3080 1627 CRAR'I‘A.....
3109 1577 3271 1628 CINIS
3292 1578 3415 1628 ΑΝ..

2053 1664 2142 1719 Sic
2169 1670 2330 1736 etiam
2359 1668 2498 1736 apud
2545 1666 2890 1724 Sarazaniutu
2933 1665 3051 1719 νεά.
3075 1667 3174 1719 col.
3213 1665 3316 1720 59i
3359 1666 3471 1735 Ituj.
3498 1666 3648 1729 edit.,

2054 1746 2158 1808 not.
2195 1735 2261 1808 ['j
2311 1735 2529 1791 not.20.
2562 1737 2765 1792 Deinde
2787 1753 2852 1791 ex
2875 1738 3062 1790 eodem
3090 1737 3274 1792 codice
3303 1753 3356 1808 p.
3389 1753 3647 1804 ucuxvr,

1967 1801 2028 1861 ’Β
2058 1806 2175 1862 hinc
2197 1801 2363 1862 alfert
2393 1826 2404 1862 :

2118 1897 2287 1948 NUNC
2307 1896 2410 1948 XPI
2436 1897 2684 1948 FUERAT
2709 1895 3135 1950 CHARTAGINIS
3163 1895 3326 1946 ANUS

2054 1983 2282 2053 Supplet
2311 1984 2474 2053 igitur
2503 1999 2567 2038 ac
2593 1984 2718 2052 legit
2745 2000 2759 2040 :

2303 2074 2486 2124 Horum
2509 2083 2769 2137 martyrum
2788 2075 2944 2124 cultor
2969 2076 3206 2125 Damasus

2185 2137 2398 2189 IncOLA
2423 2152 2550 2188 nunc
2574 2137 2680 2187 Xi’l
2705 2137 2954 2188 FUERAS
2981 2137 3306 2202 Carthaginis,
3330 2144 3466 2188 aute.

2059 2224 2150 2280 Sic
2175 2225 2314 2282 idem
2344 2225 2624 2288 Damasus,
2657 2240 2828 2280 carm.
2861 2241 2930 2280 xx
2965 2242 2977 2276 :

2370 2315 2621 2380 Sanguine
2645 2318 3095 2380 mutastipatriam,
3122 2325 3218 2369 etc.

2373 2377 2544 2429 Inedia
2567 2393 2692 2429 nunc
2719 2377 2927 2431 Domini.

2065 2463 2403 2536 \‘erosimilis
2435 2465 2767 2533 conjectura,
2799 2481 2859 2518 ac
2883 2467 3066 2526 lectio,
3105 2480 3224 2535 qu:c
3255 2464 3298 2518 si
3332 2466 3654 2536 retineatur,

2065 2533 2378 2590 Saturninus
2405 2536 2474 2590 de
2503 2553 2610 2604 quo
2632 2539 2808 2606 agitur
2832 2539 2932 2590 hoc
2963 2533 3224 2595 carmine,
3254 2537 3396 2590 idem
3424 2538 3515 2594 ille
3535 2533 3660 2605 erit,

2063 2609 2152 2680 qui
2186 2606 2374 2662 Roma:
2398 2609 2657 2680 detentus
2683 2611 2783 2664 sub
2816 2608 2974 2680 Decio
3002 2610 3196 2674 fuerat,
3230 2611 3477 2663 laudatus
3517 2610 3662 2680 apud

2109 2680 2318 2748 yprian.
2368 2693 2455 2748 cp.
2499 2679 2590 2737 9.0,
2633 2679 2725 2738 21.
2768 2696 2833 2734 ac
2877 2679 3075 2732 deinde
3122 2689 3342 2749 martyr.
3397 2679 3664 2738 Ubserval

2067 2762 2330 2817 pra-terea
2378 2751 2426 2802 in
2463 2750 2843 2820 Martyrologio
2875 2750 3207 2818 Hieronymi,
3237 2766 3302 2820 ac
3343 2751 3664 2806 Sacramen-

2069 2821 2208 2873 tario
2239 2820 2531 2874 Gelasiano
2559 2819 2626 2874 ad
2657 2837 2710 2875 ιιι
2742 2822 2851 2875 kal.
2886 2821 3194 2875 Decembris
3225 2819 3404 2875 Horme
3429 2822 3663 2877 Thraso—

2070 2893 2497 2963 nis,cmmcterio
2513 2891 2715 2947 scilicet
2745 2894 2871 2962 legi.
2904 2893 3248 2963 Saturninum
3281 2894 3664 2963 Chrysontltuus

2067 2971 2115 3014 et
2142 2960 2377 3027 Darium,
2404 2961 2667 3029 Maurum,
2697 2977 2741 3017 et
2764 2960 2894 3018 alios
2919 2980 3089 3018 LXXII.
3113 2962 3244 3017 Cum
3276 2960 3437 3032 igitur
3467 2965 3664 3020 Dama-

2071 3047 2162 3104 sus
2202 3049 2298 3088 eos
2329 3049 2516 3087 omnes
2550 3035 2820 3090 laudasset
2855 3037 3039 3089 beatos
3071 3047 3359 3104 martyres,
3404 3052 3472 3089 an
3510 3036 3666 3090 illau-

2071 3103 2228 3158 datos
2261 3109 2587 3172 pneterisset
2620 3107 2740 3160 illos
2765 3109 2946 3161 LXXII?
2972 3107 3107 3174 Quia
3139 3103 3268 3159 vero
3295 3106 3466 3160 facilis
3495 3119 3576 3162 est
3611 3109 3661 3160 itt

2076 3177 2312 3231 numeris
2325 3193 2386 3232 et
2396 3178 2695 3232 scribendis
2708 3179 2910 3247 lapsus,
2929 3177 3095 3232 Itich
3107 3181 3148 3229 ir
3164 3179 3295 3230 clar.
3307 3179 3428 3245 jure
3441 3183 3567 3246 conj
3577 3180 3668 3234 icit

2076 3248 2140 3299 ad
2168 3249 2291 3302 illos
2324 3248 2596 3316 pertinere
2621 3251 2893 3303 uersiculos
2914 3265 3079 3314 quos,
3111 3265 3250 3302 nam.
3282 3249 3338 3309 il,
3371 3249 3423 3302 itt
3459 3250 3669 3318 Appen-

2077 3319 2188 3372 dice
2216 3320 2395 3376 retuli.
2419 3336 2714 3388 eorumque
2745 3321 3505 3385 Damasumipsumanetorctu
3523 3334 3661 3374 esse.

2149 3391 2231 3444 0b
2276 3391 2521 3444 eamdem
2553 3387 2816 3445 rationem
2860 3391 2928 3444 ad
2959 3390 3021 3444 S.
3076 3387 3365 3442 Hermetem
3398 3393 3669 3460 pertinere

2080 3471 2230 3528 putat
2262 3476 2480 3516 carmen
2510 3478 2636 3524 χχιι.
2670 3465 2730 3516 de
2771 3463 2969 3515 incerto
3017 3472 3243 3530 tnartgre
3273 3460 3476 3522 Gnaeo,
3510 3478 3673 3531 quem

2077 3543 2287 3585 constat
2318 3532 2624 3602 depositum
2655 3533 2821 3587 fuisse
2845 3535 2894 3586 itt
2925 3534 3206 3586 cazmeterio
3250 3531 3506 3598 Bassillw,
3533 3533 3673 3588 ller-

2080 3603 2240 3674 metis
2267 3604 2604 3674 etiamdiclo,
2633 3615 2815 3668 atque,
2846 3615 2903 3658 ut
2930 3605 3160 3664 videtur,
3192 3603 3534 3670 eodenifcre,
3563 3621 3670 3674 qtto

2080 3671 2271 3726 Proles
2301 3684 2346 3726 et
2387 3673 2710 3744 Hiacynthus
2738 3675 2869 3727 loco.
2892 3675 2995 3744 Sic
3025 3677 3165 3725 euitn
3214 3677 3527 3744 Anonyuuts
3567 3671 3676 3728 illa;

2081 3744 2410 3802 billonianus
2455 3743 2530 3798 in
2554 3748 2633 3799 via
2666 3745 2850 3799 Pincia
2879 3743 3208 3812 Pamphilus,
3242 3743 3486 3809 Bussilla,
3535 3745 3676 3798 Pro-

2081 3825 2184 3878 tas,
2224 3815 2267 3867 Η
2277 3817 2566 3886 iacynthus,
2599 3817 2812 3870 Hermes
2837 3833 2854 3870 :
2884 3832 2946 3870 ac
2967 3815 3316 3870 Gelasiattttut
3346 3816 3670 3874 Sacramen-

2082 3886 2278 3940 tarium
2310 3887 2375 3940 ad
2407 3903 2434 3939 ν
2466 3887 2572 3940 kal.
2607 3889 2959 3955 Septembris.

2155 3958 2234 4030 Ad
2267 3959 2445 4011 (Zartn.
2478 3975 2668 4024 χχχιιι,
2698 3959 2761 4030 de
2804 3959 3056 4030 Sepulcro
3081 3972 3194 4017 suo,
3241 3958 3536 4028 scripserat
3571 3958 3672 4030 Cy-

2084 4029 2302 4102 prianus
2329 4030 2529 4102 epistol.
2563 4030 2634 4085 82
2672 4029 2792 4086 Ver.
2826 4031 2973 4096 edil.,
3014 4027 3244 4100 Xystttm
3279 4031 3326 4080 ιιι
3357 4027 3672 4085 emittcterio

2081 4101 2512 4154 animadversum
2535 4143 2549 4163 ,
2596 4111 2642 4155 et
2685 4118 2800 4154 cum
2827 4118 2884 4154 eo
2912 4101 3151 4154 diacones
3178 4109 3417 4166 quatuor.
3466 4103 3553 4155 Sic
3580 4102 3679 4155 Ba-

2082 4170 2254 4225 luzms
2284 4181 2338 4225 et
2370 4171 2642 4241 Vignolius
2663 4188 2726 4227 ex
2762 4188 2892 4227 mss.
2927 4173 3223 4225 eodicibus.
3267 4171 3464 4226 Contra
3498 4172 3680 4227 Fellus

2083 4242 2212 4315 legit
2239 4283 2256 4306 ,
2287 4253 2340 4298 et
2369 4257 2492 4315 cuin
2522 4243 2720 4315 eodem
2745 4244 2994 4309 Quartum
3024 4259 3044 4306 ;
3080 4243 3382 4315 sigillatque
3418 4243 3678 4315 Martyro-

2084 4313 2222 4386 lﬂgia
2249 4355 2268 4380 ,
2314 4313 2455 4386 quod
2494 4315 2669 4369 eidem
2700 4313 2869 4386 Syxtu
2910 4316 3092 4383 plures
3131 4311 3306 4386 socios
3347 4311 3680 4386 adjungant,

2084 4381 2313 4439 Felicem
2332 4381 2566 4447 scilicet,
2601 4401 2695 4438 seu
2724 4381 3123 4446 F‘elicissintutit,
3160 4381 3460 4453 Agapitum,
3501 4381 3682 4438 Dona;

2086 4455 2281 4508 (ianum
2303 4496 2316 4520 ,
2365 4453 2671 4508 Faustinum
2694 4496 2707 4516 ,
2740 4455 3106 4510 Praetextatum
3135 4497 3149 4518 ,
3181 4453 3417 4522 aliosque
3444 4473 3455 4508 :
3506 4471 3679 4523 eaque

2086 4526 2244 4580 lectio
2270 4527 2464 4595 placuit
2491 4528 2653 4579 etiam
2700 4525 2998 4589 Ruinarto,
3027 4535 3080 4579 et
3109 4523 3436 4595 Castellano.
3487 4524 3683 4578 Obser-

2089 4609 2177 4650 vat
2205 4594 2365 4666 igitur
2391 4599 2472 4652 vir
2508 4607 2790 4651 accuratus
2840 4598 3073 4664 priorem
3123 4594 3416 4650 lectionem
3469 4597 3682 4651 Damasi

2091 4669 2399 4724 testimonio
2429 4669 2758 4727 conﬁrmari,
2789 4669 2969 4736 plures
2991 4667 3146 4724 Sixto
3161 4666 3368 4720 comites
3386 4668 3686 4722 attribuen-

2091 4738 2158 4792 lis
2188 4782 2202 4804 ,
2253 4757 2359 4807 quo
2404 4743 2563 4794 etiarn
2595 4750 2908 4808 argumento
2940 4737 3390 4810 postiBaroutum
3439 4741 3516 4792 usi
3558 4750 3687 4795 sunt

2088 4810 2424 4865 Bollandiani
2451 4810 2520 4864 ad
2546 4811 2688 4864 diem
2714 4814 2746 4864 6
2767 4809 3014 4880 Augusti.
3044 4809 3175 4863 Huic
3201 4812 3438 4877 proiecto
3471 4820 3687 4865 senten-

2091 4884 2178 4936 ιὶιθ
2207 4883 2376 4950 major
2404 4883 2563 4938 etiam
2597 4883 2677 4936 vis
2706 4898 2775 4938 ex
2800 4898 2866 4936 eo
2892 4882 3122 4948 accedit,
3146 4880 3287 4951 quod
3319 4881 3502 4948 Quarti
3529 4882 3689 4951 hujus

2091 4953 2292 5008 nullam
2333 4965 2458 5007 ante
2484 4953 2726 5006 Adonem
2758 4965 2812 5007 et
2844 4952 3142 5010 Usuardtun
3195 4955 3522 5010 mentionem
3576 4952 3691 5008 lteri

2089 5023 2446 5077 observarunt
2475 5023 2840 5078 Florentinius
2868 5037 2922 5079 et
2977 5024 3258 5079 Sollerius.
3285 5025 3554 5093 Quidquid
3592 5023 3688 5092 igi-

2093 5104 2180 5148 tur
2204 5094 2272 5149 de
2305 5096 2394 5149 illo
2421 5097 2514 5156 sit,
2543 5096 2684 5165 quod
2713 5097 2878 5150 asseri
2910 5111 3008 5165 pro
3037 5109 3184 5150 certo
3209 5103 3404 5165 potest,
3431 5093 3562 5148 illud
3584 5105 3688 5160 est,

2097 5165 2312 5221 beatum
2345 5166 2494 5220 illum
2527 5167 2832 5230 pontificem
2866 5183 2972 5222 non
3001 5167 3119 5222 sine
3159 5168 3350 5234 injuria
3378 5206 3392 5230 ,
3437 5167 3690 5218 diuturna

2098 5237 2602 5294 sociorumsuorum
2630 5241 2975 5308 possessione
2995 5238 3287 5308 exspoliari
3321 5251 3501 5308 posse,
3531 5250 3694 5308 quos,

2103 5319 2160 5362 ut
2202 5307 2277 5363 ait
2317 5305 2806 5366 Sacramentarium
2851 5305 3184 5364 Leonianum
3227 5306 3427 5360 dicttttn
3475 5305 3526 5360 itt
3577 5307 3697 5374 ejus

2104 5379 2286 5442 Missa,
2315 5381 2562 5434 docti-inte
2583 5398 2694 5436 suae
2724 5383 2862 5450 ﬁlios
2888 5384 2956 5432 ad
2986 5377 3458 5450 eamdemgloriam
3495 5393 3700 5450 prome-

2103 5451 2318 5505 rendam
2342 5453 2584 5505 incitabat
2608 5448 2962 5520 :quatnquam
2986 5464 3106 5503 cum
3136 5449 3327 5520 eadem
3370 5463 3482 5500 Vtro
3512 5448 3701 5504 claris-

2106 5521 2244 5575 simo
2270 5540 2334 5576 ex
2360 5537 2546 5577 comm
2571 5517 2798 5574 numero
2822 5517 3148 5578 excluserim
3182 5517 3574 5590 Prtetextatstm,
3607 5522 3700 5590 qui

2109 5594 2365 5662 inspectis
2415 5591 2810 5664 Martyrologiis
2853 5591 3065 5646 cieteris
3110 5604 3174 5648 ac
3211 5589 3656 5647 Sacrautentariis
3681 5633 3698 5658 ,

2115 5718 2204 5762 tur
2232 5707 2321 5760 illo
2351 5703 2858 5778 Isnelti,_Eusebii
2886 5712 2946 5778 et
2967 5703 3134 5778 Marci
3165 5713 3344 5774 mtate,
3387 5705 3489 5763 sub
3513 5705 3706 5778 quibus

2116 5779 2502 5834 controversia:
2529 5777 2599 5832 de
2626 5775 2791 5847 lapsis
2816 5775 3180 5846 agitabantur.
