4200 6178
538 270 646 330 423

1796 262 2041 323 SANCTI
2081 259 2337 321 DAMAS!
2376 259 2579 318 PAPE

3733 262 3841 319 4‘24

532 394 873 442 memoratur
899 384 953 440 in
984 378 1365 455 Martyrologio
1391 378 1709 455 Florentinii
1736 421 1751 445 ,
1796 396 1903 435 non
1952 390 2007 455 ut
2039 395 2133 434 ex-
2160 381 2207 441 Α
2282 374 2600 455 -Αάᾏῼειι-ηι.
2634 388 2780 455 {uti
2801 415 2816 440 ,
2837 372 3100 455 Epitaph.
3137 370 3415 455 Projectaz.
3476 371 3831 455 Cur_Saraza-

542 460 739 529 primat
763 465 1051 527 martyrem
1079 451 1349 529 aliquem,
1382 453 1721 529 sedcelebre
1755 455 1821 505 ab
1845 466 1911 505 eo
1935 451 2133 529 dit-tum

539 524 933 591 cmmeteriuni,
962 529 1012 580 in
1039 541 1146 596 quo
1174 524 1463 596 Martyrum
1488 524 1701 596 illorum
1735 525 1991 596 memoria
2012 536 2137 596 age-

542 598 718 654 batur.
764 597 866 666 Qui
906 592 1075 662 vero,
1121 604 1178 651 et
1224 592 1353 665 quot
1400 595 1595 649 fuerint
1625 593 1761 650 Sixti
1795 595 1845 647 in
1876 592 2135 663 martyrio

539 671 787 733 comites,
817 668 1123 736 disquirunt
1146 667 1429 738 diligenter
1451 666 1785 721 Bollandiani
1806 666 1937 721 socii
1959 706 1975 733 ,
1999 678 2133 735 quos

538 741 584 795 si
612 742 730 809 quis
755 739 1025 803 consulat,
1059 754 1237 808 opera:
1265 739 1494 808 pretium
1526 739 1729 792 iecerit.

606 808 844 865 Laborat
864 812 1023 865 etiam
1057 811 1139 864 vir
1165 810 1497 864 clarissimus
1523 851 1536 873 ,
1576 818 1632 862 ut
1658 815 1887 863 exteros
1916 808 2133 871 conjec-

536 889 657 937 tura
677 892 1021 952 assequatur,
1049 896 1183 949 quos
1205 882 1475 952 Damasus
1485 880 1691 952 eodem
1737 881 1859 933 loco
1887 878 2129 952 sepultos

535 954 649 1018 ait,
698 954 794 1009 sed
820 949 893 1007 ut
938 953 1151 1007 videtur
1194 951 1431 1007 frustra:
1482 950 1745 1021 Equidem
1776 952 1821 1005 si
1864 952 1987 1021 quis
2027 949 2130 1004 hoc

532 1024 677 1079 idem
709 1041 738 1079 a
768 1040 854 1080 me
882 1025 1023 1080 scire
1058 1023 1254 1089 vellet,
1285 1023 1641 1093 respondeam
1687 1037 1810 1078 cum
1837 1021 2132 1078 Prudentio

536 1094 829 1167 hymuin,
862 1096 924 1149 de
953 1095 1121 1151 Coron
1153 1111 1171 1148 :

600 1220 633 1249 τί
682 1223 693 1236 .
765 1225 777 1237 .
846 1226 858 1238 .
926 1224 942 1249 .
1014 1224 1025 1249 ρ
1096 1223 1108 1235 .
1181 1222 1192 1233 .
1266 1225 1276 1237 .
1348 1224 1359 1236 .
1412 1186 1880 1249 tusiugulaquzeris

595 1248 803 1311 Nomina
818 1249 843 1299 ’ἲ
858 1248 1058 1299 diﬂicile
1084 1253 1182 1310 est,
1209 1256 1265 1298 ut
1289 1250 1534 1311 replicare
1557 1248 1757 1311 queam,

599 1310 780 1361 Tantos
797 1314 1039 1373 justorum
1060 1309 1265 1374 pepulos
1287 1309 1419 1361 furor
1444 1309 1622 1374 impius
1644 1309 1838 1360 hausit!

2241 449 2363 503 nius
2388 448 2604 502 Florum
2638 445 2907 515 Projectte
2929 445 3134 513 patrem
3164 486 3180 511 ,
3219 446 3500 501 consulem
3545 445 3735 502 dixerit
3775 450 3827 503 in

2242 521 2404 583 notis,
2434 533 2651 574 causam
2682 533 2788 571 nou
2815 518 2997 588 attulit
3021 534 3033 568 :
3056 517 3195 588 forte
3221 531 3289 572 ex
3316 516 3399 572 Fl.
3430 519 3573 588 quod
3604 528 3685 571 est
3712 517 3829 573 Fla-

2238 590 2321 643 uio
2350 592 2400 645 in
2433 605 2499 644 eo
2529 588 2707 658 lapide
2738 632 2754 655 ,
2801 586 3021 643 Florum
3067 587 3230 653 fecit,
3260 596 3319 642 ut
3360 586 3545 643 ait‘vir
3573 589 3827 644 eruditus.

2238 660 2558 729 SuSpicatur
2582 672 2762 715 autem
2811 659 3036 713 Florum
3076 659 3221 714 hunc
3279 659 3434 730 illum
3484 674 3608 715 esse
3634 701 3648 725 ,
3689 661 3833 730 cujus

2238 742 2415 787 exstat
2455 746 2675 787 carmen
2721 732 2786 785 ad
2818 730 3140 801 Sepulcrqu
3185 731 3242 787 S.
3276 729 3544 786 Liberalis
3591 732 3839 801 martyris

2236 804 2379 872 apud
2408 802 2628 859 Gruter.
2654 818 2704 872 p.
2738 818 2955 867 ucuxr,
2990 818 3043 857 n.
3078 803 3132 869 9,
3166 802 3311 872 quod
3339 801 3531 858 aﬁ'ert:

2299 958 2521 1022 Martyris
2548 958 2799 1022 bicsaucti
2821 956 3066 1022 Liberalis
3087 958 3310 1022 membra
3330 959 3597 1022 quiescunt

2364 1020 2458 1081 Qui
2482 1021 2725 1083 quondam
2752 1022 2797 1068 in
2825 1020 2974 1070 terris
2996 1020 3164 1069 consul
3190 1020 3377 1083 honore
3399 1020 3511 1071 fuit.

2301 1082 2493 1135 Obtulit
2511 1083 2615 1132 hac
2636 1083 2844 1134 Domino
2863 1095 3161 1144 componens
3178 1083 3300 1131 atria
3322 1082 3501 1134 Florus

2371 1145 2436 1196 Ut
2458 1154 2652 1196 sanctos
2674 1156 2919 1196 venerans
2939 1145 3138 1207 praemia
3157 1144 3287 1207 justa
3312 1145 3457 1196 ferat.

594 1390 3835 1415 Μ

1068 1472 1464 1562 OPERA
1541 1474 2255 1562 APOCRYPHA
2331 1474 2761 1559 SANCTI
2832 1472 3307 1560 DAMASI.

1162 1675 1480 1734 LECTORI.

606 1794 941 1851 Decreveram
963 1794 1273 1867 Apocrypha
1294 1795 1454 1848 missa
1479 1793 1647 1864 facere
1668 1808 1687 1848 :
1710 1808 1883 1847 verum
1904 1808 2021 1846 cum
2037 1792 2135 1846 ali-

446 1872 451 1873 i
535 1888 650 1959 quis
679 1905 741 1944 ea:
785 1888 1036 1959 Epistolis
1066 1889 1302 1957 fructus,
1347 1898 1495 1959 atque
1533 1904 1659 1941 usus
1703 1886 1982 1957 aliquando
2025 1901 2133 1941 esse

532 1981 725 2051 possit,
768 1997 830 2034 ac
860 1980 1107 2035 librarius
1152 1979 1210 2033 id
1240 1998 1272 2033 a
1300 1996 1379 2034 me
1408 1989 1646 2053 Optaret,
1676 1995 1858 2051 passus
1890 1996 2031 2043 sum,
2078 1987 2135 2031 ut

530 2071 637 2128 illa:
658 2073 894 2143 genuinis
923 2070 1141 2127 Damasi
1172 2072 1439 2143 opusculis
1477 2074 1817 2145 adjiciantur.
1850 2071 1991 2126 Nam
2018 2086 2134 2141 qua:

532 2165 602 2219 ad
630 2165 965 2237 Stephanum
996 2176 1051 2221 et
1076 2165 1364 2234 episcopos
1392 2164 1763 2231 Mauritaniae,
1802 2164 1869 2219 ad
1900 2165 2135 2234 Prospe-

539 2273 659 2313 rum
692 2270 746 2313 et
774 2257 842 2313 ad
873 2258 1159 2329 episcopos
1188 2257 1471 2323 Numidiae,
1499 2259 1566 2312 ad
1605 2258 1883 2314 Aurelium
1908 2258 2137 2314 Cartha-

541 2351 818 2423 ginensem
844 2392 861 2419 ,
894 2362 941 2405 et
970 2351 1040 2405 ad
1066 2352 1373 2422 .episcopos
1398 2351 1563 2406 italia:
1594 2352 1856 2424 inscriplaz
1894 2362 2042 2417 sunt,
2073 2369 2139 2407 ea:

540 2445 753 2516 ofﬁcina
794 2444 991 2499 lsidori
1025 2443 1330 2499 Mercatoris
1369 2444 1624 2516 prodiisse
1654 2448 1772 2516 jam
1817 2445 2138 2499 demonstra-

541 2549 702 2606 runt,
727 2551 783 2593 ut
804 2538 936 2593 alios
966 2539 1228 2601 omittam,
1261 2536 1493 2593 Labbeus
1524 2538 1577 2591 in
1601 2536 1916 2592 Collectione
1954 2537 2135 2593 Conci-

542 2632 731 2686 liorum
751 2672 766 2697 ,
796 2650 858 2685 ac
883 2632 1211 2687 Constantius
1254 2632 1309 2689 in
1341 2630 1660 2703 Prwfatione
1686 2631 1756 2685 ad
1788 2630 2140 2685 Romanorum

544 2722 857 2794 Pontiﬁcum
890 2724 1158 2794 Epistolas
1186 2742 1330 2779 nunt.
1368 2724 1492 2780 “5.
1520 2723 1627 2778 Eas
1648 2734 1816 2779 autem
1846 2724 1914 2778 ad
1946 2725 2139 2779 Hiero-

543 2832 765 2887 nymum
785 2818 964 2871 merito
985 2818 1216 2887 queritur
1239 2817 1489 2872 Erasmus
1512 2834 1619 2873 esse
1641 2818 1897 2872 hominem
1918 2817 2141 2889 potuisse

542 2912 617 2966 sic
645 2912 1022 2985 impudentem.
1055 2924 1108 2967 ut
1139 2913 1369 2969 Damaso
1399 2915 1682 2969 attribuere
1708 2931 1865 2968 ausus
1904 2916 2007 2981 sit,
2040 2930 2141 2983 qua

544 3007 608 3061 de
632 3024 687 3061 re
713 3006 872 3062 videri
913 3007 1098 3077 poterit
1124 3006 1503 3062 Scltelestratus
1532 3007 1796 3062 dissertat.
1832 3007 1867 3061 2
1889 3048 1903 3073 ,
1934 3024 2051 3078 cap.
2082 3007 2135 3061 5.

2153 1672 2203 1732 Β
2230 1668 2423 1727 futuris
2456 1675 2791 1745 temporibus
2818 1674 3107 1747 diligenter
3125 1688 3455 1736 venerentur
3480 1698 3493 1735 :
3519 1680 3644 1752 quia
3669 1684 3687 1714 ³
3714 1683 3843 1738 vio-

2237 1769 2440 1827 latores
2468 1774 2757 1828 voluntarii
2786 1789 3056 1831 canonum
3104 1778 3340 1847 graviter
3360 1792 3391 1832 a
3420 1778 3622 1834 sanctis
3652 1778 3807 1834 Patri
3827 1810 3842 1819 -

2239 1861 2343 1919 bus
2367 1865 2682 1934 judicantur
2702 1908 2718 1934 ,
2752 1876 2807 1922 et
2838 1884 2867 1921 a
2913 1869 3115 1938 Spiritu
3144 1881 3331 1926 sancto
3358 1870 3552 1944 (cujus
3578 1871 3847 1927 instinctu

2236 1970 2301 2011 ac
2330 1955 2477 2011 dono
2502 1957 2686 2013 dictati
2719 1958 2876 2031 sunt)
2908 1960 3236 2016 damnantur
3264 1980 3277 2017 :
3304 1964 3559 2033 quoniam
3583 1963 3847 2033 blasphe-

2238 2062 2390 2104 mare
2430 2048 2691 2119 Spiritum
2737 2062 2982 2107 sanetum
3030 2069 3138 2109 non
3182 2056 3484 2127 incongrue
3543 2055 3844 2123 videntur,

2237 2141 2327 2210 qui
2359 2151 2546 2195 contra
2578 2143 2800 2198 eosdem
2836 2155 3054 2200 sanctos
3099 2160 3341 2202 canones
3374 2162 3478 2203 non
3509 2149 3847 2205 necessitate

2237 2235 2502 2302 compulsi
2526 2276 2541 2302 ,
2572 2236 2667 2291 sed
2694 2236 2923 2293 libenter
2954 2236 3054 2310 (ut
3076 2240 3355 2308 praefixum
3382 2239 3495 2312 est)
3523 2241 3726 2313 aliquid
3752 2251 3849 2297 aut

2241 2338 2498 2399 proterve
2525 2343 2725 2400 agunt,
2772 2343 2859 2386 aut
2908 2333 3055 2403 loqui
3104 2345 3472 2404 prresumunt,
3521 2343 3617 2390 aut
3660 2335 3848 2392 facere

2239 2421 2548 2477 volentibus
2597 2433 2795 2493 sponte
2851 2426 3217 2481 consentiunt.
3281 2427 3430 2484 Talis
3480 2430 3626 2484 enim
3703 2445 3847 2499 prm-

2239 2514 2479 2583 sumptio
2520 2516 2807 2573 manifeste
2834 2534 2999 2574 unum
3040 2534 3210 2591 genus
3240 2529 3323 2576 est
3356 2521 3848 2591 blaslthemantium

2242 2604 2503 2674 Spiritum
2547 2615 2792 2663 sanctum
2844 2612 3143 2681 :quoniam
3193 2611 3294 2684 (ut
3340 2613 3448 2680 jam
3506 2615 3849 2684 prsclibatum

2242 2700 2358 2771 est)
2391 2711 2579 2755 contra
2608 2717 2730 2756 eum
2762 2704 2907 2773 agit,
2932 2705 3087 2775 cujus
3113 2706 3351 2776 impulsu
3381 2716 3435 2763 et
3462 2708 3637 2778 gratia
3680 2710 3850 2765 iidem

2243 2793 2415 2845 sancti
2464 2794 2591 2848 editi
2636 2804 2760 2849 sunt
2809 2812 3065 2853 canones.
3104 2798 3375 2855 Diabolica
3428 2817 3557 2856 vero
3606 2804 3851 2873 nequitia

2245 2886 2530 2956 plerosque
2559 2888 2833 2944 subtiliter
2874 2889 3067 2946 fallere
3098 2893 3269 2958 solet;
3302 2902 3357 2949 et
3386 2894 3456 2948 ita
3485 2896 3850 2965 quorumdam

2246 2980 2663 3049 imprudentiam
2702 2998 2796 3052 per
2821 2984 3233 3041 similitudinem
3277 2987 3498 3057 pietatis
3541 2989 3851 3059 smpissime

548 3098 674 3154 Non
704 3100 849 3171 pom,-
878 3068 1047 3153 ujmen
1070 3098 1293 3163 adduci,
1320 3109 1375 3153 ut
1397 3114 1512 3168 qua,
1538 3101 1650 3170 ei“,
1678 3068 1899 3154 numiue'
1920 3068 2139 3152 άνξωη,
2168 3074 2214 3138 C
2245 3068 2424 3171 illudit
2448 3113 2462 3136 ,
2498 3082 2554 3126 ut
2584 3088 2680 3142 pro
2712 3075 3039 3131 salutaribus
3071 3080 3318 3134 nocitura
3366 3080 3712 3149 persuadeat.
3761 3082 3851 3137 ld-

547 3198 808 3267 feruntur,
840 3194 1063 3249 decreta
1092 3193 1363 3247 retinerem
1403 3208 1420 3245 :
1450 3209 1567 3245 nam
1598 3208 1714 3246 cum
1745 3208 1806 3245 ea
1834 3202 1946 3263 post
1975 3191 2141 3247 Sara-

542 3287 772 3351 sanium,
802 3295 851 3340 et
880 3283 1165 3339 Crabbeum
1192 3284 1520 3339 Constantius
1554 3285 1828 3353 diligenter
1852 3284 2024 3337 omnia
2052 3284 2144 3337 itc-

548 3396 665 3434 rum
694 3378 957 3451 collegerit
981 3380 1034 3431 in
1063 3394 1154 3443 ea,
1188 3394 1340 3447 quam
1371 3376 1721 3433 Decretorum
1756 3378 1985 3431 Damaso
2017 3376 2146 3431 ads-

550 3473 853 3542 criptnrum
883 3472 1120 3527 Censura
1161 3471 1458 3541 inscripsit,
1491 3488 1553 3523 ac
1592 3471 1815 3525 rationes
1860 3488 1979 3525 sane
2027 3486 2149 3543 gra-

550 3568 786 3622 vissimas
832 3567 1093 3633 attulerit,
1134 3566 1195 3620 ob
1225 3582 1352 3636 quas
1379 3565 1471 3619 illa
1503 3568 1618 3638 ejus
1666 3565 1926 3635 pontiﬁcis
1967 3581 2149 3617 nomen

550 3668 597 3715 et
622 3659 981 3714 auctoritatem
1030 3659 1369 3723 mentiantur,
1412 3655 1595 3711 Lector
1614 3699 1628 3723 ,
1660 3675 1814 3727 quam
1842 3674 2040 3711 mecum
2071 3656 2150 3710 lu-

550 3753 713 3820 deret,
740 3754 793 3807 in
820 3754 927 3807 viro
952 3752 1043 3807 illo
1056 3751 1207 3807 docto
1233 3752 1403 3823 potius
1426 3752 1741 3808 consulendo
1767 3768 1975 3823 Operam
1996 3766 2150 3823 quam

552 3847 741 3918 optime
770 3845 1062 3902 collocabit.
1083 3848 1101 3868 ⁶

810 4024 815 4027 ἠ
1044 3960 1384 4016 EPISTOLA
1422 3958 1654 4014 PRIMA.

652 4053 668 4082 ³
711 4050 1190 4107 Reverendissimo
1216 4052 1370 4106 fratri
1393 4060 1449 4107 et
1476 4050 1799 4121 coepiscopo
1841 4049 2061 4106 Aurelio

1218 4145 1503 4200 Damasus.

629 4239 841 4310 Scripta
870 4239 1187 4296 Sanctitatis
1218 4249 1321 4295 tua:
1351 4239 1533 4295 debita
1576 4240 1929 4296 veneratione
1967 4253 2150 4296 susce-

555 4334 764 4405 pimus,
794 4335 846 4389 in
878 4333 1074 4405 quibus
1101 4333 1256 4389 sitire
1290 4332 1695 4389 venerationem
1722 4349 1785 4388 ac
1808 4332 2149 4404 prudentiam

555 4434 701 4483 tuam
735 4427 1047 4499 Apostolica
1078 4427 1326 4483 instituta
1368 4428 1462 4498 (ut
1514 4427 1734 4499 dignum
1761 4426 1912 4499 erat)
1944 4442 2145 4498 cogno-

555 4522 750 4577 vimus.
780 4522 897 4589 Qua
923 4520 991 4577 de
1025 4536 1083 4577 re
1120 4520 1366 4592 qumdam
1411 4537 1479 4576 ex
1507 4521 1588 4575 bis
1617 4536 1737 4591 qua:
1779 4521 2000 4591 petisti,
2042 4521 2141 4575 mi.

553 4615 762 4671 simus:
787 4626 843 4672 et
870 4614 1119 4687 qumdam
1151 4614 1352 4681 adhuc,
1382 4630 1503 4670 cum
1534 4615 1727 4669 iterum
1761 4613 1996 4679 miseris,
2021 4613 2150 4667 mit-

554 4716 673 4763 tere
698 4709 963 4777 cupimus.
1005 4707 1221 4763 Nullum
1253 4717 1433 4763 tamen
1465 4722 1495 4760 a
1526 4706 1669 4762 beati
1719 4705 1863 4761 Petri
1894 4705 2151 4776 principis

554 4800 922 4869 apostolorum
966 4800 1110 4863 line,
1155 4799 1621 4870 prazdecessorum
1662 4808 1973 4853 nostrorum
2010 4813 2150 4869 pra:-

556 4890 911 4957 termisimus,
942 4891 1010 4947 de
1040 4906 1269 4961 quorum
1299 4891 1515 4947 statutis
1544 4890 1742 4961 aliquid
1777 4891 1870 4946 tibi
1906 4906 1999 4961 per
2023 4890 2153 4945 Am-

555 4984 796 5041 monium
824 4983 1199 5055 presbyterum
1224 4984 1527 5039 ctFelicem
1548 4983 1858 5048 diaconum,
1875 4987 1975 5041 sub
1987 4987 2153 5041 certis

552 5078 845 5150 signaculis
860 5091 965 5131 non
991 5076 1352 5133 mitteremus.
1378 5079 1509 5146 Qua:
1538 5086 1589 5133 te
1609 5087 1665 5133 et
1692 5078 1968 5134 custodire
1990 5090 2148 5149 opta-

554 5185 678 5225 mus
696 5213 711 5237 ,
746 5176 804 5226 et
825 5167 949 5224 aliis
978 5167 1322 5239 praedicanda
1350 5183 1414 5223 ac
1445 5168 1765 5237 publicanda
1792 5169 2109 5225 mandamus
2132 5210 2148 5237 ,

554 5272 615 5319 ut
656 5263 725 5319 ab
771 5262 1025 5317 omnibus
1066 5260 1322 5316 inviolate
1366 5260 1551 5316 debita
1583 5260 1929 5315 veneratione
1966 5270 2145 5315 custo.

550 5354 771 5412 diantur
796 5399 811 5425 ,
843 5365 897 5412 et
938 5352 1195 5410 inviolate
1240 5362 1530 5410 serventur
1552 5394 1568 5421 ,
1598 5361 1761 5423 atque
1800 5352 1869 5408 ab
1895 5353 2149 5409 omnibus

622 5472 639 5503 ³
673 5472 727 5527 In
754 5472 983 5528 Collect.
1020 5468 1242 5536 Isidori,
1272 5468 1578 5525 Beatissimo
1611 5468 1782 5540 fratri.

617 5543 639 5572 ¹
681 5543 737 5607 5,
766 5559 897 5606 xxv,
929 5560 1021 5611 qu.
1055 5543 1081 5597 Ι
1114 5558 1127 5594 :
1164 5541 1471 5597 Violatores.

618 5611 639 5641 ³
677 5612 814 5668 Vide
839 5614 898 5668 S.
933 5613 1133 5669 Leonis
1156 5613 1427 5683 Epistolas
1454 5612 1527 5669 25
1548 5621 1604 5668 ct
1638 5613 1728 5669 84.

2246 3164 2392 3218 circo
2420 3180 2608 3220 norma
2646 3177 2959 3223 sanctorum
2998 3184 3271 3225 canonum
3313 3173 3403 3243 qui
3433 3183 3560 3228 sunt
3587 3174 3608 3205 ³
3638 3174 3851 3243 Spiritu

2248 3255 2342 3310 Dei
2373 3256 2573 3312 conditi
2600 3302 2613 3326 ,
2650 3267 2705 3313 et
2732 3260 2893 3315 totius
2934 3262 3123 3316 mundi
3154 3264 3463 3318 reverentia
3493 3267 3805 3322 consecrati
3831 3308 3846 3333 ,

2248 3348 2480 3421 fideliter
2509 3368 2538 3406 a
2574 3352 2733 3407 nobis
2762 3362 2846 3408 est
2875 3355 3095 3409 scienda
3124 3365 3179 3410 et
3210 3357 3498 3427 diligenter
3530 3359 3807 3413 tractanda
3832 3376 3847 3425 ;

2251 3458 2321 3498 ne
2349 3444 2540 3515 quovis
2586 3445 2747 3501 modo
2788 3456 3101 3503 sanctorum
3146 3451 3367 3507 Patrum
3412 3462 3604 3508 statuta
3638 3454 3853 3525 absque

2254 3538 2552 3593 iuevitabili
2585 3541 2934 3607 necessitate,
2964 3541 3105 3611 quod
3135 3542 3312 3611 absit,
3340 3546 3801 3618 transgrediamur
3834 3564 3850 3602 :

2253 3630 2348 3684 sed
2404 3629 2718 3687 ﬁdelissime
2748 3647 2845 3702 per
2874 3648 2936 3689 ea
2977 3635 3322 3704 gradientes,
3364 3653 3487 3693 cum
3516 3640 3596 3694 eis
3635 3640 3723 3709 qui
3755 3655 3855 3696 eos

2253 3720 2513 3777 instinctu
2554 3724 2915 3780 condiderunt
2949 3726 3170 3795 divino,
3219 3729 3485 3786 mercedis
3529 3730 3754 3801 gloriam
3796 3743 3853 3786 et

2253 3812 2455 3869 laboris
2480 3816 2775 3885 cumulum,
2803 3834 2990 3874 eorum
3016 3820 3247 3889 meritis,
3270 3824 3569 3881 auxiliante
3596 3826 3848 3892 Domino,

2256 3909 2458 3965 habere
2486 3926 2809 3967 mereamur.
2844 3913 2939 3969 llis
2966 3915 3143 3987 itaque
3172 3918 3272 3973 rite
3300 3918 3615 3975 deliberatis
3640 3961 3655 3986 ,
3698 3928 3751 3973 rt
3778 3919 3849 3974 ad

2256 4000 2624 4060 Ecclesiarum
2674 4017 2978 4063 vestrarum
3011 4010 3259 4066 notitiam
3306 4011 3699 4069 deliberatione
3728 4029 3849 4083 per-

2256 4098 2403 4167 latis,
2430 4116 2621 4171 parere
2650 4117 2749 4159 vos
2770 4104 3087 4160 eorutndem
3116 4116 3429 4163 sanctorum
3458 4123 3727 4164 canonum
3765 4125 3851 4164 re-

2256 4192 2395 4264 gulis
2423 4208 2771 4267 summopere
2799 4198 3083 4263 convenit,
3115 4214 3183 4255 ne
3212 4204 3264 4254 in
3304 4200 3488 4271 aliquo
3513 4200 3594 4257 eis
3631 4200 3850 4256 obviare

2256 4288 2613 4357 quorumdam
2642 4290 2852 4360 ignavia
2880 4292 3040 4348 faciat
3064 4310 3077 4347 :
3097 4293 3192 4349 sed
3211 4305 3389 4352 vestra
3410 4296 3624 4366 sapiens
3646 4306 3693 4349 et
3719 4310 3849 4350 sana

2255 4381 2527 4451 doctrina,
2554 4401 2675 4456 quin
2696 4386 2845 4456 cupit
2871 4402 2966 4443 vos
2994 4403 3090 4457 per
3118 4389 3302 4444 omnia
3327 4389 3543 4460 placere
3566 4391 3679 4445 Deo
3697 4433 3710 4456 ,
3743 4390 3850 4445 illis

2172 4476 2225 4536 D
2250 4474 2568 4532 cohaeredes
2598 4486 2652 4532 et
2677 4478 3102 4549 Leomparticipes
3145 4480 3385 4538 cmlestis
3432 4483 3621 4554 regni,
3670 4483 3721 4537 in
3765 4498 3851 4537 sc-

2256 4567 2420 4622 dibus
2468 4569 2657 4625 fideles
2703 4581 3091 4641 cooperatores
3131 4574 3404 4629 ostendat.
3461 4574 3590 4631 Data
3640 4575 3852 4631 decimo

2254 4667 2410 4715 sexto
2438 4659 2699 4719 kalendas
2719 4661 2865 4718 Junii
2887 4704 2902 4730 ,
2935 4664 3193 4721 Gratiano
3226 4676 3283 4722 et
3304 4667 3325 4698 ⁵
3354 4666 3569 4739 Cyrieio
3601 4667 3710 4724 νγ.
3741 4667 3847 4723 CC.

2254 4752 2601 4811 Consulibus.

2837 4869 3172 4929 EPISTOLA
3213 4873 3278 4930 ll.

2258 4959 2524 5017 Damasus
2550 4975 2739 5019 servus
2772 4978 3053 5021 servorum
3094 4967 3189 5023 Dei
3215 4968 3265 5035 ⁵,
3297 4976 3459 5039 atque
3498 4982 3596 5038 per
3619 4968 3850 5039 gratiam

2326 5054 2444 5124 ejus
2489 5057 2777 5126 episcOpus
2816 5070 3019 5115 sancta:
3062 5062 3350 5119 catholica:
3395 5062 3656 5119 Ecclesia:
3704 5064 3853 5119 urbis

2330 5146 2549 5217 Romte,
2578 5150 2854 5220 Stephano
2879 5153 3293 5225 arcltiepisc0po
3337 5156 3551 5212 concilii
3600 5156 3854 5212 Maurita-

2328 5239 2517 5306 taniaa,
2547 5250 2604 5296 et
2634 5242 2900 5301 universis
2932 5247 3203 5319 episcopis
3233 5247 3506 5305 Africana:
3537 5249 3849 5321 provincim.

2325 5354 2505 5412 Lectis
2543 5356 2901 5417 fraternitatis
2935 5371 3133 5418 vestrae
3173 5364 3402 5433 litteris,
3437 5363 3613 5435 primo
3650 5363 3852 5434 gratias

2345 5473 2366 5504 ⁸
2404 5471 2519 5526 Νοη
2548 5484 2673 5528 sunt
2700 5475 2752 5529 in
2782 5475 2957 5531 Fastis
2981 5477 3034 5532 bi
3058 5478 3329 5533 consules.

2342 5548 2363 5579 '
2401 5546 2537 5603 Vide
2558 5544 2645 5601 ιο.
2680 5546 2809 5604 Diac
2837 5549 2931 5604 lib.
2973 5565 3009 5605 ιι
3043 5548 3170 5605 Vita:
3198 5549 3259 5606 S.
3292 5549 3531 5622 Gregorii
3560 5550 3742 5625 Papw.

611 5703 628 5775 ξ
653 5701 791 5775 you,
815 5715 883 5751 ne
904 5704 1021 5766 quid
1047 5673 1255 5756 editioni
1276 5714 1456 5757 nostrae
1477 5706 1626 5775 desit,
1670 5706 1721 5755 iu
1743 5705 2019 5769 appendice
2044 5706 2103 5755 ad
2127 5702 2315 5756 calcem
2337 5703 2483 5767 hujus
2505 5706 2622 5755 tomi
2645 5706 2869 5768 seposito
2889 5704 3021 5768 quod
3042 5719 3070 5755 a
3096 5705 3333 5758 Merenda
3361 5711 3745 5770 prtetcrmissum
3762 5673 3854 5760 .est

548 5763 915 5817 exhibebimus.
