4200 6178
365 258 474 313 425

1668 254 1898 311 OPERA
1935 252 2374 311 APOCRYPHA.

3487 256 3491 261 '
3559 238 3665 316 426

360 385 500 442 ago,
554 369 699 438 quod
751 378 1022 425 tantorum
1066 368 1290 424 fratrum
1338 370 1551 424 merui‘
1584 370 1964 426 benedictione
1990 369 2313 452 Adamnari
2360 376 2574 440 potest:
2630 382 2805 439 neque
2850 369 2954 424 ulla
2984 385 3237 442 umquam
3282 374 3510 430 concilia
3553 388 3668 433 rata

358 465 502 530 frui;
535 462 737 520 deinde
764 463 907 535 quod
937 463 1079 521 circa
1103 464 1300 519 fratres
1325 463 1589 518 sollicitos
1618 478 1717 518 vos
1748 464 1923 531 reperi
1948 504 1962 528 ,

360 568 414 614 et
441 573 565 613 cum
598 559 678 615 eis
700 574 917 614 crucem
949 558 1163 613 Domini
1196 556 1435 623 deferre,
1459 557 1550 628 qui
1574 558 1647 611 ait
1682 575 1694 609 :
1726 557 1831 624 Qui
1860 558 1965 612 vult

359 652 533 707 venire
556 663 670 722 post
695 666 805 717 me,
832 652 1044 723 abneget
1065 653 1390 722 semetipsum
1416 691 1432 717 ,
1488 660 1532 705 et
1573 650 1719 704 tollat
1764 667 1965 704 crucem

362 761 513 800 suam
534 786 548 810 ,
597 754 642 797 et
673 754 915 815 sequatur
958 759 1038 798 me
1060 785 1075 809 ,
1108 754 1165 799 et
1192 744 1401 813 reliqua
1451 741 1517 797 ad
1570 741 1713 797 hunc
1743 741 1965 797 modum

362 836 712 909 pertinentia.
744 836 945 908 Igitur,
988 836 1242 907 quoiiiam
1276 836 1327 890 in
1360 835 1616 904 praesenti
1657 845 1967 905 Opportune

362 940 637 1002 gestorum
669 929 1069 984 consultatione
1105 927 1420 997 apostolicis
1459 935 1641 982 vestra
1690 925 1967 980 beatitudo

362 1022 703 1078 visceribus’
732 1030 1047 1086 commota,
1096 1035 1194 1075 nos
1239 1019 1450 1074 hortata
1504 1028 1586 1074 est
1615 1060 1629 1084 ,
1682 1018 1967 1073 tuitionem

363 1116 592 1172 fratrum
624 1116 923 1186 apostolica
953 1114 1265 1183 impendere
1289 1112 1638 1177 auctoritate,
1675 1119 1732 1166 et
1775 1126 1964 1166 eorum

364 1209 581 1279 injuriis
639 1200 961 1272 subvenire.
1013 1206 1139 1262 dum
1193 1214 1446 1271 constet,
1499 1206 1688 1260 cadent
1722 1220 1818 1259 vos
1843 1219 1965 1258 cum

362 1304 633 1376 Apostolo
662 1302 1121 1374 compassibiliter
1149 1300 1333 1355 dicere
1368 1318 1380 1352 :
1414 1299 1541 1364 Quis
1562 1298 1860 1367 inﬁrmatur
1881 1339 1895 1363 ,
1921 1306 1966 1350 et

364 1414 458 1471 ego
490 1414 592 1452 non
616 1396 886 1467 inﬁrmor?
906 1396 1022 1465 quis
1053 1394 1463 1460 scandalizatur,
1490 1403 1538 1446 et
1558 1409 1651 1464 ego
1678 1408 1779 1446 non
1808 1392 1969 1445 uror?

363 1501 698 1564 satagentes,
732 1507 799 1546 ne
824 1491 1022 1561 aliquis
1048 1489 1115 1544 de
1140 1489 1247 1553 his,
1276 1488 1367 1559 qui
1398 1486 1552 1541 vobis
1579 1485 1774 1540 crediti
1806 1493 1965 1546 sunt,

364 1603 396 1643 a
423 1588 585 1644 smvis
631 1585 824 1641 bestiis
869 1584 1141 1639 laceretur
1168 1589 1263 1636 aut
1288 1582 1536 1652 capiatur
1566 1597 1578 1633 :
1607 1596 1703 1649 pro
1731 1594 1835 1649 qua
1863 1594 1923 1635 re
1948 1578 1969 1609 ³

364 1689 606 1751 oportet,
636 1678 789 1748 juxta
831 1686 1065 1732 vestram
1094 1676 1412 1745 prudentem
1447 1674 1922 1745 commonitionem
1951 1716 1966 1740 ,

2068 461 2340 532 leguntur,
2387 476 2506 531 qua:
2539 475 2644 517 non
2686 471 2811 516 sunt
2837 462 2966 517 fulta
2996 464 3292 533 apostolica
3318 470 3664 525 auctoritate.

2135 554 2225 609 Ill.
2260 557 2617 609 Accusatores
2664 566 2845 613 autem
2900 557 3316 629 episcoporum,
3361 571 3414 618 et
3462 572 3661 631 testes,

2068 661 2230 716 super
2269 648 2464 718 quibus
2504 649 2780 717 rogitaSIis
2807 690 2821 715 ,
2858 649 3060 721 absque
3085 651 3189 707 ulla
3234 653 3453 709 infamia
3490 658 3529 722 ⁵,
3574 669 3667 713 aut

2067 741 2399 809 suspicione,
2434 740 2516 795 vel
2550 742 2833 796 manifesta
2860 743 3095 809 macula,
3129 754 3183 799 et
3217 762 3357 802 verte
3388 747 3513 803 fidei
3549 749 3664 816 ple-

2069 832 2209 886 niter
2239 832 2488 887 instructi
2517 848 2639 888 esse
2664 832 2885 899 debent,
2916 843 2969 889 et
2993 837 3149 901 tales,
3178 840 3363 905 quales
3390 841 3456 895 ad
3486 856 3668 898 sacer-
3731 881 3738 887 -

2068 923 2274 978 dotimn
2305 925 2508 994 eligere
2534 925 2689 991 jubet
2714 925 2893 981 divina
2925 928 3224 985 auctoritas
3251 950 3262 983 :
3296 933 3551 1001 quoniam
3580 950 3665 990 sa-

2069 1016 2317 1072 cerdotes
2347 1020 2429 1089 (ut
2458 1019 2673 1088 antiqua
2709 1020 2870 1074 tradit
2902 1022 3218 1092 auctoritas)
3250 1026 3529 1081 criminari
3562 1046 3670 1084 non

2072 1120 2326 1178 possunt,
2360 1125 2462 1165 nec
2504 1112 2556 1166 in
2586 1126 2679 1167 eos
2711 1114 2989 1169 testificari
3013 1157 3027 1182 ,
3063 1117 3154 1186 qui
3181 1117 3246 1172 ad
3280 1120 3528 1175 eumdem
3561 1140 3665 1179 non

2070 1201 2292 1268 debent,
2320 1218 2418 1258 nec
2446 1215 2673 1273 possunt
2706 1207 2927 1275 provehi
2958 1208 3244 1265 honorem.

2140 1294 2227 1350 1V.
2263 1294 2490 1351 Vocatio
2533 1298 2676 1352 enim
2742 1298 2807 1353 ad
2841 1300 2860 1329 ⁷
2901 1302 3168 1370 synodum
3220 1304 3405 1375 (juxta
3453 1307 3672 1364 decreta

2071 1385 2318 1456 Patrmn)
2347 1391 2605 1444 canonica
2634 1391 2751 1461 ejus
2771 1435 2783 1456 ,
2813 1393 2903 1463 qui
2943 1394 3241 1466 impetitur,
3276 1409 3380 1452 tam
3412 1414 3508 1455 sua
3536 1417 3672 1471 pra:-

2070 1480 2265 1546 sentia,
2295 1496 2480 1550 quam,
2506 1491 2560 1536 et
2582 1486 2797 1553 scriptis
2822 1496 2983 1556 atque
3010 1490 3376 1557 apocrisariis,
3410 1509 3507 1563 per
3536 1510 3666 1565 spa-

2072 1570 2204 1626 tium
2245 1571 2361 1626 fieri
2393 1572 2554 1629 debet
2598 1589 2897 1647 congruum
2942 1590 3103 1650 atque
3144 1585 3501 1639 canonicum:
3548 1588 3673 1657 quia

2072 1665 2174 1720 nisi
2197 1667 2460 1722 canonice
2493 1679 2720 1724 vocatus
2749 1669 2912 1727 fuerit
2952 1690 3050 1728 suo
3082 1683 3326 1747 tempore
3352 1720 3366 1744 ,
3420 1693 3473 1735 et
3509 1696 3674 1737 cano-

365 1772 544 1843 magis
574 1780 755 1826 autem
785 1768 1084 1826 secundum
1134 1767 1346 1822 Domini
1377 1766 1615 1822 divinam
1649 1767 1969 1837 ριιωεεριίυ-
2000 1795 2045 1855 Β
2074 1757 2195 1812 nica
2227 1758 2569 1816 ordinatione
2593 1803 2607 1827 ,
2649 1762 2781 1818 licet
2809 1767 3021 1821 venerit
3048 1768 3115 1823 ad
3146 1782 3507 1844 conventum,
3537 1793 3673 1847 qua-

366 1882 516 1931 nem,
554 1878 651 1918 nos
673 1905 687 1927 ,
719 1862 811 1933 qui
841 1874 1005 1931 supra
1044 1860 1263 1915 domum
1309 1858 1459 1929 ejus,
1493 1858 1596 1914 hoc
1626 1868 1710 1914 est
1752 1859 1972 1915 univer-

364 1958 538 2016 salem
570 1956 871 2013 Ecclesiam
910 1952 1259 2017 catholicam,
1283 1951 1593 2022 episcopale
1632 1950 1975 2021 suscepimus

366 2051 731 2109 ministerium
758 2092 774 2117 ,
822 2047 1060 2104 sollicite
1104 2046 1367 2117 vigilare;
1420 2060 1488 2101 ne
1526 2044 1595 2100 de
1641 2046 1811 2099 sacris
1854 2044 1975 2115 ejus

366 2143 711 2210 muneribus,
745 2140 798 2197 id
829 2150 935 2209 est,
961 2137 1278 2210 apostolicis
1306 2136 1461 2199 viris.
1492 2137 1974 2206 apostolorumque

370 2236 808 2300 successoribus,
832 2245 994 2306 atque
1020 2234 1302 2300 ministris,
1331 2232 1638 2304 quisquam,
1664 2230 1820 2286 nobis
1846 2229 1976 2284 dor—

370 2329 720 2394 mitantibus,
750 2328 929 2384 valeat
960 2328 1247 2399 supprimi,
1274 2335 1436 2397 atque
1462 2323 1681 2396 injuste,
1712 2322 1976 2393 uobisque

369 2424 722 2491 inconsultis,
754 2422 1024 2479 damnari.

445 2516 487 2571 Ι.
529 2515 714 2583 Scitis,
748 2514 944 2571 fratres
968 2514 1295 2578 charissimi,
1329 2514 1733 2568 firmamentum
1762 2510 1782 2541 ⁸
1805 2526 1835 2565 a
1866 2510 1977 2566 Deo

371 2611 548 2667 ﬁxum
574 2620 627 2667 et
659 2610 960 2677 immobile,
993 2619 1155 2681 atque
1187 2609 1402 2664 titulum
1431 2606 1825 2664 lucidissimum
1852 2621 1977 2662 suo—

372 2720 495 2759 rum
526 2706 894 2769 sacerdotum,
926 2703 979 2757 id
1007 2711 1091 2758 est
1110 2745 1124 2768 ,
1148 2702 1391 2758 omnium
1417 2701 1821 2772 episcoporum,
1849 2713 1980 2767 apo-

373 2798 627 2855 stolicam
660 2797 843 2852 sedem
870 2811 993 2852 esse
1017 2796 1391 2863 constitutam,
1422 2805 1477 2849 et
1506 2794 1762 2849 verticem
1791 2791 1979 2847 Eccle-

376 2892 608 2948 siarum.
644 2888 722 2945 Tu
752 2906 805 2943 es
833 2890 968 2943 enim
1000 2888 1177 2961 (sicut
1203 2888 1447 2943 divinum
1486 2886 1800 2957 pronuntiat
1842 2883 1980 2939 Ver—

373 2984 506 3040 bum
536 2982 841 3051 veraciter)
893 2981 1110 3047 Petrus,
1140 2990 1189 3034 et
1225 2996 1380 3052 super
1414 2980 1802 3050 ﬁrmamentum
1833 2986 1980 3031 tuum

376 3075 630 3132 Ecclesiae
674 3076 927 3130 columna:
950 3116 966 3141 ,
997 3074 1092 3145 qui
1119 3073 1364 3144 episcopi
1400 3072 1807 3143 intelliguntur,
1856 3086 1980 3125 con-

373 3269 529 3327 atque
569 3260 733 3332 ligare
762 3268 811 3312 et
836 3258 1030 3312 solvere
1059 3265 1366 3329 potestatem
1395 3272 1510 3326 qtae
1556 3256 1608 3309 in
1639 3255 1778 3309 caelis
1818 3263 1937 3309 sunt
1963 3295 1976 3318 ,

375 3364 426 3409 et
456 3369 571 3423 qua:
597 3353 650 3406 in
682 3352 832 3406 terris
853 3393 869 3420 ,
917 3350 1262 3424 promulgari.
1312 3349 1392 3403 Tu
1432 3348 1778 3418 profanorum
1809 3346 1982 3400 homi-

375 3462 532 3510 num,
560 3452 614 3500 et
642 3443 1011 3499 membrorum
1044 3458 1289 3497 meorum
1317 3484 1331 3505 ,
1361 3442 1705 3510 maximeque
1742 3438 1981 3507 discipu-

373 3539 556 3594 lorum
587 3553 833 3593 meorum
856 3537 1047 3593 existis
1092 3546 1151 3591 ut
1187 3538 1440 3607 princeps
1485 3544 1541 3590 et
1565 3534 1755 3590 doctor
1796 3532 1985 3588 ortho-

375 3631 540 3687 doxae
567 3640 622 3687 et
648 3631 1014 3686 immaculata:
1059 3628 1184 3685 fidei
1211 3670 1225 3695 ,
1274 3629 1429 3699 cujus
1460 3629 1575 3684 vice
1619 3627 1782 3683 hodie
1810 3625 1983 3698 gratia

376 3725 501 3789 Dei,
532 3724 804 3795 legatione
831 3739 931 3796 pro
958 3723 1179 3779 Christo
1202 3724 1497 3795 fungimur,
1528 3732 1581 3778 et
1606 3738 1797 3778 omnes
1825 3722 1985 3790 hujus

376 3829 587 3874 sanctae
634 3818 779 3874 sedis
827 3816 1092 3890 praesules
1152 3818 1269 3887 ejus
1316 3819 1485 3872 vicem
1516 3824 1835 3889 gesserunt,
1900 3829 1988 3885 ge-

376 3921 543 3977 runt,
567 3920 623 3967 et
643 3922 854 3983 gerent.
894 3911 1018 3967 Ideo
1047 3912 1227 3968 omnia
1253 3952 1268 3976 ,
1320 3926 1441 3982 qua:
1471 3910 1785 3965 innotuistis
1806 3952 1820 3975 ,
1875 3924 1985 3963 non

377 4007 551 4064 licere
580 4006 926 4071 mandarem,
977 4004 1083 4061 nisi
1124 4021 1221 4061 vos
1268 4017 1376 4060 tam
1415 4006 1645 4077 pleniter
1692 4005 1986 4059 instructos

380 4115 510 4157 esse
534 4100 729 4156 scirem
748 4142 763 4168 ,
791 4100 934 4170 quod
982 4109 1194 4165 cuncta,
1238 4114 1403 4169 super
1433 4098 1629 4170 quibus
1658 4095 1942 4154 consulitis
1968 4136 1982 4163 ,

379 4193 573 4249 illicita
600 4208 724 4248 esse
754 4209 860 4248 non
885 4191 1166 4247 dubitetis.

459 4285 523 4339 Il.
560 4287 842 4342 Discutere
873 4302 1103 4357 namque
1135 4285 1422 4355 episcopos
1454 4284 1504 4350 ³,
1536 4292 1591 4338 et
1629 4295 1870 4338 summas
1896 4296 1986 4336 ec-

382 4377 819 4435 clesiaSticorum
881 4377 1219 4449 negotiorum
1275 4390 1468 4431 causas
1522 4373 1985 4445 metropolitano,

386 4485 497 4525 una
521 4485 644 4526 cum
667 4471 917 4525 omnibus
948 4469 1064 4525 suis
1094 4467 1664 4540 comprovincialibus,
1699 4466 1769 4521 ita
1807 4474 1866 4520 ut
1896 4480 1988 4520 ne-

2075 1866 2308 1922 cumque
2340 1857 2686 1922 necessitate,
2720 1859 2824 1915 nisi
2854 1873 3047 1929 sponte
3076 1865 3327 1933 voluerit,
3366 1869 3674 1927 nullatenus

2075 1946 2187 2000 suis
2218 1948 2568 2017 respondebit
2604 1949 3013 2010 insidiatoribus
3050 1960 3305 2028 quoniam
3350 1977 3452 2017 nec
3480 1965 3667 2020 saeculi

2074 2038 2221 2110 leges
2247 2039 2347 2095 hoc
2377 2042 2695 2111 permittunt
2728 2046 2870 2114 fieri,
2900 2060 3104 2118 quanto
3130 2056 3301 2125 magis
3330 2055 3549 2113 divinaa.

2149 2132 2212 2187 V.
2245 2134 2321 2189 De
2348 2135 2539 2206 ejectis
2588 2154 2721 2194 vero
2747 2142 2768 2171 ⁸
2796 2150 2955 2212 atque
2985 2146 3097 2199 suis
3125 2147 3293 2203 rebus
3328 2153 3665 2222 exspoliatis,

2078 2225 2214 2281 nihil
2263 2228 2414 2285 vobis
2459 2231 2644 2287 verius
2690 2233 3001 2304 significare
3045 2254 3187 2307 queo
3220 2282 3234 2304 ,
3288 2259 3450 2313 quam
3500 2246 3673 2300 sancti

2076 2317 2264 2373 Patres
2310 2319 2658 2390 definierunt,
2702 2333 2760 2381 et
2800 2329 2966 2382 nostri
2998 2331 3429 2399 prwdecessores
3460 2348 3677 2408 aposto-

2079 2412 2180 2469 lica
2211 2416 2533 2472 auctoritate
2563 2418 2980 2477 roboraverunt.
3026 2425 3099 2481 lta
3131 2428 3273 2482 enim
3316 2430 3432 2485 lucc
3476 2448 3536 2488 se
3582 2435 3678 2490 ha-

2079 2505 2233 2561 bent:
2260 2508 2547 2580 episcopos
2570 2511 2776 2581 ejectos
2815 2525 2973 2584 atque
2998 2517 3114 2572 suis
3139 2520 3302 2575 rebus
3324 2524 3677 2592 exspoliatos,

2082 2599 2350 2656 Ecclesias
2382 2604 2627 2673 proprias
2663 2606 2838 2676 primo
2865 2609 3140 2680 recipere,
3175 2623 3227 2667 et
3254 2628 3350 2669 sua
3383 2616 3464 2671 eis
3498 2621 3679 2675 omnia

2080 2692 2327 2764 legaliter
2356 2696 2525 2762 reddi,
2560 2700 2731 2755 saneti
2759 2716 2996 2758 canones
3022 2704 3383 2764 decreverunt
3409 2729 3421 2764 :
3453 2721 3508 2767 et
3536 2727 3685 2784 post-

2080 2800 2144 2841 ea
2183 2787 2229 2841 si
2268 2787 2388 2858 quis
2418 2804 2513 2844 eos
2542 2805 2800 2849 accusare
2837 2798 3069 2851 voluerit
3095 2839 3109 2863 ,
3144 2816 3301 2870 :equo
3331 2805 3573 2872 periculo
3602 2810 3682 2863 fa-

2081 2893 2207 2934 cere
2237 2881 2608 2969 sancivcrunt,
2637 2883 2846 2953 judices
2872 2903 2993 2943 esse
3016 2890 3377 2952 decernentes
3401 2900 3684 2972 episcopo-

2082 2988 2199 3027 rum
2222 3015 2237 3038 ,
2266 2980 2550 3043 episcopos
2579 2988 2726 3033 recte
2756 2980 3031 3049 sapientes
3061 2995 3113 3038 et
3137 2985 3286 3055 juste
3312 2990 3585 3057 volentes,
3614 2995 3681 3050 ad

2018 3136 2023 3141 ,
2083 3074 2295 3137 tempus
2316 3067 2517 3139 diuque
2544 3069 2651 3125 illis
2671 3112 2685 3138 ,
2716 3078 3010 3146 resumptis
3038 3079 3241 3136 viribus
3260 3125 3275 3151 ,
3310 3093 3366 3138 et
3392 3087 3509 3142 suis
3534 3099 3684 3158 pote-

374 3168 601 3236 firmata:
632 3177 751 3221 sunt
777 3182 794 3220 :
822 3177 869 3220 et
914 3166 1004 3220 tibi
1045 3165 1213 3221 claves
1240 3166 1383 3237 regni
1424 3166 1667 3220 calorum
1707 3163 1975 3229 commisi,
2005 3183 2050 3245 ρ

2082 3159 2275 3214 stative
2306 3159 2605 3217 fruentihus
2637 3165 2797 3222 rebus
2822 3182 2835 3229 ;
2865 3171 3159 3242 amicisque
3193 3182 3249 3229 et
3278 3176 3371 3232 Dei
3399 3182 3573 3235 servis
3603 3198 3685 3237 sa.

2084 3250 2356 3319 pientibus
2382 3254 2797 3313 consulentibus
2818 3259 2969 3325 viris,
2996 3262 3047 3315 in
3082 3263 3322 3319 Ecclesia
3351 3274 3683 3328 convenien-

2084 3351 2187 3407 tes,
2221 3344 2309 3400 ubi
2345 3356 2509 3401 testes
2546 3359 2729 3405 essent
2757 3350 3095 3423 singulorum
3118 3397 3131 3419 ,
3170 3359 3259 3427 qui
3292 3364 3536 3432 oppressi
3564 3381 3685 3422 esse

2083 3435 2356 3491 videntur.
2391 3439 2455 3492 Et
2480 3440 2711 3511 reliqua,
2739 3442 2804 3496 ad
2837 3445 2980 3500 hunc
3003 3451 3023 3481 ⁹
3052 3449 3295 3506 ordinem
3324 3457 3645 3525 pertinentia
3670 3478 3682 3514 :

2084 3545 2204 3624 qua:
2238 3532 2600 3600 prolixitatem
2630 3537 2888 3606 vitantes,
2922 3541 3011 3598 hic
3039 3560 3145 3599 non
3173 3546 3524 3616 insernimus,
3559 3558 3682 3624 quia

2086 3621 2203 3677 haec
2249 3622 2500 3682 sufficere
2541 3628 2837 3687 credimus.
2892 3633 3111 3707 Siquis
3139 3653 3320 3697 autem
3352 3645 3436 3699 his
3470 3621 3693 3704 nonest

2085 3728 2371 3774 contentus
2390 3762 2404 3786 ,
2441 3722 2584 3792 legat
2613 3739 2675 3777 ea
2698 3765 2711 3787 ,
2740 3734 2795 3779 et
2822 3728 3127 3787 satiabitur.
3167 3734 3384 3792 Scimus
3410 3741 3556 3795 enim
3584 3740 3679 3798 lto-

2088 3815 2262 3905 mines
2288 3815 2525 3874 inermes
2551 3836 2657 3875 non
2684 3836 2843 3891 posse
2867 3841 2989 3880 cum
3020 3831 3242 3885 armatis
3274 3833 3375 3887 rite
3400 3850 3639 3905 pugnare
3668 3856 3681 3891 :

2087 3904 2167 3960 sic
2194 3922 2294 3962 nec
2326 3908 2425 3973 illi,
2455 3911 2545 3982 qui
2579 3912 2739 3983 cjecti
2766 3916 2849 3971 vel
2880 3919 2992 3974 suis
3021 3921 3179 3977 bonis
3204 3935 3332 3980 sunt
3357 3904 3675 3997 exspoliari,

2088 4012 2211 4055 cum
2245 4000 2385 4070 illis,
2420 4005 2509 4074 qui
2555 4005 2607 4061 in
2649 4023 2748 4062 suo
2791 4020 2936 4067 stant
2964 4015 3166 4085 gradu,
3200 4029 3254 4074 et
3284 4021 3400 4077 suis
3428 4021 3683 4082 fruuntur

2088 4094 2276 4150 amicis
2303 4107 2463 4168 atque
2493 4099 2678 4173 bonis,
2706 4103 2920 4174 litigare
2950 4107 3053 4165 rite
3090 4123 3333 4179 possunt.
3363 4114 3475 4174 Nec
3501 4120 3684 4175 saeculi

2088 4202 2303 4259 quoque
2334 4190 2481 4263 leges
2514 4192 2629 4250 haec
2659 4198 3015 4256 srecularibus
3043 4204 3159 4259 fieri
3204 4210 3560 4276 permittunt:
3593 4216 3686 4270 sed

2089 4280 2238 4349 prius
2267 4284 2469 4352 ejectos
2496 4286 2579 4341 vel
2611 4302 2926 4358 Oppressos,
2945 4299 3038 4348 aut
3059 4298 3394 4365 exSpoliatos
3422 4317 3545 4357 cum
3568 4306 3686 4361 suis

2090 4373 2342 4429 omnibus
2367 4376 2578 4432 restitui
2604 4379 2818 4447 jubent,
2844 4392 2898 4437 et
2927 4394 3112 4453 postea
3135 4402 3234 4441 suo
3263 4398 3525 4460 tempore,
3549 4396 3689 4449 sicut

2091 4464 2177 4520 lex
2208 4482 2393 4521 eorum
2422 4469 2686 4537 continet,
2716 4473 2781 4527 ad
2813 4475 3004 4542 placita
3030 4479 3215 4533 venire
3244 4484 3562 4552 praecipiunt
3589 4502 3690 4544 nec
3766 4532 3771 4535 .

385 4577 479 4617 mo
508 4578 572 4617 ex
606 4561 672 4616 iis
696 4560 871 4627 desit,
903 4571 958 4616 ct
986 4576 1178 4616 omnes
1208 4562 1260 4616 in
1293 4561 1629 4632 singulorum
1657 4557 1988 4614 concordent
2013 4576 2068 4636 ι)
2094 4559 2200 4614 ulla
2226 4562 2462 4617 carceris
2484 4564 2729 4619 custodia
2752 4568 3113 4637 appellantem
3143 4574 3314 4627 arceri
3348 4577 3685 4643 permittunt.

386 4655 620 4726 negotiis
646 4698 661 4722 ,
690 4656 851 4710 licet:
884 4656 977 4712 sed
1009 4654 1239 4711 delinire
1264 4670 1453 4711 eorum
1478 4697 1493 4721 ,
1537 4664 1699 4725 atque
1726 4650 1985 4709 ecclesia-

386 4751 647 4807 sticarum
682 4766 921 4806 summas
962 4750 1212 4822 querelas
1250 4764 1533 4805 causarum
1562 4789 1579 4818 ,
1611 4748 1696 4804 vel
1727 4747 1987 4801 damnare

387 4846 697 4916 episcopos,
746 4844 950 4914 absque
1003 4845 1159 4915 hujus
1206 4854 1409 4900 sanctae
1450 4843 1596 4899 sedis
1639 4841 1984 4907 auctoritate,

390 4941 616 4995 minime
657 4940 823 5004 licet;
874 4954 1033 5009 quam
1079 4953 1270 4994 omnes
1314 4939 1616 5008 appellare,
1668 4937 1712 4991 si
1762 4949 1988 4991 necesse

388 5032 572 5092 fuerit,
604 5038 662 5086 et
690 5032 806 5100 ejus
834 5031 1009 5086 fulciri
1033 5031 1231 5086 auxilio
1253 5041 1489 5100 oportet.
1514 5029 1647 5085 Nam
1677 5030 1759 5101 (ut
1788 5024 1983 5098 nostis)

389 5111 659 5198 synOdum
688 5124 809 5179 sine
844 5125 963 5195 ejus
993 5126 1318 5181 auctoritate
1351 5125 1464 5182 fieri
1496 5167 1510 5192 ,
1555 5140 1659 5180 non
1692 5134 1775 5178 est
1800 5122 1985 5179 catho-

391 5216 556 5272 licum
580 5235 593 5271 :
624 5230 723 5271 nec
744 5216 1050 5287 episcopus,
1080 5216 1185 5271 nisi
1210 5216 1260 5270 in
1291 5216 1528 5287 legitima
1557 5214 1788 5287 synodo,
1814 5224 1869 5271 et
1890 5230 1990 5270 suo

392 5322 644 5383 tempore
687 5310 987 5380 apostolica
1034 5311 1319 5366 vocatione
1363 5320 1725 5380 congregata,
1769 5308 1990 5365 definite

430 5506 441 5517 .
472 5436 488 5465 ι
529 5434 739 5517 Atticus
763 5434 932 5506 episc.
965 5434 1027 5490 C.
1062 5433 1123 5489 P.
1155 5436 1315 5505 epist.
1343 5432 1410 5489 ad
1438 5432 1542 5488 PP.
1566 5431 1735 5489 Cone.
1762 5431 1996 5489 Cartha-

392 5520 671 5632 glicbsiiis
698 5576 842 5633 dedit
867 5575 1086 5632 Caralit.
1116 5578 1284 5648 episc.
1315 5577 1550 5633 consult.
1584 5576 1639 5631 ἓ.

470 5648 491 5679 ³
530 5649 764 5711 Maximo
791 5650 1117 5718 Aquileiensi
1145 5646 1312 5717 episc.
1342 5651 1394 5704 in
1420 5649 1611 5705 eodem
1660 5646 1913 5703 concilio.

470 5719 491 5797 ξ
530 5721 751 5797 §ergius
775 5716 1130 5797 episc.}lypri
1157 5721 1224 5775 ad
1245 5720 1597 5797 Theodorum
1612 5720 1834 5791 Papam,
1861 5716 1993 5774 ibid.

472 5791 493 5823 ⁵
532 5791 587 5863 6,
618 5807 697 5860 tu,
730 5809 821 5865 qu.
849 5793 902 5857 6,
933 5791 1198 5847 Discutere
1223 5793 1507 5865 episcOpos.

839 5890 1117 5953 Pauor“
1196 5886 1370 5951 Xlll.

2093 4652 2299 4709 Docent
2320 4654 2463 4711 enim
2487 4673 2555 4712 ex
2582 4669 2734 4729 parte
2756 4660 2922 4733 (sicut
2946 4664 3140 4735 nostis)
3164 4674 3399 4738 terrena,
3425 4687 3545 4743 qua:
3566 4684 3693 4731 sunt

2092 4747 2356 4803 cmlestia.

2164 4840 2253 4897 Vl.
2297 4844 2657 4902 Accusatores
2685 4863 2811 4904 vero
2837 4858 2891 4905 et
2918 4852 3313 4923 accusationes,
3344 4872 3480 4928 quas
3502 4865 3691 4920 smculi

2096 4933 2242 5006 leges
2286 4951 2391 4990 non
2422 4937 2751 5005 adsciscunt,
2798 4945 3105 5001 nullatenus
3135 4960 3259 5004 sunt
3290 4950 3343 5006 in
3372 4951 3566 5010 horum
3595 4958 3691 5012 ad-

2097 5028 2372 5085 mittenda:
2416 5031 2613 5100 causis,
2663 5035 2788 5101 quia
2828 5053 2989 5094 omne
3033 5042 3175 5112 quod
3216 5044 3691 5113 irreprehensihile

2091 5129 2195 5185 est,
2223 5123 2491 5180 catholica
2518 5125 2821 5185 “defendit
2848 5130 3107 5190 Ecclesia.
3139 5136 3207 5191 Et
3225 5140 3373 5194 hoca
3399 5144 3693 5213 majoribus

2093 5216 2372 5272 definitum
2404 5233 2526 5274 esse
2556 5234 2778 5292 propter
2810 5241 3097 5295 pravorum
3132 5229 3405 5285 hominum
3440 5236 3686 5306 insidias,

2096 5324 2202 5366 non
2242 5311 2536 5369 dubitatur.
2587 5315 2754 5373 Decet
2795 5321 2937 5375 enim
2986 5322 3197 5377 Domini
3240 5326 3551 5384 sacerdotes
3584 5330 3690 5389 fra-

2176 5435 2196 5509 ξ
2234 5452 2271 5509 μ
2292 5478 2305 5496 ,
2344 5453 2435 5506 qu.
2470 5439 2523 5501 7,
2558 5436 2737 5492 Testes
2765 5440 2952 5509 absque
2978 5444 3106 5497 ulla.

2176 5507 2194 5587 ξ
2232 5508 2296 5587 {si
2320 5550 2335 5571 .
2368 5524 2440 5572 ιι,
2469 5524 2558 5587 qu;
2593 5509 2661 5587 7,
2682 5507 2986 5587 Sacerdotes
3014 5526 3066 5565 ut
3091 5518 3323 5587 antiqua.

2175 5578 2195 5654 tt
2311 5594 2377 5654 γ,
2405 5595 2494 5649 qu.
2516 5577 2583 5654 2,
2620 5578 2835 5634 Vocatio
2864 5584 2931 5636 ad
2960 5577 3235 5654 synodum:

2173 5652 2193 5681 θ
2235 5650 2267 5704 5
2293 5650 2379 5706 Al.
2407 5652 2633 5704 modum.

2176 5721 2218 5753 ¹⁰
2257 5722 2457 5779 Nieami
2487 5736 2644 5780 conc.
2669 5737 2789 5780 can.
2821 5724 2873 5781 9.

3105 5888 3178 5956 14
