4200 6178
534 240 641 294 427

1774 236 2023 293 SANCTI
2064 236 2318 297 DAMAS!
2358 240 2560 300 ΡΔΡᾹΞ

3732 256 3833 312 428

529 370 672 413 trum
696 369 887 412 causas
916 355 1000 425 pie
1029 363 1260 408 tractare
1279 394 1293 419 ,
1318 362 1371 407 et
1406 352 1785 408 venerabiliter
1808 351 2091 406 intendere
2110 392 2125 415 ,
2159 357 2211 421 Α
2236 363 2415 416 melius
2437 370 2510 416 εει
2538 371 2593 415 ut
2618 360 2961 428 suspendatur
2984 362 3121 415 mola
3148 362 3381 417 asinaria
3403 364 3459 416 in
3481 364 3611 418 collo
3636 370 3757 439 ejus,
3780 380 3826 423 et

532 460 695 521 atque
724 463 909 503 eorum
955 445 1156 517 judicia
1188 462 1351 515 super
1394 445 1656 499 sacrificia
1691 445 1983 510 ordinare;
2036 459 2135 499 nec

536 559 785 618 proterve
823 552 916 603 aut
965 542 1240 612 tyrannica
1279 541 1677 605 dominatione,
1722 551 1779 595 ut
1801 541 1869 596 de
1915 539 2137 610 quibus-

534 639 656 695 dam
704 636 953 703 refertur,
998 633 1093 689 sed
1139 634 1456 689 charitative
1500 649 1596 703 pro
1643 633 1751 688 Deo
1794 644 1847 688 et
1897 632 2140 689 fraterno

535 749 721 791 amore
745 740 941 789 cuncta
971 747 1263 802 peragere:
1298 743 1343 787 et
1373 733 1511 802 quod
1528 732 1623 786 sibi
1649 733 1761 801 quis
1784 732 1917 801 ﬁeri,
1944 746 2142 787 secun-

534 826 661 889 dum
704 826 1032 885 dominicam
1072 840 1292 887 vocem.
1344 842 1453 898 non.
1495 826 1624 889 vult,
1671 825 1762 879 alii
1806 826 2003 893 inferre
2038 841 2142 879 non

535 930 814 989 primumut
840 936 857 972 :
889 928 936 979 et
976 920 1028 973 iu
1054 935 1154 989 qua
1182 935 1421 974 mensura
1453 920 1613 973 mensi
1646 918 1879 988 fueritis,
1911 920 2145 974 remetie-

535 1022 618 1065 tur
647 1012 805 1066 vobis.
862 1012 933 1066 Ea
972 1027 1137 1076 vero,
1182 1028 1301 1081 qua:
1342 1012 1724 1079 Apostolorum
1758 1012 2147 1081 prazdicationo

537 1112 591 1160 et
631 1105 850 1161 Patrum
894 1105 1255 1160 instructiOue
1295 1106 1653 1175 percepimus,
1701 1122 1917 1176 semper
1962 1118 2147 1165 tenere

537 1197 947 1265 debemus;°ue
987 1199 1163 1267 aliqua
1214 1215 1350 1255 nova
1404 1200 1645 1265 cudere,
1694 1211 1785 1255 aut
1834 1202 1901 1255 ad
1951 1218 2145 1255 noxam

539 1294 763 1351 fratrum
794 1294 1079 1350 intendere
1122 1295 1404 1350 videamur
1431 1314 1442 1348 :
1473 1296 1561 1349 sed
1591 1296 1961 1349 alterutrorum
1991 1313 2150 1350 onera

535 1397 815 1455 portemus,
867 1395 923 1447 ut
960 1386 1111 1457 juxta
1156 1386 1499 1457 Apostolum,
1544 1387 1704 1458 legem
1738 1386 1948 1441 Domini
1979 1388 2150 1441 adim-

542 1478 685 1548 plere
716 1481 998 1539 valeamus.

614 1570 730 1627 γιι.
779 1572 1018 1641 Tempus
1058 1572 1203 1631 enim
1257 1586 1557 1641 congruum
1602 1571 1895 1642 praevideri
1938 1579 2156 1642 oportet

538 1666 753 1737 quando
779 1667 1200 1737 uniuscujusque
1225 1677 1495 1723 accusata:
1516 1683 1763 1737 persona)
1784 1684 1945 1723 causa
1965 1670 2156 1724 rectis.

2240 457 2564 527 demergatur
2592 456 2645 507 in
2676 456 2989 526 profundum
3012 455 3187 509 maris.
3238 456 3304 509 Et
3332 456 3460 511 item
3490 474 3503 510 :
3535 455 3713 513 Beatus
3741 460 3823 526 qui

2238 566 2341 603 non
2370 550 2525 620 fuerit
2550 548 2933 602 scandalizatus
2958 548 3011 601 in
3037 564 3133 602 me.
3162 547 3257 602 Ille
3282 549 3473 617 procul
3495 549 3659 604 dubio
3683 567 3823 607 scan-

2242 641 2507 696 dalizatus
2537 651 2621 695 est
2651 643 2701 695 in
2738 641 2905 695 Deum
2931 682 2944 705 ,
2985 642 3079 711 qui
3114 642 3232 711 ejus
3268 642 3605 698 scandalizat
3636 646 3829 714 episco-

2245 750 2371 803 pum
2404 734 2491 788 vel
2532 733 2895 788 sacerdotem.
2948 734 3011 788 Et
3044 734 3209 789 multa
3242 735 3369 789 talia
3391 776 3406 797 .
3452 753 3569 804 qua:
3600 736 3691 793 hie
3739 754 3835 795 non

2247 826 2573 890 inferuntur,
2609 842 2677 881 ne
2707 826 2869 880 nimis
2902 826 3113 895 prolixa
3144 827 3416 883 efficiatur
3444 830 3702 899 epistola.
3739 832 3846 887 Mo-

2248 930 2442 974 nentes
2464 934 2681 988 quoque
2709 923 2981 972 tnstruere
3025 918 3237 973 debetis
3279 930 3603 975 memoratos
3640 923 3850 979 vicinos

2251 1025 2481 1077 vestros,
2536 1023 2593 1067 ut
2628 1030 2656 1067 a
2704 1013 2899 1067 talibus
2942 1028 3000 1068 se
3030 1014 3377 1081 subtraham,
3417 1025 3473 1071 et
3510 1032 3627 1085 qua:
3661 1017 3855 1073 illicite

2250 1118 2434 1164 contra
2469 1108 2721 1178 praefixos
2762 1107 2961 1163 fratres
3006 1118 3269 1178 egerunt,
3317 1110 3424 1163 cito
3454 1110 3747 1181 corrigam.
3785 1112 3853 1166 Et

2250 1215 2387 1270 quos
2418 1199 2575 1253 nobis
2602 1199 2928 1254 inconsultis
2959 1199 3249 1265 laeserunt,
3292 1204 3449 1272 plena
3476 1201 3854 1258 satisfacuonc

2253 1304 2468 1355 sanent,
2520 1301 2576 1347 et
2614 1294 2723 1347 cito
2770 1292 2875 1347 sibi
2926 1308 3022 1346 eos
3064 1294 3442 1361 reconcilient.
3487 1296 3530 1348 si
3579 1295 3858 1351 noluerint

2255 1387 2571 1456 apostolicae
2606 1385 2753 1442 sedis
2784 1386 3061 1455 suscipere
3100 1402 3407 1442 censuram.
3458 1387 3591 1443 Nam
3634 1389 3679 1441 si
3726 1387 3856 1458 quid

2258 1479 2486 1534 fortasse
2535 1478 2588 1534 in
2630 1494 2725 1534 €08
2752 1487 2843 1533 aut
2872 1489 3061 1534 contra
3107 1494 3203 1534 005
3246 1492 3567 1544 emerserat,
3603 1491 3857 1536 nostrum

2269 1572 2445 1626 luerat
2474 1572 2900 1641 exspectandum
2928 1587 3155 1628 examen
3180 1614 3193 1639 ,
3223 1583 3281 1627 ut
3304 1582 3488 1628 nostra
3522 1575 3618 1644 (uti
3643 1591 3862 1646 semper

2261 1665 2387 1721 huic
2419 1665 2513 1719 fuit
2543 1665 2659 1720 sedi
2681 1680 3003 1720 concessum
3029 1666 3393 1738 privilegium)
3417 1668 3861 1725 condemnaren-

538 1761 676 1819 sime
724 1760 775 1814 in
806 1760 984 1819 medio
1010 1761 1366 1829 producatur,
1391 1773 1662 1830 quatenus
1694 1764 2011 1832 gravitatem
2032 1764 2151 1832 ejus
2182 1762 2229 1823 Β
2259 1769 2344 1812 tur
2372 1758 2697 1815 auctoritate
2721 1798 2735 1823 ,
2772 1768 2864 1811 aut
2894 1758 3217 1813 fulcirentur
3243 1760 3466 1820 auxilio.
3495 1760 3687 1830 Neque
3716 1763 3859 1818 cnim

537 1855 1062 1922 consonantiamque
1092 1865 1280 1913 contra
1321 1856 1539 1910 Patrum
1569 1856 1783 1911 decreta
1814 1899 1827 1923 ,
1860 1858 1943 1911 vel
1976 1873 2140 1928 syno-

537 1948 732 2004 dorum
777 1950 1174 2007 confessionem
1213 1990 1228 2014 ,
1281 1948 1439 2019 prodi
1492 1951 1717 2005 minime
1761 1961 2139 2020 cognoscatur.

535 2043 705 2111 Quam
736 2043 1111 2103 ordinabiliter
1140 2060 1328 2099 omnes
1375 2047 1656 2101 intendant
1685 2087 1699 2111 ,
1730 2056 1787 2100 ut
1831 2047 1896 2102 ad
1938 2062 2057 2101 eam
2088 2049 2141 2101 in

538 2136 791 2191 omnibus
815 2136 1213 2192 rationabiliter
1246 2141 1635 2206 respondeant,
1665 2150 1718 2194 et
1747 2141 1891 2209 juste
1919 2155 1978 2195 se
2004 2141 2143 2196 velle

536 2228 824 2283 manifeste
870 2229 1179 2283 Ostendam.
1236 2229 1426 2284 Nullus
1471 2239 1650 2289 autem
1709 2231 2086 2287 introducatur
2124 2233 2140 2264 ¹

540 2322 903 2392 personaliter
930 2341 941 2373 :
975 2322 1070 2376 sed
1124 2334 1472 2377 accusatores
1509 2334 1565 2377 et
1595 2326 1835 2378 accusati
1866 2342 2017 2396 aequa
2045 2341 2145 2379 au-

534 2416 755 2479 diantur
784 2416 1027 2486 ratione,
1073 2418 1228 2485 juxta
1269 2418 1409 2485 quod
1451 2430 1726 2487 gestorum
1766 2420 1903 2474 ordo
1951 2422 2138 2491 exigit.

538 2511 899 2571 Accusatores
929 2525 1059 2569 vero
1086 2520 1139 2563 ct
1173 2509 1385 2578 judices
1411 2526 1517 2564 non
1552 2510 1713 2567 iidem
1739 2512 1881 2577 sint,
1917 2513 2011 2567 sed
2044 2529 2142 2581 per

535 2619 594 2658 se
626 2612 973 2665 accusatores
994 2646 1007 2667 ,
1040 2619 1132 2670 per
1159 2619 1215 2659 se
1239 2603 1483 2674 judices,
1520 2620 1616 2673 per
1640 2620 1700 2659 se
1720 2615 1922 2671 testes,
1958 2621 2053 2674 per
2082 2620 2142 2661 se

534 2696 793 2761 accusati,
844 2696 1217 2766 unusquisque
1268 2697 1320 2752 in
1368 2712 1468 2750 suo
1510 2698 1883 2753 ordinabiliter
1923 2698 2137 2755 ordine.

534 2789 668 2843 Nam
702 2788 986 2858 inscriptio
1020 2791 1194 2857 primo
1224 2803 1442 2857 semper
1471 2791 1563 2843 fiat
1589 2832 1603 2854 ,
1647 2800 1704 2843 ut
1743 2791 2003 2847 talionem
2044 2806 2137 2846 ca-

533 2882 828 2939 lumniator
874 2881 1138 2949 recipiat;
1190 2882 1313 2948 quia
1364 2892 1489 2936 ante
1530 2884 1938 2953 inscriptionem
1976 2900 2141 2939 nemo

533 2973 693 3033 debet
718 2974 949 3044 judicari
982 2974 1066 3027 vel
1093 2974 1361 3039 damnari,
1389 2990 1513 3031 cum
1543 2986 1598 3029 et
1627 2977 1808 3030 saeculi
1844 2978 1990 3047 leges
2023 2981 2139 3031 hanc

532 3068 721 3122 eadem
763 3068 1050 3122 retineant.
1103 3065 1178 3118 De
1224 3066 1421 3135 quibus
1462 3066 1715 3120 omnibus
1752 3083 1879 3122 vera
1924 3083 2140 3137 semper

2250 1865 2351 1904 suo
2384 1866 2482 1918 pro
2512 1850 2665 1905 libitu
2698 1861 2878 1907 nostra
2909 1852 3352 1923 dcbuerantjura
3384 1856 3709 1923 pervadere,
3742 1858 3864 1911 abs-

2246 1960 2350 2013 quc
2372 1946 2686 2013 apostolicae
2708 1944 2851 1999 sedis
2871 1943 3229 2015 dispositione
3248 1947 3559 2003 mandante.
3594 1949 3640 2003 Α
3665 1950 3862 2005 talibus

2246 2036 2503 2106 deinceps
2540 2052 2731 2093 omnes
2761 2052 2821 2092 se
2860 2037 3168 2093 abstineant
3199 2036 3219 2075 ⁴
3246 2039 3557 2093 sacerdotes
3579 2082 3595 2104 ,
3635 2042 3730 2111 qui
3762 2056 3860 2096 no-

2246 2130 2444 2183 luerint
2468 2130 2534 2183 ab
2553 2130 2881 2200 Apostolicw
2905 2130 3078 2185 Petrae
3102 2139 3287 2200 (super
3312 2147 3473 2201 quam
3496 2129 3774 2199 Christus,
3805 2140 3862 2188 ut

2252 2224 2568 2293 przedictum
2584 2236 2687 2297 est,
2707 2225 3069 2283 unlversalem
3091 2226 3401 2280 construxit
3418 2225 3746 2293 Ecclesiam,
3775 2228 3859 2282 cui

2242 2319 2617 2388 episcoporum
2631 2334 2841 2373 summa
2853 2318 3055 2387 judicia
3070 2328 3232 2388 atque
3250 2320 3479 2389 majores
3491 2335 3698 2384 causze,
3717 2321 3864 2376 sicut

2247 2411 2403 2479 paulo
2432 2412 2682 2479 superius
2707 2426 3061 2466 memoratum
3085 2419 3189 2476 est,
3215 2422 3512 2468 reservata:
3540 2424 3679 2468 sunt
3701 2424 3864 2485 atque

2245 2503 2526 2571 solidatte)
2557 2519 2785 2557 censura
2811 2518 2874 2559 ac
2900 2503 3225 2559 sacerdotali
3258 2504 3464 2559 honore
3492 2505 3735 2560 secludi.

2319 2594 2452 2650 Vill.
2511 2594 2745 2650 lndueim
2793 2596 2939 2649 enim
2990 2596 3257 2649 accusatis
3310 2597 3331 2637 ll
3365 2598 3416 2651 in
3466 2596 3859 2653 criminalibus

2243 2687 2512 2757 episcopis
2556 2703 2651 2741 θυι
2701 2689 2988 2753 mensium,
3016 2689 3097 2741 vel
3144 2704 3209 2743 eo
3236 2689 3466 2756 amplius
3518 2690 3565 2744 si
3622 2705 3860 2746 necesse

2243 2778 2441 2845 fuerit,
2497 2778 2859 2834 concedenda:
2904 2787 3033 2833 sunt
3066 2799 3080 2833 :
3113 2780 3368 2849 quoniam
3430 2789 3486 2836 et
3544 2780 3709 2836 laicis
3752 2782 3857 2837 hoc

2242 2873 2565 2941 permissum
2618 2871 2801 2925 nullus
2846 2873 3199 2926 smeularibus
3250 2872 3512 2926 imbutum
3540 2873 3857 2944 disciplinis

2242 2965 2454 3031 ignorat
2480 2979 2492 3018 :
2518 2979 2725 3035 quanto
2755 2966 2925 3035 magis
2969 2967 3362 3030 sacerdotibus,
3390 2967 3480 3036 qui
3532 2969 3858 3035 superiores

2240 3071 2359 3111 esse
2388 3058 2466 3113 cis
2500 3072 2604 3111 non
2632 3058 2969 3112 duhitantur.
3004 3057 3244 3115 Habetur
3291 3074 3506 3129 quoque
3529 3058 3550 3089 ‘
3578 3060 3631 3112 in
3659 3059 3856 3116 decre-

533 3162 625 3213 fiat
663 3160 891 3227 aequitas
916 3200 930 3224 ,
964 3168 1233 3228 quatenus
1267 3158 1631 3212 accusationis
1665 3169 1719 3214 et
1742 3159 1930 3228 judicii
1963 3175 2024 3213 ac
2057 3170 2134 3214 te-

2243 3149 2310 3207 lis
2340 3160 2651 3202 sanctorum
2668 3148 2888 3203 Patrum
2921 3151 3215 3215 Sancitum,
3240 3166 3348 3205 non
3375 3150 3493 3204 fore
3519 3153 3851 3223 canonicum

530 3253 771 3311 stimouii
802 3253 821 3282 ²
854 3252 1161 3308 mercedem
1194 3266 1288 3318 per
1320 3254 1604 3306 veritatem
1628 3263 1905 3322 gestorum
1935 3269 2133 3308 conse-

530 3347 619 3417 qui
654 3346 890 3401 valeant.
939 3342 1210 3412 Scriptum
1242 3353 1326 3399 est
1365 3344 1507 3401 cnim
1536 3364 1548 3397 :
1602 3344 1990 3397 Abominabitur
2025 3343 2136 3399 Do.

530 3438 699 3491 minus
750 3436 889 3490 labia
948 3436 1256 3503 mendacia,
1320 3446 1365 3489 et
1415 3446 1592 3491 testem
1646 3437 1889 3505 fallacem
1958 3439 2134 3507 profe-

530 3539 724 3583 rentem
765 3528 1057 3593 mendacia,
1094 3539 1140 3583 et
1188 3529 1524 3589 seminantem
1570 3529 1701 3583 inter
1748 3530 1933 3598 fratres
1983 3547 2134 3584 scrut-

530 3622 652 3683 dala
704 3634 854 3693 atque
908 3623 1115 3693 litigio,
1175 3622 1293 3690 ipso
1344 3633 1599 3678 monente
1660 3633 1822 3694 atque
1878 3625 2130 3680 dicente:

530 3718 653 3773 Non
685 3718 843 3793 facies
873 3718 1187 3771 calumniam
1217 3718 1450 3787 proximo
1491 3730 1601 3782 tuo,
1650 3734 1739 3774 nec
1780 3718 1827 3771 vi
1872 3720 2131 3787 apprimes

523 3830 658 3867 eum.
713 3808 834 3866 Non
866 3810 1023 3883 {acies
1054 3811 1191 3881 quod
1222 3811 1451 3879 iniquum
1478 3822 1550 3865 est
1578 3828 1668 3865 nec
1696 3812 1889 3882 injuste
1914 3813 2129 3882 judica-

526 3905 619 3959 bis.
656 3903 779 3959 Non
808 3903 1157 3957 considerabis
1183 3919 1451 3972 personam
1480 3905 1721 3973 pauperis
1745 3947 1761 3971 ,
1796 3920 1885 3957 nec
1910 3906 2131 3959 honores

526 3998 723 4051 vultum
750 3996 989 4068 potentis.
1013 3995 1163 4048 Juste
1185 3996 1369 4064 judico
1398 3997 1635 4065 proximo
1656 4005 1761 4049 tuo.
1790 3996 1855 4050 Et
1882 3998 1971 4050 tibi
1992 4001 2131 4067 quod

529 4104 629 4140 non
661 4086 734 4139 vis
762 4086 898 4151 ﬁeri,
933 4085 1085 4139 alteri
1122 4100 1183 4137 ne
1211 4085 1408 4153 facias:
1449 4096 1501 4143 et
1532 4086 1754 4154 reliqua.
1803 4088 1866 4143 Et
1896 4090 2130 4145 maxime

528 4179 548 4208 ³
579 4184 910 4248 μνωοεριιιιιι
956 4175 1219 4228 habentes
1263 4174 1635 4244 Apostolicum
1675 4179 1938 4233 attendere
1980 4181 2128 4235 nobis

527 4270 653 4341 ipsis
682 4278 729 4323 et
758 4268 936 4339 gregi,
971 4267 1022 4319 iu
1046 4283 1145 4336 quo
1177 4284 1269 4323 nos
1309 4266 1540 4335 Spiritus
1571 4280 1776 4325 sanctus
1806 4275 1975 4338 posuit
2014 4274 2127 4343 cpi-

525 4378 727 4431 scopos,
757 4377 932 4433 regere
962 4357 1060 4417 Dei
1091 4358 1396 4427 Ecclesium,
1420 4378 1570 4429 quant
1600 4364 1863 4433 acquisivit
1892 4382 1983 4435 per
2008 4383 2130 4421 san-

525 4454 729 4527 guinem
769 4470 917 4507 suum
967 4454 1271 4522 praprium,
1316 4454 1589 4511 convenit.
1640 4455 1707 4510 Et
1748 4456 1983 4515 iterum:
2031 4458 2128 4513 At-

2240 3259 2565 3313 quemquam
2592 3243 2940 3298 sacerdotum
2981 3243 3229 3313 judicare
3258 3243 3339 3298 vel
3382 3243 3662 3305 damnare,
3701 3253 3854 3298 ante-

2239 3352 2398 3408 quam
2444 3347 2813 3400 accusatores,
2843 3340 3105 3399 canonice
3133 3336 3494 3399 examinatos,
3546 3346 3851 3405 praesentes

2240 3429 2769 3499 habeat,locumque
2797 3428 3122 3485 defendendi
3171 3430 3421 3499 accipiat,
3455 3428 3507 3482 id
3551 3438 3655 3490 est,
3692 3428 3852 3485 indas

2238 3523 2350 3577 cias
2375 3522 2770 3577 ecclesiasticas
2796 3522 2861 3577 ad
2904 3522 3166 3576 abluenda
3195 3521 3423 3577 crimina
3450 3530 3504 3573 et
3535 3521 3773 3576 scelera.

2310 3614 2501 3669 lX.Ne
2540 3624 2728 3670 cextra
2784 3614 3101 3683 propriam"
3134 3614 3225 3667 fiat
3280 3613 3614 3683 provinciam
3665 3614 3848 3681 primo

2236 3707 2592 3762 discussionis
2619 3706 2915 3772 accusatio,
2944 3708 3064 3761 sine
3108 3707 3404 3777 apostolica
3454 3707 3841 3775 praeceptione,

2235 3802 2320 3855 cui
2370 3803 2420 3856 in
2474 3802 2726 3856 oumibus
2765 3803 2945 3855 causis
2998 3802 3161 3857 debet
3211 3800 3515 3857 reverentia
3550 3799 3841 3859 custodiri.

2234 3896 2488 3963 quoniam
2517 3906 2570 3948 et
2597 3893 2817 3963 antiqua
2844 3894 3003 3949 docet
3025 3894 3127 3947 hoc
3150 3893 3365 3947 Patrum
3394 3892 3601 3961 regula,
3632 3893 3686 3945 in
3721 3906 3839 3962 quc

2234 3998 2288 4042 et
2321 3989 2621 4058 iuipcrialia
2668 3988 2869 4057 pariter
2901 3996 3099 4041 statuta
3155 3987 3468 4042 cmicinunt.
3507 3983 3836 4050 Criminum,

2235 4082 2505 4151 inquiunt,
2552 4082 2820 4136 discessio
2868 4080 2936 4134 ibi
2980 4080 3187 4148 agenda
3223 4088 3328 4143 est,
3385 4079 3471 4133 ubi
3504 4078 3713 4133 crimen
3743 4076 3839 4132 ad-

2233 4175 2457 4229 missum
2508 4183 2611 4228 est.
2646 4173 2776 4228 Nam
2834 4173 2962 4228 alibi
3006 4172 3295 4227 criminum
3340 4187 3469 4227 reus
3517 4171 3837 4241 prohibetur

2232 4268 2426 4323 audiri.
2462 4268 2525 4322 Et
2554 4266 2686 4321 alibi
2733 4267 2783 4319 iu
2822 4265 3121 4321 canonibus
3167 4264 3477 4334 [mittitur
3509 4263 3836 4331 :Quaerum-

2230 4378 2336 4432 que
2365 4362 2578 4431 negotia
2606 4361 2721 4416 suis
2745 4360 2877 4414 locis
2892 4361 2933 4419 ⁸,
2966 4359 3055 4411 uhi
3083 4367 3202 4412 orta
3230 4367 3377 4420 sunt,
3409 4357 3642 4412 finienda
3667 4367 3794 4411 sunt
3818 4372 3832 4409 :

2231 4464 2283 4509 et
2310 4456 2513 4525 reliqua
2539 4454 2666 4508 talia
2686 4463 2741 4507 et
2771 4454 2852 4506 his
2876 4451 3069 4505 similia
3115 4468 3129 4505 :
3162 4450 3312 4504 salva
3337 4460 3514 4505 tamen
3561 4450 3613 4503 in
3655 4448 3837 4502 omni-

525 4548 747 4603 tendere
779 4547 934 4616 lupos
958 4589 974 4617 ,
1013 4545 1289 4601 attendere
1317 4546 1491 4603 malos
1522 4548 1803 4617 operarios
1829 4590 1842 4613 ,
1883 4551 1971 4618 qui
2005 4566 2127 4620 per-
2153 4536 2209 4597 D
2233 4548 2334 4603 bus
2358 4548 2653 4618 apostolica
2683 4546 3021 4609 auctoritate,
3054 4552 3115 4598 ut
3167 4545 3302 4599 nihil
3326 4544 3380 4598 iu
3407 4542 3493 4597 his
3518 4541 3831 4607 definiatur,

523 4656 678 4695 versa
731 4640 934 4694 faciunt
985 4650 1032 4692 et
1082 4638 1308 4693 adversa
1358 4640 1686 4710 loquuntur,
1735 4650 1792 4699 ut
1838 4641 2127 4699 detrahere

525 4748 742 4800 semper
773 4732 1053 4801 discipulis
1086 4732 1296 4784 Domini
1317 4773 1329 4796 ,
1362 4742 1415 4785 et
1445 4733 1703 4787 infamare
1731 4743 1958 4802 queant:
1988 4750 2125 4805 quos

523 4828 824 4897 corrigere,
869 4842 965 4881 vos
1009 4836 1063 4880 et
1107 4842 1296 4880 omnes
1331 4826 1541 4881 Domini
1568 4828 1879 4885 sacerdotes
1909 4845 2124 4886 attituno

522 4920 705 4979 studio
732 4925 983 4986 Oportet:
1018 4918 1140 4986 quia
1174 4918 1322 4988 pejus
1362 4918 1558 4973 malum
1597 4935 1701 4981 non
1723 4930 1843 4988 est,
1877 4939 2039 4992 quam
2066 4931 2125 4980 ut

521 5018 671 5073 cives
720 5012 927 5068 civibus
977 5008 1274 5075 iuVideant,
1323 5020 1378 5067 et
1428 5014 1742 5075 sacerdotes
1786 5017 1862 5071 vel
1911 5018 2119 5083 clerici,

521 5104 898 5167 sacerdmibus
948 5101 1031 5155 vel
1083 5102 1426 5171 pontificibus
1479 5104 1835 5171 insidientur,
1884 5117 2120 5165 testante

520 5203 683 5259 etiam
714 5196 958 5253 veritatis
986 5208 1117 5248 voce
1144 5211 1155 5244 :
1204 5195 1303 5259 Qui
1334 5212 1419 5248 vos
1452 5199 1636 5268 tangit,
1667 5200 1831 5268 tangit
1864 5202 2119 5269 pupillam

519 5294 655 5349 oculi
680 5292 811 5358 mei;
834 5300 879 5344 et
910 5288 996 5360 qui
1023 5286 1448 5343 scandalizaverit
1473 5304 1632 5343 unum
1654 5290 1719 5343 de
1745 5292 1950 5355 pusillis
1980 5293 2114 5361 istis,

591 5483 605 5509 ¹
646 5479 747 5547 Qu.
778 5477 834 5543 4,
868 5474 1061 5529 Nullus
1084 5472 1460 5547 introilucatur.

587 5553 607 5583 ³
648 5544 905 5602 Martinus
932 5562 1087 5615 papa,
1116 5548 1348 5599 consult.
1382 5544 1414 5598 5'
1442 5560 1595 5601 conc.
1632 5544 1813 5603 Later.

588 5620 607 5650 ³
649 5618 899 5686 Ejusdem
928 5617 1159 5679 Martini,
1187 5617 1419 5670 consult.
1452 5618 1503 5672 1.

588 5690 607 5719 ⁸
640 5690 865 5751 Siricus,
889 5689 1048 5755 epist.
1080 5704 1119 5751 ι,
1151 5702 1267 5754 cap.
1302 5687 1358 5741 2.

586 5761 605 5792 ⁵
636 5761 691 5828 ι,
723 5773 801 5824 tu,
833 5772 923 5826 qn.
956 5756 1007 5821 5,
1072 5755 1305 5812 Inducite
1345 5760 1621 5815 accusatis.

2231 4642 2541 4713 priusquam
2572 4644 2620 4697 ei
2656 4640 2868 4711 placere
2921 4649 3303 4708 cognoscatur,
3333 4654 3437 4707 qua
3482 4652 3672 4691 omnes
3719 4638 3832 4690 suf-

2229 4734 2395 4789 fultos
2423 4750 2546 4789 esse
2571 4744 2805 4802 oportet.
2832 4734 2900 4788 Et
2943 4733 2989 4787 si
3031 4732 3157 4801 quid
3186 4732 3267 4785 eis
3311 4744 3479 4800 grave
3526 4730 3830 4784 intoleran-

2226 4828 2459 4896 dumque
2475 4826 2752 4890 acciderit.
2772 4825 2888 4897 ejus
2904 4840 3123 4894 semper
3143 4822 3512 4891 exspectanda
3528 4824 3547 4854 '
3573 4835 3826 4876 censura.

2224 4920 2411 4990 Neque
2436 4921 2580 4976 enim
2610 4928 2878 4988 proterve,
2930 4928 3023 4971 aut
3064 4915 3288 4971 stimulo
3322 4930 3439 4971 sua:
3480 4912 3829 4983 cogitationis

2226 5016 2509 5085 impulsus,
2538 5024 2592 5070 et
2624 5017 2707 5081 (ut
2743 5027 2888 5081 sirpe
2927 5021 3107 5066 actum
3129 5006 3507 5080 eugtiovimus)
3533 5006 3825 5062 detrahere

2224 5118 2313 5163 aut
2335 5124 2593 5163 accusare
2614 5115 2905 5175 pra'smnal
2926 5120 3252 5175 quemquam
3283 5101 3627 5159 sacerdotum
3659 5102 3821 5169 :quia

2224 5201 2420 5270 injuria
2448 5215 2635 5254 eorum
2691 5199 2757 5252 ad
2786 5199 3057 5252 Christum
3092 5198 3349 5267 pertinet,
3380 5194 3535 5265 cujus
3584 5192 3819 5249 vice-le-

2220 5296 2435 5367 gatione
2466 5310 2562 5364 pro
2596 5293 2816 5365 populo,
2845 5292 3052 5348 Christi
3074 5292 3337 5362 saugmne
3364 5290 3669 5360 redempta,
3696 5287 3818 5345 fun-

2285 5479 2306 5507 ⁵
2328 5494 2407 5539 ut,
2438 5495 2530 5545 qu.
2564 5479 2618 5538 9.
2659 5477 2887 5533 Habetur
2915 5494 3133 5546 quoque.

2284 5549 2303 5579 ⁷
2334 5566 2412 5615 ιιι,
2448 5566 2538 5619 qu.
2566 5552 2618 5610 9.
2647 5550 2755 5609 Nec
2781 5559 2930 5609 cura
2952 5550 3238 5619 propriam.

2282 5622 2302 5651 ⁸
2335 5617 2570 5685 Africani
2603 5621 2789 5681 Patres
2822 5625 2873 5681 in
2898 5617 3060 5690 epist;
3088 5620 3156 5678 ad
3185 5617 3565 5681 Calatinum.

2282 5694 2301 5725 °
2334 5693 2393 5750 S.
2419 5692 2553 5760 Lee,
2579 5696 2741 5764 epist.
2787 5707 3011 5759 xxxx“.
