4200 6178
358 282 464 338 ης)

1665 278 1898 335 OPERA
1939 275 2373 334 APOCRYPHA.
2413 319 2416 322 .

3557 273 3662 330 450

356 405 576 468 guutur.
607 395 781 451 Causa
832 396 976 451 enim
1032 409 1243 460 eorum,
1298 395 1420 464 quia
1455 395 1548 449 Dei
1581 410 1760 450 causae
1810 405 1958 462 sunt,
1988 405 2035 460 Α
2065 394 2366 450 dividentes
2404 407 2602 464 corpus
2649 391 2909 447 Ecclesiae
2966 391 3165 446 bonum
3213 397 3266 445 et
3304 390 3575 460 integrum
3606 392 3660 444 iu

358 492 477 562 ejus
507 506 631 547 esse
653 492 669 523 ⁸
698 489 901 560 judicio
925 489 1127 544 scimus
1151 487 1529 554 reserVandas,
1561 489 1646 558 qui
1676 490 1806 542 valet
1849 504 1964 540 cor-

359 601 454 654 pus
477 584 731 646 occidere,
768 593 813 636 et
842 582 1070 635 anintam
1116 581 1318 634 mittere
1351 582 1405 634 in
1428 580 1730 651 gehennam.
1751 579 1854 646 Qui
1882 580 1964 634 di-

359 677 470 730 cit:
509 674 646 729 Mihi
693 673 1012 738 vindictam,
1043 682 1092 726 et
1133 689 1224 744 ego
1275 673 1576 726 retribuam.
1626 672 1781 740 Apud
1817 688 1965 735 quem

362 769 678 822 conscientia
725 767 865 820 nuda
888 777 996 832 est,
1043 768 1126 820 cui
1169 783 1270 820 non
1313 767 1698 820 abscondantur
1737 766 1962 820 occulta.

361 859 674 915 lustrttendi
730 860 892 917 etiam
935 873 1126 913 omnes
1170 867 1325 925 sunt,
1359 860 1613 928 quoniam
1643 873 1737 927 per
1763 871 1862 913 nos
1891 858 1963 912 illi

361 951 613 1008 Christus
634 951 887 1015 intonuit,
919 967 1024 1004 nou
1055 966 1178 1006 esse
1205 951 1385 1005 ovium
1430 952 1537 1021 lupi
1571 951 1794 1006 insidias
1823 966 1966 1022 prat-

363 1044 572 1111 viderc,
625 1044 718 1098 sed
751 1045 1005 1112 pastoris.
1041 1043 1263 1099 Monet’
1286 1060 1416 1114 ergo
1443 1044 1634 1099 beatus
1688 1045 1968 1114 apostolus

363 1139 562 1195 Paulus
597 1181 610 1203 ,
656 1155 723 1193 nc
752 1139 822 1192 de
862 1140 944 1192 his
991 1149 1193 1194 temere
1259 1141 1559 1210 leviterque
1612 1151 1972 1206 pra-sumatur

359 1230 647 1304 judicium,
682 1232 748 1283 de
774 1231 970 1300 quibus
998 1246 1160 1285 nemo
1196 1242 1372 1299 potest
1424 1233 1606 1286 verius
1659 1233 1739 1287 vel
1771 1232 1969 1287 melius

360 1324 806 1394 judicare,quatu
839 1324 979 1378 Deus
1001 1342 1014 1376 ι
1036 1323 1115 1378 Tu
1138 1337 1334 1391 autem,
1364 1327 1553 1394 inquit,
1588 1344 1744 1397 quare
1761 1328 1971 1400 judiras

365 1420 581 1487 fratrem
609 1417 802 1470 tuum?
831 1425 920 1469 aut
948 1431 1039 1469 cur
1062 1419 1263 1487 spernis
1290 1433 1402 1470 eum
1429 1417 1454 1470 ?
1480 1418 1670 1471 Omnes
1701 1420 1835 1472 enim
1865 1426 1971 1471 sta-

374 1509 541 1562 bimus
580 1519 700 1560 ante
753 1508 980 1561 tribunal
1001 1507 1214 1562 Christi.
1243 1507 1507 1580 Scriptum
1538 1519 1610 1564 est
1639 1512 1772 1563 enim
1805 1527 1822 1563 :
1861 1511 1973 1564 vivo

377 1617 473 1671 ego
503 1643 518 1667 ,
566 1601 690 1653 dicit
750 1598 1027 1664 Dominus,
1078 1602 1317 1669 quoniam
1375 1602 1505 1655 mihi
1544 1603 1776 1672 ﬂectetur
1829 1619 1977 1656 omne

365 1712 537 1766 genu,
589 1704 635 1748 et
685 1695 853 1748 omnis
898 1695 1077 1766 lingua
1126 1696 1449 1762 conﬁtebitur
1499 1695 1740 1750 Domino.
1789 1696 1975 1768 Itaque

2064 498 2334 545 tortuosas
2367 489 2654 544 novitates.
2699 488 2881 542 Monet
2928 502 3057 557 ergo
3084 486 3382 556 apostolus.
3419 502 3525 541 non
3549 501 3666 540 am-

2065 580 2202 650 plius
2255 596 2355 635 nos
2410 581 2639 637 invicem
2698 590 2900 635 temere
2934 579 3197 649 judicare.
3233 579 3466 633 Temere
3519 577 3664 632 enim

2061 671 2286 742 judicat,
2320 670 2363 725 si
2392 674 2512 742 quis
2564 672 2878 740 episc0puut
2913 671 3116 741 absque
3155 670 3302 725 sedis
3351 669 3667 739 apostolica:

2066 765 2390 820 auctoritate
2427 765 2756 820 condemnat
2786 783 2797 816 :
2840 780 2961 819 cum
3015 763 3062 817 ei
3098 761 3182 836 (ut
3229 763 3390 832 paulo
3421 763 3672 832 superius

2070 859 2405 928 praelibatum
2470 858 2577 928 est)
2621 858 2723 912 hoc
2752 857 3060 926 specialiter
3106 856 3441 926 privilegium
3493 871 3673 911 reser-

2070 963 2251 1006 vatum
2284 953 2375 1004 sit.
2413 951 2519 1006 Sed
2547 950 2645 1004 hoc
2674 951 2909 1021 judicate
2939 949 3122 1020 magis,
3153 949 3344 1019 inquit,
3378 965 3441 1003 ne
3468 951 3671 1019 ponatis

2073 1044 2446 1112 oﬂ‘endieulunt
2473 1047 2625 1116 fratri
2665 1046 2743 1099 vel
2771 1045 3095 1100 scandalum.
3132 1044 3387 1099 Pateuter
3418 1045 3560 1097 enim
3590 1043 3672 1098 his

2070 1147 2127 1195 et
2180 1141 2299 1195 aliis
2347 1139 2834 1194 innumerabilibus
2898 1137 3240 1194 decretorum
3307 1138 3673 1200 testimoniis.

2072 1233 2323 1287 omnibus
2375 1232 2718 1288 manifestum
2784 1241 2901 1296 est,
2953 1247 3058 1287 non
3112 1233 3312 1288 debere
3363 1233 3674 1302 epist-opum

2073 1328 2341 1394 damnari,
2376 1328 2501 1384 licet
2541 1329 2658 1400 ejus
2686 1338 3058 1399 perscrtttetur
3083 1330 3288 1398 opinio,
3330 1327 3505 1383 donec
3538 1325 3680 1397 judi-

2073 1420 2215 1474 cium
2247 1421 2313 1474 de
2353 1437 2418 1476 eo
2467 1433 2664 1475 ηοειιιςη
2696 1421 3007 1491 apostolica:
3048 1421 3412 1484 auctoritatis,
3439 1424 3541 1474 hoc
3571 1427 3674 1484 est,

2075 1513 2335 1587 principis
2379 1515 2749 1582 aposmlorunt
2801 1515 2982 1577 Petri,
3035 1523 3436 1584 cognoscatur:
3493 1517 3682 1579 utpote

2075 1610 2331 1678 quoniam
2383 1609 2533 1664 solus
2567 1619 2618 1664 et
2670 1624 2779 1676 prae
2810 1608 3062 1662 omnibus
3101 1607 3340 1662 creditus
3367 1612 3478 1671 est,
3521 1613 3682 1671 atque

2079 1705 2360 1773 percipere
2409 1702 2604 1757 meruit
2631 1718 2659 1756 a
2689 1702 2833 1772 Rege
2861 1717 3049 1770 regum
3093 1702 3307 1755 Christo
3348 1700 3460 1754 Dt'o
3508 1698 3686 1753 claves

366 1791 746 1860 unusquisque
792 1798 1036 1844 nostrum
1087 1805 1185 1860 pro
1211 1805 1271 1845 se
1307 1790 1573 1845 rationem
1614 1790 1807 1846 reddet
1838 1791 1968 1845 Deo.
2003 1793 2050 1852 Β
2081 1797 2230 1864 regni
2259 1796 2546 1862 caelorum,
2589 1795 2654 1850 ad
2705 1794 3058 1862 aperiendum
3089 1795 3338 1850 ﬁdelibus
3364 1803 3416 1848 et
3444 1793 3684 1848 benevo-

368 1883 551 1938 ln'hoc
576 1897 709 1953 ergo
729 1897 833 1936 non
858 1882 960 1936 sibi
977 1882 1094 1949 quis
1117 1900 1257 1950 tuam
1283 1883 1603 1938 temerarios
1631 1899 1796 1938 ausus
1821 1899 1976 1938 usur-

368 1987 486 2049 pet,
519 1987 579 2032 ut
635 1990 833 2046 praeter
863 1975 1004 2045 quod
1049 1976 1115 2031 ad
1144 1977 1488 2031 cuneordiam
1535 1977 1793 2047 pertinet.
1827 1976 1972 2031 aliud

368 2080 516 2137 agat,
551 2070 690 2124 unde
734 2073 913 2123 unitas
957 2069 1219 2124 Ecclesia:
1243 2069 1559 2139 dissipetur.
1591 2069 1706 2125 Non
1732 2086 1864 2140 ergo
1897 2070 1976 2124 le-

369 2164 515 2218 viter
531 2164 818 2232 quisquam
841 2164 1094 2216 assentiat
1117 2162 1171 2216 in
1196 2161 1532 2217 detractione
1546 2164 1628 2216 vel
1644 2163 1980 2231 judicatioue

373 2255 460 2310 vel
493 2256 844 2311 damnatione
886 2254 1112 2309 fratrum
1143 2297 1156 2322 ,
1218 2256 1560 2326 maximeque
1609 2256 1979 2323 sacerdotum,

371 2349 466 2420 qui
499 2348 865 2417 proxituiores
887 2359 1012 2402 sunt
1053 2347 1187 2414 Deo,
1220 2355 1276 2402 t-t
1302 2348 1393 2416 qui
1425 2349 1642 2418 proprio
1664 2364 1759 2403 ore
1785 2364 1984 2414 corpus

374 2442 579 2496 Christi
629 2441 917 2496 conticiqu
947 2461 959 2494 :
999 2441 1134 2508 Quia
1162 2443 1224 2494 ob
1254 2442 1349 2495 hoc
1367 2442 1500 2495 venit
1532 2443 1611 2494 ira
1646 2441 1740 2496 Dei
1764 2443 1816 2493 in
1847 2442 1985 2511 ﬁlios

374 2535 718 2601 dissidentite,
742 2535 830 2604 qui
851 2532 1114 2587 Christum
1135 2545 1510 2605 persequuntur
1533 2537 1584 2587 in
1605 2536 1711 2587 suis
1726 2534 1986 2587 membris.

377 2628 583 2692 Nolite,
638 2631 845 2698 fratres,
908 2628 1066 2682 nolite
1111 2627 1250 2697 efﬁci
1302 2627 1622 2699 participes'
1669 2642 1866 2691 eorum,
1899 2643 1988 2680 nec

379 2721 771 2777 communicetis
820 2721 1037 2790 peccatis
1067 2721 1245 2774 talium
1271 2759 1285 2781 ,
1329 2729 1416 2772 aut
1454 2719 1790 2787 infructuosis
1826 2719 1991 2772 verbis

378 2815 614 2869 illorum.
653 2812 822 2885 Magis
852 2825 1022 2866 autem
1049 2812 1343 2883 redargttile
1363 2812 1546 2864 talium
1575 2822 1754 2874 cattus,
1781 2812 1868 2880 qui
1898 2826 1990 2864 ea:-

381 2911 592 2964 tendere
625 2908 928 2972 moliuntur,
946 2907 1094 2978 quasi
1113 2907 1382 2970 arcum,in
1414 2907 1599 2976 fratres
1628 2905 1987 2974 lmguassuas.

383 3003 678 3058 Defendite
708 3017 838 3071 ergo
861 3000 1070 3056 fratres.
1091 3010 1144 3054 et
1167 3014 1354 3054 onmes
1385 3007 1693 3064 monete,ut
1712 3009 1993 3052 armentur

382 3108 576 3151 contra
603 3095 828 3150 fratrum
861 3105 1257 3163 persecutores.
1280 3093 1600 3163 Confidimus
1627 3104 1796 3147 autem
1819 3094 1882 3146 de
1903 3108 1993 3145 vc-

2079 1889 2145 1942 lis
2201 1887 2510 1942 hominibus
2544 1888 2594 1941 in
2648 1885 2900 1941 eumdem
2956 1886 3237 1940 Dominum
3291 1896 3574 1948 nostrum,
3633 1891 3688 1935 et

2079 1982 2437 2038 claudendum
2483 1981 2790 2036 inlidelittus
2839 1989 2891 2035 et
2935 1979 3219 2034 malevolis
3250 2020 3264 2044 ,
3321 1976 3526 2046 atque‘
3576 1974 3689 2028 suis

2082 2075 2475 2137 sacerdotibus,
2510 2085 2563 2129 et
2591 2083 2793 2128 sanctae.
2838 2073 3118 2137 Ecclesize,
3161 2087 3260 2126 suo
3291 2071 3529 2141 pretio-‘0
3558 2081 3688 2128 sttu-

2084 2167 2248 2235 guine
2287 2167 2604 2236 redemptae,
2660 2164 3130 2237 intpoguatoribus
3183 2165 3298 2220 sive
3346 2162 3688 2217 nocentibus.

2084 2257 2240 2327 Quod
2289 2258 2477 2324 utique
2535 2266 2590 2312 et
2631 2273 2730 2314 nos
2771 2258 2950 2314 facere
2999 2257 3313 2326 postulavit.
3344 2254 3460 2310 Non
3494 2255 3516 2288 ’
3546 2253 3691 2324 quod

2086 2353 2210 2408 novi
2254 2351 2456 2421 aliquid
2520 2367 2662 2408 nunc
2712 2353 3050 2421 imperatur:
3094 2350 3188 2405 sed
3231 2349 3364 2404 illud
3411 2348 3553 2419 quod
3598 2362 3696 2418 per

2087 2446 2352 2502 desidiam
2413 2446 2717 2516 aliquorum
2775 2455 2869 2502 aut
2925 2447 3162 2502 scienter
3215 2454 3308 2500 aut
3359 2445 3696 2514 negligenter

2090 2539 2507 2608 transgreditur,
2551 2539 2808 2607 deinceps
2857 2539 3178 2594 observetur
3201 2539 3269 2591 ab
3319 2538 3569 2592 omnibus
3596 2553 3608 2589 :
3639 2544 3699 2590 ut

2090 2632 2180 2687 illa
2232 2647 2448 2700 semper
2477 2673 2491 2697 ,
2549 2647 2670 2700 qua:
2716 2632 3014 2704 ap--stolica
3063 2641 3117 2687 et
3148 2631 3363 2686 Patrum
3399 2631 3692 2685 traditione

2093 2725 2385 2780 Constituta
2448 2736 2596 2789 sunt,
2627 2726 2727 2778 sub
2769 2735 2916 2780 metu
2966 2726 3322 2796 irret'ragabili
3374 2727 3701 2781 auctoritate

2093 2828 2400 2874 teneantur.
2453 2821 2723 2891 Scriptum
2783 2836 3014 2891 namque
3074 2831 3156 2874 est
3215 2822 3267 2875 in
3336 2820 3572 2876 secunda
3634 2820 3700 2874 ad

2093 2913 2610 2968 Tltessalouicenses
2633 2913 2893 2984 Epistula.
2913 2927 2964 2968 et
2981 2913 3045 2968 ad
3061 2913 3430 2980 Timotheum,
3454 2914 3703 2983 aposmlo

2096 3019 2389 3062 monente:
2434 3007 2615 3072 State,
2650 3017 2696 3060 et
2751 3017 2911 3062 tenete
2958 3008 3264 3062 traditiones
3323 3017 3544 3071 vestras,
3575 3022 3704 3074 quas

2097 3099 2372 3164 didicistis,
2401 3117 2487 3154 seu
2544 3117 2635 3172 per
2693 3100 2920 3168 verbum,
2953 3118 3041 3155 seu
3085 3117 3174 3168 per
3225 3100 3490 3171 epistolam
3517 3116 3536 3154 :
3570 3099 3703 3155 item

384 3194 464 3248 bis
490 3193 706 3246 meliora
733 3201 777 3244 et
803 3190 1050 3243 viciniora
1066 3189 1224 3242 saluti
1235 3205 1253 3242 :
1269 3189 1388 3256 quia
1411 3204 1568 3258 neque
1596 3188 1888 3256 ntors,quia
1911 3202 1997 3239 ne-
2024 3178 2068 3240 C
2102 3192 2227 3247 alibi
2261 3209 2355 3262 per
2387 3194 2704 3264 prophetam
2740 3212 2751 3247 :
2776 3192 3080 3266 Exspectavi
3108 3211 3326 3266 quoque,
3351 3195 3492 3246 sicut
3511 3193 3704 3247 beatus

388 3305 492 3357 que
511 3289 638 3351 rita,
653 3302 813 3356 neque
826 3286 1018 3355 angeli,
1034 3299 1193 3352 neque
1204 3283 1547 3354 principatus,
1565 3298 1728 3346 neque
1749 3279 1994 3342 Virtutes,

388 3397 555 3450 neque
599 3378 864 3442 instantia,
898 3393 1058 3446 neque
1089 3375 1284 3445 futura,
1329 3390 1490 3444 neque
1538 3372 1807 3443 fortitudo,
1839 3386 2000 3441 neque

388 3472 641 3538 altitudo,
685 3487 845 3538 neque
871 3469 1209 3541 profundum,
1261 3484 1421 3540 neque
1450 3477 1686 3520 creatura
1725 3466 1852 3529 alia,
1878 3480 1996 3519 ma-

391 3567 568 3637 gistro
608 3573 795 3635 gentes
830 3563 1082 3626 domate,
1119 3562 1301 3633 poterit
1329 3577 1418 3613 nos
1441 3575 1680 3629 separare
1704 3575 1734 3610 a
1755 3557 2002 3612 charitate

392 3657 612 3711 Domini
644 3656 806 3710 nostri
828 3652 956 3708 Jesu
983 3652 1208 3716 Christi,
1236 3667 1356 3722 qua:
1393 3651 1625 3706 maxime
1657 3651 1708 3704 in
1752 3651 2004 3704 sacerdo-

397 3755 545 3809 tibus
571 3761 628 3806 et
657 3750 880 3820 reliquis
904 3747 1180 3818 perﬁcitur
1203 3747 1458 3801 membris
1477 3746 1612 3816 ejus.
1639 3745 1815 3800 Nolite
1838 3746 2007 3814 itaque

396 3851 632 3904 amittere
677 3846 1039 3916 conﬁdentiam
1107 3854 1327 3899 vestram
1361 3887 1372 3907 ,
1421 3859 1536 3913 qua:
1583 3859 1826 3911 magnam
1855 3841 2007 3893 habet

399 3942 888 3997 remunerationem.
925 3938 1063 3993 Ecce
1091 3939 1233 3993 enim
1254 3935 1417 4006 judex
1441 3947 1566 3991 ante
1593 3940 1814 4004 jztnuatn
1873 3933 2008 3987 assio

402 4037 525 4100 stit,
568 4049 798 4089 coronas
845 4032 1092 4086 hilariter
1147 4030 1468 4100 promittens
1527 4027 1632 4093 his,
1680 4027 1768 4097 qui
1821 4043 1915 4095 pro
1944 4041 2010 4079 eo

403 4127 665 4184 fratribus
711 4127 968 4181 auxilium
1021 4124 1219 4189 lerunt,
1269 4132 1324 4178 et
1370 4122 1646 4192 oppressis
1685 4126 2013 4174 succurrunt

406 4230 574 4292 atque
600 4224 651 4275 in
690 4221 951 4273 charitate
999 4218 1351 4273 eollaborant.
1393 4215 1542 4279 Quod
1563 4215 1608 4268 si
1636 4211 1942 4266 subtraxerit
1962 4227 2016 4264 se

407 4317 549 4386 quis,
578 4331 678 4368 non
708 4313 929 4383 placebit
959 4311 1086 4372 Deo.
1127 4309 1218 4363 sed
1245 4311 1406 4372 cadit,
1436 4309 1554 4378 quia
1593 4322 1694 4359 non
1736 4302 2017 4357 sublevavit

411 4408 700 4469 cadentem,
733 4406 822 4459 sed
842 4405 1108 4458 emarcuit.
1142 4403 1259 4456 Non
1288 4413 1456 4455 autem
1479 4401 1638 4454 simas
1659 4396 2018 4477 subtractionis

411 4503 470 4556 in
521 4499 920 4570 oppressionem.
953 4496 1043 4550 sed
1092 4495 1391 4549 adminiculi
1423 4495 1476 4547 in
1517 4491 1931 4562 acquisitionent,
1965 4496 2020 4543 et

2101 3285 2234 3340 lsoia
2263 3287 2517 3350 intonuit,
2548 3297 2602 3340 ut
2657 3291 2885 3358 facerent
2932 3286 3195 3356 judicium
3229 3302 3246 3339 :
3275 3290 3504 3357 fecerunt
3535 3297 3707 3339 autem

2100 3381 2450 3447 iniquitatem,
2480 3389 2528 3433 et
2579 3397 2682 3433 non
2737 3380 2996 3449 justitiam
3029 3421 3044 3445 ,
3076 3379 3167 3432 sed
3211 3379 3508 3441 clamorem,
3536 3394 3709 3432 omnes

2104 3472 2214 3541 pios
2243 3471 2620 3524 conturbantes.
2673 3471 2740 3525 Et
2782 3471 2884 3524 hoc
2933 3471 3074 3524 scire
3131 3469 3420 3534 debeaut‘,
3451 3469 3711 3539 quoniam

2099 3563 2359 3634 judicium
2420 3563 2509 3617 Dei
2558 3571 2640 3616 est
2695 3563 2989 3618 secundum
3043 3562 3320 3618 veritatem
3366 3563 3416 3617 in
3467 3577 3563 3616 eos
3611 3561 3706 3632 qui

2107 3658 2233 3713 talia
2261 3669 2423 3728 agunt
2453 3675 2465 3710 :
2494 3658 2616 3712 licet
2648 3657 2864 3711 divitias
2904 3657 3162 3712 bOltilllliS
3189 3657 3306 3712 Dei.
3341 3666 3395 3711 et
3439 3665 3712 3710 sustenta-

2109 3753 2294 3817 tionis,
2329 3762 2382 3807 et
2406 3752 2679 3821 patientiae
2708 3757 3079 3813 contemnant,
3117 3752 3412 3822 ignorantes
3466 3750 3712 3818 quoniam

2111 3845 2394 3917 benignitas
2424 3844 2520 3896 uei
2563 3842 2631 3895 ad
2659 3841 3004 3911 paenitentiam
3033 3856 3120 3894 eos
3166 3840 3403 3904 adducit,
3431 3837 3710 3894 secundum

2113 3936 2353 3990 duritiem
2382 3947 2550 3989 autem
2580 3952 2753 3989 eorum
2783 3944 2830 3989 et
2860 3950 2948 3988 cor
2989 3934 3328 4002 intptenitens,
3361 3931 3712 3984 thesaurisant

2112 4031 2207 4084 sibi
2232 4031 2359 4082 irant
2383 4030 2434 4082 in
2457 4029 2538 4083 die
2566 4029 2658 4082 ira:
2677 4037 2725 4081 et
2753 4026 3072 4080 reuelationis
3094 4025 3228 4096 justi
3246 4025 3440 4098 judicii
3481 4021 3597 4088 Dei,
3623 4021 3712 4094 qui

2114 4122 2292 4175 reddet
2316 4121 2587 4189 unicuique
2615 4118 2896 4172 secundum
2925 4133 3083 4184 opera
3130 4118 3260 4189 ejus.
3295 4115 3361 4169 Et
3382 4116 3508 4168 alibi
3541 4113 3714 4182 scrip-

2119 4225 2228 4269 tum
2259 4223 2344 4268 est
2372 4233 2383 4266 :
2417 4213 2523 4282 Ego
2554 4229 2667 4266 sum
2696 4210 2948 4263 Dominus
3007 4209 3145 4264 Deus
3173 4219 3333 4262 vester
3358 4225 3375 4261 :
3417 4224 3518 4261 non
3561 4206 3723 4277 facie-

2121 4307 2184 4360 tis
2210 4308 2523 4376 iniquitatem
2570 4307 2620 4358 in
2640 4304 2865 4378 judicio.
2917 4301 3038 4355 Non
3070 4302 3288 4370 accipies
3328 4315 3600 4371 personam
3627 4299 3722 4352 Ito-

2121 4398 2294 4459 miuis,
2325 4413 2486 4464 neque
2516 4397 2713 4449 mireris
2741 4396 2937 4448 vultum
2988 4393 3226 4462 potentis.
3256 4390 3329 4444 Ab
3369 4392 3508 4443 omni
3548 4390 3723 4458 iniquo

2123 4490 2272 4544 verbo
2302 4489 2526 4542 recedes.
2557 4485 2885 4540 Innocentem
2927 4495 2974 4538 et
3012 4488 3214 4557 justum
3245 4501 3348 4536 non
3379 4483 3724 4553 Oppugnabis,

417 4595 851 4664 supplementum
882 4589 1129 4645 fratrum.
1170 4589 1389 4658 PrOpter
1409 4586 1548 4653 quod
1575 4586 1823 4638 assumite
1849 4599 2018 4635 arma-
2047 4574 2098 4635 D
2124 4600 2282 4653 neque
2307 4581 2604 4650 interﬁcies.
2663 4578 2758 4633 Ille
2804 4577 2988 4648 procul
3018 4576 3182 4632 dubio
3215 4575 3341 4629 lat-it
3385 4576 3725 4645 iniquitatem

351 4750 354 4751 ν
420 4700 592 4746 turam
619 4689 733 4751 Dei,
768 4696 824 4740 ut
871 4686 1077 4759 possitis
1101 4684 1338 4738 resistere
1359 4680 1593 4734 omnibus
1625 4679 1799 4732 taliter
1827 4691 2020 4749 prtesn-

421 4794 676 4848 mentibus
702 4807 719 4843 :
750 4798 795 4844 et
823 4788 1022 4843 induite
1043 4803 1129 4841 vos
1168 4785 1382 4838 loricam
1411 4781 1654 4855 justitiaa,
1681 4777 1897 4832 calceati
1937 4790 2024 4846 pe-

422 4887 515 4940 des
558 4886 611 4938 in
640 4882 1069 4956 prceparationem
1104 4877 1369 4948 Evangelii
1393 4874 1570 4942 pacis;
1593 4873 1646 4925 in
1673 4869 1909 4926 omnibus
1938 4884 2025 4921 su-

423 4987 615 5031 mentes
641 4984 840 5030 scutum
870 4973 1009 5040 fidei,
1034 4973 1085 5025 in
1125 4987 1226 5040 quo
1257 4969 1462 5039 possitis
1491 4967 1667 5021 omnia
1697 4964 1796 5017 tela
1828 4962 2024 5030 nequis—

425 5069 544 5124 simi
571 5069 720 5138 ignea
762 5065 1102 5136 exstinguere.
1129 5060 1196 5116 Et
1226 5061 1428 5131 galeam
1454 5059 1638 5114 salutis
1688 5055 1948 5117 assumite,
1978 5057 2028 5105 et

428 5161 662 5234 gladium
709 5159 941 5232 spiriIus,
989 5155 1126 5228 quod
1171 5166 1244 5210 est
1296 5155 1510 5209 Verbum
1545 5151 1656 5213 Dei,
1712 5167 1801 5220 per
1829 5161 2027 5202 onmem

429 5257 745 5318 orationem,
787 5263 834 5307 et
886 5252 1282 5306 obsecrationem
1338 5249 1558 5304 radicati
1611 5256 1655 5300 et
1720 5244 1945 5317 fundati,
1978 5249 2035 5296 ut

429 5349 660 5421 idipsum
688 5347 872 5402 dicatis
913 5362 1110 5411 omnes,
1141 5354 1191 5400 et
1217 5361 1319 5398 non
1357 5343 1458 5397 sint
1489 5343 1541 5396 in
1566 5340 1709 5395 vobis
1736 5340 2033 5403 schismata,

511 5577 526 5606 ¹
557 5573 728 5629 Cone.
753 5572 910 5626 Rom.
941 5587 1021 5636 tu,
1045 5569 1144 5624 sub
1171 5565 1520 5641 Symmacho.

511 5647 531 5677 ’
559 5645 749 5700 Anast.
777 5659 909 5714 papa
934 5642 1023 5696 ad.
1056 5641 1246 5696 Anast.
1287 5643 1426 5714 Aug.

513 5715 534 5747 ³
564 5715 783 5772 Martini
810 5712 1088 5786 svnodica,
1121 5729 1151 5768 e
1179 5726 1336 5786 conc.
1361 5712 1615 5766 Lateran.

517 5788 537 5817 ⁸
567 5787 756 5854 Forte,
781 5783 998 5843 suorum
1030 5783 1422 5840 sacerdotibus.

2130 4678 2180 4731 in
2207 4675 2431 4745 judicio,
2463 4674 2550 4742 qui
2575 4688 2635 4728 et
2669 4671 2770 4726 sibi
2798 4669 3051 4736 vindicat,
3082 4683 3201 4739 quae
3228 4667 3278 4723 ei
3311 4667 3584 4722 vindicare
3618 4683 3726 4721 non

2129 4769 2274 4823 licet.
2305 4767 2599 4834 ldeo,qu:e
2656 4765 2779 4817 huic
2821 4772 3022 4816 sancta:
3075 4761 3234 4814 sedi'
3265 4775 3524 4815 concessa
3578 4769 3728 4828 sunt,

2135 4861 2312 4915 nullus
2345 4872 2604 4926 usurpare
2659 4856 2777 4910 sine
2826 4855 2945 4923 ejus
2991 4855 3241 4909 consultu
3296 4863 3609 4923 praesumat,
3639 4855 3732 4924 qui

2125 4972 2231 5012 non
2257 4954 2370 5007 vult
2400 4954 2605 5006 honore
2652 4949 3023 5005 ecclesiastico
3064 4949 3335 5018 indignus,
3369 4956 3427 5002 ttt
3445 4959 3732 5016 contemp-

2129 5059 2235 5110 tor,
2256 5047 2508 5119 judtcari.
2531 5045 2714 5115 Itaque
2745 5052 2958 5112 oportet
2985 5043 3318 5112 negligentes
3345 5041 3368 5073 ⁸
3387 5041 3730 5109 propulsare,

2133 5140 2228 5196 sed
2250 5141 2345 5207 it-t,
2372 5150 2428 5193 ut
2460 5149 2716 5193 nocentes
2747 5154 2853 5190 non
2879 5137 3304 5192 roborenturzet
3336 5135 3510 5187 bonos
3534 5132 3738 5201 impro-

2137 5237 2218 5292 bis
2242 5246 2334 5290 aut
2364 5233 2772 5289 insidiatoribus
2828 5231 3054 5285 fratrum
3103 5231 3376 5290 resistere,
3410 5241 3476 5279 ne
3519 5239 3739 5294 torpore

2140 5330 2363 5388 desidiae
2411 5330 2680 5401 Oppressi,
2727 5326 3110 5384 taciturnitatis
3154 5326 3440 5378 teneantur
3489 5319 3737 5376 obnoxii.

2229 5559 2248 5589 ⁵
2275 5557 2460 5611 lnnoc.
2494 5554 2533 5618 l,
2559 5567 2644 5620 ep.
2681 5567 2736 5604 ll.

2218 5630 2238 5660 ⁶
2266 5629 2481 5685 Mat-tiu.
2513 5618 2642 5692 papa
2660 5665 2671 5677 .
2697 5618 2932 5692 consult.
2957 5618 2993 5673 2
3011 5659 3023 5677 .
3041 5631 3204 5692 conc.
3233 5618 3465 5676 lateran.

2219 5703 2238 5734 "
2268 5703 2301 5756 5
2323 5743 2336 5762 ,
2367 5701 2489 5752 dist.
2516 5690 2612 5762 i7,
2654 5692 2790 5746 lluic
2818 5691 2914 5762 soli
2941 5690 3068 5762 sedi.

2219 5773 2240 5804 ⁸
2276 5771 2473 5832 Victor.
2499 5761 2753 5835 Gotting.
2782 5763 2851 5824 ad
2875 5761 3219 5824 Theodorum
3246 5779 3463 5838 papam.
