  <div class='ocr_page' id='page_1' title='image "/cluster/home/n/w/nwhite01/storage/ocr_20150623/13/hvd.32044096580428/221.png"; bbox 0 0 4200 6178; ppageno 0'>
   <div class='ocr_carea' id='block_1_1' title="bbox 495 261 595 316">
    <p class='ocr_par' dir='ltr' id='par_1_1' title="bbox 495 261 595 316">
     <span class='ocr_line' id='line_1_1' title="bbox 495 261 595 316; baseline 0 0"><span class='ocrx_word' id='word_1_1' title='bbox 495 261 595 316; x_wconf 69' lang='grc'><strong>451</strong></span> 
     </span>
    </p>
   </div>
   <div class='ocr_carea' id='block_1_2' title="bbox 1746 254 2532 314">
    <p class='ocr_par' dir='ltr' id='par_1_2' title="bbox 1746 254 2532 314">
     <span class='ocr_line' id='line_1_2' title="bbox 1746 254 2532 314; baseline -0.003 0"><span class='ocrx_word' id='word_1_2' title='bbox 1746 255 1992 314; x_wconf 81' lang='lat' dir='ltr'><strong>SANCTI</strong></span> <span class='ocrx_word' id='word_1_3' title='bbox 2031 254 2216 313; x_wconf 79' lang='lat' dir='ltr'><strong>DAMA</strong></span> <span class='ocrx_word' id='word_1_4' title='bbox 2226 255 2289 314; x_wconf 79' lang='lat' dir='ltr'><strong>Si</strong></span> <span class='ocrx_word' id='word_1_5' title='bbox 2328 255 2532 313; x_wconf 75' lang='grc' dir='ltr'>ΡΛΡᾹΞ</span> 
     </span>
    </p>
   </div>
   <div class='ocr_carea' id='block_1_3' title="bbox 3635 235 3802 326">
    <p class='ocr_par' dir='ltr' id='par_1_3' title="bbox 3635 235 3802 326">
     <span class='ocr_line' id='line_1_3' title="bbox 3635 235 3802 326; baseline -0.054 0"><span class='ocrx_word' id='word_1_6' title='bbox 3635 323 3637 326; x_wconf 2' lang='grc' dir='ltr'><strong>ι</strong></span> <span class='ocrx_word' id='word_1_7' title='bbox 3694 235 3802 318; x_wconf 68' lang='lat'><strong>352</strong></span> 
     </span>
    </p>
   </div>
   <div class='ocr_carea' id='block_1_4' title="bbox 485 370 3793 452">
    <p class='ocr_par' dir='ltr' id='par_1_4' title="bbox 485 370 3793 452">
     <span class='ocr_line' id='line_1_4' title="bbox 485 370 3793 452; baseline 0.001 -24"><span class='ocrx_word' id='word_1_8' title='bbox 485 373 673 444; x_wconf 90' lang='lat' dir='ltr'><strong>ltaque</strong></span> <span class='ocrx_word' id='word_1_9' title='bbox 695 373 788 444; x_wconf 89' lang='lat' dir='ltr'><strong>qui</strong></span> <span class='ocrx_word' id='word_1_10' title='bbox 813 380 986 441; x_wconf 91' lang='lat' dir='ltr'><strong>potest</strong></span> <span class='ocrx_word' id='word_1_11' title='bbox 1013 371 1234 426; x_wconf 84' lang='lat' dir='ltr'><strong>obviare</strong></span> <span class='ocrx_word' id='word_1_12' title='bbox 1264 373 1304 440; x_wconf 74' lang='grc' dir='ltr'><strong>ί,</strong></span> <span class='ocrx_word' id='word_1_13' title='bbox 1339 379 1393 425; x_wconf 89' lang='lat' dir='ltr'><strong>et</strong></span> <span class='ocrx_word' id='word_1_14' title='bbox 1437 370 1752 441; x_wconf 88' lang='lat' dir='ltr'><strong>perturbare</strong></span> <span class='ocrx_word' id='word_1_15' title='bbox 1781 389 2086 452; x_wconf 67' lang='lat' dir='ltr'><strong>perversos,</strong></span> <span class='ocrx_word' id='word_1_16' title='bbox 2122 380 2164 435; x_wconf 68' lang='grc' dir='ltr'><strong>Α</strong></span> <span class='ocrx_word' id='word_1_17' title='bbox 2197 389 2315 428; x_wconf 88' lang='lat' dir='ltr'><strong>mur</strong></span> <span class='ocrx_word' id='word_1_18' title='bbox 2337 415 2350 439; x_wconf 91' lang='lat'><strong>,</strong></span> <span class='ocrx_word' id='word_1_19' title='bbox 2382 373 2472 444; x_wconf 88' lang='lat' dir='ltr'><strong>qui</strong></span> <span class='ocrx_word' id='word_1_20' title='bbox 2497 382 2552 428; x_wconf 94' lang='lat' dir='ltr'><strong>et</strong></span> <span class='ocrx_word' id='word_1_21' title='bbox 2577 371 2628 427; x_wconf 98' lang='lat' dir='ltr'><strong>id</strong></span> <span class='ocrx_word' id='word_1_22' title='bbox 2653 371 2828 442; x_wconf 90' lang='lat' dir='ltr'><strong>ipsum</strong></span> <span class='ocrx_word' id='word_1_23' title='bbox 2871 373 2988 428; x_wconf 88' lang='lat' dir='ltr'><strong>fieri</strong></span> <span class='ocrx_word' id='word_1_24' title='bbox 3030 373 3372 444; x_wconf 77' lang='lat' dir='ltr'><strong>praecipiunt.</strong></span> <span class='ocrx_word' id='word_1_25' title='bbox 3412 373 3530 430; x_wconf 89' lang='lat' dir='ltr'><strong>Non</strong></span> <span class='ocrx_word' id='word_1_26' title='bbox 3557 385 3612 432; x_wconf 90' lang='lat' dir='ltr'><strong>ut</strong></span> <span class='ocrx_word' id='word_1_27' title='bbox 3639 378 3793 432; x_wconf 84' lang='lat' dir='ltr'><strong>vobis</strong></span> 
     </span>
    </p>
   </div>
   <div class='ocr_carea' id='block_1_5' title="bbox 489 465 2088 537">
    <p class='ocr_par' dir='ltr' id='par_1_5' title="bbox 489 465 2088 537">
     <span class='ocr_line' id='line_1_5' title="bbox 489 465 2088 537; baseline -0.002 -13"><span class='ocrx_word' id='word_1_28' title='bbox 489 479 544 524; x_wconf 91' lang='lat' dir='ltr'><strong>et</strong></span> <span class='ocrx_word' id='word_1_29' title='bbox 572 484 678 522; x_wconf 92' lang='lat' dir='ltr'><strong>non</strong></span> <span class='ocrx_word' id='word_1_30' title='bbox 731 467 893 533; x_wconf 91' lang='lat' dir='ltr'><strong>facit,</strong></span> <span class='ocrx_word' id='word_1_31' title='bbox 920 465 1050 521; x_wconf 93' lang='lat' dir='ltr'><strong>nihil</strong></span> <span class='ocrx_word' id='word_1_32' title='bbox 1083 465 1229 521; x_wconf 80' lang='lat' dir='ltr'><strong>aliud</strong></span> <span class='ocrx_word' id='word_1_33' title='bbox 1276 475 1360 521; x_wconf 88' lang='lat' dir='ltr'><strong>cst</strong></span> <span class='ocrx_word' id='word_1_34' title='bbox 1386 468 1428 532; x_wconf 86' lang='grc'><strong>¹,</strong></span> <span class='ocrx_word' id='word_1_35' title='bbox 1453 482 1615 537; x_wconf 85' lang='lat' dir='ltr'><strong>quam</strong></span> <span class='ocrx_word' id='word_1_36' title='bbox 1668 467 1847 523; x_wconf 88' lang='lat' dir='ltr'><strong>favere</strong></span> <span class='ocrx_word' id='word_1_37' title='bbox 1901 483 2088 522; x_wconf 86' lang='lat' dir='ltr'><strong>eorum</strong></span> 
     </span>
    </p>
   </div>
   <div class='ocr_carea' id='block_1_6' title="bbox 489 557 2084 628">
    <p class='ocr_par' dir='ltr' id='par_1_6' title="bbox 489 557 2084 628">
     <span class='ocr_line' id='line_1_6' title="bbox 489 557 2084 628; baseline 0 -15"><span class='ocrx_word' id='word_1_38' title='bbox 489 558 773 628; x_wconf 85' lang='lat' dir='ltr'><strong>itnpietati.</strong></span> <span class='ocrx_word' id='word_1_39' title='bbox 791 557 900 612; x_wconf 85' lang='lat' dir='ltr'><strong>Nec</strong></span> <span class='ocrx_word' id='word_1_40' title='bbox 925 559 1066 612; x_wconf 90' lang='lat' dir='ltr'><strong>enim</strong></span> <span class='ocrx_word' id='word_1_41' title='bbox 1085 567 1234 613; x_wconf 88' lang='lat' dir='ltr'><strong>caret</strong></span> <span class='ocrx_word' id='word_1_42' title='bbox 1258 559 1513 628; x_wconf 82' lang='lat' dir='ltr'><strong>scrupulo</strong></span> <span class='ocrx_word' id='word_1_43' title='bbox 1542 559 1818 614; x_wconf 89' lang='lat' dir='ltr'><strong>societatis</strong></span> <span class='ocrx_word' id='word_1_44' title='bbox 1839 559 2084 624; x_wconf 61' lang='lat' dir='ltr'><strong>occultat,</strong></span> 
     </span>
    </p>
   </div>
   <div class='ocr_carea' id='block_1_7' title="bbox 485 650 2089 722">
    <p class='ocr_par' dir='ltr' id='par_1_7' title="bbox 485 650 2089 722">
     <span class='ocr_line' id='line_1_7' title="bbox 485 650 2089 722; baseline 0.001 -19"><span class='ocrx_word' id='word_1_45' title='bbox 485 652 575 722; x_wconf 90' lang='lat' dir='ltr'><strong>qui</strong></span> <span class='ocrx_word' id='word_1_46' title='bbox 627 650 913 706; x_wconf 87' lang='lat' dir='ltr'><strong>manifesto</strong></span> <span class='ocrx_word' id='word_1_47' title='bbox 967 651 1193 707; x_wconf 87' lang='lat' dir='ltr'><strong>facinori</strong></span> <span class='ocrx_word' id='word_1_48' title='bbox 1229 653 1429 707; x_wconf 89' lang='lat' dir='ltr'><strong>desinit</strong></span> <span class='ocrx_word' id='word_1_49' title='bbox 1455 653 1696 708; x_wconf 90' lang='lat' dir='ltr'><strong>obviare.</strong></span> <span class='ocrx_word' id='word_1_50' title='bbox 1762 653 1890 707; x_wconf 87' lang='lat' dir='ltr'><strong>Sitis</strong></span> <span class='ocrx_word' id='word_1_51' title='bbox 1918 662 2089 707; x_wconf 85' lang='lat' dir='ltr'><strong>autent</strong></span> 
     </span>
    </p>
   </div>
   <div class='ocr_carea' id='block_1_8' title="bbox 485 744 2092 815">
    <p class='ocr_par' dir='ltr' id='par_1_8' title="bbox 485 744 2092 815">
     <span class='ocr_line' id='line_1_8' title="bbox 485 744 2092 815; baseline 0.001 -19"><span class='ocrx_word' id='word_1_52' title='bbox 485 744 699 812; x_wconf 96' lang='lat' dir='ltr'><strong>perfecti</strong></span> <span class='ocrx_word' id='word_1_53' title='bbox 723 752 770 796; x_wconf 88' lang='lat' dir='ltr'><strong>et</strong></span> <span class='ocrx_word' id='word_1_54' title='bbox 812 745 996 815; x_wconf 78' lang='lat' dir='ltr'><strong>integri</strong></span> <span class='ocrx_word' id='word_1_55' title='bbox 1017 745 1070 798; x_wconf 88' lang='lat' dir='ltr'><strong>in</strong></span> <span class='ocrx_word' id='word_1_56' title='bbox 1097 746 1273 798; x_wconf 84' lang='lat' dir='ltr'><strong>eodem</strong></span> <span class='ocrx_word' id='word_1_57' title='bbox 1323 761 1492 809; x_wconf 85' lang='lat' dir='ltr'><strong>sensu,</strong></span> <span class='ocrx_word' id='word_1_58' title='bbox 1527 755 1572 798; x_wconf 88' lang='lat' dir='ltr'><strong>et</strong></span> <span class='ocrx_word' id='word_1_59' title='bbox 1602 747 1653 798; x_wconf 90' lang='lat' dir='ltr'><strong>in</strong></span> <span class='ocrx_word' id='word_1_60' title='bbox 1681 745 1856 799; x_wconf 84' lang='lat' dir='ltr'><strong>eadem</strong></span> <span class='ocrx_word' id='word_1_61' title='bbox 1878 745 2092 799; x_wconf 85' lang='lat' dir='ltr'><strong>scientia</strong></span> 
     </span>
    </p>
   </div>
   <div class='ocr_carea' id='block_1_9' title="bbox 484 837 2085 909">
    <p class='ocr_par' dir='ltr' id='par_1_9' title="bbox 484 837 2085 909">
     <span class='ocr_line' id='line_1_9' title="bbox 484 837 2085 909; baseline 0.001 -20"><span class='ocrx_word' id='word_1_62' title='bbox 484 837 708 906; x_wconf 84' lang='lat' dir='ltr'><strong>ﬁrmati:</strong></span> <span class='ocrx_word' id='word_1_63' title='bbox 732 847 787 892; x_wconf 92' lang='lat' dir='ltr'><strong>ut</strong></span> <span class='ocrx_word' id='word_1_64' title='bbox 807 854 904 907; x_wconf 90' lang='lat' dir='ltr'><strong>per</strong></span> <span class='ocrx_word' id='word_1_65' title='bbox 925 854 1046 893; x_wconf 88' lang='lat' dir='ltr'><strong>eam</strong></span> <span class='ocrx_word' id='word_1_66' title='bbox 1065 838 1180 892; x_wconf 86' lang='lat' dir='ltr'><strong>vias</strong></span> <span class='ocrx_word' id='word_1_67' title='bbox 1199 847 1408 893; x_wconf 87' lang='lat' dir='ltr'><strong>vestras</strong></span> <span class='ocrx_word' id='word_1_68' title='bbox 1432 838 1728 909; x_wconf 75' lang='lat' dir='ltr'><strong>dirigentes</strong></span> <span class='ocrx_word' id='word_1_69' title='bbox 1757 839 1808 892; x_wconf 93' lang='lat' dir='ltr'><strong>in</strong></span> <span class='ocrx_word' id='word_1_70' title='bbox 1839 837 2085 892; x_wconf 88' lang='lat' dir='ltr'><strong>eutndem</strong></span> 
     </span>
    </p>
   </div>
   <div class='ocr_carea' id='block_1_10' title="bbox 485 930 2086 1001">
    <p class='ocr_par' dir='ltr' id='par_1_10' title="bbox 485 930 2086 1001">
     <span class='ocr_line' id='line_1_10' title="bbox 485 930 2086 1001; baseline -0.001 -15"><span class='ocrx_word' id='word_1_71' title='bbox 485 932 881 995; x_wconf 78' lang='lat' dir='ltr'><strong>inflexibiliter,</strong></span> <span class='ocrx_word' id='word_1_72' title='bbox 924 931 1181 986; x_wconf 87' lang='lat' dir='ltr'><strong>omnibus</strong></span> <span class='ocrx_word' id='word_1_73' title='bbox 1225 931 1527 985; x_wconf 88' lang='lat' dir='ltr'><strong>occurratis</strong></span> <span class='ocrx_word' id='word_1_74' title='bbox 1578 931 1858 1001; x_wconf 80' lang='lat' dir='ltr'><strong>Oppressis</strong></span> <span class='ocrx_word' id='word_1_75' title='bbox 1887 930 1929 996; x_wconf 78' lang='grc'><strong>³,</strong></span> <span class='ocrx_word' id='word_1_76' title='bbox 1959 931 2086 1000; x_wconf 89' lang='lat' dir='ltr'><strong>quia</strong></span> 
     </span>
    </p>
   </div>
   <div class='ocr_carea' id='block_1_11' title="bbox 482 1025 2087 1096">
    <p class='ocr_par' dir='ltr' id='par_1_11' title="bbox 482 1025 2087 1096">
     <span class='ocr_line' id='line_1_11' title="bbox 482 1025 2087 1096; baseline -0.001 -17"><span class='ocrx_word' id='word_1_77' title='bbox 482 1026 638 1081; x_wconf 87' lang='lat' dir='ltr'><strong>vobis</strong></span> <span class='ocrx_word' id='word_1_78' title='bbox 659 1025 899 1080; x_wconf 87' lang='lat' dir='ltr'><strong>creditur</strong></span> <span class='ocrx_word' id='word_1_79' title='bbox 939 1025 1218 1090; x_wconf 87' lang='lat' dir='ltr'><strong>Dominus,</strong></span> <span class='ocrx_word' id='word_1_80' title='bbox 1247 1026 1316 1078; x_wconf 90' lang='lat' dir='ltr'><strong>ad</strong></span> <span class='ocrx_word' id='word_1_81' title='bbox 1355 1042 1504 1096; x_wconf 87' lang='lat' dir='ltr'><strong>quem</strong></span> <span class='ocrx_word' id='word_1_82' title='bbox 1535 1025 1764 1092; x_wconf 81' lang='lat' dir='ltr'><strong>lapidem</strong></span> <span class='ocrx_word' id='word_1_83' title='bbox 1792 1025 2087 1079; x_wconf 77' lang='lat' dir='ltr'><strong>accedentes</strong></span> 
     </span>
    </p>
   </div>
   <div class='ocr_carea' id='block_1_12' title="bbox 478 1117 2084 1188">
    <p class='ocr_par' dir='ltr' id='par_1_12' title="bbox 478 1117 2084 1188">
     <span class='ocr_line' id='line_1_12' title="bbox 478 1117 2084 1188; baseline -0.001 -17"><span class='ocrx_word' id='word_1_84' title='bbox 478 1118 670 1183; x_wconf 82' lang='lat' dir='ltr'><strong>vivum,</strong></span> <span class='ocrx_word' id='word_1_85' title='bbox 715 1118 778 1170; x_wconf 90' lang='lat' dir='ltr'><strong>ab</strong></span> <span class='ocrx_word' id='word_1_86' title='bbox 801 1117 1090 1171; x_wconf 82' lang='lat' dir='ltr'><strong>hominibus</strong></span> <span class='ocrx_word' id='word_1_87' title='bbox 1135 1117 1341 1188; x_wconf 84' lang='lat' dir='ltr'><strong>quidem</strong></span> <span class='ocrx_word' id='word_1_88' title='bbox 1395 1117 1724 1186; x_wconf 86' lang='lat' dir='ltr'><strong>reprobatum</strong></span> <span class='ocrx_word' id='word_1_89' title='bbox 1758 1127 1965 1187; x_wconf 85' lang='lat' dir='ltr'><strong>prapter</strong></span> <span class='ocrx_word' id='word_1_90' title='bbox 2003 1127 2084 1170; x_wconf 87' lang='lat' dir='ltr'><strong>ta-</strong></span> 
     </span>
    </p>
   </div>
   <div class='ocr_carea' id='block_1_13' title="bbox 481 1209 2082 1284">
    <p class='ocr_par' dir='ltr' id='par_1_13' title="bbox 481 1209 2082 1284">
     <span class='ocr_line' id='line_1_13' title="bbox 481 1209 2082 1284; baseline -0.002 -19"><span class='ocrx_word' id='word_1_91' title='bbox 481 1212 612 1266; x_wconf 85' lang='lat' dir='ltr'><strong>lium</strong></span> <span class='ocrx_word' id='word_1_92' title='bbox 637 1209 1136 1284; x_wconf 85' lang='lat' dir='ltr'><strong>impietatem,aDeo</strong></span> <span class='ocrx_word' id='word_1_93' title='bbox 1159 1221 1328 1265; x_wconf 89' lang='lat' dir='ltr'><strong>autem</strong></span> <span class='ocrx_word' id='word_1_94' title='bbox 1357 1211 1572 1264; x_wconf 89' lang='lat' dir='ltr'><strong>electum</strong></span> <span class='ocrx_word' id='word_1_95' title='bbox 1596 1219 1643 1265; x_wconf 88' lang='lat' dir='ltr'><strong>et</strong></span> <span class='ocrx_word' id='word_1_96' title='bbox 1662 1210 2082 1279; x_wconf 76' lang='lat' dir='ltr'><strong>honori/iculum,</strong></span> 
     </span>
    </p>
   </div>
   <div class='ocr_carea' id='block_1_14' title="bbox 479 1303 2084 1375">
    <p class='ocr_par' dir='ltr' id='par_1_14' title="bbox 479 1303 2084 1375">
     <span class='ocr_line' id='line_1_14' title="bbox 479 1303 2084 1375; baseline -0.002 -16"><span class='ocrx_word' id='word_1_97' title='bbox 479 1321 636 1374; x_wconf 88' lang='lat' dir='ltr'><strong>super</strong></span> <span class='ocrx_word' id='word_1_98' title='bbox 663 1322 810 1375; x_wconf 86' lang='lat' dir='ltr'><strong>quem</strong></span> <span class='ocrx_word' id='word_1_99' title='bbox 843 1321 949 1367; x_wconf 86' lang='lat' dir='ltr'><strong>vos,</strong></span> <span class='ocrx_word' id='word_1_100' title='bbox 997 1314 1258 1373; x_wconf 85' lang='lat' dir='ltr'><strong>tamquam</strong></span> <span class='ocrx_word' id='word_1_101' title='bbox 1287 1303 1484 1372; x_wconf 82' lang='lat' dir='ltr'><strong>lapides</strong></span> <span class='ocrx_word' id='word_1_102' title='bbox 1523 1304 1644 1369; x_wconf 79' lang='lat' dir='ltr'><strong>uiri,</strong></span> <span class='ocrx_word' id='word_1_103' title='bbox 1672 1303 2006 1370; x_wconf 71' lang='lat' dir='ltr'><strong>wdiﬁcamiui</strong></span> <span class='ocrx_word' id='word_1_104' title='bbox 2029 1303 2084 1355; x_wconf 88' lang='lat' dir='ltr'><strong>in</strong></span> 
     </span>
    </p>
   </div>
   <div class='ocr_carea' id='block_1_15' title="bbox 478 1391 2099 1470">
    <p class='ocr_par' dir='ltr' id='par_1_15' title="bbox 478 1391 2099 1470">
     <span class='ocr_line' id='line_1_15' title="bbox 478 1391 2099 1470; baseline -0.003 -19"><span class='ocrx_word' id='word_1_105' title='bbox 478 1395 762 1451; x_wconf 86' lang='lat' dir='ltr'><strong>Dominum</strong></span> <span class='ocrx_word' id='word_1_106' title='bbox 801 1398 1146 1470; x_wconf 86' lang='lat' dir='ltr'><strong>spiritualem,</strong></span> <span class='ocrx_word' id='word_1_107' title='bbox 1191 1397 1245 1449; x_wconf 87' lang='lat' dir='ltr'><strong>in</strong></span> <span class='ocrx_word' id='word_1_108' title='bbox 1275 1394 1621 1449; x_wconf 84' lang='lat' dir='ltr'><strong>sacerdotium</strong></span> <span class='ocrx_word' id='word_1_109' title='bbox 1666 1404 1922 1456; x_wconf 87' lang='lat' dir='ltr'><strong>sanctum,</strong></span> <span class='ocrx_word' id='word_1_110' title='bbox 1948 1391 2099 1460; x_wconf 62' lang='grc'><strong>011³6-¹</strong></span> 
     </span>
    </p>
   </div>
   <div class='ocr_carea' id='block_1_16' title="bbox 477 1485 2078 1564">
    <p class='ocr_par' dir='ltr' id='par_1_16' title="bbox 477 1485 2078 1564">
     <span class='ocr_line' id='line_1_16' title="bbox 477 1485 2078 1564; baseline -0.004 -20"><span class='ocrx_word' id='word_1_111' title='bbox 477 1502 645 1546; x_wconf 84' lang='lat' dir='ltr'><strong>rentes</strong></span> <span class='ocrx_word' id='word_1_112' title='bbox 693 1491 985 1564; x_wconf 83' lang='lat' dir='ltr'><strong>spirituales</strong></span> <span class='ocrx_word' id='word_1_113' title='bbox 1042 1491 1234 1544; x_wconf 83' lang='lat' dir='ltr'><strong>hostias</strong></span> <span class='ocrx_word' id='word_1_114' title='bbox 1288 1490 1390 1558; x_wconf 88' lang='lat' dir='ltr'><strong>ipsi</strong></span> <span class='ocrx_word' id='word_1_115' title='bbox 1449 1489 1504 1541; x_wconf 89' lang='lat' dir='ltr'><strong>in</strong></span> <span class='ocrx_word' id='word_1_116' title='bbox 1543 1487 1752 1541; x_wconf 86' lang='lat' dir='ltr'><strong>odorem</strong></span> <span class='ocrx_word' id='word_1_117' title='bbox 1789 1485 2078 1540; x_wconf 79' lang='lat' dir='ltr'><strong>suavitatis.</strong></span> 
     </span>
    </p>
   </div>
   <div class='ocr_carea' id='block_1_17' title="bbox 473 1576 2082 1643">
    <p class='ocr_par' dir='ltr' id='par_1_17' title="bbox 473 1576 2082 1643">
     <span class='ocr_line' id='line_1_17' title="bbox 473 1576 2082 1643; baseline -0.008 0"><span class='ocrx_word' id='word_1_118' title='bbox 473 1586 698 1643; x_wconf 85' lang='lat' dir='ltr'><strong>Gratum</strong></span> <span class='ocrx_word' id='word_1_119' title='bbox 773 1584 916 1638; x_wconf 92' lang='lat' dir='ltr'><strong>enim</strong></span> <span class='ocrx_word' id='word_1_120' title='bbox 973 1582 1265 1636; x_wconf 85' lang='lat' dir='ltr'><strong>admodum</strong></span> <span class='ocrx_word' id='word_1_121' title='bbox 1311 1589 1396 1634; x_wconf 90' lang='lat' dir='ltr'><strong>est</strong></span> <span class='ocrx_word' id='word_1_122' title='bbox 1455 1578 1784 1632; x_wconf 79' lang='lat' dir='ltr'><strong>sacrificium</strong></span> <span class='ocrx_word' id='word_1_123' title='bbox 1848 1576 2082 1630; x_wconf 89' lang='lat' dir='ltr'><strong>Domino</strong></span> 
     </span>
    </p>
   </div>
   <div class='ocr_carea' id='block_1_18' title="bbox 407 1669 2080 1750">
    <p class='ocr_par' dir='ltr' id='par_1_18' title="bbox 407 1669 2080 1750">
     <span class='ocr_line' id='line_1_18' title="bbox 407 1669 2080 1750; baseline -0.008 -15"><span class='ocrx_word' id='word_1_124' title='bbox 407 1709 416 1712; x_wconf 87' lang='lat'>-</span> <span class='ocrx_word' id='word_1_125' title='bbox 472 1679 753 1750; x_wconf 85' lang='lat' dir='ltr'><strong>oppressis</strong></span> <span class='ocrx_word' id='word_1_126' title='bbox 775 1675 1032 1732; x_wconf 88' lang='lat' dir='ltr'><strong>omnibus</strong></span> <span class='ocrx_word' id='word_1_127' title='bbox 1069 1674 1361 1730; x_wconf 85' lang='lat' dir='ltr'><strong>subvenire</strong></span> <span class='ocrx_word' id='word_1_128' title='bbox 1395 1682 1637 1742; x_wconf 84' lang='lat' dir='ltr'><strong>:quanto</strong></span> <span class='ocrx_word' id='word_1_129' title='bbox 1683 1671 1854 1738; x_wconf 82' lang='lat' dir='ltr'><strong>magis</strong></span> <span class='ocrx_word' id='word_1_130' title='bbox 1883 1669 1988 1724; x_wconf 89' lang='lat' dir='ltr'><strong>illis</strong></span> <span class='ocrx_word' id='word_1_131' title='bbox 2012 1669 2080 1723; x_wconf 89' lang='lat' dir='ltr'><strong>de</strong></span> 
     </span>
    </p>
   </div>
   <div class='ocr_carea' id='block_1_19' title="bbox 2192 467 3790 539">
    <p class='ocr_par' dir='ltr' id='par_1_19' title="bbox 2192 467 3790 539">
     <span class='ocr_line' id='line_1_19' title="bbox 2192 467 3790 539; baseline 0.005 -19"><span class='ocrx_word' id='word_1_132' title='bbox 2192 467 2431 522; x_wconf 73' lang='lat' dir='ltr'><strong>scientia:</strong></span> <span class='ocrx_word' id='word_1_133' title='bbox 2463 467 2848 522; x_wconf 75' lang='lat' dir='ltr'><strong>ecclesiastica:</strong></span> <span class='ocrx_word' id='word_1_134' title='bbox 2889 469 3095 537; x_wconf 66' lang='lat' dir='ltr'><strong>regulae</strong></span> <span class='ocrx_word' id='word_1_135' title='bbox 3142 468 3347 539; x_wconf 87' lang='lat' dir='ltr'><strong>aliquid</strong></span> <span class='ocrx_word' id='word_1_136' title='bbox 3390 469 3571 535; x_wconf 87' lang='lat' dir='ltr'><strong>desit,</strong></span> <span class='ocrx_word' id='word_1_137' title='bbox 3611 473 3702 527; x_wconf 87' lang='lat' dir='ltr'><strong>sed</strong></span> <span class='ocrx_word' id='word_1_138' title='bbox 3733 482 3790 527; x_wconf 93' lang='lat' dir='ltr'><strong>ut</strong></span> 
     </span>
    </p>
   </div>
   <div class='ocr_carea' id='block_1_20' title="bbox 2191 558 3788 634">
    <p class='ocr_par' dir='ltr' id='par_1_20' title="bbox 2191 558 3788 634">
     <span class='ocr_line' id='line_1_20' title="bbox 2191 558 3788 634; baseline 0.004 -20"><span class='ocrx_word' id='word_1_139' title='bbox 2191 561 2512 614; x_wconf 79' lang='lat' dir='ltr'><strong>auctoritate</strong></span> <span class='ocrx_word' id='word_1_140' title='bbox 2553 558 2698 614; x_wconf 88' lang='lat' dir='ltr'><strong>sedis</strong></span> <span class='ocrx_word' id='word_1_141' title='bbox 2738 559 3053 628; x_wconf 80' lang='lat' dir='ltr'><strong>apostolicae</strong></span> <span class='ocrx_word' id='word_1_142' title='bbox 3089 560 3244 627; x_wconf 91' lang='lat' dir='ltr'><strong>fulti,</strong></span> <span class='ocrx_word' id='word_1_143' title='bbox 3277 560 3332 616; x_wconf 89' lang='lat' dir='ltr'><strong>in</strong></span> <span class='ocrx_word' id='word_1_144' title='bbox 3378 561 3531 617; x_wconf 92' lang='lat' dir='ltr'><strong>nullo</strong></span> <span class='ocrx_word' id='word_1_145' title='bbox 3575 563 3643 618; x_wconf 89' lang='lat' dir='ltr'><strong>ab</strong></span> <span class='ocrx_word' id='word_1_146' title='bbox 3676 566 3788 634; x_wconf 88' lang='lat' dir='ltr'><strong>ejus</strong></span> 
     </span>
    </p>
   </div>
   <div class='ocr_carea' id='block_1_21' title="bbox 2192 650 3792 724">
    <p class='ocr_par' dir='ltr' id='par_1_21' title="bbox 2192 650 3792 724">
     <span class='ocr_line' id='line_1_21' title="bbox 2192 650 3792 724; baseline 0.004 -20"><span class='ocrx_word' id='word_1_147' title='bbox 2192 650 2418 705; x_wconf 80' lang='lat' dir='ltr'><strong>devictis</strong></span> <span class='ocrx_word' id='word_1_148' title='bbox 2449 650 2669 720; x_wconf 81' lang='lat' dir='ltr'><strong>regulis.</strong></span> <span class='ocrx_word' id='word_1_149' title='bbox 2713 650 2880 720; x_wconf 84' lang='lat' dir='ltr'><strong>Igitur</strong></span> <span class='ocrx_word' id='word_1_150' title='bbox 2907 650 2976 707; x_wconf 91' lang='lat' dir='ltr'><strong>de</strong></span> <span class='ocrx_word' id='word_1_151' title='bbox 3016 651 3426 723; x_wconf 83' lang='lat' dir='ltr'><strong>chorcpiscopis</strong></span> <span class='ocrx_word' id='word_1_152' title='bbox 3447 695 3462 720; x_wconf 91' lang='lat'><strong>,</strong></span> <span class='ocrx_word' id='word_1_153' title='bbox 3506 653 3577 710; x_wconf 91' lang='lat' dir='ltr'><strong>de</strong></span> <span class='ocrx_word' id='word_1_154' title='bbox 3607 655 3792 724; x_wconf 81' lang='lat' dir='ltr'><strong>quibus</strong></span> 
     </span>
    </p>
   </div>
   <div class='ocr_carea' id='block_1_22' title="bbox 2191 745 3798 814">
    <p class='ocr_par' dir='ltr' id='par_1_22' title="bbox 2191 745 3798 814">
     <span class='ocr_line' id='line_1_22' title="bbox 2191 745 3798 814; baseline 0.002 -15"><span class='ocrx_word' id='word_1_155' title='bbox 2191 759 2292 799; x_wconf 90' lang='lat' dir='ltr'><strong>nos</strong></span> <span class='ocrx_word' id='word_1_156' title='bbox 2336 745 2623 800; x_wconf 84' lang='lat' dir='ltr'><strong>consulere</strong></span> <span class='ocrx_word' id='word_1_157' title='bbox 2665 745 2942 811; x_wconf 89' lang='lat' dir='ltr'><strong>voluistis,</strong></span> <span class='ocrx_word' id='word_1_158' title='bbox 2988 745 3146 814; x_wconf 87' lang='lat' dir='ltr'><strong>quale</strong></span> <span class='ocrx_word' id='word_1_159' title='bbox 3195 747 3266 800; x_wconf 86' lang='lat' dir='ltr'><strong>sit</strong></span> <span class='ocrx_word' id='word_1_160' title='bbox 3310 762 3499 802; x_wconf 88' lang='lat' dir='ltr'><strong>eorum</strong></span> <span class='ocrx_word' id='word_1_161' title='bbox 3554 748 3798 803; x_wconf 85' lang='lat' dir='ltr'><strong>ministe-</strong></span> 
     </span>
    </p>
   </div>
   <div class='ocr_carea' id='block_1_23' title="bbox 2191 839 3801 913">
    <p class='ocr_par' dir='ltr' id='par_1_23' title="bbox 2191 839 3801 913">
     <span class='ocr_line' id='line_1_23' title="bbox 2191 839 3801 913; baseline 0.004 -20"><span class='ocrx_word' id='word_1_162' title='bbox 2191 840 2325 893; x_wconf 87' lang='lat' dir='ltr'><strong>rium</strong></span> <span class='ocrx_word' id='word_1_163' title='bbox 2354 880 2367 902; x_wconf 97' lang='lat'><strong>,</strong></span> <span class='ocrx_word' id='word_1_164' title='bbox 2400 849 2494 893; x_wconf 90' lang='lat' dir='ltr'><strong>aut</strong></span> <span class='ocrx_word' id='word_1_165' title='bbox 2521 839 2647 908; x_wconf 89' lang='lat' dir='ltr'><strong>quid</strong></span> <span class='ocrx_word' id='word_1_166' title='bbox 2679 840 2761 894; x_wconf 89' lang='lat' dir='ltr'><strong>eis</strong></span> <span class='ocrx_word' id='word_1_167' title='bbox 2791 855 2954 910; x_wconf 78' lang='lat' dir='ltr'><strong>agere</strong></span> <span class='ocrx_word' id='word_1_168' title='bbox 2998 840 3157 895; x_wconf 89' lang='lat' dir='ltr'><strong>liceat</strong></span> <span class='ocrx_word' id='word_1_169' title='bbox 3179 883 3193 906; x_wconf 95' lang='lat'><strong>,</strong></span> <span class='ocrx_word' id='word_1_170' title='bbox 3227 850 3319 896; x_wconf 90' lang='lat' dir='ltr'><strong>aut</strong></span> <span class='ocrx_word' id='word_1_171' title='bbox 3355 859 3518 913; x_wconf 86' lang='lat' dir='ltr'><strong>quam</strong></span> <span class='ocrx_word' id='word_1_172' title='bbox 3563 844 3801 900; x_wconf 88' lang='lat' dir='ltr'><strong>auctori-</strong></span> 
     </span>
    </p>
   </div>
   <div class='ocr_carea' id='block_1_24' title="bbox 2190 931 3800 1006">
    <p class='ocr_par' dir='ltr' id='par_1_24' title="bbox 2190 931 3800 1006">
     <span class='ocr_line' id='line_1_24' title="bbox 2190 931 3800 1006; baseline 0.004 -20"><span class='ocrx_word' id='word_1_173' title='bbox 2190 940 2353 986; x_wconf 87' lang='lat' dir='ltr'><strong>tatem</strong></span> <span class='ocrx_word' id='word_1_174' title='bbox 2395 931 2666 996; x_wconf 89' lang='lat' dir='ltr'><strong>habeant,</strong></span> <span class='ocrx_word' id='word_1_175' title='bbox 2695 932 2782 986; x_wconf 85' lang='lat' dir='ltr'><strong>vel</strong></span> <span class='ocrx_word' id='word_1_176' title='bbox 2811 931 2855 984; x_wconf 82' lang='lat' dir='ltr'><strong>si</strong></span> <span class='ocrx_word' id='word_1_177' title='bbox 2889 932 3049 986; x_wconf 91' lang='lat' dir='ltr'><strong>liceat</strong></span> <span class='ocrx_word' id='word_1_178' title='bbox 3076 947 3170 987; x_wconf 91' lang='lat' dir='ltr'><strong>eos</strong></span> <span class='ocrx_word' id='word_1_179' title='bbox 3203 933 3321 988; x_wconf 89' lang='lat' dir='ltr'><strong>fieri</strong></span> <span class='ocrx_word' id='word_1_180' title='bbox 3349 976 3362 999; x_wconf 94' lang='lat'><strong>,</strong></span> <span class='ocrx_word' id='word_1_181' title='bbox 3396 951 3464 989; x_wconf 88' lang='lat' dir='ltr'><strong>an</strong></span> <span class='ocrx_word' id='word_1_182' title='bbox 3505 952 3648 1003; x_wconf 90' lang='lat' dir='ltr'><strong>non,</strong></span> <span class='ocrx_word' id='word_1_183' title='bbox 3675 936 3800 1006; x_wconf 88' lang='lat' dir='ltr'><strong>quia</strong></span> 
     </span>
    </p>
   </div>
   <div class='ocr_carea' id='block_1_25' title="bbox 2187 1024 3797 1098">
    <p class='ocr_par' dir='ltr' id='par_1_25' title="bbox 2187 1024 3797 1098">
     <span class='ocr_line' id='line_1_25' title="bbox 2187 1024 3797 1098; baseline 0.004 -21"><span class='ocrx_word' id='word_1_184' title='bbox 2187 1024 2491 1078; x_wconf 85' lang='lat' dir='ltr'><strong>audivimus</strong></span> <span class='ocrx_word' id='word_1_185' title='bbox 2520 1039 2616 1080; x_wconf 92' lang='lat' dir='ltr'><strong>eos</strong></span> <span class='ocrx_word' id='word_1_186' title='bbox 2637 1024 2748 1094; x_wconf 90' lang='lat' dir='ltr'><strong>jam</strong></span> <span class='ocrx_word' id='word_1_187' title='bbox 2777 1039 2900 1079; x_wconf 83' lang='lat' dir='ltr'><strong>esse</strong></span> <span class='ocrx_word' id='word_1_188' title='bbox 2929 1025 3270 1095; x_wconf 90' lang='lat' dir='ltr'><strong>prohibitos;</strong></span> <span class='ocrx_word' id='word_1_189' title='bbox 3299 1037 3391 1081; x_wconf 89' lang='lat' dir='ltr'><strong>aut</strong></span> <span class='ocrx_word' id='word_1_190' title='bbox 3421 1029 3549 1098; x_wconf 92' lang='lat' dir='ltr'><strong>quid</strong></span> <span class='ocrx_word' id='word_1_191' title='bbox 3573 1030 3644 1085; x_wconf 89' lang='lat' dir='ltr'><strong>de</strong></span> <span class='ocrx_word' id='word_1_192' title='bbox 3669 1030 3758 1084; x_wconf 90' lang='lat' dir='ltr'><strong>his</strong></span> <span class='ocrx_word' id='word_1_193' title='bbox 3781 1071 3797 1095; x_wconf 91' lang='lat'><strong>,</strong></span> 
     </span>
    </p>
   </div>
   <div class='ocr_carea' id='block_1_26' title="bbox 2187 1118 3793 1191">
    <p class='ocr_par' dir='ltr' id='par_1_26' title="bbox 2187 1118 3793 1191">
     <span class='ocr_line' id='line_1_26' title="bbox 2187 1118 3793 1191; baseline 0.005 -22"><span class='ocrx_word' id='word_1_194' title='bbox 2187 1118 2276 1188; x_wconf 90' lang='lat' dir='ltr'><strong>qui</strong></span> <span class='ocrx_word' id='word_1_195' title='bbox 2303 1118 2413 1186; x_wconf 88' lang='lat' dir='ltr'><strong>jam</strong></span> <span class='ocrx_word' id='word_1_196' title='bbox 2441 1118 2673 1172; x_wconf 89' lang='lat' dir='ltr'><strong>ordinati</strong></span> <span class='ocrx_word' id='word_1_197' title='bbox 2698 1118 3071 1187; x_wconf 86' lang='lat' dir='ltr'><strong>reperiuntur,</strong></span> <span class='ocrx_word' id='word_1_198' title='bbox 3095 1120 3362 1191; x_wconf 82' lang='lat' dir='ltr'><strong>agendum</strong></span> <span class='ocrx_word' id='word_1_199' title='bbox 3394 1123 3462 1176; x_wconf 91' lang='lat' dir='ltr'><strong>sit</strong></span> <span class='ocrx_word' id='word_1_200' title='bbox 3487 1164 3501 1188; x_wconf 92' lang='lat'><strong>,</strong></span> <span class='ocrx_word' id='word_1_201' title='bbox 3534 1123 3605 1177; x_wconf 91' lang='lat' dir='ltr'><strong>nil</strong></span> <span class='ocrx_word' id='word_1_202' title='bbox 3634 1122 3793 1179; x_wconf 87' lang='lat' dir='ltr'><strong>vobis</strong></span> 
     </span>
    </p>
   </div>
   <div class='ocr_carea' id='block_1_27' title="bbox 2185 1210 3790 1286">
    <p class='ocr_par' dir='ltr' id='par_1_27' title="bbox 2185 1210 3790 1286">
     <span class='ocr_line' id='line_1_27' title="bbox 2185 1210 3790 1286; baseline 0.004 -22"><span class='ocrx_word' id='word_1_203' title='bbox 2185 1210 2389 1264; x_wconf 87' lang='lat' dir='ltr'><strong>certius</strong></span> <span class='ocrx_word' id='word_1_204' title='bbox 2415 1210 2748 1280; x_wconf 88' lang='lat' dir='ltr'><strong>respondere</strong></span> <span class='ocrx_word' id='word_1_205' title='bbox 2782 1210 2938 1266; x_wconf 88' lang='lat' dir='ltr'><strong>nobis</strong></span> <span class='ocrx_word' id='word_1_206' title='bbox 2965 1211 3178 1267; x_wconf 84' lang='lat' dir='ltr'><strong>videtur</strong></span> <span class='ocrx_word' id='word_1_207' title='bbox 3197 1255 3213 1280; x_wconf 96' lang='lat'><strong>,</strong></span> <span class='ocrx_word' id='word_1_208' title='bbox 3247 1229 3408 1285; x_wconf 90' lang='lat' dir='ltr'><strong>quam</strong></span> <span class='ocrx_word' id='word_1_209' title='bbox 3437 1215 3563 1269; x_wconf 89' lang='lat' dir='ltr'><strong>olim</strong></span> <span class='ocrx_word' id='word_1_210' title='bbox 3587 1232 3616 1270; x_wconf 89' lang='lat' dir='ltr'><strong>a</strong></span> <span class='ocrx_word' id='word_1_211' title='bbox 3646 1231 3790 1286; x_wconf 71' lang='lat' dir='ltr'><strong>pra:-</strong></span> 
     </span>
    </p>
   </div>
   <div class='ocr_carea' id='block_1_28' title="bbox 2185 1300 3790 1374">
    <p class='ocr_par' dir='ltr' id='par_1_28' title="bbox 2185 1300 3790 1374">
     <span class='ocr_line' id='line_1_28' title="bbox 2185 1300 3790 1374; baseline 0.005 -19"><span class='ocrx_word' id='word_1_212' title='bbox 2185 1300 2560 1356; x_wconf 91' lang='lat' dir='ltr'><strong>deccssoribus</strong></span> <span class='ocrx_word' id='word_1_213' title='bbox 2590 1305 2790 1356; x_wconf 91' lang='lat' dir='ltr'><strong>nostris</strong></span> <span class='ocrx_word' id='word_1_214' title='bbox 2817 1304 3095 1358; x_wconf 89' lang='lat' dir='ltr'><strong>decretum</strong></span> <span class='ocrx_word' id='word_1_215' title='bbox 3133 1306 3438 1374; x_wconf 89' lang='lat' dir='ltr'><strong>reperimus</strong></span> <span class='ocrx_word' id='word_1_216' title='bbox 3466 1323 3480 1371; x_wconf 90' lang='lat'><strong>;</strong></span> <span class='ocrx_word' id='word_1_217' title='bbox 3527 1304 3595 1361; x_wconf 83' lang='lat' dir='ltr'><strong>ut</strong></span> <span class='ocrx_word' id='word_1_218' title='bbox 3613 1311 3692 1362; x_wconf 88' lang='lat' dir='ltr'><strong>eis</strong></span> <span class='ocrx_word' id='word_1_219' title='bbox 3719 1308 3790 1363; x_wconf 88' lang='lat' dir='ltr'><strong>ad</strong></span> 
     </span>
    </p>
   </div>
   <div class='ocr_carea' id='block_1_29' title="bbox 2185 1394 3790 1470">
    <p class='ocr_par' dir='ltr' id='par_1_29' title="bbox 2185 1394 3790 1470">
     <span class='ocr_line' id='line_1_29' title="bbox 2185 1394 3790 1470; baseline 0.007 -26"><span class='ocrx_word' id='word_1_220' title='bbox 2185 1395 2396 1446; x_wconf 88' lang='lat' dir='ltr'><strong>veniam</strong></span> <span class='ocrx_word' id='word_1_221' title='bbox 2426 1394 2556 1448; x_wconf 87' lang='lat' dir='ltr'><strong>nihil</strong></span> <span class='ocrx_word' id='word_1_222' title='bbox 2585 1409 2806 1464; x_wconf 91' lang='lat' dir='ltr'><strong>prorsus</strong></span> <span class='ocrx_word' id='word_1_223' title='bbox 2836 1396 2982 1449; x_wconf 89' lang='lat' dir='ltr'><strong>aliud</strong></span> <span class='ocrx_word' id='word_1_224' title='bbox 3023 1409 3326 1453; x_wconf 88' lang='lat' dir='ltr'><strong>reservetur</strong></span> <span class='ocrx_word' id='word_1_225' title='bbox 3351 1415 3514 1469; x_wconf 79' lang='lat' dir='ltr'><strong>quam</strong></span> <span class='ocrx_word' id='word_1_226' title='bbox 3563 1401 3790 1470; x_wconf 88' lang='lat' dir='ltr'><strong>privatio</strong></span> 
     </span>
    </p>
   </div>
   <div class='ocr_carea' id='block_1_30' title="bbox 2183 1485 3792 1564">
    <p class='ocr_par' dir='ltr' id='par_1_30' title="bbox 2183 1485 3792 1564">
     <span class='ocr_line' id='line_1_30' title="bbox 2183 1485 3792 1564; baseline 0.007 -28"><span class='ocrx_word' id='word_1_227' title='bbox 2183 1485 2324 1538; x_wconf 90' lang='lat' dir='ltr'><strong>sacri</strong></span> <span class='ocrx_word' id='word_1_228' title='bbox 2378 1486 2694 1552; x_wconf 86' lang='lat' dir='ltr'><strong>ministerii,</strong></span> <span class='ocrx_word' id='word_1_229' title='bbox 2727 1487 2869 1556; x_wconf 89' lang='lat' dir='ltr'><strong>quod</strong></span> <span class='ocrx_word' id='word_1_230' title='bbox 2929 1487 3118 1543; x_wconf 90' lang='lat' dir='ltr'><strong>illicite</strong></span> <span class='ocrx_word' id='word_1_231' title='bbox 3171 1505 3620 1560; x_wconf 83' lang='lat' dir='ltr'><strong>assumpserunt;</strong></span> <span class='ocrx_word' id='word_1_232' title='bbox 3667 1493 3792 1564; x_wconf 88' lang='lat' dir='ltr'><strong>quia</strong></span> 
     </span>
    </p>
   </div>
   <div class='ocr_carea' id='block_1_31' title="bbox 2183 1576 3793 1650">
    <p class='ocr_par' dir='ltr' id='par_1_31' title="bbox 2183 1576 3793 1650">
     <span class='ocr_line' id='line_1_31' title="bbox 2183 1576 3793 1650; baseline 0.006 -22"><span class='ocrx_word' id='word_1_233' title='bbox 2183 1576 2443 1645; x_wconf 86' lang='lat' dir='ltr'><strong>prohibiti</strong></span> <span class='ocrx_word' id='word_1_234' title='bbox 2470 1587 2576 1632; x_wconf 90' lang='lat' dir='ltr'><strong>tam</strong></span> <span class='ocrx_word' id='word_1_235' title='bbox 2609 1579 2677 1634; x_wconf 89' lang='lat' dir='ltr'><strong>ab</strong></span> <span class='ocrx_word' id='word_1_236' title='bbox 2720 1578 2819 1634; x_wconf 86' lang='lat' dir='ltr'><strong>hac</strong></span> <span class='ocrx_word' id='word_1_237' title='bbox 2861 1594 3011 1634; x_wconf 88' lang='lat' dir='ltr'><strong>sacra</strong></span> <span class='ocrx_word' id='word_1_238' title='bbox 3043 1581 3173 1635; x_wconf 90' lang='lat' dir='ltr'><strong>sede</strong></span> <span class='ocrx_word' id='word_1_239' title='bbox 3197 1623 3212 1647; x_wconf 89' lang='lat'><strong>,</strong></span> <span class='ocrx_word' id='word_1_240' title='bbox 3243 1597 3404 1650; x_wconf 90' lang='lat' dir='ltr'><strong>quam</strong></span> <span class='ocrx_word' id='word_1_241' title='bbox 3444 1598 3474 1636; x_wconf 91' lang='lat' dir='ltr'><strong>a</strong></span> <span class='ocrx_word' id='word_1_242' title='bbox 3507 1584 3670 1638; x_wconf 74' lang='lat' dir='ltr'><strong>totius</strong></span> <span class='ocrx_word' id='word_1_243' title='bbox 3703 1599 3793 1638; x_wconf 91' lang='lat' dir='ltr'><strong>or-</strong></span> 
     </span>
    </p>
   </div>
   <div class='ocr_carea' id='block_1_32' title="bbox 2181 1668 3794 1743">
    <p class='ocr_par' dir='ltr' id='par_1_32' title="bbox 2181 1668 3794 1743">
     <span class='ocr_line' id='line_1_32' title="bbox 2181 1668 3794 1743; baseline 0.005 -19"><span class='ocrx_word' id='word_1_244' title='bbox 2181 1668 2266 1724; x_wconf 86' lang='lat' dir='ltr'><strong>bis</strong></span> <span class='ocrx_word' id='word_1_245' title='bbox 2290 1669 2502 1724; x_wconf 83' lang='lat' dir='ltr'><strong>fuerant</strong></span> <span class='ocrx_word' id='word_1_246' title='bbox 2527 1671 2816 1741; x_wconf 81' lang='lat' dir='ltr'><strong>episcopis.</strong></span> <span class='ocrx_word' id='word_1_247' title='bbox 2843 1671 3014 1726; x_wconf 88' lang='lat' dir='ltr'><strong>Nimis</strong></span> <span class='ocrx_word' id='word_1_248' title='bbox 3033 1687 3162 1743; x_wconf 79' lang='lat' dir='ltr'><strong>ergo</strong></span> <span class='ocrx_word' id='word_1_249' title='bbox 3186 1689 3375 1728; x_wconf 90' lang='lat' dir='ltr'><strong>eorum</strong></span> <span class='ocrx_word' id='word_1_250' title='bbox 3399 1674 3667 1731; x_wconf 82' lang='lat' dir='ltr'><strong>institutio</strong></span> <span class='ocrx_word' id='word_1_251' title='bbox 3691 1675 3794 1732; x_wconf 92' lang='lat' dir='ltr'><strong>im-</strong></span> 
     </span>
    </p>
   </div>
   <div class='ocr_carea' id='block_1_33' title="bbox 471 1761 3793 1843">
    <p class='ocr_par' dir='ltr' id='par_1_33' title="bbox 471 1761 3793 1843">
     <span class='ocr_line' id='line_1_33' title="bbox 471 1761 3793 1843; baseline 0 -19"><span class='ocrx_word' id='word_1_252' title='bbox 471 1771 668 1843; x_wconf 79' lang='lat' dir='ltr'><strong>quibos</strong></span> <span class='ocrx_word' id='word_1_253' title='bbox 694 1770 769 1823; x_wconf 89' lang='lat' dir='ltr'><strong>ait</strong></span> <span class='ocrx_word' id='word_1_254' title='bbox 795 1769 925 1835; x_wconf 85' lang='lat' dir='ltr'><strong>:Qui</strong></span> <span class='ocrx_word' id='word_1_255' title='bbox 954 1784 1040 1821; x_wconf 83' lang='lat' dir='ltr'><strong>vos</strong></span> <span class='ocrx_word' id='word_1_256' title='bbox 1067 1767 1236 1832; x_wconf 89' lang='lat' dir='ltr'><strong>audit,</strong></span> <span class='ocrx_word' id='word_1_257' title='bbox 1266 1782 1346 1818; x_wconf 84' lang='lat' dir='ltr'><strong>nte</strong></span> <span class='ocrx_word' id='word_1_258' title='bbox 1374 1764 1519 1818; x_wconf 87' lang='lat' dir='ltr'><strong>audit</strong></span> <span class='ocrx_word' id='word_1_259' title='bbox 1537 1781 1554 1829; x_wconf 90' lang='lat'><strong><em>;</em></strong></span> <span class='ocrx_word' id='word_1_260' title='bbox 1572 1773 1621 1818; x_wconf 90' lang='lat' dir='ltr'><strong>et</strong></span> <span class='ocrx_word' id='word_1_261' title='bbox 1648 1764 1733 1834; x_wconf 88' lang='lat' dir='ltr'><strong>qui</strong></span> <span class='ocrx_word' id='word_1_262' title='bbox 1753 1779 1838 1816; x_wconf 74' lang='lat' dir='ltr'><strong>vos</strong></span> <span class='ocrx_word' id='word_1_263' title='bbox 1861 1761 2076 1831; x_wconf 86' lang='lat' dir='ltr'><strong>spernit,</strong></span> <span class='ocrx_word' id='word_1_264' title='bbox 2111 1768 2158 1828; x_wconf 89' lang='lat' dir='ltr'><strong>B</strong></span> <span class='ocrx_word' id='word_1_265' title='bbox 2186 1763 2350 1834; x_wconf 89' lang='lat' dir='ltr'><strong>proba</strong></span> <span class='ocrx_word' id='word_1_266' title='bbox 2373 1803 2386 1828; x_wconf 92' lang='lat'><strong>,</strong></span> <span class='ocrx_word' id='word_1_267' title='bbox 2413 1765 2570 1818; x_wconf 87' lang='lat' dir='ltr'><strong>nimis</strong></span> <span class='ocrx_word' id='word_1_268' title='bbox 2598 1773 2682 1820; x_wconf 89' lang='lat' dir='ltr'><strong>est</strong></span> <span class='ocrx_word' id='word_1_269' title='bbox 2714 1780 2875 1834; x_wconf 87' lang='lat' dir='ltr'><strong>prava</strong></span> <span class='ocrx_word' id='word_1_270' title='bbox 2903 1782 2914 1817; x_wconf 89' lang='lat'>:</span> <span class='ocrx_word' id='word_1_271' title='bbox 2950 1765 3073 1835; x_wconf 88' lang='lat' dir='ltr'><strong>quia</strong></span> <span class='ocrx_word' id='word_1_272' title='bbox 3105 1773 3163 1820; x_wconf 87' lang='lat' dir='ltr'><strong>ut</strong></span> <span class='ocrx_word' id='word_1_273' title='bbox 3188 1766 3244 1820; x_wconf 87' lang='lat' dir='ltr'><strong>bi</strong></span> <span class='ocrx_word' id='word_1_274' title='bbox 3271 1767 3339 1822; x_wconf 90' lang='lat' dir='ltr'><strong>de</strong></span> <span class='ocrx_word' id='word_1_275' title='bbox 3373 1783 3586 1824; x_wconf 85' lang='lat' dir='ltr'><strong>summo</strong></span> <span class='ocrx_word' id='word_1_276' title='bbox 3611 1785 3793 1825; x_wconf 86' lang='lat' dir='ltr'><strong>sacer-</strong></span> 
     </span>
    </p>
   </div>
   <div class='ocr_carea' id='block_1_34' title="bbox 471 1856 2076 1934">
    <p class='ocr_par' dir='ltr' id='par_1_34' title="bbox 471 1856 2076 1934">
     <span class='ocr_line' id='line_1_34' title="bbox 471 1856 2076 1934; baseline -0.006 -17"><span class='ocrx_word' id='word_1_277' title='bbox 471 1880 551 1918; x_wconf 89' lang='lat' dir='ltr'><strong>me</strong></span> <span class='ocrx_word' id='word_1_278' title='bbox 578 1863 791 1934; x_wconf 64' lang='lat' dir='ltr'><strong>spernit,</strong></span> <span class='ocrx_word' id='word_1_279' title='bbox 826 1869 881 1915; x_wconf 88' lang='lat' dir='ltr'><strong>et</strong></span> <span class='ocrx_word' id='word_1_280' title='bbox 907 1868 1126 1915; x_wconf 72' lang='lat' dir='ltr'><strong>etetera.</strong></span> <span class='ocrx_word' id='word_1_281' title='bbox 1180 1858 1336 1913; x_wconf 86' lang='lat' dir='ltr'><strong>Libat</strong></span> <span class='ocrx_word' id='word_1_282' title='bbox 1366 1856 1388 1887; x_wconf 67' lang='grc'><strong>⁸</strong></span> <span class='ocrx_word' id='word_1_283' title='bbox 1411 1856 1629 1926; x_wconf 91' lang='lat' dir='ltr'><strong>quidem</strong></span> <span class='ocrx_word' id='word_1_284' title='bbox 1666 1856 1894 1910; x_wconf 88' lang='lat' dir='ltr'><strong>Domino</strong></span> <span class='ocrx_word' id='word_1_285' title='bbox 1923 1869 2076 1924; x_wconf 90' lang='lat' dir='ltr'><strong>pros-</strong></span> 
     </span>
    </p>
   </div>
   <div class='ocr_carea' id='block_1_35' title="bbox 468 1947 2076 2028">
    <p class='ocr_par' dir='ltr' id='par_1_35' title="bbox 468 1947 2076 2028">
     <span class='ocr_line' id='line_1_35' title="bbox 468 1947 2076 2028; baseline -0.009 -16"><span class='ocrx_word' id='word_1_286' title='bbox 468 1973 623 2028; x_wconf 86' lang='lat' dir='ltr'><strong>pera,</strong></span> <span class='ocrx_word' id='word_1_287' title='bbox 656 1957 745 2026; x_wconf 87' lang='lat' dir='ltr'><strong>qui</strong></span> <span class='ocrx_word' id='word_1_288' title='bbox 779 1955 846 2010; x_wconf 90' lang='lat' dir='ltr'><strong>ab</strong></span> <span class='ocrx_word' id='word_1_289' title='bbox 876 1953 1094 2008; x_wconf 88' lang='lat' dir='ltr'><strong>afflictis</strong></span> <span class='ocrx_word' id='word_1_290' title='bbox 1118 1951 1467 2020; x_wconf 87' lang='lat' dir='ltr'><strong>etoppressis</strong></span> <span class='ocrx_word' id='word_1_291' title='bbox 1495 1949 1653 2020; x_wconf 88' lang='lat' dir='ltr'><strong>pellit</strong></span> <span class='ocrx_word' id='word_1_292' title='bbox 1682 1947 1934 2003; x_wconf 89' lang='lat' dir='ltr'><strong>adversa.</strong></span> <span class='ocrx_word' id='word_1_293' title='bbox 1968 1947 2076 2001; x_wconf 88' lang='lat' dir='ltr'><strong>Sed</strong></span> 
     </span>
    </p>
   </div>
   <div class='ocr_carea' id='block_1_36' title="bbox 465 2040 2074 2118">
    <p class='ocr_par' dir='ltr' id='par_1_36' title="bbox 465 2040 2074 2118">
     <span class='ocr_line' id='line_1_36' title="bbox 465 2040 2074 2118; baseline -0.007 -13"><span class='ocrx_word' id='word_1_294' title='bbox 465 2059 516 2105; x_wconf 86' lang='lat' dir='ltr'><strong>et</strong></span> <span class='ocrx_word' id='word_1_295' title='bbox 547 2066 700 2113; x_wconf 89' lang='lat' dir='ltr'><strong>nunc,</strong></span> <span class='ocrx_word' id='word_1_296' title='bbox 726 2049 935 2118; x_wconf 75' lang='lat' dir='ltr'><strong>fratres,</strong></span> <span class='ocrx_word' id='word_1_297' title='bbox 971 2045 1387 2100; x_wconf 83' lang='lat' dir='ltr'><strong>commendamus</strong></span> <span class='ocrx_word' id='word_1_298' title='bbox 1413 2059 1496 2096; x_wconf 83' lang='lat' dir='ltr'><strong>vos</strong></span> <span class='ocrx_word' id='word_1_299' title='bbox 1519 2040 1628 2094; x_wconf 82' lang='lat' dir='ltr'><strong>Deo</strong></span> <span class='ocrx_word' id='word_1_300' title='bbox 1657 2051 1701 2095; x_wconf 90' lang='lat' dir='ltr'><strong>et</strong></span> <span class='ocrx_word' id='word_1_301' title='bbox 1725 2042 1872 2095; x_wconf 84' lang='lat' dir='ltr'><strong>verba</strong></span> <span class='ocrx_word' id='word_1_302' title='bbox 1891 2040 2074 2112; x_wconf 76' lang='lat' dir='ltr'><strong>gratia:</strong></span> 
     </span>
    </p>
   </div>
   <div class='ocr_carea' id='block_1_37' title="bbox 469 2135 2075 2220">
    <p class='ocr_par' dir='ltr' id='par_1_37' title="bbox 469 2135 2075 2220">
     <span class='ocr_line' id='line_1_37' title="bbox 469 2135 2075 2220; baseline -0.007 -20"><span class='ocrx_word' id='word_1_303' title='bbox 469 2149 604 2220; x_wconf 84' lang='lat' dir='ltr'><strong>ejus,</strong></span> <span class='ocrx_word' id='word_1_304' title='bbox 628 2145 715 2213; x_wconf 80' lang='lat' dir='ltr'><strong>qui</strong></span> <span class='ocrx_word' id='word_1_305' title='bbox 744 2151 904 2213; x_wconf 86' lang='lat' dir='ltr'><strong>potest</strong></span> <span class='ocrx_word' id='word_1_306' title='bbox 933 2140 1179 2211; x_wconf 77' lang='lat' dir='ltr'><strong>perficere</strong></span> <span class='ocrx_word' id='word_1_307' title='bbox 1203 2150 1250 2193; x_wconf 89' lang='lat' dir='ltr'><strong>et</strong></span> <span class='ocrx_word' id='word_1_308' title='bbox 1281 2139 1403 2191; x_wconf 87' lang='lat' dir='ltr'><strong>dare</strong></span> <span class='ocrx_word' id='word_1_309' title='bbox 1450 2138 1800 2191; x_wconf 74' lang='lat' dir='ltr'><strong>Itwreditatem</strong></span> <span class='ocrx_word' id='word_1_310' title='bbox 1826 2137 1880 2190; x_wconf 88' lang='lat' dir='ltr'><strong>in</strong></span> <span class='ocrx_word' id='word_1_311' title='bbox 1906 2135 2075 2190; x_wconf 90' lang='lat' dir='ltr'><strong>omni-</strong></span> 
     </span>
    </p>
   </div>
   <div class='ocr_carea' id='block_1_38' title="bbox 463 2231 2072 2304">
    <p class='ocr_par' dir='ltr' id='par_1_38' title="bbox 463 2231 2072 2304">
     <span class='ocr_line' id='line_1_38' title="bbox 463 2231 2072 2304; baseline -0.005 -12"><span class='ocrx_word' id='word_1_312' title='bbox 463 2239 557 2292; x_wconf 85' lang='lat' dir='ltr'><strong>bus</strong></span> <span class='ocrx_word' id='word_1_313' title='bbox 578 2235 932 2304; x_wconf 80' lang='lat' dir='ltr'><strong>sanctificatis.</strong></span> <span class='ocrx_word' id='word_1_314' title='bbox 961 2233 1082 2304; x_wconf 84' lang='lat' dir='ltr'><strong>Ipse</strong></span> <span class='ocrx_word' id='word_1_315' title='bbox 1113 2243 1282 2286; x_wconf 81' lang='lat' dir='ltr'><strong>autem</strong></span> <span class='ocrx_word' id='word_1_316' title='bbox 1315 2231 1454 2285; x_wconf 89' lang='lat' dir='ltr'><strong>Deus</strong></span> <span class='ocrx_word' id='word_1_317' title='bbox 1497 2232 1639 2300; x_wconf 86' lang='lat' dir='ltr'><strong>pacis</strong></span> <span class='ocrx_word' id='word_1_318' title='bbox 1683 2240 1729 2284; x_wconf 90' lang='lat' dir='ltr'><strong>et</strong></span> <span class='ocrx_word' id='word_1_319' title='bbox 1757 2231 2072 2294; x_wconf 79' lang='lat' dir='ltr'><strong>consolatio-</strong></span> 
     </span>
    </p>
   </div>
   <div class='ocr_carea' id='block_1_39' title="bbox 467 2309 2072 2394">
    <p class='ocr_par' dir='ltr' id='par_1_39' title="bbox 467 2309 2072 2394">
     <span class='ocr_line' id='line_1_39' title="bbox 467 2309 2072 2394; baseline -0.006 -10"><span class='ocrx_word' id='word_1_320' title='bbox 467 2332 550 2385; x_wconf 85' lang='lat' dir='ltr'><strong>nis</strong></span> <span class='ocrx_word' id='word_1_321' title='bbox 599 2329 682 2382; x_wconf 90' lang='lat' dir='ltr'><strong>det</strong></span> <span class='ocrx_word' id='word_1_322' title='bbox 712 2309 866 2382; x_wconf 81' lang='lat' dir='ltr'><strong>vobis</strong></span> <span class='ocrx_word' id='word_1_323' title='bbox 902 2326 1130 2394; x_wconf 65' lang='lat' dir='ltr'><strong>illipsum</strong></span> <span class='ocrx_word' id='word_1_324' title='bbox 1160 2341 1341 2394; x_wconf 84' lang='lat' dir='ltr'><strong>sapere</strong></span> <span class='ocrx_word' id='word_1_325' title='bbox 1371 2324 1424 2377; x_wconf 91' lang='lat' dir='ltr'><strong>in</strong></span> <span class='ocrx_word' id='word_1_326' title='bbox 1460 2325 1785 2389; x_wconf 86' lang='lat' dir='ltr'><strong>alterutrum,</strong></span> <span class='ocrx_word' id='word_1_327' title='bbox 1804 2333 1849 2376; x_wconf 90' lang='lat' dir='ltr'><strong>et</strong></span> <span class='ocrx_word' id='word_1_328' title='bbox 1879 2323 1932 2375; x_wconf 88' lang='lat' dir='ltr'><strong>in</strong></span> <span class='ocrx_word' id='word_1_329' title='bbox 1959 2323 2072 2392; x_wconf 85' lang='lat' dir='ltr'><strong>ipso</strong></span> 
     </span>
    </p>
   </div>
   <div class='ocr_carea' id='block_1_40' title="bbox 459 2415 2074 2492">
    <p class='ocr_par' dir='ltr' id='par_1_40' title="bbox 459 2415 2074 2492">
     <span class='ocr_line' id='line_1_40' title="bbox 459 2415 2074 2492; baseline -0.006 -14"><span class='ocrx_word' id='word_1_330' title='bbox 459 2438 661 2492; x_wconf 82' lang='lat' dir='ltr'><strong>semper</strong></span> <span class='ocrx_word' id='word_1_331' title='bbox 683 2429 730 2474; x_wconf 82' lang='lat' dir='ltr'><strong>et</strong></span> <span class='ocrx_word' id='word_1_332' title='bbox 757 2419 810 2472; x_wconf 88' lang='lat' dir='ltr'><strong>in</strong></span> <span class='ocrx_word' id='word_1_333' title='bbox 829 2419 1084 2480; x_wconf 87' lang='lat' dir='ltr'><strong>ontnibus,</strong></span> <span class='ocrx_word' id='word_1_334' title='bbox 1107 2428 1160 2470; x_wconf 90' lang='lat' dir='ltr'><strong>ut</strong></span> <span class='ocrx_word' id='word_1_335' title='bbox 1184 2416 1451 2470; x_wconf 86' lang='lat' dir='ltr'><strong>unanimes</strong></span> <span class='ocrx_word' id='word_1_336' title='bbox 1473 2433 1574 2469; x_wconf 88' lang='lat' dir='ltr'><strong>uno</strong></span> <span class='ocrx_word' id='word_1_337' title='bbox 1603 2432 1689 2468; x_wconf 89' lang='lat' dir='ltr'><strong>ore</strong></span> <span class='ocrx_word' id='word_1_338' title='bbox 1716 2425 1762 2468; x_wconf 89' lang='lat' dir='ltr'><strong>et</strong></span> <span class='ocrx_word' id='word_1_339' title='bbox 1793 2431 1893 2468; x_wconf 91' lang='lat' dir='ltr'><strong>uno</strong></span> <span class='ocrx_word' id='word_1_340' title='bbox 1920 2415 2074 2468; x_wconf 83' lang='lat' dir='ltr'><strong>corde</strong></span> 
     </span>
    </p>
   </div>
   <div class='ocr_carea' id='block_1_41' title="bbox 461 2509 2068 2583">
    <p class='ocr_par' dir='ltr' id='par_1_41' title="bbox 461 2509 2068 2583">
     <span class='ocr_line' id='line_1_41' title="bbox 461 2509 2068 2583; baseline -0.004 -16"><span class='ocrx_word' id='word_1_341' title='bbox 461 2514 811 2583; x_wconf 76' lang='lat' dir='ltr'><strong>honoriﬁcetis</strong></span> <span class='ocrx_word' id='word_1_342' title='bbox 835 2528 950 2566; x_wconf 83' lang='lat' dir='ltr'><strong>eum</strong></span> <span class='ocrx_word' id='word_1_343' title='bbox 1001 2512 1053 2564; x_wconf 90' lang='lat' dir='ltr'><strong>in</strong></span> <span class='ocrx_word' id='word_1_344' title='bbox 1083 2509 1415 2564; x_wconf 87' lang='lat' dir='ltr'><strong>concordiam</strong></span> <span class='ocrx_word' id='word_1_345' title='bbox 1445 2520 1490 2564; x_wconf 90' lang='lat' dir='ltr'><strong>ct</strong></span> <span class='ocrx_word' id='word_1_346' title='bbox 1520 2509 1775 2563; x_wconf 71' lang='lat' dir='ltr'><strong>auxilium</strong></span> <span class='ocrx_word' id='word_1_347' title='bbox 1826 2512 2068 2579; x_wconf 80' lang='lat' dir='ltr'><strong>fratrum,</strong></span> 
     </span>
    </p>
   </div>
   <div class='ocr_carea' id='block_1_42' title="bbox 460 2599 2069 2678">
    <p class='ocr_par' dir='ltr' id='par_1_42' title="bbox 460 2599 2069 2678">
     <span class='ocr_line' id='line_1_42' title="bbox 460 2599 2069 2678; baseline -0.004 -19"><span class='ocrx_word' id='word_1_348' title='bbox 460 2608 549 2677; x_wconf 88' lang='lat' dir='ltr'><strong>qui</strong></span> <span class='ocrx_word' id='word_1_349' title='bbox 571 2617 748 2678; x_wconf 88' lang='lat' dir='ltr'><strong>potens</strong></span> <span class='ocrx_word' id='word_1_350' title='bbox 770 2615 844 2658; x_wconf 86' lang='lat' dir='ltr'><strong>est</strong></span> <span class='ocrx_word' id='word_1_351' title='bbox 876 2603 1184 2672; x_wconf 81' lang='lat' dir='ltr'><strong>conﬁrmare</strong></span> <span class='ocrx_word' id='word_1_352' title='bbox 1210 2619 1404 2668; x_wconf 85' lang='lat' dir='ltr'><strong>omnes,</strong></span> <span class='ocrx_word' id='word_1_353' title='bbox 1430 2613 1474 2656; x_wconf 93' lang='lat' dir='ltr'><strong>et</strong></span> <span class='ocrx_word' id='word_1_354' title='bbox 1504 2601 1763 2656; x_wconf 86' lang='lat' dir='ltr'><strong>consolari</strong></span> <span class='ocrx_word' id='word_1_355' title='bbox 1787 2599 2069 2654; x_wconf 79' lang='lat' dir='ltr'><strong>secundum</strong></span> 
     </span>
    </p>
   </div>
   <div class='ocr_carea' id='block_1_43' title="bbox 460 2694 2070 2771">
    <p class='ocr_par' dir='ltr' id='par_1_43' title="bbox 460 2694 2070 2771">
     <span class='ocr_line' id='line_1_43' title="bbox 460 2694 2070 2771; baseline -0.005 -18"><span class='ocrx_word' id='word_1_356' title='bbox 460 2699 806 2771; x_wconf 82' lang='lat' dir='ltr'><strong>Evangelium</strong></span> <span class='ocrx_word' id='word_1_357' title='bbox 847 2701 982 2770; x_wconf 83' lang='lat' dir='ltr'><strong>ejus,</strong></span> <span class='ocrx_word' id='word_1_358' title='bbox 1027 2707 1073 2771; x_wconf 84' lang='lat' dir='ltr'><strong>et</strong></span> <span class='ocrx_word' id='word_1_359' title='bbox 1119 2698 1273 2765; x_wconf 77' lang='lat' dir='ltr'><strong>juxta</strong></span> <span class='ocrx_word' id='word_1_360' title='bbox 1303 2696 1660 2749; x_wconf 80' lang='lat' dir='ltr'><strong>reuelationem</strong></span> <span class='ocrx_word' id='word_1_361' title='bbox 1684 2694 1916 2765; x_wconf 83' lang='lat' dir='ltr'><strong>mysterii</strong></span> <span class='ocrx_word' id='word_1_362' title='bbox 1945 2704 2070 2746; x_wconf 87' lang='lat' dir='ltr'><strong>tem—</strong></span> 
     </span>
    </p>
   </div>
   <div class='ocr_carea' id='block_1_44' title="bbox 457 2787 2068 2864">
    <p class='ocr_par' dir='ltr' id='par_1_44' title="bbox 457 2787 2068 2864">
     <span class='ocr_line' id='line_1_44' title="bbox 457 2787 2068 2864; baseline -0.004 -17"><span class='ocrx_word' id='word_1_363' title='bbox 457 2792 670 2864; x_wconf 85' lang='lat' dir='ltr'><strong>poribus</strong></span> <span class='ocrx_word' id='word_1_364' title='bbox 694 2791 873 2846; x_wconf 74' lang='lat' dir='ltr'><strong>wterni</strong></span> <span class='ocrx_word' id='word_1_365' title='bbox 901 2790 1063 2857; x_wconf 85' lang='lat' dir='ltr'><strong>taciti,</strong></span> <span class='ocrx_word' id='word_1_366' title='bbox 1100 2788 1348 2857; x_wconf 77' lang='lat' dir='ltr'><strong>patefacti</strong></span> <span class='ocrx_word' id='word_1_367' title='bbox 1380 2801 1562 2842; x_wconf 89' lang='lat' dir='ltr'><strong>autem</strong></span> <span class='ocrx_word' id='word_1_368' title='bbox 1605 2803 1700 2857; x_wconf 89' lang='lat' dir='ltr'><strong>per</strong></span> <span class='ocrx_word' id='word_1_369' title='bbox 1721 2787 2068 2856; x_wconf 71' lang='lat' dir='ltr'><strong>Scripturas“</strong></span> 
     </span>
    </p>
   </div>
   <div class='ocr_carea' id='block_1_45' title="bbox 459 2878 2066 2941">
    <p class='ocr_par' dir='ltr' id='par_1_45' title="bbox 459 2878 2066 2941">
     <span class='ocr_line' id='line_1_45' title="bbox 459 2878 2066 2941; baseline -0.005 -2"><span class='ocrx_word' id='word_1_370' title='bbox 459 2891 680 2939; x_wconf 84' lang='lat' dir='ltr'><strong>sanctas</strong></span> <span class='ocrx_word' id='word_1_371' title='bbox 729 2893 784 2938; x_wconf 90' lang='lat' dir='ltr'><strong>ct</strong></span> <span class='ocrx_word' id='word_1_372' title='bbox 805 2880 1022 2935; x_wconf 88' lang='lat' dir='ltr'><strong>Patrum</strong></span> <span class='ocrx_word' id='word_1_373' title='bbox 1077 2879 1504 2935; x_wconf 81' lang='lat' dir='ltr'><strong>orthodoxorum</strong></span> <span class='ocrx_word' id='word_1_374' title='bbox 1537 2878 1833 2941; x_wconf 86' lang='lat' dir='ltr'><strong>doctrinas,</strong></span> <span class='ocrx_word' id='word_1_375' title='bbox 1865 2893 2066 2932; x_wconf 90' lang='lat' dir='ltr'><strong>secun-</strong></span> 
     </span>
    </p>
   </div>
   <div class='ocr_carea' id='block_1_46' title="bbox 455 2973 2066 3049">
    <p class='ocr_par' dir='ltr' id='par_1_46' title="bbox 455 2973 2066 3049">
     <span class='ocr_line' id='line_1_46' title="bbox 455 2973 2066 3049; baseline -0.005 -13"><span class='ocrx_word' id='word_1_376' title='bbox 455 2979 584 3036; x_wconf 90' lang='lat' dir='ltr'><strong>dum</strong></span> <span class='ocrx_word' id='word_1_377' title='bbox 621 2986 953 3049; x_wconf 60' lang='lat' dir='ltr'><strong>praeceptum</strong></span> <span class='ocrx_word' id='word_1_378' title='bbox 977 2977 1167 3031; x_wconf 68' lang='lat' dir='ltr'><strong>aeterni</strong></span> <span class='ocrx_word' id='word_1_379' title='bbox 1196 2975 1310 3042; x_wconf 91' lang='lat' dir='ltr'><strong>Dei,</strong></span> <span class='ocrx_word' id='word_1_380' title='bbox 1344 2976 1408 3029; x_wconf 90' lang='lat' dir='ltr'><strong>ad</strong></span> <span class='ocrx_word' id='word_1_381' title='bbox 1441 2975 1807 3030; x_wconf 91' lang='lat' dir='ltr'><strong>obcdiendum</strong></span> <span class='ocrx_word' id='word_1_382' title='bbox 1834 2974 1982 3040; x_wconf 85' lang='lat' dir='ltr'><strong>fidei,</strong></span> <span class='ocrx_word' id='word_1_383' title='bbox 2010 2973 2066 3028; x_wconf 91' lang='lat' dir='ltr'><strong>in</strong></span> 
     </span>
    </p>
   </div>
   <div class='ocr_carea' id='block_1_47' title="bbox 455 3067 2065 3141">
    <p class='ocr_par' dir='ltr' id='par_1_47' title="bbox 455 3067 2065 3141">
     <span class='ocr_line' id='line_1_47' title="bbox 455 3067 2065 3141; baseline -0.003 -14"><span class='ocrx_word' id='word_1_384' title='bbox 455 3074 708 3128; x_wconf 89' lang='lat' dir='ltr'><strong>omnibus</strong></span> <span class='ocrx_word' id='word_1_385' title='bbox 745 3071 976 3141; x_wconf 73' lang='lat' dir='ltr'><strong>cognitis</strong></span> <span class='ocrx_word' id='word_1_386' title='bbox 1007 3070 1187 3134; x_wconf 88' lang='lat' dir='ltr'><strong>nobis,</strong></span> <span class='ocrx_word' id='word_1_387' title='bbox 1221 3070 1320 3123; x_wconf 84' lang='lat' dir='ltr'><strong>soli</strong></span> <span class='ocrx_word' id='word_1_388' title='bbox 1379 3069 1608 3136; x_wconf 85' lang='lat' dir='ltr'><strong>sapienti</strong></span> <span class='ocrx_word' id='word_1_389' title='bbox 1667 3069 1800 3135; x_wconf 91' lang='lat' dir='ltr'><strong>Deo,</strong></span> <span class='ocrx_word' id='word_1_390' title='bbox 1830 3067 2065 3122; x_wconf 75' lang='lat' dir='ltr'><strong>Domino</strong></span> 
     </span>
    </p>
   </div>
   <div class='ocr_carea' id='block_1_48' title="bbox 2181 1855 3791 1926">
    <p class='ocr_par' dir='ltr' id='par_1_48' title="bbox 2181 1855 3791 1926">
     <span class='ocr_line' id='line_1_48' title="bbox 2181 1855 3791 1926; baseline 0.005 -16"><span class='ocrx_word' id='word_1_391' title='bbox 2181 1855 2313 1910; x_wconf 88' lang='lat' dir='ltr'><strong>dotii</strong></span> <span class='ocrx_word' id='word_1_392' title='bbox 2345 1857 2645 1912; x_wconf 89' lang='lat' dir='ltr'><strong>ministerio</strong></span> <span class='ocrx_word' id='word_1_393' title='bbox 2670 1857 2869 1925; x_wconf 88' lang='lat' dir='ltr'><strong>aliquid</strong></span> <span class='ocrx_word' id='word_1_394' title='bbox 2902 1870 3258 1926; x_wconf 63' lang='lat' dir='ltr'><strong>prtesumant,</strong></span> <span class='ocrx_word' id='word_1_395' title='bbox 3294 1861 3439 1914; x_wconf 91' lang='lat' dir='ltr'><strong>omni</strong></span> <span class='ocrx_word' id='word_1_396' title='bbox 3463 1864 3791 1918; x_wconf 85' lang='lat' dir='ltr'><strong>auctoritate</strong></span> 
     </span>
    </p>
   </div>
   <div class='ocr_carea' id='block_1_49' title="bbox 2179 1949 3791 2012">
    <p class='ocr_par' dir='ltr' id='par_1_49' title="bbox 2179 1949 3791 2012">
     <span class='ocr_line' id='line_1_49' title="bbox 2179 1949 3791 2012; baseline 0.004 -10"><span class='ocrx_word' id='word_1_397' title='bbox 2179 1958 2367 2012; x_wconf 86' lang='lat' dir='ltr'><strong>caret,</strong></span> <span class='ocrx_word' id='word_1_398' title='bbox 2409 1957 2465 2002; x_wconf 88' lang='lat' dir='ltr'><strong>et</strong></span> <span class='ocrx_word' id='word_1_399' title='bbox 2507 1950 2675 2003; x_wconf 88' lang='lat' dir='ltr'><strong>sacris</strong></span> <span class='ocrx_word' id='word_1_400' title='bbox 2735 1949 3036 2003; x_wconf 88' lang='lat' dir='ltr'><strong>canonibns</strong></span> <span class='ocrx_word' id='word_1_401' title='bbox 3084 1952 3356 2006; x_wconf 89' lang='lat' dir='ltr'><strong>invenitur</strong></span> <span class='ocrx_word' id='word_1_402' title='bbox 3401 1969 3524 2008; x_wconf 89' lang='lat' dir='ltr'><strong>esse</strong></span> <span class='ocrx_word' id='word_1_403' title='bbox 3570 1964 3791 2010; x_wconf 89' lang='lat' dir='ltr'><strong>contra-</strong></span> 
     </span>
    </p>
   </div>
   <div class='ocr_carea' id='block_1_50' title="bbox 2176 2039 3787 2114">
    <p class='ocr_par' dir='ltr' id='par_1_50' title="bbox 2176 2039 3787 2114">
     <span class='ocr_line' id='line_1_50' title="bbox 2176 2039 3787 2114; baseline 0.004 -18"><span class='ocrx_word' id='word_1_404' title='bbox 2176 2041 2314 2096; x_wconf 91' lang='lat' dir='ltr'><strong>rium</strong></span> <span class='ocrx_word' id='word_1_405' title='bbox 2341 2082 2354 2106; x_wconf 89' lang='lat'><strong>,</strong></span> <span class='ocrx_word' id='word_1_406' title='bbox 2395 2039 2562 2112; x_wconf 85' lang='lat' dir='ltr'><strong>atque</strong></span> <span class='ocrx_word' id='word_1_407' title='bbox 2606 2042 2674 2095; x_wconf 90' lang='lat' dir='ltr'><strong>ad</strong></span> <span class='ocrx_word' id='word_1_408' title='bbox 2727 2045 2899 2098; x_wconf 88' lang='lat' dir='ltr'><strong>totius</strong></span> <span class='ocrx_word' id='word_1_409' title='bbox 2929 2043 2969 2073; x_wconf 80' lang='grc'><strong>¹⁰</strong></span> <span class='ocrx_word' id='word_1_410' title='bbox 3018 2043 3277 2101; x_wconf 67' lang='lat' dir='ltr'><strong>Ecclesia:</strong></span> <span class='ocrx_word' id='word_1_411' title='bbox 3325 2046 3787 2114; x_wconf 87' lang='lat' dir='ltr'><strong>perturbationem</strong></span> 
     </span>
    </p>
   </div>
   <div class='ocr_carea' id='block_1_51' title="bbox 2178 2135 3792 2205">
    <p class='ocr_par' dir='ltr' id='par_1_51' title="bbox 2178 2135 3792 2205">
     <span class='ocr_line' id='line_1_51' title="bbox 2178 2135 3792 2205; baseline 0.005 -16"><span class='ocrx_word' id='word_1_412' title='bbox 2178 2135 2412 2204; x_wconf 87' lang='lat' dir='ltr'><strong>superba</strong></span> <span class='ocrx_word' id='word_1_413' title='bbox 2442 2146 2496 2190; x_wconf 92' lang='lat' dir='ltr'><strong>et</strong></span> <span class='ocrx_word' id='word_1_414' title='bbox 2537 2136 2812 2205; x_wconf 81' lang='lat' dir='ltr'><strong>superflua</strong></span> <span class='ocrx_word' id='word_1_415' title='bbox 2848 2137 3019 2192; x_wconf 86' lang='lat' dir='ltr'><strong>tendit</strong></span> <span class='ocrx_word' id='word_1_416' title='bbox 3042 2139 3203 2193; x_wconf 85' lang='lat' dir='ltr'><strong>elatio</strong></span> <span class='ocrx_word' id='word_1_417' title='bbox 3233 2155 3245 2190; x_wconf 90' lang='lat'>:</span> <span class='ocrx_word' id='word_1_418' title='bbox 3289 2147 3344 2193; x_wconf 90' lang='lat' dir='ltr'><strong>et</strong></span> <span class='ocrx_word' id='word_1_419' title='bbox 3375 2155 3598 2194; x_wconf 90' lang='lat' dir='ltr'><strong>vacuum</strong></span> <span class='ocrx_word' id='word_1_420' title='bbox 3627 2149 3711 2197; x_wconf 77' lang='lat' dir='ltr'><strong>est</strong></span> <span class='ocrx_word' id='word_1_421' title='bbox 3739 2151 3792 2197; x_wconf 90' lang='lat' dir='ltr'><strong>et</strong></span> 
     </span>
    </p>
   </div>
   <div class='ocr_carea' id='block_1_52' title="bbox 2181 2226 3789 2302">
    <p class='ocr_par' dir='ltr' id='par_1_52' title="bbox 2181 2226 3789 2302">
     <span class='ocr_line' id='line_1_52' title="bbox 2181 2226 3789 2302; baseline 0.007 -22"><span class='ocrx_word' id='word_1_422' title='bbox 2181 2226 2376 2294; x_wconf 89' lang='lat' dir='ltr'><strong>inane,</strong></span> <span class='ocrx_word' id='word_1_423' title='bbox 2409 2227 2669 2298; x_wconf 90' lang='lat' dir='ltr'><strong>quidquid</strong></span> <span class='ocrx_word' id='word_1_424' title='bbox 2713 2228 2765 2282; x_wconf 87' lang='lat' dir='ltr'><strong>itt</strong></span> <span class='ocrx_word' id='word_1_425' title='bbox 2813 2232 3074 2301; x_wconf 64' lang='lat' dir='ltr'><strong>praedicto</strong></span> <span class='ocrx_word' id='word_1_426' title='bbox 3111 2231 3403 2286; x_wconf 86' lang='lat' dir='ltr'><strong>sacerdotii</strong></span> <span class='ocrx_word' id='word_1_427' title='bbox 3433 2235 3630 2288; x_wconf 92' lang='lat' dir='ltr'><strong>summi</strong></span> <span class='ocrx_word' id='word_1_428' title='bbox 3662 2251 3789 2302; x_wconf 79' lang='lat' dir='ltr'><strong>ege-</strong></span> 
     </span>
    </p>
   </div>
   <div class='ocr_carea' id='block_1_53' title="bbox 2179 2319 3788 2396">
    <p class='ocr_par' dir='ltr' id='par_1_53' title="bbox 2179 2319 3788 2396">
     <span class='ocr_line' id='line_1_53' title="bbox 2179 2319 3788 2396; baseline 0.006 -24"><span class='ocrx_word' id='word_1_429' title='bbox 2179 2328 2302 2373; x_wconf 91' lang='lat' dir='ltr'><strong>runt</strong></span> <span class='ocrx_word' id='word_1_430' title='bbox 2333 2319 2652 2374; x_wconf 89' lang='lat' dir='ltr'><strong>ministerio.</strong></span> <span class='ocrx_word' id='word_1_431' title='bbox 2685 2320 2840 2388; x_wconf 88' lang='lat' dir='ltr'><strong>Quod</strong></span> <span class='ocrx_word' id='word_1_432' title='bbox 2883 2322 2984 2391; x_wconf 87' lang='lat' dir='ltr'><strong>ipsi</strong></span> <span class='ocrx_word' id='word_1_433' title='bbox 3015 2322 3176 2378; x_wconf 90' lang='lat' dir='ltr'><strong>iidem</strong></span> <span class='ocrx_word' id='word_1_434' title='bbox 3207 2324 3316 2377; x_wconf 90' lang='lat' dir='ltr'><strong>sint</strong></span> <span class='ocrx_word' id='word_1_435' title='bbox 3339 2325 3404 2390; x_wconf 81' lang='lat'><strong>“,</strong></span> <span class='ocrx_word' id='word_1_436' title='bbox 3437 2327 3526 2395; x_wconf 89' lang='lat' dir='ltr'><strong>qui</strong></span> <span class='ocrx_word' id='word_1_437' title='bbox 3561 2335 3622 2381; x_wconf 91' lang='lat' dir='ltr'><strong>et</strong></span> <span class='ocrx_word' id='word_1_438' title='bbox 3662 2342 3788 2396; x_wconf 88' lang='lat' dir='ltr'><strong>pre-</strong></span> 
     </span>
    </p>
   </div>
   <div class='ocr_carea' id='block_1_54' title="bbox 2178 2413 3791 2487">
    <p class='ocr_par' dir='ltr' id='par_1_54' title="bbox 2178 2413 3791 2487">
     <span class='ocr_line' id='line_1_54' title="bbox 2178 2413 3791 2487; baseline 0.006 -19"><span class='ocrx_word' id='word_1_439' title='bbox 2178 2413 2382 2484; x_wconf 90' lang='lat' dir='ltr'><strong>sbyteri</strong></span> <span class='ocrx_word' id='word_1_440' title='bbox 2433 2414 2778 2470; x_wconf 80' lang='lat' dir='ltr'><strong>sufficienter</strong></span> <span class='ocrx_word' id='word_1_441' title='bbox 2824 2417 3134 2471; x_wconf 84' lang='lat' dir='ltr'><strong>invenitur:</strong></span> <span class='ocrx_word' id='word_1_442' title='bbox 3183 2417 3308 2487; x_wconf 86' lang='lat' dir='ltr'><strong>quia</strong></span> <span class='ocrx_word' id='word_1_443' title='bbox 3351 2419 3418 2474; x_wconf 88' lang='lat' dir='ltr'><strong>ad</strong></span> <span class='ocrx_word' id='word_1_444' title='bbox 3462 2419 3689 2474; x_wconf 87' lang='lat' dir='ltr'><strong>formam</strong></span> <span class='ocrx_word' id='word_1_445' title='bbox 3737 2430 3791 2477; x_wconf 88' lang='lat' dir='ltr'><strong>et</strong></span> 
     </span>
    </p>
   </div>
   <div class='ocr_carea' id='block_1_55' title="bbox 2176 2507 3785 2582">
    <p class='ocr_par' dir='ltr' id='par_1_55' title="bbox 2176 2507 3785 2582">
     <span class='ocr_line' id='line_1_55' title="bbox 2176 2507 3785 2582; baseline 0.004 -22"><span class='ocrx_word' id='word_1_446' title='bbox 2176 2507 2482 2574; x_wconf 85' lang='lat' dir='ltr'><strong>exemplum</strong></span> <span class='ocrx_word' id='word_1_447' title='bbox 2530 2508 2867 2578; x_wconf 69' lang='lat' dir='ltr'><strong>septuaginta</strong></span> <span class='ocrx_word' id='word_1_448' title='bbox 2933 2509 3283 2566; x_wconf 85' lang='lat' dir='ltr'><strong>inveniuntur</strong></span> <span class='ocrx_word' id='word_1_449' title='bbox 3328 2511 3478 2582; x_wconf 88' lang='lat' dir='ltr'><strong>prius</strong></span> <span class='ocrx_word' id='word_1_450' title='bbox 3531 2512 3785 2569; x_wconf 88' lang='lat' dir='ltr'><strong>instituti.</strong></span> 
     </span>
    </p>
   </div>
   <div class='ocr_carea' id='block_1_56' title="bbox 2177 2597 3778 2671">
    <p class='ocr_par' dir='ltr' id='par_1_56' title="bbox 2177 2597 3778 2671">
     <span class='ocr_line' id='line_1_56' title="bbox 2177 2597 3778 2671; baseline 0.003 -17"><span class='ocrx_word' id='word_1_451' title='bbox 2177 2597 2283 2654; x_wconf 87' lang='lat' dir='ltr'><strong>Sed</strong></span> <span class='ocrx_word' id='word_1_452' title='bbox 2327 2599 2450 2669; x_wconf 84' lang='lat' dir='ltr'><strong>quia</strong></span> <span class='ocrx_word' id='word_1_453' title='bbox 2496 2599 2634 2671; x_wconf 85' lang='lat' dir='ltr'><strong>(Deo</strong></span> <span class='ocrx_word' id='word_1_454' title='bbox 2687 2597 2914 2670; x_wconf 83' lang='lat' dir='ltr'><strong>gratias)</strong></span> <span class='ocrx_word' id='word_1_455' title='bbox 2959 2601 3119 2657; x_wconf 90' lang='lat' dir='ltr'><strong>modo</strong></span> <span class='ocrx_word' id='word_1_456' title='bbox 3160 2605 3491 2670; x_wconf 83' lang='lat' dir='ltr'><strong>necessarii,</strong></span> <span class='ocrx_word' id='word_1_457' title='bbox 3541 2605 3681 2660; x_wconf 86' lang='lat' dir='ltr'><strong>sicut</strong></span> <span class='ocrx_word' id='word_1_458' title='bbox 3727 2607 3778 2659; x_wconf 89' lang='lat' dir='ltr'><strong>itt</strong></span> 
     </span>
    </p>
   </div>
   <div class='ocr_carea' id='block_1_57' title="bbox 2176 2691 3776 2767">
    <p class='ocr_par' dir='ltr' id='par_1_57' title="bbox 2176 2691 3776 2767">
     <span class='ocr_line' id='line_1_57' title="bbox 2176 2691 3776 2767; baseline 0.004 -23"><span class='ocrx_word' id='word_1_459' title='bbox 2176 2691 2792 2760; x_wconf 34' lang='lat' dir='ltr'><strong>pritnitivaIEcclesia,</strong></span> <span class='ocrx_word' id='word_1_460' title='bbox 2845 2705 3065 2763; x_wconf 90' lang='lat' dir='ltr'><strong>propter</strong></span> <span class='ocrx_word' id='word_1_461' title='bbox 3113 2694 3396 2762; x_wconf 86' lang='lat' dir='ltr'><strong>studium,</strong></span> <span class='ocrx_word' id='word_1_462' title='bbox 3451 2698 3595 2766; x_wconf 90' lang='lat' dir='ltr'><strong>quod</strong></span> <span class='ocrx_word' id='word_1_463' title='bbox 3649 2713 3776 2767; x_wconf 82' lang='lat' dir='ltr'><strong>erga</strong></span> 
     </span>
    </p>
   </div>
   <div class='ocr_carea' id='block_1_58' title="bbox 2174 2785 3786 2860">
    <p class='ocr_par' dir='ltr' id='par_1_58' title="bbox 2174 2785 3786 2860">
     <span class='ocr_line' id='line_1_58' title="bbox 2174 2785 3786 2860; baseline 0.006 -24"><span class='ocrx_word' id='word_1_464' title='bbox 2174 2798 2440 2851; x_wconf 88' lang='lat' dir='ltr'><strong>pauperes</strong></span> <span class='ocrx_word' id='word_1_465' title='bbox 2469 2785 2795 2855; x_wconf 81' lang='lat' dir='ltr'><strong>exigebant,</strong></span> <span class='ocrx_word' id='word_1_466' title='bbox 2833 2801 2936 2840; x_wconf 91' lang='lat' dir='ltr'><strong>non</strong></span> <span class='ocrx_word' id='word_1_467' title='bbox 2967 2795 3131 2841; x_wconf 91' lang='lat' dir='ltr'><strong>sunt:</strong></span> <span class='ocrx_word' id='word_1_468' title='bbox 3163 2797 3218 2842; x_wconf 91' lang='lat' dir='ltr'><strong>et</strong></span> <span class='ocrx_word' id='word_1_469' title='bbox 3253 2789 3378 2858; x_wconf 89' lang='lat' dir='ltr'><strong>quia</strong></span> <span class='ocrx_word' id='word_1_470' title='bbox 3419 2788 3610 2844; x_wconf 88' lang='lat' dir='ltr'><strong>illicita</strong></span> <span class='ocrx_word' id='word_1_471' title='bbox 3644 2806 3786 2860; x_wconf 69' lang='lat' dir='ltr'><strong>prat-</strong></span> 
     </span>
    </p>
   </div>
   <div class='ocr_carea' id='block_1_59' title="bbox 2172 2878 3783 2950">
    <p class='ocr_par' dir='ltr' id='par_1_59' title="bbox 2172 2878 3783 2950">
     <span class='ocr_line' id='line_1_59' title="bbox 2172 2878 3783 2950; baseline 0.006 -20"><span class='ocrx_word' id='word_1_472' title='bbox 2172 2878 2493 2943; x_wconf 88' lang='lat' dir='ltr'><strong>sutnebant;</strong></span> <span class='ocrx_word' id='word_1_473' title='bbox 2543 2889 2597 2932; x_wconf 89' lang='lat' dir='ltr'><strong>et</strong></span> <span class='ocrx_word' id='word_1_474' title='bbox 2641 2879 2784 2950; x_wconf 93' lang='lat' dir='ltr'><strong>quod</strong></span> <span class='ocrx_word' id='word_1_475' title='bbox 2831 2881 3094 2950; x_wconf 82' lang='lat' dir='ltr'><strong>agebant,</strong></span> <span class='ocrx_word' id='word_1_476' title='bbox 3138 2889 3316 2937; x_wconf 87' lang='lat' dir='ltr'><strong>actum</strong></span> <span class='ocrx_word' id='word_1_477' title='bbox 3364 2897 3470 2938; x_wconf 93' lang='lat' dir='ltr'><strong>non</strong></span> <span class='ocrx_word' id='word_1_478' title='bbox 3521 2896 3679 2949; x_wconf 89' lang='lat' dir='ltr'><strong>erat;</strong></span> <span class='ocrx_word' id='word_1_479' title='bbox 3727 2893 3783 2940; x_wconf 85' lang='lat' dir='ltr'><strong>et</strong></span> 
     </span>
    </p>
   </div>
   <div class='ocr_carea' id='block_1_60' title="bbox 2173 2973 3787 3046">
    <p class='ocr_par' dir='ltr' id='par_1_60' title="bbox 2173 2973 3787 3046">
     <span class='ocr_line' id='line_1_60' title="bbox 2173 2973 3787 3046; baseline 0.006 -22"><span class='ocrx_word' id='word_1_480' title='bbox 2173 2982 2460 3042; x_wconf 80' lang='lat' dir='ltr'><strong>promerea</strong></span> <span class='ocrx_word' id='word_1_481' title='bbox 2504 2973 2656 3026; x_wconf 91' lang='lat' dir='ltr'><strong>multi</strong></span> <span class='ocrx_word' id='word_1_482' title='bbox 2700 2973 2752 3028; x_wconf 93' lang='lat' dir='ltr'><strong>in</strong></span> <span class='ocrx_word' id='word_1_483' title='bbox 2795 2974 3144 3031; x_wconf 83' lang='lat' dir='ltr'><strong>securitatem</strong></span> <span class='ocrx_word' id='word_1_484' title='bbox 3213 2975 3385 3046; x_wconf 89' lang='lat' dir='ltr'><strong>lapsi,</strong></span> <span class='ocrx_word' id='word_1_485' title='bbox 3418 2977 3787 3034; x_wconf 88' lang='lat' dir='ltr'><strong>ecclesiastico</strong></span> 
     </span>
    </p>
   </div>
   <div class='ocr_carea' id='block_1_61' title="bbox 2172 3065 3826 3127">
    <p class='ocr_par' dir='ltr' id='par_1_61' title="bbox 2172 3065 3826 3127">
     <span class='ocr_line' id='line_1_61' title="bbox 2172 3065 3826 3127; baseline 0.006 -10"><span class='ocrx_word' id='word_1_486' title='bbox 2172 3065 2570 3120; x_wconf 86' lang='lat' dir='ltr'><strong>frustrabantur</strong></span> <span class='ocrx_word' id='word_1_487' title='bbox 2616 3074 2672 3121; x_wconf 92' lang='lat' dir='ltr'><strong>et</strong></span> <span class='ocrx_word' id='word_1_488' title='bbox 2725 3066 3119 3122; x_wconf 85' lang='lat' dir='ltr'><strong>fraudabantur</strong></span> <span class='ocrx_word' id='word_1_489' title='bbox 3167 3068 3516 3124; x_wconf 88' lang='lat' dir='ltr'><strong>ministerio:</strong></span> <span class='ocrx_word' id='word_1_490' title='bbox 3565 3081 3621 3125; x_wconf 90' lang='lat' dir='ltr'><strong>et</strong></span> <span class='ocrx_word' id='word_1_491' title='bbox 3659 3070 3782 3127; x_wconf 91' lang='lat' dir='ltr'><strong>ideo</strong></span> <span class='ocrx_word' id='word_1_492' title='bbox 3818 3082 3826 3084; x_wconf 82' lang='lat'><strong>&quot;</strong></span> 
     </span>
    </p>
   </div>
   <div class='ocr_carea' id='block_1_62' title="bbox 452 3156 3781 3233">
    <p class='ocr_par' dir='ltr' id='par_1_62' title="bbox 452 3156 3781 3233">
     <span class='ocr_line' id='line_1_62' title="bbox 452 3156 3781 3233; baseline 0.002 -10"><span class='ocrx_word' id='word_1_493' title='bbox 452 3179 645 3223; x_wconf 86' lang='lat' dir='ltr'><strong>nostro</strong></span> <span class='ocrx_word' id='word_1_494' title='bbox 675 3166 806 3222; x_wconf 78' lang='lat' dir='ltr'><strong>Jesu</strong></span> <span class='ocrx_word' id='word_1_495' title='bbox 831 3166 1210 3232; x_wconf 80' lang='lat' dir='ltr'><strong>Christo,cum</strong></span> <span class='ocrx_word' id='word_1_496' title='bbox 1245 3178 1351 3233; x_wconf 90' lang='lat' dir='ltr'><strong>quo</strong></span> <span class='ocrx_word' id='word_1_497' title='bbox 1370 3163 1514 3217; x_wconf 87' lang='lat' dir='ltr'><strong>Patri</strong></span> <span class='ocrx_word' id='word_1_498' title='bbox 1542 3171 1596 3217; x_wconf 90' lang='lat' dir='ltr'><strong>et</strong></span> <span class='ocrx_word' id='word_1_499' title='bbox 1618 3162 1848 3232; x_wconf 90' lang='lat' dir='ltr'><strong>Spiritui</strong></span> <span class='ocrx_word' id='word_1_500' title='bbox 1878 3173 2068 3216; x_wconf 89' lang='lat' dir='ltr'><strong>sancto</strong></span> <span class='ocrx_word' id='word_1_501' title='bbox 2096 3157 2142 3220; x_wconf 89' lang='lat' dir='ltr'><strong>C</strong></span> <span class='ocrx_word' id='word_1_502' title='bbox 2177 3166 2283 3209; x_wconf 69' lang='grc' dir='ltr'>ιιὶιιι</span> <span class='ocrx_word' id='word_1_503' title='bbox 2335 3158 2403 3210; x_wconf 71' lang='lat' dir='ltr'><strong>ab</strong></span> <span class='ocrx_word' id='word_1_504' title='bbox 2446 3156 2546 3211; x_wconf 70' lang='lat' dir='ltr'><strong>hac</strong></span> <span class='ocrx_word' id='word_1_505' title='bbox 2589 3159 2644 3212; x_wconf 70' lang='grc' dir='ltr'><strong>δυ</strong></span> <span class='ocrx_word' id='word_1_506' title='bbox 2686 3158 2854 3222; x_wconf 56' lang='lat' dir='ltr'><strong>sede,</strong></span> <span class='ocrx_word' id='word_1_507' title='bbox 2905 3169 2964 3213; x_wconf 77' lang='grc' dir='ltr'>υι</span> <span class='ocrx_word' id='word_1_508' title='bbox 3013 3160 3266 3229; x_wconf 72' lang='lat' dir='ltr'><strong>superius</strong></span> <span class='ocrx_word' id='word_1_509' title='bbox 3318 3162 3738 3217; x_wconf 66' lang='grc' dir='ltr'><strong>ιιιθῐηθνδνίιηυε</strong></span> <span class='ocrx_word' id='word_1_510' title='bbox 3765 3202 3781 3228; x_wconf 73' lang='grc' dir='ltr'><strong>ι</strong></span> 
     </span>
    </p>
   </div>
   <div class='ocr_carea' id='block_1_63' title="bbox 452 3255 2068 3333">
    <p class='ocr_par' dir='ltr' id='par_1_63' title="bbox 452 3255 2068 3333">
     <span class='ocr_line' id='line_1_63' title="bbox 452 3255 2068 3333; baseline -0.006 -15"><span class='ocrx_word' id='word_1_511' title='bbox 452 3261 650 3333; x_wconf 77' lang='lat' dir='ltr'><strong>gloria,</strong></span> <span class='ocrx_word' id='word_1_512' title='bbox 677 3261 876 3325; x_wconf 90' lang='lat' dir='ltr'><strong>honor,</strong></span> <span class='ocrx_word' id='word_1_513' title='bbox 907 3271 960 3314; x_wconf 93' lang='lat' dir='ltr'><strong>ct</strong></span> <span class='ocrx_word' id='word_1_514' title='bbox 989 3257 1280 3327; x_wconf 86' lang='lat' dir='ltr'><strong>imperium</strong></span> <span class='ocrx_word' id='word_1_515' title='bbox 1298 3268 1352 3311; x_wconf 89' lang='lat' dir='ltr'><strong>et</strong></span> <span class='ocrx_word' id='word_1_516' title='bbox 1375 3265 1611 3325; x_wconf 88' lang='lat' dir='ltr'><strong>potestas</strong></span> <span class='ocrx_word' id='word_1_517' title='bbox 1644 3255 1697 3308; x_wconf 91' lang='lat' dir='ltr'><strong>in</strong></span> <span class='ocrx_word' id='word_1_518' title='bbox 1726 3255 1926 3310; x_wconf 64' lang='lat' dir='ltr'><strong>sateula</strong></span> <span class='ocrx_word' id='word_1_519' title='bbox 1959 3271 2068 3309; x_wconf 69' lang='lat' dir='ltr'><strong>saa-</strong></span> 
     </span>
    </p>
   </div>
   <div class='ocr_carea' id='block_1_64' title="bbox 449 3348 2072 3415">
    <p class='ocr_par' dir='ltr' id='par_1_64' title="bbox 449 3348 2072 3415">
     <span class='ocr_line' id='line_1_64' title="bbox 449 3348 2072 3415; baseline -0.003 -6"><span class='ocrx_word' id='word_1_520' title='bbox 449 3356 722 3411; x_wconf 87' lang='lat' dir='ltr'><strong>culorutu.</strong></span> <span class='ocrx_word' id='word_1_521' title='bbox 756 3352 953 3411; x_wconf 85' lang='lat' dir='ltr'><strong>Amen.</strong></span> <span class='ocrx_word' id='word_1_522' title='bbox 983 3352 1244 3406; x_wconf 82' lang='lat' dir='ltr'><strong>Dominus</strong></span> <span class='ocrx_word' id='word_1_523' title='bbox 1273 3365 1370 3404; x_wconf 88' lang='lat' dir='ltr'><strong>vos</strong></span> <span class='ocrx_word' id='word_1_524' title='bbox 1394 3349 1690 3415; x_wconf 89' lang='lat' dir='ltr'><strong>custodiat,</strong></span> <span class='ocrx_word' id='word_1_525' title='bbox 1724 3348 2072 3404; x_wconf 91' lang='lat' dir='ltr'><strong>dilectissimi</strong></span> 
     </span>
    </p>
   </div>
   <div class='ocr_carea' id='block_1_65' title="bbox 453 3442 2070 3514">
    <p class='ocr_par' dir='ltr' id='par_1_65' title="bbox 453 3442 2070 3514">
     <span class='ocr_line' id='line_1_65' title="bbox 453 3442 2070 3514; baseline -0.004 -10"><span class='ocrx_word' id='word_1_526' title='bbox 453 3449 674 3512; x_wconf 87' lang='lat' dir='ltr'><strong>fratres,</strong></span> <span class='ocrx_word' id='word_1_527' title='bbox 727 3449 1030 3503; x_wconf 89' lang='lat' dir='ltr'><strong>incolumes</strong></span> <span class='ocrx_word' id='word_1_528' title='bbox 1082 3461 1321 3514; x_wconf 86' lang='lat' dir='ltr'><strong>semper.</strong></span> <span class='ocrx_word' id='word_1_529' title='bbox 1373 3443 1500 3498; x_wconf 82' lang='lat' dir='ltr'><strong>Data</strong></span> <span class='ocrx_word' id='word_1_530' title='bbox 1558 3451 1750 3498; x_wconf 87' lang='lat' dir='ltr'><strong>octavo</strong></span> <span class='ocrx_word' id='word_1_531' title='bbox 1808 3442 2070 3498; x_wconf 84' lang='lat' dir='ltr'><strong>kalendas</strong></span> 
     </span>
    </p>
   </div>
   <div class='ocr_carea' id='block_1_66' title="bbox 454 3535 2070 3608">
    <p class='ocr_par' dir='ltr' id='par_1_66' title="bbox 454 3535 2070 3608">
     <span class='ocr_line' id='line_1_66' title="bbox 454 3535 2070 3608; baseline -0.006 -7"><span class='ocrx_word' id='word_1_532' title='bbox 454 3543 802 3608; x_wconf 85' lang='lat' dir='ltr'><strong>Novembris,</strong></span> <span class='ocrx_word' id='word_1_533' title='bbox 837 3542 856 3572; x_wconf 83' lang='grc'>⁸</span> <span class='ocrx_word' id='word_1_534' title='bbox 880 3541 1137 3596; x_wconf 86' lang='lat' dir='ltr'><strong>Flaviano</strong></span> <span class='ocrx_word' id='word_1_535' title='bbox 1188 3549 1242 3594; x_wconf 90' lang='lat' dir='ltr'><strong>et</strong></span> <span class='ocrx_word' id='word_1_536' title='bbox 1271 3537 1532 3594; x_wconf 86' lang='lat' dir='ltr'><strong>Stilicone</strong></span> <span class='ocrx_word' id='word_1_537' title='bbox 1573 3537 1708 3593; x_wconf 86' lang='lat' dir='ltr'><strong>viris</strong></span> <span class='ocrx_word' id='word_1_538' title='bbox 1751 3535 2070 3592; x_wconf 88' lang='lat' dir='ltr'><strong>clarissimis</strong></span> 
     </span>
    </p>
   </div>
   <div class='ocr_carea' id='block_1_67' title="bbox 458 3636 798 3695">
    <p class='ocr_par' dir='ltr' id='par_1_67' title="bbox 458 3636 798 3695">
     <span class='ocr_line' id='line_1_67' title="bbox 458 3636 798 3695; baseline -0.015 -2"><span class='ocrx_word' id='word_1_539' title='bbox 458 3636 798 3695; x_wconf 82' lang='lat' dir='ltr'><strong>consuhbus.</strong></span> 
     </span>
    </p>
   </div>
   <div class='ocr_carea' id='block_1_68' title="bbox 1005 3745 1513 3804">
    <p class='ocr_par' dir='ltr' id='par_1_68' title="bbox 1005 3745 1513 3804">
     <span class='ocr_line' id='line_1_68' title="bbox 1005 3745 1513 3804; baseline -0.006 -1"><span class='ocrx_word' id='word_1_540' title='bbox 1005 3749 1022 3778; x_wconf 88' lang='grc'>⁷</span> <span class='ocrx_word' id='word_1_541' title='bbox 1053 3746 1385 3804; x_wconf 82' lang='lat' dir='ltr'><strong>EPISTOLA</strong></span> <span class='ocrx_word' id='word_1_542' title='bbox 1424 3745 1513 3801; x_wconf 90' lang='lat' dir='ltr'><strong>lll.</strong></span> 
     </span>
    </p>
   </div>
   <div class='ocr_carea' id='block_1_69' title="bbox 452 3859 2060 3934">
    <p class='ocr_par' dir='ltr' id='par_1_69' title="bbox 452 3859 2060 3934">
     <span class='ocr_line' id='line_1_69' title="bbox 452 3859 2060 3934; baseline -0.004 -15"><span class='ocrx_word' id='word_1_543' title='bbox 452 3865 534 3920; x_wconf 85' lang='lat' dir='ltr'><strong>De</strong></span> <span class='ocrx_word' id='word_1_544' title='bbox 559 3862 974 3934; x_wconf 85' lang='lat' dir='ltr'><strong>Cltorepiscopis,</strong></span> <span class='ocrx_word' id='word_1_545' title='bbox 997 3872 1044 3917; x_wconf 88' lang='lat' dir='ltr'><strong>et</strong></span> <span class='ocrx_word' id='word_1_546' title='bbox 1069 3863 1157 3931; x_wconf 84' lang='lat' dir='ltr'><strong>qui</strong></span> <span class='ocrx_word' id='word_1_547' title='bbox 1183 3862 1339 3914; x_wconf 85' lang='lat' dir='ltr'><strong>iidem</strong></span> <span class='ocrx_word' id='word_1_548' title='bbox 1365 3861 1488 3927; x_wconf 85' lang='lat' dir='ltr'><strong>sint,</strong></span> <span class='ocrx_word' id='word_1_549' title='bbox 1517 3867 1608 3912; x_wconf 91' lang='lat' dir='ltr'><strong>aut</strong></span> <span class='ocrx_word' id='word_1_550' title='bbox 1632 3859 1675 3913; x_wconf 85' lang='lat' dir='ltr'><strong>si</strong></span> <span class='ocrx_word' id='word_1_551' title='bbox 1696 3859 1896 3929; x_wconf 85' lang='lat' dir='ltr'><strong>aliquid</strong></span> <span class='ocrx_word' id='word_1_552' title='bbox 1927 3859 2060 3926; x_wconf 86' lang='lat' dir='ltr'><strong>sint,</strong></span> 
     </span>
    </p>
   </div>
   <div class='ocr_carea' id='block_1_70' title="bbox 1133 3953 1406 4006">
    <p class='ocr_par' dir='ltr' id='par_1_70' title="bbox 1133 3953 1406 4006">
     <span class='ocr_line' id='line_1_70' title="bbox 1133 3953 1406 4006; baseline -0.004 0"><span class='ocrx_word' id='word_1_553' title='bbox 1133 3963 1221 4006; x_wconf 92' lang='lat' dir='ltr'><strong>aut</strong></span> <span class='ocrx_word' id='word_1_554' title='bbox 1255 3953 1406 4006; x_wconf 79' lang='lat' dir='ltr'><strong>nihil.</strong></span> 
     </span>
    </p>
   </div>
   <div class='ocr_carea' id='block_1_71' title="bbox 456 4065 2058 4137">
    <p class='ocr_par' dir='ltr' id='par_1_71' title="bbox 456 4065 2058 4137">
     <span class='ocr_line' id='line_1_71' title="bbox 456 4065 2058 4137; baseline -0.002 -11"><span class='ocrx_word' id='word_1_555' title='bbox 456 4071 702 4126; x_wconf 87' lang='lat' dir='ltr'><strong>Dominis</strong></span> <span class='ocrx_word' id='word_1_556' title='bbox 730 4067 1129 4125; x_wconf 81' lang='lat' dir='ltr'><strong>venerabilibus</strong></span> <span class='ocrx_word' id='word_1_557' title='bbox 1152 4066 1407 4121; x_wconf 84' lang='lat' dir='ltr'><strong>fratribus</strong></span> <span class='ocrx_word' id='word_1_558' title='bbox 1431 4067 1468 4133; x_wconf 72' lang='grc'><strong>’⁸,</strong></span> <span class='ocrx_word' id='word_1_559' title='bbox 1499 4065 1768 4137; x_wconf 86' lang='lat' dir='ltr'><strong>Prospero</strong></span> <span class='ocrx_word' id='word_1_560' title='bbox 1792 4066 2058 4123; x_wconf 73' lang='lat' dir='ltr'><strong>Numidia:</strong></span> 
     </span>
    </p>
   </div>
   <div class='ocr_carea' id='block_1_72' title="bbox 530 4157 2062 4234">
    <p class='ocr_par' dir='ltr' id='par_1_72' title="bbox 530 4157 2062 4234">
     <span class='ocr_line' id='line_1_72' title="bbox 530 4157 2062 4234; baseline -0.001 -16"><span class='ocrx_word' id='word_1_561' title='bbox 530 4164 716 4234; x_wconf 64' lang='lat' dir='ltr'><strong>primae</strong></span> <span class='ocrx_word' id='word_1_562' title='bbox 740 4162 886 4216; x_wconf 90' lang='lat' dir='ltr'><strong>sedis</strong></span> <span class='ocrx_word' id='word_1_563' title='bbox 925 4161 1183 4230; x_wconf 90' lang='lat' dir='ltr'><strong>episcopo</strong></span> <span class='ocrx_word' id='word_1_564' title='bbox 1203 4201 1218 4226; x_wconf 93' lang='lat'><strong>,</strong></span> <span class='ocrx_word' id='word_1_565' title='bbox 1247 4157 1415 4214; x_wconf 89' lang='lat' dir='ltr'><strong>Leoni</strong></span> <span class='ocrx_word' id='word_1_566' title='bbox 1439 4201 1453 4226; x_wconf 93' lang='lat'><strong>,</strong></span> <span class='ocrx_word' id='word_1_567' title='bbox 1484 4158 1782 4230; x_wconf 82' lang='lat' dir='ltr'><strong>Reparato,</strong></span> <span class='ocrx_word' id='word_1_568' title='bbox 1821 4161 2062 4216; x_wconf 81' lang='lat' dir='ltr'><strong>Alexan-</strong></span> 
     </span>
    </p>
   </div>
   <div class='ocr_carea' id='block_1_73' title="bbox 527 4246 2061 4323">
    <p class='ocr_par' dir='ltr' id='par_1_73' title="bbox 527 4246 2061 4323">
     <span class='ocr_line' id='line_1_73' title="bbox 527 4246 2061 4323; baseline -0.003 -11"><span class='ocrx_word' id='word_1_569' title='bbox 527 4257 654 4323; x_wconf 91' lang='lat' dir='ltr'><strong>dro,</strong></span> <span class='ocrx_word' id='word_1_570' title='bbox 701 4246 1031 4321; x_wconf 78' lang='lat' dir='ltr'><strong>Benedicto,</strong></span> <span class='ocrx_word' id='word_1_571' title='bbox 1063 4253 1234 4319; x_wconf 80' lang='lat' dir='ltr'><strong>Rufo,</strong></span> <span class='ocrx_word' id='word_1_572' title='bbox 1267 4263 1320 4308; x_wconf 89' lang='lat' dir='ltr'><strong>et</strong></span> <span class='ocrx_word' id='word_1_573' title='bbox 1365 4253 1617 4308; x_wconf 84' lang='lat' dir='ltr'><strong>munibus</strong></span> <span class='ocrx_word' id='word_1_574' title='bbox 1651 4255 1862 4310; x_wconf 80' lang='lat' dir='ltr'><strong>caeteris</strong></span> <span class='ocrx_word' id='word_1_575' title='bbox 1887 4296 1900 4319; x_wconf 92' lang='lat'><strong>,</strong></span> <span class='ocrx_word' id='word_1_576' title='bbox 1938 4254 2061 4308; x_wconf 92' lang='lat' dir='ltr'><strong>ubi-</strong></span> 
     </span>
    </p>
   </div>
   <div class='ocr_carea' id='block_1_74' title="bbox 526 4343 2057 4420">
    <p class='ocr_par' dir='ltr' id='par_1_74' title="bbox 526 4343 2057 4420">
     <span class='ocr_line' id='line_1_74' title="bbox 526 4343 2057 4420; baseline -0.002 -17"><span class='ocrx_word' id='word_1_577' title='bbox 526 4366 632 4420; x_wconf 88' lang='lat' dir='ltr'><strong>que</strong></span> <span class='ocrx_word' id='word_1_578' title='bbox 661 4349 712 4402; x_wconf 75' lang='grc' dir='ltr'>ιη</span> <span class='ocrx_word' id='word_1_579' title='bbox 745 4359 888 4404; x_wconf 90' lang='lat' dir='ltr'><strong>recta</strong></span> <span class='ocrx_word' id='word_1_580' title='bbox 913 4389 928 4415; x_wconf 93' lang='lat'><strong>,</strong></span> <span class='ocrx_word' id='word_1_581' title='bbox 963 4355 1144 4400; x_wconf 89' lang='lat' dir='ltr'><strong>sancta</strong></span> <span class='ocrx_word' id='word_1_582' title='bbox 1171 4387 1184 4411; x_wconf 91' lang='lat'><strong>,</strong></span> <span class='ocrx_word' id='word_1_583' title='bbox 1214 4354 1268 4400; x_wconf 93' lang='lat' dir='ltr'><strong>et</strong></span> <span class='ocrx_word' id='word_1_584' title='bbox 1296 4344 1591 4415; x_wconf 89' lang='lat' dir='ltr'><strong>apostolica</strong></span> <span class='ocrx_word' id='word_1_585' title='bbox 1621 4343 1725 4400; x_wconf 88' lang='lat' dir='ltr'><strong>fide</strong></span> <span class='ocrx_word' id='word_1_586' title='bbox 1755 4346 2057 4400; x_wconf 89' lang='lat' dir='ltr'><strong>consisten-</strong></span> 
     </span>
    </p>
   </div>
   <div class='ocr_carea' id='block_1_75' title="bbox 529 4437 2052 4510">
    <p class='ocr_par' dir='ltr' id='par_1_75' title="bbox 529 4437 2052 4510">
     <span class='ocr_line' id='line_1_75' title="bbox 529 4437 2052 4510; baseline -0.003 -14"><span class='ocrx_word' id='word_1_587' title='bbox 529 4444 706 4510; x_wconf 88' lang='lat' dir='ltr'><strong>tibus,</strong></span> <span class='ocrx_word' id='word_1_588' title='bbox 740 4439 1055 4497; x_wconf 81' lang='lat' dir='ltr'><strong>orthodoxis</strong></span> <span class='ocrx_word' id='word_1_589' title='bbox 1094 4439 1363 4510; x_wconf 82' lang='lat' dir='ltr'><strong>episcopis</strong></span> <span class='ocrx_word' id='word_1_590' title='bbox 1386 4480 1400 4505; x_wconf 92' lang='lat'><strong>,</strong></span> <span class='ocrx_word' id='word_1_591' title='bbox 1435 4437 1701 4494; x_wconf 87' lang='lat' dir='ltr'><strong>Damasus</strong></span> <span class='ocrx_word' id='word_1_592' title='bbox 1745 4439 2052 4510; x_wconf 78' lang='lat' dir='ltr'><strong>episc0pus.</strong></span> 
     </span>
    </p>
   </div>
   <div class='ocr_carea' id='block_1_76' title="bbox 2177 3250 3784 3326">
    <p class='ocr_par' dir='ltr' id='par_1_76' title="bbox 2177 3250 3784 3326">
     <span class='ocr_line' id='line_1_76' title="bbox 2177 3250 3784 3326; baseline 0.005 -24"><span class='ocrx_word' id='word_1_593' title='bbox 2177 3263 2338 3319; x_wconf 88' lang='lat' dir='ltr'><strong>quam</strong></span> <span class='ocrx_word' id='word_1_594' title='bbox 2372 3257 2427 3304; x_wconf 91' lang='lat' dir='ltr'><strong>et</strong></span> <span class='ocrx_word' id='word_1_595' title='bbox 2453 3250 2519 3304; x_wconf 89' lang='lat' dir='ltr'><strong>ab</strong></span> <span class='ocrx_word' id='word_1_596' title='bbox 2549 3250 2800 3305; x_wconf 88' lang='lat' dir='ltr'><strong>omnibus</strong></span> <span class='ocrx_word' id='word_1_597' title='bbox 2835 3251 2998 3305; x_wconf 89' lang='lat' dir='ltr'><strong>totius</strong></span> <span class='ocrx_word' id='word_1_598' title='bbox 3031 3252 3180 3307; x_wconf 92' lang='lat' dir='ltr'><strong>orbis</strong></span> <span class='ocrx_word' id='word_1_599' title='bbox 3211 3252 3482 3324; x_wconf 86' lang='lat' dir='ltr'><strong>episcopis</strong></span> <span class='ocrx_word' id='word_1_600' title='bbox 3504 3297 3518 3320; x_wconf 94' lang='lat'><strong>,</strong></span> <span class='ocrx_word' id='word_1_601' title='bbox 3549 3270 3576 3308; x_wconf 89' lang='lat' dir='ltr'><strong>a</strong></span> <span class='ocrx_word' id='word_1_602' title='bbox 3609 3255 3784 3326; x_wconf 89' lang='lat' dir='ltr'><strong>ponti-</strong></span> 
     </span>
    </p>
   </div>
   <div class='ocr_carea' id='block_1_77' title="bbox 2177 3340 3781 3414">
    <p class='ocr_par' dir='ltr' id='par_1_77' title="bbox 2177 3340 3781 3414">
     <span class='ocr_line' id='line_1_77' title="bbox 2177 3340 3781 3414; baseline 0.004 -20"><span class='ocrx_word' id='word_1_603' title='bbox 2177 3340 2426 3395; x_wconf 84' lang='lat' dir='ltr'><strong>ﬁcalibus</strong></span> <span class='ocrx_word' id='word_1_604' title='bbox 2453 3351 2578 3396; x_wconf 91' lang='lat' dir='ltr'><strong>sunt</strong></span> <span class='ocrx_word' id='word_1_605' title='bbox 2607 3344 2796 3397; x_wconf 89' lang='lat' dir='ltr'><strong>remoti</strong></span> <span class='ocrx_word' id='word_1_606' title='bbox 2829 3341 3043 3398; x_wconf 85' lang='lat' dir='ltr'><strong>ofﬁciis.</strong></span> <span class='ocrx_word' id='word_1_607' title='bbox 3077 3343 3208 3397; x_wconf 79' lang='lat' dir='ltr'><strong>Nam</strong></span> <span class='ocrx_word' id='word_1_608' title='bbox 3240 3345 3330 3414; x_wconf 87' lang='lat' dir='ltr'><strong>(ut</strong></span> <span class='ocrx_word' id='word_1_609' title='bbox 3362 3345 3518 3401; x_wconf 91' lang='lat' dir='ltr'><strong>nobis</strong></span> <span class='ocrx_word' id='word_1_610' title='bbox 3554 3347 3781 3400; x_wconf 65' lang='lat' dir='ltr'><strong>relatum</strong></span> 
     </span>
    </p>
   </div>
   <div class='ocr_carea' id='block_1_78' title="bbox 2174 3433 3779 3507">
    <p class='ocr_par' dir='ltr' id='par_1_78' title="bbox 2174 3433 3779 3507">
     <span class='ocr_line' id='line_1_78' title="bbox 2174 3433 3779 3507; baseline -0.001 -17"><span class='ocrx_word' id='word_1_611' title='bbox 2174 3433 2291 3506; x_wconf 90' lang='lat' dir='ltr'><strong>est)</strong></span> <span class='ocrx_word' id='word_1_612' title='bbox 2324 3435 2542 3505; x_wconf 86' lang='lat' dir='ltr'><strong>quidam</strong></span> <span class='ocrx_word' id='word_1_613' title='bbox 2575 3436 2988 3504; x_wconf 82' lang='lat' dir='ltr'><strong>episc0porum,</strong></span> <span class='ocrx_word' id='word_1_614' title='bbox 3038 3444 3259 3505; x_wconf 82' lang='lat' dir='ltr'><strong>prepter</strong></span> <span class='ocrx_word' id='word_1_615' title='bbox 3299 3451 3451 3490; x_wconf 85' lang='lat' dir='ltr'><strong>suam</strong></span> <span class='ocrx_word' id='word_1_616' title='bbox 3504 3437 3779 3507; x_wconf 87' lang='lat' dir='ltr'><strong>quietem,</strong></span> 
     </span>
    </p>
   </div>
   <div class='ocr_carea' id='block_1_79' title="bbox 2173 3529 3783 3600">
    <p class='ocr_par' dir='ltr' id='par_1_79' title="bbox 2173 3529 3783 3600">
     <span class='ocr_line' id='line_1_79' title="bbox 2173 3529 3783 3600; baseline -0.001 -14"><span class='ocrx_word' id='word_1_617' title='bbox 2173 3530 2252 3586; x_wconf 86' lang='lat' dir='ltr'><strong>eis</strong></span> <span class='ocrx_word' id='word_1_618' title='bbox 2294 3530 2479 3600; x_wconf 82' lang='lat' dir='ltr'><strong>plebes</strong></span> <span class='ocrx_word' id='word_1_619' title='bbox 2528 3545 2655 3584; x_wconf 91' lang='lat' dir='ltr'><strong>suas</strong></span> <span class='ocrx_word' id='word_1_620' title='bbox 2683 3530 3022 3585; x_wconf 80' lang='lat' dir='ltr'><strong>cmntuittere</strong></span> <span class='ocrx_word' id='word_1_621' title='bbox 3064 3544 3170 3584; x_wconf 91' lang='lat' dir='ltr'><strong>non</strong></span> <span class='ocrx_word' id='word_1_622' title='bbox 3200 3529 3604 3585; x_wconf 88' lang='lat' dir='ltr'><strong>formidabant:</strong></span> <span class='ocrx_word' id='word_1_623' title='bbox 3643 3540 3783 3586; x_wconf 90' lang='lat' dir='ltr'><strong>etut</strong></span> 
     </span>
    </p>
   </div>
   <div class='ocr_carea' id='block_1_80' title="bbox 2172 3621 3777 3693">
    <p class='ocr_par' dir='ltr' id='par_1_80' title="bbox 2172 3621 3777 3693">
     <span class='ocr_line' id='line_1_80' title="bbox 2172 3621 3777 3693; baseline 0.001 -16"><span class='ocrx_word' id='word_1_624' title='bbox 2172 3621 2360 3677; x_wconf 90' lang='lat' dir='ltr'><strong>illicita</strong></span> <span class='ocrx_word' id='word_1_625' title='bbox 2408 3633 2569 3692; x_wconf 92' lang='lat' dir='ltr'><strong>atque</strong></span> <span class='ocrx_word' id='word_1_626' title='bbox 2617 3622 2885 3692; x_wconf 88' lang='lat' dir='ltr'><strong>prohibita</strong></span> <span class='ocrx_word' id='word_1_627' title='bbox 2931 3633 3128 3692; x_wconf 79' lang='lat' dir='ltr'><strong>agant,</strong></span> <span class='ocrx_word' id='word_1_628' title='bbox 3163 3622 3326 3678; x_wconf 90' lang='lat' dir='ltr'><strong>iidem</strong></span> <span class='ocrx_word' id='word_1_629' title='bbox 3375 3637 3438 3678; x_wconf 85' lang='lat' dir='ltr'><strong>ea</strong></span> <span class='ocrx_word' id='word_1_630' title='bbox 3482 3639 3601 3693; x_wconf 65' lang='lat' dir='ltr'><strong>quae</strong></span> <span class='ocrx_word' id='word_1_631' title='bbox 3647 3624 3777 3678; x_wconf 91' lang='lat' dir='ltr'><strong>solis</strong></span> 
     </span>
    </p>
   </div>
   <div class='ocr_carea' id='block_1_81' title="bbox 2171 3714 3776 3788">
    <p class='ocr_par' dir='ltr' id='par_1_81' title="bbox 2171 3714 3776 3788">
     <span class='ocr_line' id='line_1_81' title="bbox 2171 3714 3776 3788; baseline 0 -16"><span class='ocrx_word' id='word_1_632' title='bbox 2171 3714 2518 3788; x_wconf 77' lang='lat' dir='ltr'><strong>pOntilicibu‘s</strong></span> <span class='ocrx_word' id='word_1_633' title='bbox 2549 3717 2842 3782; x_wconf 87' lang='lat' dir='ltr'><strong>debentur,</strong></span> <span class='ocrx_word' id='word_1_634' title='bbox 2875 3716 2976 3772; x_wconf 85' lang='lat' dir='ltr'><strong>sibi</strong></span> <span class='ocrx_word' id='word_1_635' title='bbox 3019 3725 3320 3786; x_wconf 90' lang='lat' dir='ltr'><strong>usurpant;</strong></span> <span class='ocrx_word' id='word_1_636' title='bbox 3364 3725 3420 3770; x_wconf 92' lang='lat' dir='ltr'><strong>et</strong></span> <span class='ocrx_word' id='word_1_637' title='bbox 3450 3717 3550 3786; x_wconf 90' lang='lat' dir='ltr'><strong>ipsi</strong></span> <span class='ocrx_word' id='word_1_638' title='bbox 3593 3717 3647 3772; x_wconf 92' lang='lat' dir='ltr'><strong>in</strong></span> <span class='ocrx_word' id='word_1_639' title='bbox 3679 3733 3776 3772; x_wconf 88' lang='lat' dir='ltr'><strong>sua</strong></span> 
     </span>
    </p>
   </div>
   <div class='ocr_carea' id='block_1_82' title="bbox 2172 3809 3771 3879">
    <p class='ocr_par' dir='ltr' id='par_1_82' title="bbox 2172 3809 3771 3879">
     <span class='ocr_line' id='line_1_82' title="bbox 2172 3809 3771 3879; baseline 0.003 -17"><span class='ocrx_word' id='word_1_640' title='bbox 2172 3811 2355 3879; x_wconf 88' lang='lat' dir='ltr'><strong>quiete</strong></span> <span class='ocrx_word' id='word_1_641' title='bbox 2389 3817 2604 3879; x_wconf 89' lang='lat' dir='ltr'><strong>torpent</strong></span> <span class='ocrx_word' id='word_1_642' title='bbox 2629 3851 2643 3875; x_wconf 90' lang='lat'><strong>,</strong></span> <span class='ocrx_word' id='word_1_643' title='bbox 2676 3821 2728 3864; x_wconf 90' lang='lat' dir='ltr'><strong>et</strong></span> <span class='ocrx_word' id='word_1_644' title='bbox 2757 3825 2941 3865; x_wconf 89' lang='lat' dir='ltr'><strong>curam</strong></span> <span class='ocrx_word' id='word_1_645' title='bbox 2975 3809 3078 3864; x_wconf 91' lang='lat' dir='ltr'><strong>sibi</strong></span> <span class='ocrx_word' id='word_1_646' title='bbox 3106 3824 3136 3864; x_wconf 90' lang='lat' dir='ltr'><strong>a</strong></span> <span class='ocrx_word' id='word_1_647' title='bbox 3166 3809 3278 3864; x_wconf 87' lang='lat' dir='ltr'><strong>Deo</strong></span> <span class='ocrx_word' id='word_1_648' title='bbox 3305 3811 3650 3864; x_wconf 87' lang='lat' dir='ltr'><strong>commissam</strong></span> <span class='ocrx_word' id='word_1_649' title='bbox 3680 3825 3771 3866; x_wconf 88' lang='lat' dir='ltr'><strong>ne-</strong></span> 
     </span>
    </p>
   </div>
   <div class='ocr_carea' id='block_1_83' title="bbox 2168 3903 3774 3975">
    <p class='ocr_par' dir='ltr' id='par_1_83' title="bbox 2168 3903 3774 3975">
     <span class='ocr_line' id='line_1_83' title="bbox 2168 3903 3774 3975; baseline 0.001 -19"><span class='ocrx_word' id='word_1_650' title='bbox 2168 3903 2408 3975; x_wconf 79' lang='lat' dir='ltr'><strong>gligant,</strong></span> <span class='ocrx_word' id='word_1_651' title='bbox 2441 3919 2563 3959; x_wconf 91' lang='lat' dir='ltr'><strong>cum</strong></span> <span class='ocrx_word' id='word_1_652' title='bbox 2598 3904 2856 3960; x_wconf 87' lang='lat' dir='ltr'><strong>Dominus</strong></span> <span class='ocrx_word' id='word_1_653' title='bbox 2894 3905 3035 3960; x_wconf 90' lang='lat' dir='ltr'><strong>dicat</strong></span> <span class='ocrx_word' id='word_1_654' title='bbox 3069 3924 3082 3958; x_wconf 86' lang='lat'><strong>:</strong></span> <span class='ocrx_word' id='word_1_655' title='bbox 3125 3904 3302 3959; x_wconf 87' lang='lat' dir='ltr'><strong>Bonus</strong></span> <span class='ocrx_word' id='word_1_656' title='bbox 3331 3915 3509 3973; x_wconf 79' lang='lat' dir='ltr'><strong>pastor</strong></span> <span class='ocrx_word' id='word_1_657' title='bbox 3549 3907 3774 3959; x_wconf 87' lang='lat' dir='ltr'><strong>animam</strong></span> 
     </span>
    </p>
   </div>
   <div class='ocr_carea' id='block_1_84' title="bbox 2170 3998 3776 4068">
    <p class='ocr_par' dir='ltr' id='par_1_84' title="bbox 2170 3998 3776 4068">
     <span class='ocr_line' id='line_1_84' title="bbox 2170 3998 3776 4068; baseline -0.001 -17"><span class='ocrx_word' id='word_1_658' title='bbox 2170 4013 2317 4051; x_wconf 88' lang='lat' dir='ltr'><strong>suam</strong></span> <span class='ocrx_word' id='word_1_659' title='bbox 2374 3999 2518 4067; x_wconf 87' lang='lat' dir='ltr'><strong>ponit</strong></span> <span class='ocrx_word' id='word_1_660' title='bbox 2574 4012 2668 4068; x_wconf 89' lang='lat' dir='ltr'><strong>pro</strong></span> <span class='ocrx_word' id='word_1_661' title='bbox 2717 3998 2888 4052; x_wconf 87' lang='lat' dir='ltr'><strong>ovibus</strong></span> <span class='ocrx_word' id='word_1_662' title='bbox 2941 3998 3079 4063; x_wconf 86' lang='lat' dir='ltr'><strong>suis,</strong></span> <span class='ocrx_word' id='word_1_663' title='bbox 3130 4007 3176 4051; x_wconf 88' lang='lat' dir='ltr'><strong>et</strong></span> <span class='ocrx_word' id='word_1_664' title='bbox 3221 4008 3367 4052; x_wconf 85' lang='lat' dir='ltr'><strong>vocat</strong></span> <span class='ocrx_word' id='word_1_665' title='bbox 3413 4015 3496 4052; x_wconf 85' lang='lat' dir='ltr'><strong>eas</strong></span> <span class='ocrx_word' id='word_1_666' title='bbox 3541 3998 3776 4052; x_wconf 87' lang='lat' dir='ltr'><strong>nomina-</strong></span> 
     </span>
    </p>
   </div>
   <div class='ocr_carea' id='block_1_85' title="bbox 2168 4091 3776 4163">
    <p class='ocr_par' dir='ltr' id='par_1_85' title="bbox 2168 4091 3776 4163">
     <span class='ocr_line' id='line_1_85' title="bbox 2168 4091 3776 4163; baseline 0.003 -19"><span class='ocrx_word' id='word_1_667' title='bbox 2168 4091 2300 4158; x_wconf 86' lang='lat' dir='ltr'><strong>tim,</strong></span> <span class='ocrx_word' id='word_1_668' title='bbox 2329 4101 2378 4146; x_wconf 89' lang='lat' dir='ltr'><strong>et</strong></span> <span class='ocrx_word' id='word_1_669' title='bbox 2420 4099 2682 4163; x_wconf 83' lang='lat' dir='ltr'><strong>cognoscit</strong></span> <span class='ocrx_word' id='word_1_670' title='bbox 2730 4109 2884 4158; x_wconf 87' lang='lat' dir='ltr'><strong>suas,</strong></span> <span class='ocrx_word' id='word_1_671' title='bbox 2917 4102 2967 4146; x_wconf 92' lang='lat' dir='ltr'><strong>et</strong></span> <span class='ocrx_word' id='word_1_672' title='bbox 3017 4107 3126 4146; x_wconf 75' lang='lat' dir='ltr'><strong>sua:</strong></span> <span class='ocrx_word' id='word_1_673' title='bbox 3167 4103 3479 4163; x_wconf 83' lang='lat' dir='ltr'><strong>cognoscunt</strong></span> <span class='ocrx_word' id='word_1_674' title='bbox 3527 4109 3665 4148; x_wconf 85' lang='lat' dir='ltr'><strong>eum.</strong></span> <span class='ocrx_word' id='word_1_675' title='bbox 3705 4093 3776 4149; x_wconf 87' lang='lat' dir='ltr'><strong>Et</strong></span> 
     </span>
    </p>
   </div>
   <div class='ocr_carea' id='block_1_86' title="bbox 2168 4182 3770 4258">
    <p class='ocr_par' dir='ltr' id='par_1_86' title="bbox 2168 4182 3770 4258">
     <span class='ocr_line' id='line_1_86' title="bbox 2168 4182 3770 4258; baseline -0.001 -20"><span class='ocrx_word' id='word_1_676' title='bbox 2168 4182 2311 4239; x_wconf 89' lang='lat' dir='ltr'><strong>idem</strong></span> <span class='ocrx_word' id='word_1_677' title='bbox 2351 4201 2364 4238; x_wconf 88' lang='lat'><strong>:</strong></span> <span class='ocrx_word' id='word_1_678' title='bbox 2417 4183 2567 4238; x_wconf 77' lang='lat' dir='ltr'><strong>Sicut</strong></span> <span class='ocrx_word' id='word_1_679' title='bbox 2614 4185 2750 4238; x_wconf 83' lang='lat' dir='ltr'><strong>novit</strong></span> <span class='ocrx_word' id='word_1_680' title='bbox 2789 4200 2869 4238; x_wconf 88' lang='lat' dir='ltr'><strong>me</strong></span> <span class='ocrx_word' id='word_1_681' title='bbox 2914 4183 3110 4252; x_wconf 87' lang='lat' dir='ltr'><strong>Pater,</strong></span> <span class='ocrx_word' id='word_1_682' title='bbox 3144 4194 3191 4238; x_wconf 86' lang='lat' dir='ltr'><strong>et</strong></span> <span class='ocrx_word' id='word_1_683' title='bbox 3241 4200 3335 4258; x_wconf 90' lang='lat' dir='ltr'><strong>ego</strong></span> <span class='ocrx_word' id='word_1_684' title='bbox 3384 4201 3607 4256; x_wconf 85' lang='lat' dir='ltr'><strong>agnosco</strong></span> <span class='ocrx_word' id='word_1_685' title='bbox 3662 4184 3770 4238; x_wconf 86' lang='lat' dir='ltr'><strong>Pa-</strong></span> 
     </span>
    </p>
   </div>
   <div class='ocr_carea' id='block_1_87' title="bbox 2166 4277 3770 4347">
    <p class='ocr_par' dir='ltr' id='par_1_87' title="bbox 2166 4277 3770 4347">
     <span class='ocr_line' id='line_1_87' title="bbox 2166 4277 3770 4347; baseline 0.001 -17"><span class='ocrx_word' id='word_1_686' title='bbox 2166 4285 2333 4346; x_wconf 85' lang='lat' dir='ltr'><strong>trem,</strong></span> <span class='ocrx_word' id='word_1_687' title='bbox 2391 4287 2439 4332; x_wconf 90' lang='lat' dir='ltr'><strong>et</strong></span> <span class='ocrx_word' id='word_1_688' title='bbox 2495 4278 2724 4332; x_wconf 88' lang='lat' dir='ltr'><strong>animam</strong></span> <span class='ocrx_word' id='word_1_689' title='bbox 2773 4293 2939 4331; x_wconf 87' lang='lat' dir='ltr'><strong>meam</strong></span> <span class='ocrx_word' id='word_1_690' title='bbox 2976 4293 3110 4346; x_wconf 89' lang='lat' dir='ltr'><strong>pono</strong></span> <span class='ocrx_word' id='word_1_691' title='bbox 3152 4294 3244 4347; x_wconf 88' lang='lat' dir='ltr'><strong>pro</strong></span> <span class='ocrx_word' id='word_1_692' title='bbox 3282 4277 3458 4331; x_wconf 81' lang='lat' dir='ltr'><strong>ovibus</strong></span> <span class='ocrx_word' id='word_1_693' title='bbox 3499 4278 3644 4332; x_wconf 88' lang='lat' dir='ltr'><strong>meis.</strong></span> <span class='ocrx_word' id='word_1_694' title='bbox 3695 4278 3770 4332; x_wconf 85' lang='lat' dir='ltr'><strong>De</strong></span> 
     </span>
    </p>
   </div>
   <div class='ocr_carea' id='block_1_88' title="bbox 2165 4369 3770 4442">
    <p class='ocr_par' dir='ltr' id='par_1_88' title="bbox 2165 4369 3770 4442">
     <span class='ocr_line' id='line_1_88' title="bbox 2165 4369 3770 4442; baseline -0.002 -16"><span class='ocrx_word' id='word_1_695' title='bbox 2165 4373 2503 4428; x_wconf 91' lang='lat' dir='ltr'><strong>mercenario</strong></span> <span class='ocrx_word' id='word_1_696' title='bbox 2534 4381 2712 4426; x_wconf 86' lang='lat' dir='ltr'><strong>autem</strong></span> <span class='ocrx_word' id='word_1_697' title='bbox 2740 4371 2866 4442; x_wconf 92' lang='lat' dir='ltr'><strong>quid</strong></span> <span class='ocrx_word' id='word_1_698' title='bbox 2913 4370 3088 4436; x_wconf 87' lang='lat' dir='ltr'><strong>dicat,</strong></span> <span class='ocrx_word' id='word_1_699' title='bbox 3129 4372 3264 4424; x_wconf 88' lang='lat' dir='ltr'><strong>bene</strong></span> <span class='ocrx_word' id='word_1_700' title='bbox 3307 4369 3480 4424; x_wconf 91' lang='lat' dir='ltr'><strong>nostis</strong></span> <span class='ocrx_word' id='word_1_701' title='bbox 3500 4412 3515 4436; x_wconf 91' lang='lat'><strong>,</strong></span> <span class='ocrx_word' id='word_1_702' title='bbox 3545 4371 3668 4440; x_wconf 84' lang='lat' dir='ltr'><strong>quia</strong></span> <span class='ocrx_word' id='word_1_703' title='bbox 3692 4370 3770 4423; x_wconf 83' lang='lat' dir='ltr'><strong>vi—</strong></span> 
     </span>
    </p>
   </div>
   <div class='ocr_carea' id='block_1_89' title="bbox 2164 4464 3770 4538">
    <p class='ocr_par' dir='ltr' id='par_1_89' title="bbox 2164 4464 3770 4538">
     <span class='ocr_line' id='line_1_89' title="bbox 2164 4464 3770 4538; baseline -0.002 -18"><span class='ocrx_word' id='word_1_704' title='bbox 2164 4469 2245 4523; x_wconf 87' lang='lat' dir='ltr'><strong>det</strong></span> <span class='ocrx_word' id='word_1_705' title='bbox 2275 4469 2454 4538; x_wconf 87' lang='lat' dir='ltr'><strong>lupum</strong></span> <span class='ocrx_word' id='word_1_706' title='bbox 2483 4469 2762 4521; x_wconf 80' lang='lat' dir='ltr'><strong>venientem</strong></span> <span class='ocrx_word' id='word_1_707' title='bbox 2783 4509 2799 4532; x_wconf 89' lang='lat'><strong>,</strong></span> <span class='ocrx_word' id='word_1_708' title='bbox 2832 4475 2878 4521; x_wconf 91' lang='lat' dir='ltr'><strong>et</strong></span> <span class='ocrx_word' id='word_1_709' title='bbox 2905 4465 3117 4519; x_wconf 85' lang='lat' dir='ltr'><strong>dimittit</strong></span> <span class='ocrx_word' id='word_1_710' title='bbox 3161 4481 3308 4533; x_wconf 84' lang='lat' dir='ltr'><strong>oves,</strong></span> <span class='ocrx_word' id='word_1_711' title='bbox 3339 4474 3386 4518; x_wconf 90' lang='lat' dir='ltr'><strong>et</strong></span> <span class='ocrx_word' id='word_1_712' title='bbox 3415 4464 3581 4534; x_wconf 86' lang='lat' dir='ltr'><strong>fugit,</strong></span> <span class='ocrx_word' id='word_1_713' title='bbox 3609 4474 3655 4516; x_wconf 87' lang='lat' dir='ltr'><strong>et</strong></span> <span class='ocrx_word' id='word_1_714' title='bbox 3687 4464 3770 4517; x_wconf 85' lang='lat' dir='ltr'><strong>lu-</strong></span> 
     </span>
    </p>
   </div>
   <div class='ocr_carea' id='block_1_90' title="bbox 496 4555 3765 4631">
    <p class='ocr_par' dir='ltr' id='par_1_90' title="bbox 496 4555 3765 4631">
     <span class='ocr_line' id='line_1_90' title="bbox 496 4555 3765 4631; baseline -0.002 -14"><span class='ocrx_word' id='word_1_715' title='bbox 496 4562 709 4629; x_wconf 80' lang='lat' dir='ltr'><strong>.Lieet,</strong></span> <span class='ocrx_word' id='word_1_716' title='bbox 745 4561 937 4616; x_wconf 83' lang='lat' dir='ltr'><strong>fratres</strong></span> <span class='ocrx_word' id='word_1_717' title='bbox 967 4556 1274 4613; x_wconf 89' lang='lat' dir='ltr'><strong>charissimi</strong></span> <span class='ocrx_word' id='word_1_718' title='bbox 1295 4601 1308 4623; x_wconf 90' lang='lat'><strong>,</strong></span> <span class='ocrx_word' id='word_1_719' title='bbox 1345 4556 1498 4611; x_wconf 90' lang='lat' dir='ltr'><strong>vobis</strong></span> <span class='ocrx_word' id='word_1_720' title='bbox 1527 4566 1652 4612; x_wconf 90' lang='lat' dir='ltr'><strong>sunt</strong></span> <span class='ocrx_word' id='word_1_721' title='bbox 1683 4565 1806 4610; x_wconf 88' lang='lat' dir='ltr'><strong>nota</strong></span> <span class='ocrx_word' id='word_1_722' title='bbox 1841 4567 2051 4626; x_wconf 90' lang='lat' dir='ltr'><strong>patrum</strong></span> <span class='ocrx_word' id='word_1_723' title='bbox 2081 4559 2136 4620; x_wconf 90' lang='lat' dir='ltr'><strong>D</strong></span> <span class='ocrx_word' id='word_1_724' title='bbox 2162 4578 2257 4631; x_wconf 87' lang='lat' dir='ltr'><strong>pus</strong></span> <span class='ocrx_word' id='word_1_725' title='bbox 2303 4562 2475 4631; x_wconf 89' lang='lat' dir='ltr'><strong>rapit,</strong></span> <span class='ocrx_word' id='word_1_726' title='bbox 2507 4569 2554 4614; x_wconf 90' lang='lat' dir='ltr'><strong>et</strong></span> <span class='ocrx_word' id='word_1_727' title='bbox 2595 4559 2842 4628; x_wconf 86' lang='lat' dir='ltr'><strong>dispergit</strong></span> <span class='ocrx_word' id='word_1_728' title='bbox 2881 4574 2997 4612; x_wconf 82' lang='lat' dir='ltr'><strong>oves</strong></span> <span class='ocrx_word' id='word_1_729' title='bbox 3017 4599 3031 4624; x_wconf 93' lang='lat'><strong>,</strong></span> <span class='ocrx_word' id='word_1_730' title='bbox 3061 4567 3116 4612; x_wconf 92' lang='lat' dir='ltr'><strong>et</strong></span> <span class='ocrx_word' id='word_1_731' title='bbox 3160 4557 3388 4628; x_wconf 88' lang='lat' dir='ltr'><strong>reliqua.</strong></span> <span class='ocrx_word' id='word_1_732' title='bbox 3420 4557 3524 4610; x_wconf 81' lang='lat' dir='ltr'><strong>Pro</strong></span> <span class='ocrx_word' id='word_1_733' title='bbox 3569 4555 3765 4611; x_wconf 85' lang='lat' dir='ltr'><strong>talibus</strong></span> 
     </span>
    </p>
   </div>
   <div class='ocr_carea' id='block_1_91' title="bbox 447 4653 2058 4721">
    <p class='ocr_par' dir='ltr' id='par_1_91' title="bbox 447 4653 2058 4721">
     <span class='ocr_line' id='line_1_91' title="bbox 447 4653 2058 4721; baseline -0.004 -12"><span class='ocrx_word' id='word_1_734' title='bbox 447 4656 667 4709; x_wconf 88' lang='lat' dir='ltr'><strong>decreta</strong></span> <span class='ocrx_word' id='word_1_735' title='bbox 695 4695 709 4721; x_wconf 91' lang='lat'><strong>,</strong></span> <span class='ocrx_word' id='word_1_736' title='bbox 741 4653 927 4708; x_wconf 89' lang='lat' dir='ltr'><strong>mirari</strong></span> <span class='ocrx_word' id='word_1_737' title='bbox 966 4660 1146 4706; x_wconf 87' lang='lat' dir='ltr'><strong>tamen</strong></span> <span class='ocrx_word' id='word_1_738' title='bbox 1196 4666 1300 4706; x_wconf 90' lang='lat' dir='ltr'><strong>non</strong></span> <span class='ocrx_word' id='word_1_739' title='bbox 1346 4664 1633 4720; x_wconf 90' lang='lat' dir='ltr'><strong>possumus</strong></span> <span class='ocrx_word' id='word_1_740' title='bbox 1678 4659 1912 4703; x_wconf 90' lang='lat' dir='ltr'><strong>vestram</strong></span> <span class='ocrx_word' id='word_1_741' title='bbox 1969 4664 2058 4703; x_wconf 93' lang='lat' dir='ltr'><strong>so-</strong></span> 
     </span>
    </p>
   </div>
   <div class='ocr_carea' id='block_1_92' title="bbox 451 4744 2055 4812">
    <p class='ocr_par' dir='ltr' id='par_1_92' title="bbox 451 4744 2055 4812">
     <span class='ocr_line' id='line_1_92' title="bbox 451 4744 2055 4812; baseline -0.003 -11"><span class='ocrx_word' id='word_1_742' title='bbox 451 4747 667 4802; x_wconf 83' lang='lat' dir='ltr'><strong>lertiam</strong></span> <span class='ocrx_word' id='word_1_743' title='bbox 704 4747 845 4801; x_wconf 90' lang='lat' dir='ltr'><strong>circa</strong></span> <span class='ocrx_word' id='word_1_744' title='bbox 891 4745 1133 4799; x_wconf 83' lang='lat' dir='ltr'><strong>instituta</strong></span> <span class='ocrx_word' id='word_1_745' title='bbox 1177 4744 1441 4810; x_wconf 86' lang='lat' dir='ltr'><strong>majorum</strong></span> <span class='ocrx_word' id='word_1_746' title='bbox 1485 4744 1505 4774; x_wconf 73' lang='grc' dir='ltr'>θ</span> <span class='ocrx_word' id='word_1_747' title='bbox 1531 4783 1546 4806; x_wconf 87' lang='grc'><em>,</em></span> <span class='ocrx_word' id='word_1_748' title='bbox 1592 4748 1648 4794; x_wconf 91' lang='grc' dir='ltr'><strong>ιιι</strong></span> <span class='ocrx_word' id='word_1_749' title='bbox 1698 4751 1892 4796; x_wconf 88' lang='lat' dir='ltr'><strong>cuncta</strong></span> <span class='ocrx_word' id='word_1_750' title='bbox 1934 4757 2055 4812; x_wconf 77' lang='lat' dir='ltr'><strong>qua:</strong></span> 
     </span>
    </p>
   </div>
   <div class='ocr_carea' id='block_1_93' title="bbox 453 4835 2051 4910">
    <p class='ocr_par' dir='ltr' id='par_1_93' title="bbox 453 4835 2051 4910">
     <span class='ocr_line' id='line_1_93' title="bbox 453 4835 2051 4910; baseline -0.002 -16"><span class='ocrx_word' id='word_1_751' title='bbox 453 4849 682 4910; x_wconf 86' lang='lat' dir='ltr'><strong>possunt</strong></span> <span class='ocrx_word' id='word_1_752' title='bbox 730 4839 963 4907; x_wconf 78' lang='lat' dir='ltr'><strong>aliquam</strong></span> <span class='ocrx_word' id='word_1_753' title='bbox 1015 4837 1257 4906; x_wconf 88' lang='lat' dir='ltr'><strong>recipere</strong></span> <span class='ocrx_word' id='word_1_754' title='bbox 1307 4835 1702 4890; x_wconf 79' lang='lat' dir='ltr'><strong>dubitationem</strong></span> <span class='ocrx_word' id='word_1_755' title='bbox 1732 4875 1746 4901; x_wconf 94' lang='lat'><strong>,</strong></span> <span class='ocrx_word' id='word_1_756' title='bbox 1795 4835 1860 4890; x_wconf 89' lang='lat' dir='ltr'><strong>ad</strong></span> <span class='ocrx_word' id='word_1_757' title='bbox 1916 4850 2051 4903; x_wconf 91' lang='lat' dir='ltr'><strong>nos,</strong></span> 
     </span>
    </p>
   </div>
   <div class='ocr_carea' id='block_1_94' title="bbox 451 4927 2054 5004">
    <p class='ocr_par' dir='ltr' id='par_1_94' title="bbox 451 4927 2054 5004">
     <span class='ocr_line' id='line_1_94' title="bbox 451 4927 2054 5004; baseline 0 -20"><span class='ocrx_word' id='word_1_758' title='bbox 451 4930 605 5004; x_wconf 87' lang='lat' dir='ltr'><strong>quasi</strong></span> <span class='ocrx_word' id='word_1_759' title='bbox 635 4929 703 4984; x_wconf 85' lang='lat' dir='ltr'><strong>ad</strong></span> <span class='ocrx_word' id='word_1_760' title='bbox 730 4939 888 4998; x_wconf 88' lang='lat' dir='ltr'><strong>caput</strong></span> <span class='ocrx_word' id='word_1_761' title='bbox 914 4968 930 4995; x_wconf 90' lang='lat'><strong>,</strong></span> <span class='ocrx_word' id='word_1_762' title='bbox 961 4938 1022 4982; x_wconf 89' lang='lat' dir='ltr'><strong>ut</strong></span> <span class='ocrx_word' id='word_1_763' title='bbox 1050 4942 1266 4997; x_wconf 88' lang='lat' dir='ltr'><strong>semper</strong></span> <span class='ocrx_word' id='word_1_764' title='bbox 1298 4927 1395 4981; x_wconf 88' lang='lat' dir='ltr'><strong>fuit</strong></span> <span class='ocrx_word' id='word_1_765' title='bbox 1435 4929 1804 4994; x_wconf 88' lang='lat' dir='ltr'><strong>consuetudo,</strong></span> <span class='ocrx_word' id='word_1_766' title='bbox 1836 4927 2054 4984; x_wconf 87' lang='lat' dir='ltr'><strong>deferre</strong></span> 
     </span>
    </p>
   </div>
   <div class='ocr_carea' id='block_1_95' title="bbox 453 5019 2056 5100">
    <p class='ocr_par' dir='ltr' id='par_1_95' title="bbox 453 5019 2056 5100">
     <span class='ocr_line' id='line_1_95' title="bbox 453 5019 2056 5100; baseline -0.002 -21"><span class='ocrx_word' id='word_1_767' title='bbox 453 5043 560 5100; x_wconf 77' lang='lat' dir='ltr'><strong>non</strong></span> <span class='ocrx_word' id='word_1_768' title='bbox 589 5021 891 5079; x_wconf 79' lang='lat' dir='ltr'><strong>desinatis:</strong></span> <span class='ocrx_word' id='word_1_769' title='bbox 921 5030 978 5073; x_wconf 92' lang='lat' dir='ltr'><strong>ut</strong></span> <span class='ocrx_word' id='word_1_770' title='bbox 1026 5019 1153 5074; x_wconf 90' lang='lat' dir='ltr'><strong>inde</strong></span> <span class='ocrx_word' id='word_1_771' title='bbox 1180 5020 1404 5089; x_wconf 88' lang='lat' dir='ltr'><strong>capiatis</strong></span> <span class='ocrx_word' id='word_1_772' title='bbox 1445 5035 1733 5090; x_wconf 74' lang='lat' dir='ltr'><strong>responsa,</strong></span> <span class='ocrx_word' id='word_1_773' title='bbox 1781 5022 1925 5077; x_wconf 87' lang='lat' dir='ltr'><strong>umle</strong></span> <span class='ocrx_word' id='word_1_774' title='bbox 1964 5037 2056 5076; x_wconf 88' lang='lat' dir='ltr'><strong>ac-</strong></span> 
     </span>
    </p>
   </div>
   <div class='ocr_carea' id='block_1_96' title="bbox 450 5111 2050 5188">
    <p class='ocr_par' dir='ltr' id='par_1_96' title="bbox 450 5111 2050 5188">
     <span class='ocr_line' id='line_1_96' title="bbox 450 5111 2050 5188; baseline -0.003 -16"><span class='ocrx_word' id='word_1_775' title='bbox 450 5117 673 5188; x_wconf 85' lang='lat' dir='ltr'><strong>cepistis</strong></span> <span class='ocrx_word' id='word_1_776' title='bbox 705 5111 1096 5168; x_wconf 87' lang='lat' dir='ltr'><strong>institutionem</strong></span> <span class='ocrx_word' id='word_1_777' title='bbox 1126 5120 1181 5165; x_wconf 94' lang='lat' dir='ltr'><strong>ct</strong></span> <span class='ocrx_word' id='word_1_778' title='bbox 1207 5126 1454 5177; x_wconf 83' lang='lat' dir='ltr'><strong>nortnam</strong></span> <span class='ocrx_word' id='word_1_779' title='bbox 1483 5123 1631 5168; x_wconf 91' lang='lat' dir='ltr'><strong>recte</strong></span> <span class='ocrx_word' id='word_1_780' title='bbox 1663 5113 1901 5167; x_wconf 91' lang='lat' dir='ltr'><strong>vivendi.</strong></span> <span class='ocrx_word' id='word_1_781' title='bbox 1937 5113 2050 5169; x_wconf 89' lang='lat' dir='ltr'><strong>Uu-</strong></span> 
     </span>
    </p>
   </div>
   <div class='ocr_carea' id='block_1_97' title="bbox 447 5205 2046 5268">
    <p class='ocr_par' dir='ltr' id='par_1_97' title="bbox 447 5205 2046 5268">
     <span class='ocr_line' id='line_1_97' title="bbox 447 5205 2046 5268; baseline -0.004 0"><span class='ocrx_word' id='word_1_782' title='bbox 447 5212 516 5268; x_wconf 89' lang='lat' dir='ltr'><strong>de</strong></span> <span class='ocrx_word' id='word_1_783' title='bbox 559 5221 613 5267; x_wconf 92' lang='lat' dir='ltr'><strong>et</strong></span> <span class='ocrx_word' id='word_1_784' title='bbox 637 5224 738 5265; x_wconf 88' lang='lat' dir='ltr'><strong>vos</strong></span> <span class='ocrx_word' id='word_1_785' title='bbox 776 5223 883 5262; x_wconf 89' lang='lat' dir='ltr'><strong>non</strong></span> <span class='ocrx_word' id='word_1_786' title='bbox 915 5205 1264 5260; x_wconf 90' lang='lat' dir='ltr'><strong>immemores</strong></span> <span class='ocrx_word' id='word_1_787' title='bbox 1307 5220 1574 5259; x_wconf 89' lang='lat' dir='ltr'><strong>canonum</strong></span> <span class='ocrx_word' id='word_1_788' title='bbox 1617 5221 1737 5262; x_wconf 88' lang='lat' dir='ltr'><strong>esse</strong></span> <span class='ocrx_word' id='word_1_789' title='bbox 1789 5208 2046 5263; x_wconf 88' lang='lat' dir='ltr'><strong>recorda-</strong></span> 
     </span>
    </p>
   </div>
   <div class='ocr_carea' id='block_1_98' title="bbox 523 5341 1628 5416">
    <p class='ocr_par' dir='ltr' id='par_1_98' title="bbox 523 5341 1628 5416">
     <span class='ocr_line' id='line_1_98' title="bbox 523 5341 1628 5416; baseline -0.007 -11"><span class='ocrx_word' id='word_1_790' title='bbox 523 5353 534 5381; x_wconf 85' lang='lat'>&#39;</span> <span class='ocrx_word' id='word_1_791' title='bbox 569 5351 604 5404; x_wconf 69' lang='lat'>‘2</span> <span class='ocrx_word' id='word_1_792' title='bbox 626 5393 640 5412; x_wconf 88' lang='lat'><strong>,</strong></span> <span class='ocrx_word' id='word_1_793' title='bbox 668 5352 806 5404; x_wconf 69' lang='grc' dir='ltr'>χχιιι</span> <span class='ocrx_word' id='word_1_794' title='bbox 827 5389 840 5412; x_wconf 93' lang='grc'><em>,</em></span> <span class='ocrx_word' id='word_1_795' title='bbox 871 5361 965 5416; x_wconf 84' lang='lat' dir='ltr'><strong>qu.</strong></span> <span class='ocrx_word' id='word_1_796' title='bbox 989 5345 1054 5410; x_wconf 78' lang='lat'><strong>3,</strong></span> <span class='ocrx_word' id='word_1_797' title='bbox 1087 5343 1188 5412; x_wconf 87' lang='lat' dir='ltr'><strong>Qui</strong></span> <span class='ocrx_word' id='word_1_798' title='bbox 1213 5351 1376 5414; x_wconf 87' lang='lat' dir='ltr'><strong>potest</strong></span> <span class='ocrx_word' id='word_1_799' title='bbox 1406 5341 1628 5397; x_wconf 87' lang='lat' dir='ltr'><strong>obviare.</strong></span> 
     </span>
    </p>
   </div>
   <div class='ocr_carea' id='block_1_99' title="bbox 519 5417 1107 5486">
    <p class='ocr_par' dir='ltr' id='par_1_99' title="bbox 519 5417 1107 5486">
     <span class='ocr_line' id='line_1_99' title="bbox 519 5417 1107 5486; baseline -0.009 -10"><span class='ocrx_word' id='word_1_800' title='bbox 519 5426 539 5454; x_wconf 62' lang='grc' dir='ltr'>π</span> <span class='ocrx_word' id='word_1_801' title='bbox 572 5422 720 5475; x_wconf 63' lang='grc' dir='ltr'>Ῡιιιίιι</span> <span class='ocrx_word' id='word_1_802' title='bbox 745 5419 846 5484; x_wconf 88' lang='grc' dir='ltr'>ιιι,</span> <span class='ocrx_word' id='word_1_803' title='bbox 872 5419 1030 5486; x_wconf 80' lang='lat' dir='ltr'><strong>epist.</strong></span> <span class='ocrx_word' id='word_1_804' title='bbox 1057 5417 1107 5471; x_wconf 75' lang='grc' dir='ltr'>ι.</span> 
     </span>
    </p>
   </div>
   <div class='ocr_carea' id='block_1_100' title="bbox 521 5486 1448 5559">
    <p class='ocr_par' dir='ltr' id='par_1_100' title="bbox 521 5486 1448 5559">
     <span class='ocr_line' id='line_1_100' title="bbox 521 5486 1448 5559; baseline -0.006 -13"><span class='ocrx_word' id='word_1_805' title='bbox 521 5495 542 5522; x_wconf 80' lang='grc'><strong>³</strong></span> <span class='ocrx_word' id='word_1_806' title='bbox 573 5493 781 5546; x_wconf 82' lang='lat' dir='ltr'><strong>Martini</strong></span> <span class='ocrx_word' id='word_1_807' title='bbox 812 5492 830 5545; x_wconf 94' lang='lat' dir='ltr'><strong>l</strong></span> <span class='ocrx_word' id='word_1_808' title='bbox 861 5504 1041 5559; x_wconf 61' lang='lat' dir='ltr'><strong>papas,</strong></span> <span class='ocrx_word' id='word_1_809' title='bbox 1069 5486 1326 5559; x_wconf 81' lang='lat' dir='ltr'><strong>synodica</strong></span> <span class='ocrx_word' id='word_1_810' title='bbox 1355 5486 1448 5542; x_wconf 86' lang='lat' dir='ltr'><strong>cit.</strong></span> 
     </span>
    </p>
   </div>
   <div class='ocr_carea' id='block_1_101' title="bbox 522 5562 1139 5616">
    <p class='ocr_par' dir='ltr' id='par_1_101' title="bbox 522 5562 1139 5616">
     <span class='ocr_line' id='line_1_101' title="bbox 522 5562 1139 5616; baseline -0.002 -1"><span class='ocrx_word' id='word_1_811' title='bbox 522 5563 542 5592; x_wconf 75' lang='lat'>&quot;‘</span> <span class='ocrx_word' id='word_1_812' title='bbox 577 5564 783 5616; x_wconf 82' lang='lat' dir='ltr'><strong>Concil.</strong></span> <span class='ocrx_word' id='word_1_813' title='bbox 816 5562 996 5615; x_wconf 82' lang='lat' dir='ltr'><strong>Tolet.</strong></span> <span class='ocrx_word' id='word_1_814' title='bbox 1026 5575 1139 5614; x_wconf 85' lang='lat' dir='ltr'><strong>\‘lll.</strong></span> 
     </span>
    </p>
   </div>
   <div class='ocr_carea' id='block_1_102' title="bbox 521 5629 1412 5700">
    <p class='ocr_par' dir='ltr' id='par_1_102' title="bbox 521 5629 1412 5700">
     <span class='ocr_line' id='line_1_102' title="bbox 521 5629 1412 5700; baseline -0.002 -16"><span class='ocrx_word' id='word_1_815' title='bbox 521 5635 540 5662; x_wconf 75' lang='grc'><strong><em>⁵</em></strong></span> <span class='ocrx_word' id='word_1_816' title='bbox 573 5633 717 5686; x_wconf 85' lang='lat' dir='ltr'><strong>ldctn</strong></span> <span class='ocrx_word' id='word_1_817' title='bbox 746 5631 958 5685; x_wconf 73' lang='lat' dir='ltr'><strong>Martin.</strong></span> <span class='ocrx_word' id='word_1_818' title='bbox 993 5645 1126 5700; x_wconf 85' lang='lat' dir='ltr'><strong>papa</strong></span> <span class='ocrx_word' id='word_1_819' title='bbox 1149 5671 1163 5692; x_wconf 92' lang='lat'><strong>,</strong></span> <span class='ocrx_word' id='word_1_820' title='bbox 1195 5629 1412 5687; x_wconf 84' lang='lat' dir='ltr'><strong>ibidem.</strong></span> 
     </span>
    </p>
   </div>
   <div class='ocr_carea' id='block_1_103' title="bbox 517 5701 1491 5757">
    <p class='ocr_par' dir='ltr' id='par_1_103' title="bbox 517 5701 1491 5757">
     <span class='ocr_line' id='line_1_103' title="bbox 517 5701 1491 5757; baseline 0.002 -2"><span class='ocrx_word' id='word_1_821' title='bbox 517 5705 538 5733; x_wconf 72' lang='lat'>“</span> <span class='ocrx_word' id='word_1_822' title='bbox 569 5701 682 5755; x_wconf 81' lang='lat' dir='ltr'><strong>Non</strong></span> <span class='ocrx_word' id='word_1_823' title='bbox 710 5711 834 5755; x_wconf 91' lang='lat' dir='ltr'><strong>sunt</strong></span> <span class='ocrx_word' id='word_1_824' title='bbox 858 5701 914 5755; x_wconf 89' lang='lat' dir='ltr'><strong>in</strong></span> <span class='ocrx_word' id='word_1_825' title='bbox 939 5701 1114 5755; x_wconf 81' lang='lat' dir='ltr'><strong>Fastis</strong></span> <span class='ocrx_word' id='word_1_826' title='bbox 1142 5701 1194 5755; x_wconf 92' lang='lat' dir='ltr'><strong>hi</strong></span> <span class='ocrx_word' id='word_1_827' title='bbox 1221 5702 1491 5757; x_wconf 88' lang='lat' dir='ltr'><strong>consules.</strong></span> 
     </span>
    </p>
   </div>
   <div class='ocr_carea' id='block_1_104' title="bbox 513 5772 2027 5848">
    <p class='ocr_par' dir='ltr' id='par_1_104' title="bbox 513 5772 2027 5848">
     <span class='ocr_line' id='line_1_104' title="bbox 513 5772 2027 5848; baseline 0.006 -21"><span class='ocrx_word' id='word_1_828' title='bbox 513 5777 531 5806; x_wconf 82' lang='grc'>⁷</span> <span class='ocrx_word' id='word_1_829' title='bbox 565 5772 716 5828; x_wconf 86' lang='lat' dir='ltr'><strong>llanc</strong></span> <span class='ocrx_word' id='word_1_830' title='bbox 755 5779 1020 5840; x_wconf 83' lang='lat' dir='ltr'><strong>sumptam</strong></span> <span class='ocrx_word' id='word_1_831' title='bbox 1050 5786 1172 5828; x_wconf 84' lang='lat' dir='ltr'><strong>esse</strong></span> <span class='ocrx_word' id='word_1_832' title='bbox 1206 5787 1274 5828; x_wconf 77' lang='lat' dir='ltr'><strong>ex</strong></span> <span class='ocrx_word' id='word_1_833' title='bbox 1296 5785 1418 5830; x_wconf 80' lang='lat' dir='ltr'><strong>can.</strong></span> <span class='ocrx_word' id='word_1_834' title='bbox 1446 5775 1477 5828; x_wconf 90' lang='lat'><strong>7</strong></span> <span class='ocrx_word' id='word_1_835' title='bbox 1503 5772 1708 5847; x_wconf 79' lang='lat' dir='ltr'><strong>Hispal.</strong></span> <span class='ocrx_word' id='word_1_836' title='bbox 1752 5776 1924 5837; x_wconf 87' lang='lat' dir='ltr'><strong>Coac.</strong></span> <span class='ocrx_word' id='word_1_837' title='bbox 1949 5793 1986 5837; x_wconf 89' lang='grc' dir='ltr'><strong>ιι</strong></span> <span class='ocrx_word' id='word_1_838' title='bbox 2012 5820 2027 5848; x_wconf 84' lang='grc'><strong><em>,</em></strong></span> 
     </span>
    </p>
   </div>
   <div class='ocr_carea' id='block_1_105' title="bbox 2159 4650 3761 4725">
    <p class='ocr_par' dir='ltr' id='par_1_105' title="bbox 2159 4650 3761 4725">
     <span class='ocr_line' id='line_1_105' title="bbox 2159 4650 3761 4725; baseline -0.003 -15"><span class='ocrx_word' id='word_1_839' title='bbox 2159 4671 2289 4712; x_wconf 89' lang='lat' dir='ltr'><strong>vero</strong></span> <span class='ocrx_word' id='word_1_840' title='bbox 2329 4655 2618 4725; x_wconf 83' lang='lat' dir='ltr'><strong>negligitur</strong></span> <span class='ocrx_word' id='word_1_841' title='bbox 2658 4668 2786 4706; x_wconf 90' lang='lat' dir='ltr'><strong>cura</strong></span> <span class='ocrx_word' id='word_1_842' title='bbox 2834 4652 3125 4714; x_wconf 80' lang='lat' dir='ltr'><strong>Ecclesiae,</strong></span> <span class='ocrx_word' id='word_1_843' title='bbox 3169 4660 3225 4706; x_wconf 89' lang='lat' dir='ltr'><strong>et</strong></span> <span class='ocrx_word' id='word_1_844' title='bbox 3268 4650 3386 4720; x_wconf 89' lang='lat' dir='ltr'><strong>ejus</strong></span> <span class='ocrx_word' id='word_1_845' title='bbox 3431 4657 3605 4704; x_wconf 81' lang='lat' dir='ltr'><strong>status</strong></span> <span class='ocrx_word' id='word_1_846' title='bbox 3635 4665 3761 4720; x_wconf 84' lang='lat' dir='ltr'><strong>per-</strong></span> 
     </span>
    </p>
   </div>
   <div class='ocr_carea' id='block_1_106' title="bbox 2161 4743 3762 4814">
    <p class='ocr_par' dir='ltr' id='par_1_106' title="bbox 2161 4743 3762 4814">
     <span class='ocr_line' id='line_1_106' title="bbox 2161 4743 3762 4814; baseline -0.002 -12"><span class='ocrx_word' id='word_1_847' title='bbox 2161 4749 2420 4804; x_wconf 89' lang='lat' dir='ltr'><strong>turbatur.</strong></span> <span class='ocrx_word' id='word_1_848' title='bbox 2471 4747 2538 4800; x_wconf 87' lang='lat' dir='ltr'><strong>Et</strong></span> <span class='ocrx_word' id='word_1_849' title='bbox 2585 4745 2708 4800; x_wconf 92' lang='lat' dir='ltr'><strong>ideo</strong></span> <span class='ocrx_word' id='word_1_850' title='bbox 2754 4753 2881 4800; x_wconf 86' lang='lat' dir='ltr'><strong>sunt</strong></span> <span class='ocrx_word' id='word_1_851' title='bbox 2921 4743 3218 4814; x_wconf 90' lang='lat' dir='ltr'><strong>prohibiti;</strong></span> <span class='ocrx_word' id='word_1_852' title='bbox 3263 4743 3318 4799; x_wconf 92' lang='lat' dir='ltr'><strong>in</strong></span> <span class='ocrx_word' id='word_1_853' title='bbox 3353 4753 3563 4798; x_wconf 89' lang='lat' dir='ltr'><strong>tantum</strong></span> <span class='ocrx_word' id='word_1_854' title='bbox 3619 4751 3678 4798; x_wconf 92' lang='lat' dir='ltr'><strong>ut</strong></span> <span class='ocrx_word' id='word_1_855' title='bbox 3715 4743 3762 4798; x_wconf 81' lang='lat' dir='ltr'><strong>si</strong></span> 
     </span>
    </p>
   </div>
   <div class='ocr_carea' id='block_1_107' title="bbox 2157 4836 3763 4910">
    <p class='ocr_par' dir='ltr' id='par_1_107' title="bbox 2157 4836 3763 4910">
     <span class='ocr_line' id='line_1_107' title="bbox 2157 4836 3763 4910; baseline -0.004 -14"><span class='ocrx_word' id='word_1_856' title='bbox 2157 4842 2322 4910; x_wconf 89' lang='lat' dir='ltr'><strong>aliqui</strong></span> <span class='ocrx_word' id='word_1_857' title='bbox 2367 4857 2431 4896; x_wconf 82' lang='lat' dir='ltr'><strong>ex</strong></span> <span class='ocrx_word' id='word_1_858' title='bbox 2479 4841 2564 4894; x_wconf 91' lang='lat' dir='ltr'><strong>his</strong></span> <span class='ocrx_word' id='word_1_859' title='bbox 2606 4839 2811 4909; x_wconf 89' lang='lat' dir='ltr'><strong>reperti</strong></span> <span class='ocrx_word' id='word_1_860' title='bbox 2867 4837 3105 4905; x_wconf 85' lang='lat' dir='ltr'><strong>fuerint,</strong></span> <span class='ocrx_word' id='word_1_861' title='bbox 3157 4853 3184 4890; x_wconf 91' lang='lat' dir='ltr'><strong>a</strong></span> <span class='ocrx_word' id='word_1_862' title='bbox 3237 4838 3456 4908; x_wconf 84' lang='lat' dir='ltr'><strong>preprio</strong></span> <span class='ocrx_word' id='word_1_863' title='bbox 3503 4836 3763 4892; x_wconf 86' lang='lat' dir='ltr'><strong>decidant</strong></span> 
     </span>
    </p>
   </div>
   <div class='ocr_carea' id='block_1_108' title="bbox 2154 4929 3760 5006">
    <p class='ocr_par' dir='ltr' id='par_1_108' title="bbox 2154 4929 3760 5006">
     <span class='ocr_line' id='line_1_108' title="bbox 2154 4929 3760 5006; baseline -0.003 -17"><span class='ocrx_word' id='word_1_864' title='bbox 2154 4934 2345 5006; x_wconf 83' lang='lat' dir='ltr'><strong>gradu.</strong></span> <span class='ocrx_word' id='word_1_865' title='bbox 2390 4933 2472 4987; x_wconf 86' lang='lat' dir='ltr'><strong>illi</strong></span> <span class='ocrx_word' id='word_1_866' title='bbox 2523 4947 2755 5002; x_wconf 87' lang='lat' dir='ltr'><strong>namque</strong></span> <span class='ocrx_word' id='word_1_867' title='bbox 2798 4931 3074 5001; x_wconf 91' lang='lat' dir='ltr'><strong>episcopi,</strong></span> <span class='ocrx_word' id='word_1_868' title='bbox 3117 4929 3207 5000; x_wconf 87' lang='lat' dir='ltr'><strong>qui</strong></span> <span class='ocrx_word' id='word_1_869' title='bbox 3253 4931 3375 4984; x_wconf 88' lang='lat' dir='ltr'><strong>talia</strong></span> <span class='ocrx_word' id='word_1_870' title='bbox 3409 4929 3513 4984; x_wconf 88' lang='lat' dir='ltr'><strong>sibi</strong></span> <span class='ocrx_word' id='word_1_871' title='bbox 3547 4939 3760 4998; x_wconf 77' lang='lat' dir='ltr'><strong>przesu-&#39;</strong></span> 
     </span>
    </p>
   </div>
   <div class='ocr_carea' id='block_1_109' title="bbox 2155 5020 3758 5091">
    <p class='ocr_par' dir='ltr' id='par_1_109' title="bbox 2155 5020 3758 5091">
     <span class='ocr_line' id='line_1_109' title="bbox 2155 5020 3758 5091; baseline -0.004 -10"><span class='ocrx_word' id='word_1_872' title='bbox 2155 5036 2309 5081; x_wconf 89' lang='lat' dir='ltr'><strong>munt</strong></span> <span class='ocrx_word' id='word_1_873' title='bbox 2329 5069 2342 5090; x_wconf 86' lang='lat'><strong>,</strong></span> <span class='ocrx_word' id='word_1_874' title='bbox 2373 5025 2623 5081; x_wconf 81' lang='lat' dir='ltr'><strong>videntur</strong></span> <span class='ocrx_word' id='word_1_875' title='bbox 2653 5022 2785 5078; x_wconf 91' lang='lat' dir='ltr'><strong>mihi</strong></span> <span class='ocrx_word' id='word_1_876' title='bbox 2811 5037 2932 5078; x_wconf 71' lang='lat' dir='ltr'><strong>esse</strong></span> <span class='ocrx_word' id='word_1_877' title='bbox 2960 5021 3336 5078; x_wconf 83' lang='lat' dir='ltr'><strong>meretricibus</strong></span> <span class='ocrx_word' id='word_1_878' title='bbox 3363 5020 3569 5076; x_wconf 81' lang='lat' dir='ltr'><strong>similes</strong></span> <span class='ocrx_word' id='word_1_879' title='bbox 3589 5062 3604 5088; x_wconf 91' lang='lat'><strong>,</strong></span> <span class='ocrx_word' id='word_1_880' title='bbox 3635 5037 3758 5091; x_wconf 80' lang='lat' dir='ltr'><strong>qua:</strong></span> 
     </span>
    </p>
   </div>
   <div class='ocr_carea' id='block_1_110' title="bbox 2151 5113 3755 5188">
    <p class='ocr_par' dir='ltr' id='par_1_110' title="bbox 2151 5113 3755 5188">
     <span class='ocr_line' id='line_1_110' title="bbox 2151 5113 3755 5188; baseline -0.004 -16"><span class='ocrx_word' id='word_1_881' title='bbox 2151 5119 2333 5172; x_wconf 88' lang='lat' dir='ltr'><strong>statim</strong></span> <span class='ocrx_word' id='word_1_882' title='bbox 2364 5128 2419 5172; x_wconf 93' lang='lat' dir='ltr'><strong>ut</strong></span> <span class='ocrx_word' id='word_1_883' title='bbox 2453 5119 2697 5188; x_wconf 83' lang='lat' dir='ltr'><strong>pariunt,</strong></span> <span class='ocrx_word' id='word_1_884' title='bbox 2731 5115 2965 5171; x_wconf 87' lang='lat' dir='ltr'><strong>infantes</strong></span> <span class='ocrx_word' id='word_1_885' title='bbox 2994 5131 3123 5171; x_wconf 89' lang='lat' dir='ltr'><strong>suos</strong></span> <span class='ocrx_word' id='word_1_886' title='bbox 3154 5115 3278 5169; x_wconf 88' lang='lat' dir='ltr'><strong>aliis</strong></span> <span class='ocrx_word' id='word_1_887' title='bbox 3319 5113 3621 5168; x_wconf 87' lang='lat' dir='ltr'><strong>nutricibus</strong></span> <span class='ocrx_word' id='word_1_888' title='bbox 3644 5123 3755 5168; x_wconf 81' lang='lat' dir='ltr'><strong>tra-</strong></span> 
     </span>
    </p>
   </div>
   <div class='ocr_carea' id='block_1_111' title="bbox 2150 5208 3752 5279">
    <p class='ocr_par' dir='ltr' id='par_1_111' title="bbox 2150 5208 3752 5279">
     <span class='ocr_line' id='line_1_111' title="bbox 2150 5208 3752 5279; baseline -0.002 -12"><span class='ocrx_word' id='word_1_889' title='bbox 2150 5211 2286 5268; x_wconf 93' lang='lat' dir='ltr'><strong>dunt</strong></span> <span class='ocrx_word' id='word_1_890' title='bbox 2330 5211 2675 5275; x_wconf 87' lang='lat' dir='ltr'><strong>educandos,</strong></span> <span class='ocrx_word' id='word_1_891' title='bbox 2723 5219 2784 5264; x_wconf 91' lang='lat' dir='ltr'><strong>ut</strong></span> <span class='ocrx_word' id='word_1_892' title='bbox 2833 5223 2986 5265; x_wconf 90' lang='lat' dir='ltr'><strong>suam</strong></span> <span class='ocrx_word' id='word_1_893' title='bbox 3019 5209 3180 5265; x_wconf 89' lang='lat' dir='ltr'><strong>citius</strong></span> <span class='ocrx_word' id='word_1_894' title='bbox 3209 5209 3489 5264; x_wconf 89' lang='lat' dir='ltr'><strong>libidinem</strong></span> <span class='ocrx_word' id='word_1_895' title='bbox 3533 5208 3752 5279; x_wconf 79' lang='lat' dir='ltr'><strong>explere</strong></span> 
     </span>
    </p>
   </div>
   <div class='ocr_carea' id='block_1_112' title="bbox 2155 5343 3749 5418">
    <p class='ocr_par' dir='ltr' id='par_1_112' title="bbox 2155 5343 3749 5418">
     <span class='ocr_line' id='line_1_112' title="bbox 2155 5343 3749 5418; baseline -0.002 -14"><span class='ocrx_word' id='word_1_896' title='bbox 2155 5360 2207 5404; x_wconf 91' lang='lat' dir='ltr'><strong>ut</strong></span> <span class='ocrx_word' id='word_1_897' title='bbox 2237 5350 2396 5404; x_wconf 88' lang='lat' dir='ltr'><strong>etiam</strong></span> <span class='ocrx_word' id='word_1_898' title='bbox 2430 5348 2626 5403; x_wconf 86' lang='lat' dir='ltr'><strong>Leonis</strong></span> <span class='ocrx_word' id='word_1_899' title='bbox 2654 5348 2816 5418; x_wconf 91' lang='lat' dir='ltr'><strong>epist.</strong></span> <span class='ocrx_word' id='word_1_900' title='bbox 2840 5346 2984 5403; x_wconf 88' lang='lat' dir='ltr'><strong>88in</strong></span> <span class='ocrx_word' id='word_1_901' title='bbox 3008 5355 3182 5402; x_wconf 88' lang='lat' dir='ltr'><strong>veter.</strong></span> <span class='ocrx_word' id='word_1_902' title='bbox 3225 5345 3359 5401; x_wconf 88' lang='lat' dir='ltr'><strong>edit.</strong></span> <span class='ocrx_word' id='word_1_903' title='bbox 3392 5354 3577 5400; x_wconf 89' lang='lat' dir='ltr'><strong>monet</strong></span> <span class='ocrx_word' id='word_1_904' title='bbox 3603 5343 3749 5412; x_wconf 66' lang='lat' dir='ltr'><strong>Quco</strong></span> 
     </span>
    </p>
   </div>
   <div class='ocr_carea' id='block_1_113' title="bbox 2151 5421 3184 5478">
    <p class='ocr_par' dir='ltr' id='par_1_113' title="bbox 2151 5421 3184 5478">
     <span class='ocr_line' id='line_1_113' title="bbox 2151 5421 3184 5478; baseline -0.005 -2"><span class='ocrx_word' id='word_1_905' title='bbox 2151 5423 2309 5477; x_wconf 82' lang='lat' dir='ltr'><strong>snell.</strong></span> <span class='ocrx_word' id='word_1_906' title='bbox 2356 5422 2574 5476; x_wconf 90' lang='lat' dir='ltr'><strong>dissert.</strong></span> <span class='ocrx_word' id='word_1_907' title='bbox 2609 5421 2694 5474; x_wconf 76' lang='lat' dir='ltr'><strong>il.</strong></span> <span class='ocrx_word' id='word_1_908' title='bbox 3177 5474 3184 5478; x_wconf 91' lang='lat'><em>_</em></span> 
     </span>
    </p>
   </div>
   <div class='ocr_carea' id='block_1_114' title="bbox 2222 5487 3742 5562">
    <p class='ocr_par' dir='ltr' id='par_1_114' title="bbox 2222 5487 3742 5562">
     <span class='ocr_line' id='line_1_114' title="bbox 2222 5487 3742 5562; baseline -0.002 -15"><span class='ocrx_word' id='word_1_909' title='bbox 2222 5495 2242 5525; x_wconf 79' lang='grc'><strong>⁸</strong></span> <span class='ocrx_word' id='word_1_910' title='bbox 2275 5493 2431 5547; x_wconf 81' lang='lat' dir='ltr'><strong>Falsa</strong></span> <span class='ocrx_word' id='word_1_911' title='bbox 2472 5505 2524 5548; x_wconf 87' lang='lat' dir='ltr'><strong>et</strong></span> <span class='ocrx_word' id='word_1_912' title='bbox 2564 5493 2681 5547; x_wconf 66' lang='lat' dir='ltr'><strong>haac</strong></span> <span class='ocrx_word' id='word_1_913' title='bbox 2715 5491 2940 5562; x_wconf 90' lang='lat' dir='ltr'><strong>epistola</strong></span> <span class='ocrx_word' id='word_1_914' title='bbox 2965 5532 2978 5552; x_wconf 89' lang='lat'><strong>,</strong></span> <span class='ocrx_word' id='word_1_915' title='bbox 3006 5488 3187 5555; x_wconf 88' lang='lat' dir='ltr'><strong>judice</strong></span> <span class='ocrx_word' id='word_1_916' title='bbox 3228 5488 3480 5562; x_wconf 70' lang='lat' dir='ltr'><strong>Patavio,</strong></span> <span class='ocrx_word' id='word_1_917' title='bbox 3526 5489 3578 5544; x_wconf 92' lang='lat' dir='ltr'><strong>in</strong></span> <span class='ocrx_word' id='word_1_918' title='bbox 3610 5487 3742 5558; x_wconf 84' lang='lat' dir='ltr'><strong>Epi-</strong></span> 
     </span>
    </p>
   </div>
   <div class='ocr_carea' id='block_1_115' title="bbox 2149 5560 3454 5636">
    <p class='ocr_par' dir='ltr' id='par_1_115' title="bbox 2149 5560 3454 5636">
     <span class='ocr_line' id='line_1_115' title="bbox 2149 5560 3454 5636; baseline -0.003 -18"><span class='ocrx_word' id='word_1_919' title='bbox 2149 5565 2313 5635; x_wconf 89' lang='lat' dir='ltr'><strong>phan.</strong></span> <span class='ocrx_word' id='word_1_920' title='bbox 2347 5581 2464 5636; x_wconf 81' lang='lat' dir='ltr'><strong>pag.</strong></span> <span class='ocrx_word' id='word_1_921' title='bbox 2497 5564 2624 5620; x_wconf 71' lang='lat'><strong>278.</strong></span> <span class='ocrx_word' id='word_1_922' title='bbox 2656 5560 2832 5618; x_wconf 73' lang='lat' dir='ltr'><strong>Estin</strong></span> <span class='ocrx_word' id='word_1_923' title='bbox 2872 5563 3198 5618; x_wconf 86' lang='lat' dir='ltr'><strong>collectione</strong></span> <span class='ocrx_word' id='word_1_924' title='bbox 3237 5560 3454 5616; x_wconf 88' lang='lat' dir='ltr'><strong>lsidori.</strong></span> 
     </span>
    </p>
   </div>
   <div class='ocr_carea' id='block_1_116' title="bbox 2219 5637 2799 5706">
    <p class='ocr_par' dir='ltr' id='par_1_116' title="bbox 2219 5637 2799 5706">
     <span class='ocr_line' id='line_1_116' title="bbox 2219 5637 2799 5706; baseline -0.003 -16"><span class='ocrx_word' id='word_1_925' title='bbox 2219 5641 2238 5669; x_wconf 83' lang='grc'>⁹</span> <span class='ocrx_word' id='word_1_926' title='bbox 2267 5638 2447 5691; x_wconf 87' lang='lat' dir='ltr'><strong>lttttoc.</strong></span> <span class='ocrx_word' id='word_1_927' title='bbox 2474 5637 2530 5703; x_wconf 84' lang='grc'><strong>1,</strong></span> <span class='ocrx_word' id='word_1_928' title='bbox 2555 5637 2714 5706; x_wconf 75' lang='lat' dir='ltr'><strong>epist.</strong></span> <span class='ocrx_word' id='word_1_929' title='bbox 2745 5637 2799 5690; x_wconf 74' lang='grc'><strong>4.</strong></span> 
     </span>
    </p>
   </div>
   <div class='ocr_carea' id='block_1_117' title="bbox 2218 5708 2727 5777">
    <p class='ocr_par' dir='ltr' id='par_1_117' title="bbox 2218 5708 2727 5777">
     <span class='ocr_line' id='line_1_117' title="bbox 2218 5708 2727 5777; baseline -0.008 -14"><span class='ocrx_word' id='word_1_930' title='bbox 2218 5708 2259 5738; x_wconf 88' lang='grc'><strong>¹⁰</strong></span> <span class='ocrx_word' id='word_1_931' title='bbox 2291 5709 2398 5763; x_wconf 87' lang='lat' dir='ltr'><strong>Leo</strong></span> <span class='ocrx_word' id='word_1_932' title='bbox 2417 5750 2431 5773; x_wconf 92' lang='lat'><strong>,</strong></span> <span class='ocrx_word' id='word_1_933' title='bbox 2455 5712 2612 5777; x_wconf 84' lang='lat' dir='ltr'><strong>epist.</strong></span> <span class='ocrx_word' id='word_1_934' title='bbox 2639 5708 2727 5764; x_wconf 75' lang='lat'><strong>35.</strong></span> 
     </span>
    </p>
   </div>
   <div class='ocr_carea' id='block_1_118' title="bbox 2217 5778 3023 5837">
    <p class='ocr_par' dir='ltr' id='par_1_118' title="bbox 2217 5778 3023 5837">
     <span class='ocr_line' id='line_1_118' title="bbox 2217 5778 3023 5837; baseline -0.001 -4"><span class='ocrx_word' id='word_1_935' title='bbox 2217 5780 2252 5809; x_wconf 86' lang='lat'>“</span> <span class='ocrx_word' id='word_1_936' title='bbox 2289 5778 2347 5834; x_wconf 90' lang='lat' dir='ltr'><strong>In</strong></span> <span class='ocrx_word' id='word_1_937' title='bbox 2373 5780 2538 5837; x_wconf 84' lang='lat' dir='ltr'><strong>Cone.</strong></span> <span class='ocrx_word' id='word_1_938' title='bbox 2565 5778 3023 5836; x_wconf 67' lang='lat' dir='ltr'><strong>Neocaesareensi.</strong></span> 
     </span>
    </p>
   </div>
  </div>
