4200 6178
395 284 503 341 433

1682 283 1916 342 OPERA
1955 284 2388 343 APOCRYPHA.

3593 295 3698 351 454

395 399 628 455 valeant.
664 398 756 456 Sic
785 407 840 472 et
879 400 964 454 isti
1011 399 1245 456 infantes
1275 415 1404 455 suos
1429 441 1444 466 ,
1495 399 1546 454 id
1587 407 1673 455 est
1697 440 1711 467 ,
1761 402 1992 472 populos
2020 408 2069 466 Α
2100 405 2151 458 in
2187 419 2284 458 nos
2307 445 2323 470 ,
2355 403 2450 460 Dei
2477 404 2645 476 gratia
2672 447 2689 473 ,
2721 406 3009 463 manifeste
3036 415 3329 473 coruscat,
3363 407 3429 463 de
3466 407 3548 463 bis
3579 425 3698 480 quae

393 492 497 546 sibi
527 495 883 561 commissos,
929 495 1050 548 aliis
1088 493 1404 548 educandos
1453 492 1712 561 tradunt,
1765 503 1823 548 ut
1870 510 1996 549 suas

310 641 318 647 _
396 583 650 640 libidines
678 587 966 656 expleant,
1003 585 1056 640 id
1084 597 1168 642 est
1195 598 1251 640 ιιι
1288 602 1384 656 pro
1421 602 1519 641 suo
1544 586 1696 641 libitu
1722 588 1998 643 surculari-

394 675 494 731 bns
525 683 674 733 curis
720 681 921 735 inhfent
945 722 959 742 ,
992 691 1046 735 et
1076 681 1216 750 quod
1249 679 1538 748 unicuique
1575 679 1746 735 visum
1794 680 1954 736 fuerit
1979 723 1993 747 ,

396 771 620 828 liberius
647 783 826 843 agant.
859 775 964 829 Pro
997 775 1194 829 talibus
1221 772 1366 827 enim
1395 775 1590 827 anima:
1620 775 1993 844 negliguntur,

375 879 527 921 oves
571 877 838 935 pereunt,
895 866 1067 920 morbi
1116 875 1406 928 crescunt,
1457 866 1696 920 haereses
1749 875 1804 920 et
1848 866 1995 922 schi-

393 972 564 1014 smata
597 959 902 1029 prodeunt,
952 960 1214 1015 Ecclesiae
1244 961 1599 1014 destruantur
1623 1003 1636 1027 ,
1685 963 1997 1016 sacerdotes

397 1052 687 1117 vitiantur,
719 1063 773 1108 et
822 1053 1028 1124 reliqua
1069 1053 1210 1107 mala
1261 1051 1607 1121 proveniunt.
1653 1051 1772 1107 Non
1821 1053 1998 1107 taliter

397 1148 656 1202 Dominus
681 1147 894 1210 docuit,
927 1162 1028 1203 nec
1054 1145 1302 1216 Apostoli
1345 1145 1698 1200 instituerunt
1723 1163 1736 1199 :
1765 1147 1861 1201 sed
1893 1146 1996 1216 ipsi

391 1242 483 1311 qui
508 1256 696 1295 curam
723 1243 1058 1312 suscipiunt,
1090 1242 1186 1312 ipsi
1215 1256 1508 1315 peragant,
1539 1255 1592 1299 et
1622 1245 1720 1314 ipsi
1752 1245 1998 1314 proprios

392 1333 702 1403 manipulus
757 1333 983 1387 Domino
1029 1345 1441 1404 reprmsentent.
1489 1336 1621 1390 Nam
1671 1339 1788 1406 ipse
1839 1353 1994 1392 ovem

392 1427 659 1498 perditam
687 1426 974 1498 diligenter
997 1430 1244 1497 quaesivit
1265 1471 1278 1494 ,
1313 1431 1428 1500 ipse
1455 1430 1698 1494 invenit,
1731 1429 1847 1500 ipse
1877 1444 1999 1500 pro-

393 1522 525 1592 priis
577 1524 822 1577 humeris
867 1523 1207 1592 reportavit,
1266 1539 1475 1595 nosque
1529 1524 1763 1595 idipsum
1816 1523 1999 1580 facere

391 1614 697 1684 perdocuit.
728 1613 783 1669 Si
821 1615 933 1684 ipse
966 1629 1063 1684 pro
1094 1615 1289 1670 ovibus
1321 1626 1520 1670 tantam
1550 1631 1733 1671 curam
1769 1615 1994 1683 habuit,

339 1690 355 1706 ’
393 1707 509 1774 ipse
556 1704 780 1770 docuit,
811 1706 927 1774 ipse
976 1708 1223 1774 curavit,
1271 1708 1385 1776 ipse
1425 1708 1674 1773 sanavit,
1713 1708 1826 1777 ipse
1873 1721 1996 1776 pro-

2102 499 2154 553 in
2186 499 2408 554 summis
2435 500 2840 565 sacerdotibus,
2869 500 2919 556 id
2944 510 3058 566 est,
3086 501 3353 571 episc0pis
3384 510 3539 568 sunt,
3568 517 3702 574 quo-

2101 607 2218 646 rum
2258 593 2480 662 ligurum
2511 593 2687 647 Moses
2726 604 2780 647 et
2806 594 2985 648 Aaron
3019 602 3342 659 tenuerunt,
3384 595 3458 650 illi
3489 597 3577 665 qui
3609 611 3700 650 se-

2099 686 2375 756 ptuaginta
2411 685 2802 754 Discipulorum
2846 685 3072 741 formam
3102 697 3348 757 gestant,
3383 687 3436 742 in
3467 704 3695 758 quorum

2099 779 2349 832 videlicut
2396 789 2524 849 typo
2575 779 2667 833 filii
2719 780 2895 834 Aaron
2942 791 3134 842 erant,
3189 780 3318 835 nhil
3367 798 3699 852 prmsumere

2099 869 2333 932 debent,
2367 873 2504 925 sicut
2534 887 2633 928 nec
2669 873 2742 926 illi
2775 873 3061 944 quidquam
3090 873 3158 929 de
3188 876 3382 930 summi
3412 877 3701 932 sacerdotii

2101 961 2402 1016 ministerio
2433 963 2783 1032 attingebant.
2837 963 2968 1018 Nam
3017 965 3157 1034 quod
3208 965 3702 1037 cliorepiscopian-

2103 1061 2315 1122 tequam
2348 1054 2570 1123 przelato
2621 1056 3036 1125 prohiberentur
3073 1065 3298 1119 tenore,
3349 1058 3414 1111 ad
3470 1057 3700 1114 formam

2101 1148 2437 1217 septuaginta
2479 1148 2708 1202 instituti
2750 1157 2902 1203 erant
2926 1191 2939 1216 ,
2968 1165 3139 1204 canon
3171 1148 3504 1204 sufficienter
3533 1151 3708 1205 mani-

2080 1237 2265 1294 festat
2288 1281 2304 1306 ,
2334 1240 2422 1293 ttbi
2459 1241 2532 1292 ait
2564 1259 2576 1292 :
2608 1238 2974 1313 ChorepiscOpi
3014 1258 3210 1313 quoque
3239 1241 3308 1295 ad
3338 1243 3626 1313 exenzplum
3658 1251 3706 1297 et

2100 1331 2320 1400 formam
2349 1331 2692 1401 Septuaginta
2722 1335 2958 1387 videntur
2985 1350 3092 1388 esse
3118 1335 3138 1364 ³
3165 1352 3179 1388 :
3231 1343 3287 1389 et
3315 1336 3542 1405 reliqua.
3597 1333 3706 1388 Nec

2102 1423 2232 1477 illud
2266 1426 2700 1493 praetereundum
2731 1426 2886 1480 nobis
2917 1426 3157 1491 videtur,
3185 1427 3328 1498 quod
3357 1428 3482 1481 alibi
3529 1428 3581 1481 iu
3613 1441 3702 1482 ca-

2105 1516 2334 1571 tionibus
2365 1532 2681 1586 expressum
2713 1526 2796 1573 est
2829 1537 2841 1570 :
2875 1517 2896 1546 "
2925 1519 3026 1585 Qui
3053 1519 3105 1572 in
3146 1520 3269 1573 vicis
3297 1531 3341 1574 et
3369 1520 3708 1590 possessioni-

2101 1611 2192 1664 bus
2223 1611 2575 1681 chorepiswpi
2606 1612 2937 1664 nominantur
2959 1653 2974 1676 ,
3007 1614 3237 1678 quamvis
3277 1629 3459 1667 manus
3497 1614 3709 1683 imposi-

2102 1703 2291 1756 tionem
2324 1704 2681 1773 episcoporum
2722 1705 3041 1772 perceperint
3069 1745 3082 1769 ,
3113 1714 3158 1757 et
3185 1716 3240 1758 ut
3276 1706 3501 1776 episcopi
3533 1722 3708 1761 conse-

391 1797 526 1867 priis
562 1795 804 1851 humeris
841 1799 1174 1865 reportavit,
1221 1810 1383 1866 atque
1427 1799 1480 1852 in
1526 1808 1732 1853 tantum
1762 1799 1991 1865 dilexit,
2024 1796 2073 1855 B
2100 1795 2232 1848 crati
2262 1797 2488 1866 fuerint,
2522 1805 2576 1850 et
2606 1806 2821 1850 caetera.
2855 1796 2965 1851 Nec
2988 1796 3056 1849 ab
3081 1811 3137 1850 re
3161 1796 3361 1851 dictum
3398 1797 3707 1866 perpendo,

391 1899 450 1944 ttt
487 1892 648 1944 etiam
681 1890 918 1945 animam
968 1905 1119 1944 suam
1160 1890 1377 1962 (multas
1407 1893 1681 1947 sustinens
1733 1892 1995 1963 injurias,

391 1983 562 2037 multa
600 1983 929 2052 opprobria,
975 1984 1278 2054 multasque
1334 1987 1638 2057 passiones)
1691 2001 1788 2056 pro
1841 1986 1999 2041 nobis

392 2073 668 2129 traderet:
701 2073 832 2145 quid
861 2089 961 2130 nos
996 2077 1186 2130 miseri
1211 2085 1265 2131 et
1295 2076 1511 2132 desides
1551 2077 1748 2133 dicturi
1781 2093 1993 2146 sumus,

390 2169 481 2237 qui
510 2168 673 2222 etiam
713 2182 815 2237 pro
845 2168 1037 2223 ovibus
1087 2169 1248 2223 nobis
1301 2171 1613 2226 commissis
1660 2185 1846 2226 curam
1898 2172 2002 2226 im-

392 2260 630 2330 pendere
681 2261 1039 2331 negligimus,
1086 2271 1140 2316 et
1186 2263 1306 2316 aliis
1351 2277 1444 2318 eas
1473 2263 1784 2318 educandas
1831 2264 2000 2319 tradi-

392 2353 547 2408 mus?
578 2353 934 2424 Corrigantur
968 2356 1082 2409 haec
1105 2395 1117 2419 ,
1166 2355 1362 2414 fratres
1389 2398 1403 2420 ,
1451 2371 1679 2412 necesse
1706 2373 1718 2410 :
1748 2358 1872 2427 quia
1910 2358 1998 2427 qui

391 2449 509 2518 plus
537 2448 768 2514 laborat,
798 2450 1044 2519 majorem
1094 2450 1379 2504 mercedem
1411 2452 1628 2520 accipiet
1656 2452 1694 2503 ¹.
1728 2450 1859 2505 Nam
1892 2466 1998 2506 non

389 2541 625 2611 amplius
651 2556 810 2611 quam
840 2541 978 2596 duos
1006 2544 1228 2597 ordines
1272 2543 1412 2598 inter
1453 2543 1752 2612 discipulos
1785 2544 1999 2598 Domini

389 2649 513 2688 esse
562 2637 917 2705 cognovimus
941 2678 957 2703 ,
1007 2635 1060 2690 id
1099 2644 1219 2703 est,
1252 2636 1538 2691 duodecim
1572 2637 1957 2709 Apostolorum
1981 2679 1995 2702 ,

391 2737 446 2783 et
475 2730 816 2799 septuaginta
853 2729 1251 2799 Discipulorum
1285 2749 1296 2782 :
1334 2732 1475 2786 unde
1506 2732 1608 2786 istc
1651 2731 1842 2786 tertius
1875 2746 2001 2802 pro-

391 2823 654 2883 cesserit,
687 2822 927 2876 funditus
952 2823 1279 2892 ignoramus.
1314 2824 1380 2878 Et
1411 2825 1550 2894 quod
1581 2824 1790 2880 ratione
1815 2833 1994 2891 caret,

390 2920 698 2984 exstirpare
727 2910 953 2972 necesse
984 2927 1086 2971 est.
1109 2917 1261 2983 Quod
1292 2919 1433 2972 enim
1465 2919 1701 2989 episcopi
1735 2934 1840 2973 non
1869 2920 1996 2984 sint,

389 3009 480 3078 qui
512 3007 694 3063 minus
733 3024 893 3079 qttam
925 3025 954 3062 a
1000 3010 1177 3063 tribus
1222 3017 1363 3088 sunt
1395 3009 1629 3065 ordinati
1681 3012 1950 3081 episcopis
1980 3051 1995 3076 ,

391 3101 647 3155 omnibus
677 3111 822 3170 patet
847 3120 861 3156 :
890 3103 1143 3172 quoniam
1171 3102 1254 3173 (ut
1280 3103 1417 3158 bene
1443 3105 1637 3172 nostis)
1668 3103 1997 3174 prohibitum

2105 1903 2430 1958 quamquam
2483 1905 2672 1943 manus
2715 1889 3118 1959 impoSiti0ttent
3150 1890 3529 1960 episcoporum
3581 1907 3709 1961 per-

2104 1980 2385 2048 ceperint;
2430 1995 2549 2036 cum
2581 1981 2934 2051 episcoporum
2983 1997 3178 2036 nomen
3228 1983 3490 2052 pluralem
3547 1985 3599 2037 in
3643 1999 3706 2040 se

2103 2073 2377 2126 contineat
2410 2088 2691 2125 numerum
2721 2114 2734 2137 ,
2781 2083 2833 2127 et
2887 2073 3027 2142 apud
3071 2075 3452 2142 grammaticos
3482 2074 3708 2145 pluralis

2103 2167 2171 2220 sit
2201 2167 2512 2237 genitivus:
2543 2166 2756 2221 videtur
2797 2167 2940 2222 enim
2994 2167 3160 2234 milii,
3193 2167 3337 2237 quod
3384 2179 3546 2234 tunc,
3597 2185 3704 2224 non

2101 2259 2170 2313 ab
2197 2274 2302 2312 uno
2327 2300 2342 2325 ,
2378 2259 2474 2312 sed
2512 2275 2539 2311 a
2573 2259 2817 2328 pluribus
2848 2259 3276 2326 ordinabuntur;
3328 2261 3450 2330 quia
3479 2261 3710 2317 nullate-

2104 2368 2204 2408 nus
2240 2354 2446 2409 (licerct
2471 2395 2485 2420 ,
2527 2356 2922 2426 episcoporum,
2975 2357 3019 2410 si
3062 2357 3132 2412 ab
3170 2372 3280 2410 uno
3320 2355 3476 2412 fieret
3519 2359 3709 2412 talium

2104 2446 2374 2502 ordinatio
2399 2489 2412 2512 ,
2457 2463 2577 2502 cum
2613 2449 3003 2517 episcoporum,
3038 2448 3323 2518 pluraliter
3365 2449 3566 2505 dictum
3597 2451 3666 2505 sit
3692 2491 3707 2513 ,

2103 2556 2225 2596 cum
2257 2551 2435 2598 autem
2471 2543 2605 2597 dixit
2645 2543 3095 2614 chorepiscoputn
3125 2585 3140 2610 ,
3170 2543 3416 2612 profecto
3444 2545 3706 2600 villauunt

2104 2634 2270 2687 voluit
2295 2634 2517 2706 intelligi
2537 2637 2878 2704 episcopum,
2909 2646 2960 2689 et
2986 2635 3031 2688 si
3062 2635 3325 2702 villanus,
3355 2637 3481 2706 quid
3513 2639 3621 2707 agit
3649 2637 3705 2692 in

2103 2727 2320 2783 civitate
2343 2744 2466 2784 cum
2493 2729 2545 2783 in
2567 2744 2673 2782 una
2690 2729 2911 2783 civitate
2933 2728 3040 2782 duo
3062 2729 3284 2783 omnino
3313 2729 3706 2798 prohibeantur

2104 2835 2225 2874 esse
2255 2822 2493 2890 episcopi
2517 2822 2540 2874 ?
2569 2821 2635 2874 Et
2663 2822 2705 2875 si
2751 2823 2802 2875 in
2827 2820 2952 2876 villa
2980 2831 3035 2876 et
3077 2823 3129 2875 in
3158 2837 3224 2876 eo
3253 2823 3370 2878 loco
3409 2825 3501 2879 ubi
3545 2834 3704 2879 antea

2105 2913 2346 2981 episcOpi
2375 2929 2480 2966 non
2502 2913 2744 2981 luerunt,
2765 2931 2886 2969 cum
2909 2926 2962 2971 et
2987 2915 3037 2969 in
3067 2915 3276 2972 modica
3306 2917 3544 2981 civitate.
3571 2919 3592 2948 ⁵
3617 2918 3700 2971 vel

2105 3005 2156 3059 iu
2188 3006 2313 3059 villa
2341 3049 2353 3071 ,
2387 3015 2479 3061 aut
2505 3008 2730 3062 castello
2759 3009 3045 3079 episcopus
3085 3010 3199 3063 licri
3233 3011 3613 3080 prohibeatur,
3647 3019 3702 3066 ct

2106 3099 2158 3152 in
2181 3099 2433 3155 omnibus
2463 3102 2683 3155 omnino
2713 3102 2873 3166 locis,
2903 3103 2990 3157 ubi
3014 3111 3169 3158 antea
3193 3104 3432 3174 episcopi
3459 3120 3563 3160 non
3589 3106 3705 3160 fue-

392 3211 422 3250 a
453 3195 626 3250 sacris
655 3205 738 3250 est
771 3197 1018 3251 Patribtts
1039 3238 1054 3262 ,
1086 3207 1140 3250 ut
1181 3198 1271 3267 qui
1315 3197 1384 3250 ab
1433 3213 1540 3250 uno
1576 3199 1658 3251 vel
1701 3213 1730 3251 a
1782 3197 1990 3252 duobus
2018 3186 2063 3249 C
2098 3200 2254 3258 runt,
2279 3209 2345 3246 ne
2369 3192 2591 3248 vilescat
2614 3195 2908 3249 auctoritas
2936 3195 2956 3226 ⁸
2984 3204 3039 3250 et
3066 3212 3261 3251 nomen
3295 3199 3534 3266 episcopi
3555 3197 3704 3262 ,fuc-

394 3299 521 3342 sunt
547 3287 784 3342 ordinati
813 3289 1111 3359 episcopis,
1143 3305 1242 3344 nec
1274 3290 1624 3344 nominentur
1655 3289 1915 3359 episcOpi.
1941 3290 1996 3344 Si

397 3399 592 3437 nomen
625 3399 730 3438 nou
755 3381 1470 3454 habent,qualiterol‘ficium
1498 3382 1809 3437 habebunt?
1831 3381 1998 3449 Quid-

395 3478 525 3546 quid
553 3478 699 3531 enim
740 3478 881 3532 inter
905 3479 1222 3549 episcopos,
1253 3488 1344 3532 aut
1386 3478 1454 3531 de
1482 3478 1645 3531 rebus
1672 3476 1737 3530 ad
1764 3491 1859 3531 eos
1905 3490 1998 3530 so-

397 3570 674 3625 lummodo
696 3569 1091 3640 pertinentibus
1119 3571 1347 3639 egerint,
1381 3582 1601 3623 necesse
1631 3578 1713 3623 est
1739 3569 1998 3636 (utsttpe-

397 3661 510 3715 rius
531 3662 643 3731 jam
680 3662 1014 3732 prmlibatum
1045 3663 1165 3731 est)
1196 3669 1256 3716 ut
1296 3661 1506 3715 irritum
1541 3661 1634 3714 fiat
1663 3679 1675 3715 :
1708 3661 1830 3729 quia
1856 3659 1999 3730 quod

400 3768 507 3808 non
550 3754 785 3819 habent,
817 3756 947 3810 dare
987 3771 1324 3825 nequaquam
1380 3765 1604 3824 possunt
1639 3773 1649 3806 :
1701 3757 2000 3824 praesertim

399 3865 520 3903 cum
555 3849 761 3903 nullum
793 3865 858 3903 ex
891 3852 1227 3919 septuaginta
1263 3848 1546 3916 Discipulis
1575 3890 1588 3913 ,
1620 3864 1845 3918 quorum
1879 3863 2002 3918 spe-

399 3948 536 3998 (:it'nl
567 3944 654 3998 isti
685 3952 972 4012 antequam
1027 3943 1444 4012 prohiberentur
1486 3942 1571 4012 (ut
1606 3943 2003 4014 suueriusvme-

403 4047 669 4091 moratum
694 4035 800 4106 est)
829 4037 878 4091 iu
911 4035 1153 4091 Ecclesia
1179 4035 1472 4106 gerebant,
1503 4035 1572 4088 nil
1598 4025 1664 4090 de
1695 4035 1824 4102 hoc,
1857 4035 2002 4104 quod

402 4132 679 4203 Apostolis
713 4123 1014 4202 eorumque
1045 4131 1449 4185 successoribus
1493 4128 1800 4198 specialiter
1840 4129 2003 4183 debe-

406 4230 564 4283 batur
588 4271 601 4288 ,
634 4229 832 4296 legitur
871 4228 1246 4296 assumpsisse.
1284 4227 1303 4255 ¹
1329 4223 1441 4279 Nec
1490 4225 1540 4278 iu
1591 4225 1708 4291 lege
1750 4222 1959 4276 Domini
1985 4264 2001 4289 ,

405 4339 523 4392 qum
554 4321 684 4376 Musi
727 4323 794 4376 ab
845 4323 960 4391 ipso
1007 4321 1232 4373 Domino
1281 4319 1474 4383 legitur
1501 4316 1696 4369 dictata
1721 4357 1733 4377 ,
1764 4313 1833 4369 de
1883 4315 1964 4368 bis
1987 4356 2002 4379 ,

405 4432 524 4486 qua:
577 4417 802 4469 summis
852 4412 1265 4472 sacerdotibus,
1313 4409 1362 4462 id
1415 4419 1534 4474 est,
1568 4406 1698 4461 Mosi
1746 4415 1800 4460 et
1827 4408 2006 4460 Aaron

406 4517 559 4564 erant
585 4507 893 4576 specialiter
914 4518 1172 4577 concessa
1192 4546 1205 4570 ,
1233 4502 1324 4556 lilii
1357 4507 1534 4555 Aaron
1561 4501 1851 4571 quidquam
1879 4513 2008 4568 prte-

2104 3283 2212 3337 rint
2241 3284 2557 3353 constituti,
2592 3287 2749 3356 quid,
2781 3302 2946 3357 rogo,
2982 3288 3181 3342 erunt?
3228 3289 3368 3343 Ecce
3403 3305 3503 3343 nec
3547 3289 3700 3346 locus

2103 3390 2225 3430 cum
2250 3376 2590 3432 ordinatione
2613 3380 2944 3445 concordat,
2980 3395 3078 3435 nec
3103 3380 3370 3435 ordinatio
3389 3397 3510 3437 cum
3539 3381 3660 3438 loco
3684 3400 3699 3435 :

2103 3472 2356 3539 quoniam
2387 3473 2431 3525 si
2476 3473 2855 3542 episcoporum
2898 3489 3090 3530 manus
3137 3475 3539 3545 intpositiouem
3581 3493 3703 3542 per—

2105 3573 2396 3629 ceperunt,
2431 3574 2483 3618 et
2512 3575 2563 3619 ut
2605 3567 2842 3636 eptscopi
2874 3577 3002 3622 sunt
3057 3571 3396 3638 consecrati,
3437 3571 3529 3625 ubi
3579 3580 3708 3626 suttt

2105 3656 2454 3710 consecrati?
2482 3657 2562 3712 Ad
2607 3659 2821 3726 villam,
2861 3662 2983 3730 quia
3025 3665 3219 3739 χώρα,
3252 3663 3379 3716 villa
3431 3671 3516 3717 est
3561 3663 3705 3733 apud

2105 3750 2346 3807 Graecos.
2383 3752 2450 3806 Et
2477 3754 2707 3822 qualiter
2747 3754 2812 3808 ad
2867 3755 3050 3809 villam
3078 3797 3092 3820 ,
3143 3757 3186 3810 si
3236 3771 3334 3811 nec
3379 3757 3432 3810 in
3478 3757 3704 3811 castello

2106 3853 2199 3899 aut
2225 3845 2276 3899 in
2308 3846 2515 3901 modica
2548 3848 2763 3902 civitate
2808 3848 2933 3904 licet
2963 3849 3081 3903 ﬁeri
3102 3891 3116 3914 ,
3151 3864 3281 3919 rogo
3309 3859 3364 3903 ιιι
3395 3849 3652 3919 promatis
3686 3867 3700 3902 :

2107 3949 2163 3993 et
2189 3940 2232 3993 si
2267 3955 2515 4007 promere
2549 3957 2655 3995 non
2690 3943 2913 4010 potestis
2934 3983 2948 4005 ,
2980 3941 3101 4011 quis
3131 3941 3288 4014 (scio)
3319 3957 3414 4012 per
3439 3942 3706 3997 rationem

2107 4043 2199 4088 aut
2246 4037 2458 4104 plenam
2497 4036 2868 4090 auctoritatem
2912 4035 3133 4091 minime
3177 4037 3441 4106 potestis,
3483 4037 3707 4105 digitum

2109 4125 2189 4180 ori
2223 4127 2481 4195 imponite
2501 4169 2516 4192 ,
2546 4137 2602 4181 et
2631 4142 2726 4182 eos
2757 4128 2901 4182 omni
2931 4129 3248 4183 auctoritate
3273 4143 3460 4183 carere
3488 4145 3593 4181 non
3613 4126 3711 4182 du—

2111 4217 2277 4275 bitate
2303 4261 2317 4284 ,
2345 4220 2550 4274 scilicet
2580 4221 2704 4290 quia
2737 4221 2833 4274 tria
2861 4221 3076 4275 obstant
3098 4263 3111 4287 ,
3145 4220 3341 4290 quibus
3372 4237 3558 4276 eorum
3588 4236 3707 4275 cas-

2111 4321 2260 4366 satur
2291 4313 2432 4366 actio
2465 4314 2546 4366 vel
2579 4313 2864 4367 institutio.
2900 4313 3077 4368 Unum
3105 4355 3118 4376 ,
3152 4314 3294 4382 quod
3335 4313 3403 4367 ab
3448 4330 3555 4366 uno
3592 4329 3637 4379 e;
3659 4313 3710 4366 i-

2112 4421 2281 4475 scopo
2308 4407 2543 4460 ordinari
2576 4407 2787 4472 solent,
2816 4409 2866 4460 in
2901 4423 3007 4476 quo
3049 4422 3236 4461 eorum
3265 4407 3536 4461 ordinatio
3562 4423 3588 4458 a
3623 4421 3714 4459 ca-

2114 4498 2348 4551 nonibus
2375 4498 2643 4552 discordat
2669 4540 2682 4562 ,
2715 4500 2803 4568 qui
2853 4514 2948 4568 per
2977 4514 3168 4553 manus
3195 4501 3573 4568 episcOporum
3618 4511 3716 4551 eos

405 4599 713 4655 sumebant.
747 4597 890 4650 Nulli
936 4599 1079 4649 enim
1126 4594 1344 4647 dubiutn
1374 4601 1457 4647 est
1483 4634 1497 4657 ,
1549 4592 1691 4662 quod
1740 4591 1917 4645 Moses
1952 4600 2008 4645 et
2034 4579 2089 4639 D
2119 4590 2324 4644 institui
2355 4591 2566 4661 jubent.
2600 4590 2790 4655 Aliud,
2825 4590 2869 4644 si
2916 4607 2944 4643 a
2987 4591 3228 4659 pluribus
3273 4591 3542 4659 episcopis
3591 4597 3719 4644 sunt
3758 4646 3767 4657 ,

406 4695 588 4750 Aaron
633 4693 734 4747 soli
763 4719 788 4757 ,'
835 4690 1178 4761 prtl'cipiettle.
1231 4686 1491 4752 Domino,
1541 4687 1593 4739 in
1635 4682 2008 4738 'l‘abernaculo

409 4789 504 4842 Dei
537 4787 821 4856 erigebant
852 4785 1059 4846 altare,
1093 4782 1192 4835 soli
1236 4780 1536 4850 uugehant,
1569 4778 1671 4833 soli
1700 4777 2013 4832 sacerdotes

407 4899 560 4936 sacra
603 4880 858 4934 unctione
905 4876 1288 4941 instituebant,
1323 4883 1375 4927 ct
1416 4873 1550 4936 alia,
1595 4886 1716 4939 quae
1760 4870 1824 4923 ad
1860 4885 2008 4923 sum-

410 4993 555 5032 mum
601 4974 967 5028 sacerdotium
1002 4969 1372 5040 pertinebant,
1402 4966 1468 5020 de
1499 4964 1692 5036 quibus
1737 4963 2012 5017 sufficien-

411 5082 494 5124 ter
538 5071 589 5122 in
636 5065 836 5121 divinis
883 5064 1078 5133 legitur
1126 5061 1375 5124 Litteris,
1427 5059 1658 5128 agebant
1705 5074 1717 5110 :
1761 5055 2012 5125 quoniam

411 5162 610 5216 summi
653 5157 862 5213 Domini
908 5155 1220 5210 sacerddtcs
1249 5159 1444 5214 erant,
1475 5151 1613 5204 sicut
1653 5147 1722 5203 de
1768 5148 1834 5202 iis
1879 5147 2017 5202 scri-

411 5265 560 5325 ptum
585 5262 666 5308 est
698 5270 710 5304 :
739 5249 910 5304 Moses
939 5259 984 5301 et
1009 5249 1180 5300 Aaron
1209 5245 1263 5298 in
1291 5243 1642 5298 sacerdotibus
1677 5245 1806 5314 ejus.
1841 5245 1932 5298 Sic
1963 5252 2018 5298 et

411 5349 606 5411 modo,
639 5347 763 5415 quia
806 5345 996 5397 umbra
1040 5341 1175 5410 legis
1210 5338 1459 5401 transiit,
1502 5347 1556 5393 et
1598 5337 1685 5391 lux
1739 5337 2019 5407 Evangelii

487 5469 503 5498 ¹
537 5467 571 5521 5
589 5506 604 5532 ,
635 5465 760 5518 dist.
788 5461 857 5517 86
877 5503 892 5527 ,
916 5459 1283 5528 Chorepiscopi
1315 5466 1418 5526 tam
1447 5455 1509 5508 ab
1536 5457 1649 5509 hac.

394 5560 402 5570 .
488 5540 508 5570 ι
543 5539 630 5570 llic

490 5540 508 5570 ¹
591 5539 630 5562 "
711 5538 744 5588 I.
826 5574 837 5586 .

490 5610 510 5640 ³
542 5537 860 5662 ἷπδὲἓηοίῃο
886 5601 1320 5659 Neocaesareensi
1343 5641 1356 5666 ,
1389 5613 1507 5668 cap.
1541 5598 1641 5663 15,
1674 5611 1741 5652 ex
1769 5597 2018 5653 versione

419 5685 580 5753 Dion_.
615 5678 831 5753 Exigu_i_._
912 5748 923 5753 _
1010 5746 1022 5753 _
1098 5745 1110 5753 _
1291 5745 1344 5753 ,Α
1532 5743 1544 5753 .
1631 5740 1646 5753 .
1758 5741 1770 5753 .

498 5753 520 5782 ⁵
551 5751 612 5805 In
642 5740 874 5806 concilio
898 5745 1180 5812 Antioclt.,
1206 5760 1257 5800 c.
1283 5745 1372 5812 10,
1404 5758 1470 5798 ex
1496 5740 1738 5810 ejusdem
1757 5741 2025 5812 interpre-

417 5823 643 5881 tationo.

2121 4686 2387 4749 ordinati,
2422 4697 2475 4740 et
2519 4695 2613 4740 aut
2645 4687 2695 4739 in
2725 4686 2880 4750 villa,
2914 4694 3002 4738 aut
3030 4685 3084 4738 in
3112 4684 3369 4751 castello,
3400 4698 3494 4738 seu
3523 4685 3573 4737 in
3604 4697 3721 4738 mo-

2123 4777 2240 4834 dica
2274 4779 2528 4844 civitate,
2561 4790 2650 4833 aut
2693 4779 2915 4834 omnino
2962 4793 3066 4832 non
3111 4778 3161 4831 in
3198 4793 3262 4831 eo
3309 4776 3430 4831 loco
3473 4775 3732 4846 pra-(ixi;

2123 4887 2229 4941 quo
2253 4873 2396 4940 juste
2426 4872 2666 4940 episconi
2693 4870 2807 4925 ﬁeri
2838 4871 3073 4936 debent,
3117 4880 3206 4924 aut
3236 4869 3434 4923 dudum
3465 4885 3568 4924 non
3603 4864 3719 4925 fue-

2121 4973 2286 5029 runt,
2311 4965 2329 4994 ⁷
2374 4963 2463 5018 ubi
2497 4963 2717 5018 vilescat
2764 4966 3057 5019 auctoritas
3095 4971 3148 5018 et
3198 4952 3396 5018 nomen
3434 4962 3671 5031 episcopi
3698 5002 3714 5026 ,

2122 5069 2213 5111 aut.
2242 5057 2286 5111 si
2312 5057 2364 5111 in
2395 5059 2618 5112 civitate
2645 5074 2765 5111 cum
2794 5058 2966 5112 altero
2993 5059 3248 5126 episcopo
3274 5073 3286 5108 :
3319 5071 3441 5110 cum
3467 5055 3544 5124 (ut
3583 5065 3720 5121 pra:-

2123 5152 2324 5205 dictutn
2354 5147 2458 5220 est)
2491 5150 2541 5205 in
2572 5167 2675 5205 una
2709 5152 2926 5206 civitate
2969 5150 3076 5206 duo
3123 5166 3226 5203 non
3253 5149 3487 5202 debeant
3527 5147 3548 5178 ⁸
3587 5159 3722 5198 con-

2126 5251 2322 5302 sistere
2350 5248 2610 5318 episcopi.
2643 5247 2886 5303 Tertium
2909 5289 2924 5314 ,
2955 5247 2999 5301 si
3028 5245 3316 5299 absolute9
3345 5242 3545 5295 fuerint
3573 5236 3729 5292 insti-

2127 5343 2267 5409 tttti,
2315 5341 2455 5396 sicut
2511 5342 2578 5396 de
2629 5341 2950 5411 quibusdam
2989 5337 3334 5401 audivimus,
3381 5345 3503 5403 qua:
3545 5328 3729 5386 omnia

2195 5460 2217 5492 ⁸
2244 5459 2450 5515 Cuncil.
2471 5457 2712 5521 Laodic.,
2737 5472 2855 5524 Cap.
2879 5455 2970 5508 57.

2198 5531 2219 5562 ⁸
2248 5529 2395 5585 Cart.
2423 5545 2491 5593 ll,
2521 5542 2569 5581 c.
2596 5528 2659 5593 2;
2688 5527 2865 5581 Tolet.
2891 5540 2962 5579 xu
2982 5566 2996 5590 ,
3023 5525 3077 5578 4.

2199 5604 2218 5633 ⁷
2246 5602 2454 5656 Sardic.
2481 5613 2660 5664 conc.,
2685 5614 2735 5652 c.
2763 5597 2816 5651 6.
2891 5605 2895 5608 ’

2201 5675 2222 5701 ⁸
2251 5673 2366 5727 Nic.
2400 5686 2580 5735 conc.,
2604 5685 2655 5725 c.
2682 5668 2738 5725 8.

2164 5746 2220 5821 _’
2247 5742 2528 5807 Chalced.,
2560 5756 2610 5796 c.
2641 5739 2696 5792 6.
