4222 6170
512 186 624 245 455

1776 152 2026 241 sitnon
2066 184 2322 245 DAMASI
2362 184 2565 240 sane

3723 185 3828 239 436

512 300 805 373 episcopali
834 300 1051 354 omnino
1079 308 1269 354 carent
1309 300 1627 356 auctoritate
1656 319 1666 353 :
1698 310 1752 355 et
1785 299 1915 354 illud
1946 300 2123 355 adhuc
2150 301 2205 362 Α
2232 310 2287 356 ιιι
2319 318 2413 370 per
2446 301 2548 357 hoc
2592 312 2648 357 et
2676 302 2933 357 discretio
2966 302 3225 373 graduum
3256 302 3275 333 ⁸
3298 344 3313 369 ,
3342 314 3397 357 et
3442 301 3716 371 dignitatis
3748 303 3829 355 l'a-

516 406 719 461 restat,
752 396 895 465 quod
929 410 1119 450 eorum
1144 395 1278 450 ordo
1312 412 1418 451 non
1465 396 1628 452 habet
1665 398 1716 452 in
1748 397 1945 451 divinis
1976 398 2117 453 litte-

516 492 593 545 ris
635 490 1011 544 auctoritatem
1057 507 1069 541 :
1113 488 1242 559 quia
1293 492 1371 558 (ut
1421 490 1701 560 praefixum
1749 493 1856 559 est)
1902 489 2124 545 ordines

515 592 641 636 sunt
670 580 777 635 duo
818 588 1023 635 tantum
1053 582 1209 649 primi
1243 580 1293 634 in
1330 580 1570 636 Ecclesia
1594 623 1608 647 ,
1644 582 1693 636 id
1736 570 1853 646 est,
1890 584 2124 649 Aposto—

515 674 689 730 lorum
720 684 775 728 et
805 674 1139 743 septuaginta
1179 672 1593 737 Discipuloium.
1628 673 1771 727 Sane
1801 676 1844 727 si
1878 688 1977 727 nec
2002 674 2116 742 epi-

518 767 667 837 seopi
699 776 863 835 sunt,
910 766 1034 835 quia
1078 780 1173 833 pro
1218 765 1455 833 pra-fatis
1498 767 1678 819 causis
1718 765 1957 836 episcopi
1998 768 2122 820 esse

517 876 624 915 non
654 868 882 932 possunt
914 876 927 913 :
967 873 1066 912 nec
1098 858 1448 928 presbyteros
1493 874 1551 911 se
1594 858 1860 912 nominari
1889 859 2115 925 volunt,

518 958 641 1020 quia
692 952 923 1020 amplius
962 964 1085 1003 esse
1132 950 1415 1013 ambiunt;
1464 960 1625 1019 atque
1677 951 1795 1019 plus
1825 966 1986 1018 quam
2034 964 2121 1004 se-

518 1046 793 1116 ptuaginta
857 1044 1109 1114 Discipuli
1151 1043 1408 1099 fecissent
1454 1044 1540 1115 (ad
1586 1058 1816 1114 quorum
1854 1044 2117 1111 formam,

519 1148 578 1192 ut
608 1138 766 1205 paulo
798 1138 1051 1205 superius
1078 1136 1479 1204 praelibavimns
1500 1177 1514 1200 ,
1550 1135 1636 1201 hi,
1670 1147 1956 1205 antequam
1996 1151 2122 1205 pro-

518 1230 839 1284 hiberentur
860 1271 874 1293 ,
901 1245 929 1283 a
959 1227 1283 1296 quibusdam
1314 1228 1494 1282 stultis
1514 1240 1564 1282 et
1597 1242 1692 1282 sua
1717 1230 2117 1299 qutcrentibus,

515 1334 567 1379 et
602 1339 706 1376 non
738 1338 858 1392 quze
884 1320 1085 1375 Christi
1108 1321 1258 1384 Jesu,
1289 1320 1755 1385 instituebantur),
1792 1335 2121 1389 praesumere

518 1425 725 1470 tentant
752 1456 768 1482 ,
795 1429 843 1471 et
871 1415 1053 1469 illicita
1078 1425 1239 1483 atque
1263 1413 1535 1484 prohibita
1563 1429 1723 1482 agere
1750 1422 2115 1484 praesonmnt;

515 1525 619 1565 nec
647 1509 749 1563 hoc
778 1510 883 1564 dici
924 1524 983 1564 se
1016 1508 1242 1573 volunt,
1275 1509 1415 1577 quod
1459 1520 1623 1572 sunt;
1676 1523 1808 1577 rogo
1849 1518 1905 1563 ut
1949 1509 2123 1565 mani-

515 1602 653 1659 feste
684 1603 953 1672 prodatis,
989 1603 1115 1672 quid
1144 1604 1289 1656 sint:
1318 1604 1574 1672 quoniam
1604 1612 1695 1657 aut
1725 1604 1928 1673 aliquid
1953 1614 2079 1660 sunt
2104 1649 2118 1672 ,

2227 394 2444 463 stigium
2493 408 2826 448 summorum
2860 394 3168 463 pontiﬁcum
3202 394 3626 450 demonstretur.
3666 394 3831 447 Simi-

2227 485 2351 541 liter
2381 496 2435 541 et
2462 486 2530 541 de
2560 489 2890 558 presbyteris
2930 489 3044 542 haec
3074 487 3375 543 habeantur
3398 528 3412 553 ,
3447 496 3505 541 ut
3533 487 3650 541 sine
3675 486 3824 556 jussu

2228 580 2248 609 ⁸
2277 581 2475 647 proprii
2506 578 2745 648 episcopi
2792 582 2863 634 nil
2910 589 3110 649 agant:
3144 581 3267 650 quia
3313 579 3458 649 quod
3492 594 3673 634 rarum
3698 590 3823 646 est,

2228 671 2330 725 hoc
2355 682 2411 725 et
2455 671 2734 739 pulchrius
2772 686 2893 727 esse
2942 672 3171 727 videtur.
3206 673 3271 726 Et
3300 672 3344 726 si
3374 687 3574 726 nomen
3621 671 3827 728 vilescit

2230 761 2538 833 pontiﬁcum
2562 804 2574 825 ,
2606 764 2783 817 omnis
2809 774 2981 818 status
3013 764 3357 832 perturbatur
3393 765 3673 819 Ecclesia.
3709 764 3827 820 Tri-

2228 856 2347 924 plex
2380 856 2557 925 itaque
2586 856 2638 910 in
2672 858 2771 911 hac
2814 867 2965 925 parte
2996 867 3176 911 reatus
3207 866 3287 910 est
3312 899 3326 923 ,
3361 857 3503 926 quod
3548 868 3603 912 et
3647 857 3830 927 probi-

2226 949 2337 1003 bita
2376 956 2579 1017 agunt,
2610 956 2664 1003 et
2702 948 2842 1018 quod
2888 963 3105 1003 sacrum
3138 948 3493 1003 ministerium
3529 950 3647 1004 talis
3695 964 3832 1004 con-

2227 1039 2378 1093 ειη-ιιὶ
2420 1040 2624 1093 vilitate
2676 1040 2975 1108 polluitur,
3022 1048 3076 1096 et
3120 1042 3498 1110 episcoporum
3542 1040 3825 1112 (quantum

2226 1134 2293 1188 ad
2351 1134 2550 1187 illicita:
2602 1133 2965 1204 usurpationis
3017 1136 3379 1190 temeritatem
3418 1133 3671 1205 pertinet)
3698 1134 3824 1204 jura

2227 1226 2527 1281 solvuntur.

2300 1317 2453 1381 Quod
2482 1326 2659 1371 autem
2692 1318 2823 1374 solis
2854 1319 2873 1349 ⁸
2900 1318 3177 1389 Apostolis
3204 1335 3505 1390 eorumque
3536 1314 3823 1375 suecesso-

2226 1409 2377 1464 ribus
2420 1410 2621 1481 proprii
2666 1412 2736 1466 sit
2771 1411 2937 1466 ofﬁcii
2989 1413 3202 1469 tradere
3250 1414 3513 1485 Spiritum
3550 1424 3822 1481 sanctum,

2229 1504 2363 1559 liber
2411 1505 2644 1560 Actuum
2686 1508 3071 1575 Apostolorum
3114 1508 3318 1563 docet:
3356 1507 3656 1579 prasertim
3694 1523 3823 1563 cum

2228 1598 2409 1652 nullus
2435 1614 2501 1653 ex
2534 1600 2873 1669 septuaginta
2915 1601 3224 1671 Discipulis,
3257 1616 3487 1671 quorum
3514 1602 3602 1655 isti
3632 1602 3682 1654 in
3727 1602 3825 1655 Et:-

515 1705 609 1750 aut
655 1695 804 1749 nihil.
855 1694 986 1748 Nam
1030 1695 1315 1748 manifeSte
1358 1702 1538 1762 patet,
1583 1696 1840 1764 quoniam
1883 1696 2124 1766 episc0pi
2158 1702 2202 1762 Β
2231 1692 2394 1746 clesia
2442 1692 2680 1760 Speciem
2730 1702 2947 1763 gerunt,
2993 1694 3200 1763 legatur
3248 1696 3452 1748 donum
3492 1693 3550 1751 S.
3598 1694 3827 1764 Spiritus

518 1804 623 1841 non
648 1798 792 1841 Sunt.
822 1787 889 1841 Et
916 1786 962 1841 si
986 1786 1227 1855 episc0pi
1256 1802 1362 1841 non
1395 1797 1521 1841 sunt
1542 1830 1555 1849 ,
1588 1798 1642 1843 et
1672 1790 1975 1859 presbyteri
2002 1806 2125 1846 esse

517 1879 865 1949 despiciunt,
902 1880 1030 1949 quid
1061 1881 1263 1934 erunt?
1292 1884 1399 1935 Ant
1425 1880 1627 1951 aliquid
1671 1897 1895 1951 prorsus
1922 1896 2123 1951 erunt,

518 1985 609 2027 aut
652 1972 787 2027 nihil
818 1991 832 2026 :
866 1974 988 2042 quia
1032 1973 1165 2027 nihil
1201 1982 1374 2041 potest
1406 1989 1526 2029 esse
1550 2016 1563 2037 ,
1612 1976 1714 2028 nisi
1759 1976 1953 2031 habeat
1984 1978 2128 2034 unde

520 2066 608 2118 sit.
646 2065 713 2119 Et
740 2068 784 2118 si
816 2080 922 2118 non
955 2063 1117 2118 habet
1144 2070 1285 2119 unde
1314 2065 1412 2128 sit,
1443 2054 1537 2118 aut
1560 2066 1701 2119 unde
1728 2067 1991 2137 originem
2022 2068 2123 2123 du-

518 2167 645 2223 cat;
681 2172 779 2212 nrc
807 2166 1184 2210 auctoritatem
1221 2156 1415 2222 habet,
1450 2173 1550 2211 nec
1580 2166 1726 2212 stare
1759 2160 1861 2213 rite
1890 2160 2124 2229 poterit,

520 2251 644 2320 quia
681 2250 839 2302 inane
880 2260 1000 2312 est,
1042 2257 1099 2302 et
1140 2256 1201 2301 ut
1245 2250 1560 2303 destruatur
1602 2262 1657 2305 et
1700 2252 1858 2305 eadat
1906 2268 2128 2309 necesse

520 2354 601 2396 est
628 2384 643 2407 ,
680 2341 934 2412 quoniam
967 2340 1098 2395 nihil
1128 2350 1247 2406 est,
1280 2344 1407 2396 etin
1435 2342 1662 2398 nihilum
1696 2346 2054 2414 reputabitur.

593 2435 649 2489 Si
682 2450 809 2488 vero
848 2432 978 2488 nihil
1011 2450 1078 2488 ex
1122 2434 1211 2488 his
1232 2444 1359 2488 sunt
1384 2473 1400 2499 ,
1430 2450 1551 2504 quae
1579 2440 1828 2505 superius
1857 2453 2128 2512 memora-

520 2530 733 2583 vimus:
767 2540 895 2583 tunc
927 2544 1150 2584 necesse
1194 2541 1275 2584 est
1302 2572 1317 2594 ,
1350 2540 1407 2585 ut
1435 2531 1568 2584 nihil
1614 2531 1720 2585 sint
1766 2547 1831 2586 ex
1883 2534 1965 2586 liis
2010 2548 2130 2603 qua:

521 2622 1236 2685 sacerdotibnsdebentur.
1290 2624 1357 2678 Et
1404 2624 1525 2678 ideo
1562 2640 1661 2679 nec
1705 2625 1758 2678 in
1807 2629 2131 2683 sacerdotali

524 2718 770 2785 catalogo
820 2716 1159 2779 habeantur,
1195 2717 1295 2771 nisi
1346 2729 1549 2771 tantum
1584 2718 1665 2790 (ut
1696 2722 1869 2788 primo
1889 2737 2129 2777 commev

523 2811 785 2879 ravimus)
813 2822 870 2864 ut
899 2825 996 2878 pro
1024 2811 1397 2866 misericordia
1427 2812 1565 2876 illis,
1598 2815 1691 2883 qui
1726 2816 2000 2871 humiliter
2030 2817 2131 2872 hoc

521 2887 665 2957 ferre
694 2903 998 2965 voluerint,
1025 2918 1125 2958 nec
1150 2904 1388 2970 amplius
1418 2907 1709 2961 ambierint
1729 2948 1743 2974 ,
1781 2920 1831 2963 et
1861 2925 1961 2980 per
1991 2913 2130 2966 scri-

523 3004 670 3063 ptum
707 2996 921 3066 propria
951 3012 1113 3053 manu
1167 2998 1352 3053 subter
1400 3002 1811 3057 corroboratum
1839 3047 1852 3069 ,
1899 3006 2129 3075 idipsum

2234 1799 2328 1853 per
2368 1800 2562 1839 manus
2604 1785 3004 1855 impositionem
3045 1788 3123 1857 (ut
3160 1788 3475 1857 pra-dictum
3526 1790 3635 1856 est)
3668 1788 3829 1843 tradi-

2230 1875 2397 1930 disse.
2453 1876 2577 1929 llzec
2615 1891 2765 1945 ergo.
2795 1878 2917 1947 quia
2958 1881 3107 1933 omni
3143 1864 3330 1935 carent
3377 1881 3607 1945 ratione,
3652 1881 3829 1935 nullus

2231 1967 2484 2036 deinceps
2510 1980 2735 2035 usurpet
2755 1980 2848 2024 aut
2867 1973 3167 2026 consentiat
3196 1972 3562 2037 sacerdotum,
3596 1974 3691 2043 qui
3733 1988 3829 2027 no-

2232 2060 2395 2114 luerit
2446 2076 2473 2113 a
2522 2072 2708 2115 nostro
2759 2063 3079 2119 sacerdotali
3135 2066 3365 2134 collegio
3402 2068 3670 2135 separari.
3716 2067 3821 2122 Nec

2232 2154 2374 2224 quod
2407 2171 2433 2207 a
2463 2156 2619 2209 nobis
2646 2156 2998 2226 extinguitur,
3028 2166 3084 2211 et
3132 2175 3157 2209 a
3196 2158 3692 2227 pricdecessoribus
3738 2175 3832 2213 no-

2233 2250 2362 2304 stris
2384 2264 2447 2304 ac
2478 2250 2723 2319 reliquis,
2749 2261 2806 2303 ut
2834 2250 3037 2305 dictum
3065 2261 3168 2315 est,
3205 2253 3370 2306 tetius
3390 2253 3539 2307 orbis
3563 2252 3831 2323 episcopis

2227 2340 2337 2411 jam
2368 2342 2661 2397 extinctum
2694 2354 2796 2407 est,
2825 2346 2964 2411 apud
2991 2344 3198 2413 aliquos
3227 2345 3529 2400 tenebrosis
3552 2346 3571 2376 τ
3595 2347 3829 2401 semine-

2235 2444 2321 2489 tur
2363 2434 2636 2489 radicibus
2669 2436 2800 2491 :sed
2847 2450 2967 2506 qna:
3011 2436 3149 2490 male
3183 2436 3474 2504 pullulasse
3516 2448 3828 2503 noscuntur,

2234 2528 2496 2583 radicitus
2544 2530 2867 2595 evellantur,
2928 2544 2996 2583 ne
3051 2544 3283 2583 messem
3341 2529 3669 2585 dominicam
3724 2528 3831 2583 ulla

2234 2634 2584 2693 mrrumpant
2649 2624 2873 2677 zizania.
2936 2622 3012 2676 fta
3080 2622 3222 2677 enim
3299 2621 3530 2676 fructum
3604 2621 3820 2676 uberem

2238 2719 2447 2773 Domini
2497 2718 2812 2773 sacerdotes
2858 2716 3213 2786 praestabunt,
3262 2716 3307 2769 si
3354 2732 3442 2781 ea,
3484 2730 3604 2784 quae
3653 2723 3830 2768 natam

2236 2819 2473 2881 segetem
2515 2826 2748 2866 enecare
2794 2820 3217 2871 consueverunt,
3249 2809 3504 2863 radicitus
3550 2816 3831 2876 amputen-

2239 2914 2343 2958 tur.
2378 2902 2568 2957 Cesset
2589 2918 2741 2972 ergo,
2773 2910 2954 2957 cesset
2982 2910 3055 2954 tot
3085 2901 3292 2954 vicibus
3316 2899 3583 2969 prohibita
3608 2909 3661 2954 et
3681 2898 3830 2952 dam-

2238 3006 2359 3052 nata
2407 2996 2798 3066 praesumptio:
2832 3010 2931 3051 nec
2963 2996 3243 3050 imitentur
3281 2996 3477 3051 summi
3524 2994 3832 3049 sacerdotcs

520 3091 1003 3152 confirmaverint.
1039 3090 1143 3145 hoc
1184 3092 1525 3146 solummodo
1560 3096 1918 3161 concedatur,
1948 3108 2005 3152 ut
2047 3102 2127 3153 in-
2158 3097 2202 3160 C
2240 3093 2498 3146 mulieres
2536 3092 2872 3156 meretrices,
2906 3107 3025 3159 qua:
3055 3089 3286 3145 infantes
3333 3106 3457 3144 suos
3492 3090 3710 3159 pra-fata
3739 3105 3831 3141 vo-

524 3191 609 3237 ter
653 3182 967 3237 sacerdotes
1018 3184 1193 3238 locum
1237 3184 1463 3241 habeant
1492 3229 1506 3251 ,
1554 3200 1609 3242 et
1658 3190 1958 3246 ministerio
2005 3209 2131 3262 pre-

522 3277 862 3346 sbyterorum
891 3279 1132 3334 contenti
1160 3278 1269 3332 sint
1293 3320 1307 3343 ,
1338 3290 1499 3348 atque
1528 3296 1728 3336 mensae
1761 3284 1969 3339 Domini
2016 3296 2132 3341 tan-

522 3369 804 3423 tummodo
856 3372 1147 3440 participes
1192 3373 1445 3427 existant.
1508 3374 1754 3443 Amplius
1806 3388 1986 3431 autem
2040 3380 2129 3449 qui

523 3462 728 3518 ambire
757 3464 1061 3529 voluerint,
1099 3481 1196 3519 nec
1231 3466 1331 3520 bne
1382 3468 1688 3533 retineant,
1731 3480 1787 3524 ut
1817 3474 2129 3529 sacerdotes

524 3556 633 3609 sint
657 3597 669 3618 ,
702 3557 799 3610 sed
850 3558 993 3612 omni
1025 3559 1391 3613 ecclesiastico
1432 3560 1671 3616 funditus
1712 3565 1989 3632 prbentur
2028 3568 2124 3620 bo-

523 3664 673 3702 nore.
703 3650 856 3716 Quod
890 3666 1021 3705 vero
1061 3652 1140 3705 eis
1170 3668 1275 3706 non
1310 3654 1470 3708 liceat
1510 3656 1817 3712 sacerdotes
1844 3675 2125 3715 consecra-

521 3756 580 3797 re
602 3782 617 3808 ,
649 3757 750 3797 nec
775 3742 1033 3797 diaconos
1053 3752 1146 3797 aut
1176 3744 1567 3809 subdiaconus,
1605 3763 1703 3802 nec
1730 3747 1963 3816 virgines
1984 3792 1997 3815 ,
2028 3768 2128 3807 nec

525 3835 697 3889 altare
724 3838 936 3905 erigere
964 3878 978 3901 ,
1028 3851 1128 3890 nec
1164 3853 1367 3901 ungere
1396 3849 1488 3891 aut
1531 3853 1772 3904 sacrare,
1814 3856 1914 3895 nec
1952 3844 2124 3899 cccle-

478 3914 485 3917 ’
525 3925 633 3977 sias
674 3925 952 3987 dedicare.
988 3941 1086 3980 nec
1131 3927 1367 3981 chrisma
1415 3929 1430 3959 ¹
1466 3930 1758 3992 coniicere.
1807 3948 1905 3987 nec
1951 3934 2127 3990 chris-

524 4024 667 4069 mate
700 4014 1090 4084 baptizatorum
1126 4017 1331 4073 frontes
1360 4021 1577 4091 signare
1599 4063 1613 4086 ,
1645 4038 1745 4078 nec
1772 4026 1983 4093 publice
2009 4028 2123 4095 qui-

524 4108 650 4163 dem
699 4112 752 4162 in
800 4108 962 4162 missa
1009 4126 1337 4180 quemquam
1386 4114 1437 4166 in
1483 4116 1832 4181 ptenitentem
1882 4122 2125 4175 reconci-

522 4200 686 4265 liare,
727 4214 827 4254 nec
856 4199 1116 4256 formatas
1146 4202 1401 4272 epistolas
1440 4207 1654 4261 mittere
1677 4246 1692 4269 ,
1727 4224 1826 4263 nec
1869 4212 2121 4280 populum

522 4291 883 4357 benedicere,
921 4309 1019 4349 nec
1045 4305 1174 4349 ante
1220 4298 1532 4367 episcopum
1578 4299 1629 4352 in
1664 4298 1979 4369 baptisteria
2030 4314 2124 4359 aut

524 4385 578 4439 in
616 4384 855 4439 sacrario
886 4387 1152 4457 introire,
1196 4405 1296 4444 nec
1343 4399 1613 4459 prmsente
1650 4393 1907 4463 episcopo
1949 4396 2122 4451 infan-

2240 3186 2445 3254 luptate
2489 3185 2613 3241 aliis
2643 3184 2709 3240 ad
2757 3183 3102 3239 nutriendum
3150 3182 3551 3238 tribuuntzsed
3591 3182 3687 3250 ipsi
3733 3197 3831 3233 nu-

2239 3283 2423 3342 triant,
2456 3281 2557 3349 ipsi
2592 3280 2819 3334 Domino
2847 3295 2947 3334 suo
2974 3279 3204 3333 fructum
3226 3294 3349 3333 cum
3386 3293 3547 3332 usura
3579 3276 3826 3341 reddant,

2237 3373 2647 3442 fructuososque
2670 3374 2972 3437 manipulos
2994 3374 3041 3427 ei
3070 3387 3192 3427 com
3216 3373 3386 3441 gloria
3411 3380 3826 3440 repraesentant.

2235 3464 2368 3518 Nam
2398 3463 2447 3517 si
2470 3464 2737 3539 Dominus
2762 3464 3027 3531 leprosos,
3065 3462 3205 3517 inter
3233 3471 3459 3519 c:cteras
3494 3461 3673 3515 ovium
3701 3476 3831 3513 sua-

2236 3574 2350 3610 rum
2385 3573 2563 3621 curas,
2600 3556 2775 3624 tetigit
2802 3567 2853 3610 et
2878 3554 3180 3620 mundavit,
3216 3570 3312 3609 cur
3342 3571 3438 3607 nos
3458 3554 3647 3608 eadem
3670 3566 3828 3621 agere

2232 3650 2623 3719 di-dignainur‘?
2655 3649 2762 3704 Aut
2806 3664 2904 3703 cur
2936 3665 3035 3703 nos
3077 3649 3201 3714 ipsi,
3254 3650 3342 3717 qui
3393 3648 3663 3717 pastorale
3707 3648 3827 3701 ofﬁ-

2230 3745 2372 3798 cium
2416 3744 2774 3809 suscepimus,
2818 3741 2938 3794 aliis
2982 3741 3207 3795 alendus
3252 3742 3553 3797 tradimus?
3599 3742 3827 3794 maxime

2230 3850 2352 3889 cum
2395 3836 2655 3889 Dominus
2692 3835 2851 3897 Petro
2899 3836 3215 3904 praeceptori
3262 3847 3448 3891 nostro
3489 3835 3727 3890 dixerit:
3765 3835 3827 3888 Si

2230 3927 2403 3997 diligis
2431 3944 2530 3991 uie,
2561 3943 2712 3996 pasce
2742 3942 2855 3980 oves
2884 3944 3023 3981 meas
3055 3944 3073 3982 :
3100 3936 3153 3981 et
3198 3929 3363 3982 multa
3396 3927 3523 3993 alia,
3560 3936 3613 3981 et
3644 3927 3724 3980 his
3748 3929 3824 3979 si-

2231 4019 2400 4073 milia.
2434 4018 2567 4073 Nam
2593 4019 2922 4085 benedictio,
2948 4035 3107 4090 quam
3132 4020 3375 4089 prmdicti
3398 4025 3419 4056 ⁸
3446 4018 3825 4087 chorepisCopi

2229 4124 2354 4168 ante
2394 4129 2544 4168 suam
2578 4113 3021 4183 prohibitionem,
3054 4130 3148 4182 per
3179 4130 3370 4168 manus
3415 4115 3816 4183 impositionem

2228 4207 2448 4273 dabant,
2494 4206 2663 4278 magis
2709 4209 2868 4262 nobis
2911 4207 3123 4265 videtur
3164 4208 3356 4261 vulnus
3402 4208 3621 4273 inferre,
3663 4222 3821 4275 quam

2228 4302 2481 4355 salutem.
2524 4302 2589 4354 Et
2634 4300 2713 4353 illi
2742 4302 2831 4370 qui
2862 4298 3209 4369 pontificatus
3253 4301 3460 4369 apicem
3510 4314 3614 4355 non
3655 4299 3820 4354 babe-

2234 4394 2381 4460 bant,
2414 4394 2689 4464 quomodo
2728 4409 2814 4460 ea,
2864 4410 2981 4460 qua:
3033 4408 3137 4447 non
3174 4394 3461 4455 habebant,
3494 4394 3623 4448 dare
3668 4402 3822 4463 pote-

522 4488 628 4533 tem
664 4479 869 4550 tingere
905 4491 999 4534 aut
1046 4480 1291 4552 signare,
1326 4499 1425 4539 nec
1456 4485 1805 4554 pcnnitentem
1836 4490 1953 4544 sine
1985 4506 2123 4559 pra:-
2151 4483 2206 4545 D
2233 4487 2385 4542 rant?
2418 4487 2670 4556 quoniam
2705 4487 2838 4540 nihil
2867 4486 2957 4540 in"
2986 4486 3149 4540 dante
3178 4496 3315 4551 erat,
3347 4486 3491 4556 quod
3524 4488 3612 4542 ille
3638 4495 3822 4556 posset

519 4572 773 4639 ceptioue
813 4574 1055 4643 episcopi
1080 4576 1161 4629 sui
1186 4577 1573 4643 reconciliare;
1604 4595 1699 4633 nec
1725 4595 1791 4633 eo
1818 4594 2115 4651 prtesente,

520 4662 620 4716 nisi
654 4664 744 4719 illo
771 4666 791 4695 ¹
813 4667 1070 4735 jubente,
1114 4680 1511 4725 sacramentum
1540 4675 1786 4741 corporis
1824 4687 1875 4731 et
1905 4681 2119 4749 sangui-

521 4754 607 4808 nis
630 4754 829 4809 Christi
866 4760 1164 4823 conﬁcere,
1203 4776 1302 4815 nec
1330 4776 1395 4817 eo
1425 4777 1606 4817 coram
1637 4768 1812 4834 posito
1858 4772 2114 4841 populum

518 4846 717 4901 docere
748 4856 842 4901 aut
878 4849 1116 4905 salutare
1136 4892 1151 4917 ,
1197 4867 1297 4907 nec
1343 4854 1552 4922 plebem
1599 4858 1875 4913 exhortari
1904 4879 1918 4926 ;
1950 4862 1970 4893 ³
2000 4880 2120 4931 qua:

515 4940 697 4994 omnia
739 4940 869 4994 solis
915 4942 1261 5011 pontificibus
1296 4944 1522 5013 deberi,
1555 4958 1661 5005 tam
1709 4965 1778 5006 ex
1823 4956 2122 5023 superiori-

520 5031 654 5095 bus,
683 5046 842 5101 quam
900 5047 963 5087 ex
993 5034 1112 5089 aliis
1158 5034 1374 5093 Patrum
1423 5041 1767 5105 constitutis,
1816 5057 1908 5100 aut
1950 5049 2120 5101 sacris

514 5124 846 5188 canonibus,
876 5125 1055 5183 edocti
1086 5128 1237 5183 estis.
1274 5129 1338 5184 Et
1360 5132 1403 5187 si
1434 5147 1658 5189 necesse
1685 5143 1767 5189 est
1795 5124 2116 5206 quibusdam

514 5216 695 5271 minus
724 5216 1059 5285 scientibus,
1091 5218 1275 5276 doceri
1302 5222 1534 5290 pleniter
1560 5234 1615 5280 et
1641 5226 1832 5283 instrui
1861 5240 2117 5299 possunt,

586 5394 963 5466 ‘,Hispalensis
990 5410 1049 5459 ιι,
1083 5412 1204 5475 cap.
1234 5400 1287 5456 7.

586 5465 786 5495 arui...
863 5465 997 5495 A..:.-I
1047 5467 1081 5495 ο
1122 5483 1219 5495 Α-.-
1268 5474 1287 5495 ιι

586 5465 606 5495 ⁸
628 5465 836 5522 Gelas..
862 5465 1023 5531 cpist.
1047 5467 1102 5533 9,
1119 5465 1239 5538 cap.
1268 5467 1320 5527 ’1.

584 5532 1139 5631 lS."Lt3'ouem
1178 5542 1337 5610 epist.
1368 5543 1458 5601 88.

629 5604 834 5672 Hispal.
861 5618 918 5670 lt,
956 5608 1009 5663 7.

582 5673 844 5731 'Laodic.
879 5678 975 5750 57;
1008 5683 1189 5741 Tolet.
1225 5706 1262 5760 ι,
1296 5692 1384 5750 28.

2228 4580 2495 4649 accipere.
2530 4578 2637 4633 Ant
2663 4579 2784 4647 quis
2830 4579 3127 4644 hominum,
3157 4578 3280 4633 licet
3302 4587 3355 4633 et
3393 4596 3545 4635 more
3587 4581 3821 4634 humano

2230 4672 2533 4742 loquamur,
2572 4673 2700 4726 dare
2737 4682 2915 4742 potest
2954 4673 3096 4741 quod
3142 4689 3246 4727 non
3282 4673 3478 4728 habet?
3510 4675 3818 4730 Pncsertim

2226 4780 2347 4820 cum
2380 4766 2657 4835 pontifices
2702 4784 2806 4822 non
2839 4777 3015 4832 erant,
3062 4784 3123 4823 ea
3156 4784 3274 4836 qua:
3312 4770 3447 4823 solis
3476 4772 3819 4840 pontificibus

2227 4857 2514 4923 debentur,
2546 4859 2677 4914 dare
2724 4876 2832 4913 non
2881 4868 3146 4929 poterant.
3211 4860 3274 4914 Et
3320 4872 3603 4932 propterea
3649 4864 3821 4933 magis

2227 4951 2585 5005 vulnerabant
2631 4953 2825 5020 capita,
2878 4967 2997 5020 quae
3039 4968 3134 5019 per
3180 4968 3369 5007 manus
3419 4955 3817 5023 impositiOocm

2227 5045 2550 5112 tangebam;
2578 5058 2700 5098 cum
2737 5058 2827 5107 ea,
2874 5061 2994 5114 qua:
3034 5046 3117 5101 eis
3144 5046 3337 5100 eollata
3385 5063 3491 5101 non
3524 5060 3699 5113 erant,
3726 5065 3820 5118 per

2223 5136 2457 5205 aliquam
2486 5134 2915 5191 benedictimiem
2940 5137 3150 5193 darent.
3179 5139 3243 5193 Et
3274 5139 3418 5206 ideo,
3452 5140 3710 5210 quidquid
3752 5159 3818 5197 ex

2223 5228 2549 5300 supradictis
2598 5227 2913 5285 ministeriis
2951 5230 3346 5300 pontiﬁcalibus
3396 5234 3814 5303 praesumebant,

2295 5408 2522 5484 °_Innoc.
2566 5407 2606 5474 Ι,
2652 5410 2810 5484 epist.
2851 5412 2916 5479 Ι,
2959 5427 3078 5484 cap.
3110 5413 3182 5479 ὃς
3234 5410 3420 5473 Actor.
3460 5432 3594 5483 vui;
3639 5418 3812 5476 Cone.

2220 5482 2395 5539 Paris.
2422 5497 2497 5544 vt,
2530 5497 2620 5536 an.
2648 5481 2773 5537 859.

2292 5551 2368 5621 ΖΞ
2419 5551 2550 5615 Leo,
2581 5553 2735 5620 epist.
2762 5552 2796 5606 2
2826 5564 2881 5609 et
2910 5556 2961 5620 f,
2990 5570 3109 5621 cap.
3132 5555 3186 5609 2.

2292 5616 2563 5699 fpapiiul.
2594 5616 2683 5679 lib.
2720 5641 2811 5689 vn,
2845 5616 2965 5699 cap.
3004 5616 3126 5699 181.

2288 5695 2307 5726 ⁹
2330 5693 2541 5763 innoc.,
2578 5701 2736 5769 epist.
2765 5699 2856 5768 22’,
2888 5693 3007 5772 c'ap.
3039 5698 3091 5757 3.
