4200 6178
403 280 510 333 457

1703 280 1934 337 OPERA
1973 279 2409 337 APOCRYPHA.
3598 290 3701 343 438

403 393 618 448 irritum
650 402 786 460 erat,
822 403 877 449 et
908 394 1041 449 nihil
1088 396 1244 450 tactis
1277 394 1592 465 proficiebat
1623 412 1635 447 ε
1664 396 1759 449 sed
1803 396 1996 465 magis,
2028 398 2075 457 A
2109 394 2176 448 tri
2206 404 2263 448 et
2292 400 2487 450 summl
2514 398 2745 466 apostoli
2771 398 3013 465 dilectio,
3057 416 3159 470 qua
3191 417 3253 456 se
3280 411 3581 458 amatorem
3610 404 3701 459 Dei

397 488 554 561 juxta
582 488 928 560 prophetam,
988 490 1401 544 maledictionem
1428 505 1523 559 pro
1557 488 1904 543 benedictione
1933 488 1999 557 (si

402 594 584 639 ratum
622 590 709 638 est
734 582 939 644 dicere)
964 582 1336 638 Conterebam.
1362 582 1702 651 QuaprOpter
1730 597 1825 651 per
1846 580 1998 635 illam

400 674 647 728 illicitam
693 675 921 728 manus‘
965 674 1388 743 impositionem,
1443 684 1503 728 ut
1550 674 1710 743 paulo
1755 673 2001 742 superius

401 769 829 839 praalibavimus,
860 768 1240 823 vulneratum’
1273 769 1528 837 caputilli
1561 768 1649 838 qui
1682 767 2002 822 videbantur

398 861 605 930 aliquid
655 861 955 929 accepisse,
990 860 1283 914 habebant.
1316 860 1385 914 Et
1424 860 1511 915 ubi
1549 860 1745 913 vulnus
1778 860 1998 913 inlisum

401 964 509 1019 est,
527 968 749 1008 necesse
768 962 853 1009 est
875 954 1198 1008 medicinam
1221 953 1479 1007 adhibere
1496 969 1629 1023 ,qua
1656 952 1815 1006 inﬁxa
1838 966 1999 1007 sane-

402 1052 490 1100 tur
517 1046 727 1101 macula
760 1064 771 1099 :
806 1045 858 1101 id
900 1055 1005 1113 est,
1036 1048 1280 1101 reiterari
1315 1062 1596 1101 necessum
1639 1058 1720 1101 est
1748 1046 1894 1116 quod
1924 1046 2002 1102 le-

399 1138 587 1208 gitime
635 1146 813 1192 actum
857 1150 947 1192 aut
986 1139 1243 1193 collatum
1292 1139 1516 1194 minime
1557 1141 1908 1208 approbatur,
1955 1138 2001 1193 si

399 1234 702 1303 perfectum
758 1248 878 1287 esse
933 1232 1169 1288 debebit.
1220 1232 1353 1287 Nam
1412 1232 1684 1301 quomodo
1740 1231 1998 1285 honorem

402 1324 579 1394 possit
609 1325 868 1391 retinere,
898 1325 988 1395 qui
1017 1326 1088 1380 ab
1118 1325 1210 1379 illo
1239 1326 1532 1393 acceperit,
1560 1323 1650 1393 qui
1678 1332 1999 1393 potestatem

399 1418 535 1473 dare
584 1418 821 1487 legitimo
868 1434 974 1471 non
1030 1418 1239 1485 habuit,
1286 1419 1529 1471 invenire
1569 1433 1675 1470 non
1732 1431 1999 1486 possum:

400 1524 523 1564 cum
555 1508 667 1571 ille,
695 1509 785 1577 qui
810 1510 1072 1563 honOrem
1105 1508 1465 1578 pontiﬁcalem
1500 1524 1607 1561 non
1641 1508 1845 1570 habuit,
1879 1524 2006 1575 pon-

402 1603 623 1658 titicalia
651 1618 759 1657 non
790 1612 969 1672 potest
994 1603 1112 1671 jura
1148 1604 1389 1659 tribuere
1420 1621 1431 1655 :
1464 1618 1566 1657 nec
1594 1602 1697 1657 hoc
1721 1602 1821 1655 sibi
1846 1614 2000 1672 pote-

399 1708 523 1752 rant
553 1696 849 1762 vindicare,
880 1696 1034 1762 cujus
1063 1710 1292 1766 capaces
1323 1711 1419 1764 per
1442 1694 1544 1748 hoc
1572 1694 1713 1763 quod
1768 1693 1875 1747 illis
1906 1693 2005 1748 0b-

2109 503 2231 544 esse
2254 498 2480 544 testatus
2506 500 2612 556 est,
2640 504 2777 546 vana
2808 493 3112 548 inveniatur
3143 494 3199 547 in
3225 494 3380 549 nobis
3410 498 3703 565 :quoniam

2107 582 2283 636 omnis
2313 583 2648 653 negligenter
2679 598 2909 654 pascens
2939 587 3097 641 toties
3124 586 3226 639 sibi
3263 587 3701 643 commendatum

2108 672 2443 729 Dominieum
2465 691 2704 745 gregem,
2729 679 3069 731 convincitur
3098 694 3366 733 summum
3393 694 3499 733 non
3523 693 3706 735 amare

2106 763 2410 829 Pastorem,
2444 781 2541 819 nec
2571 766 2689 835 ejus
2739 782 2799 822 se
2827 769 2967 822 velle
3012 769 3337 839 discipulum
3370 770 3513 834 fieri,
3553 772 3708 841 cujus

2106 858 2353 925 exempla
2403 859 2623 928 negligit
2670 860 2891 914 imitari.
2925 860 3058 914 Nam
3082 863 3100 892 ⁷
3125 864 3297 932 gratia
3342 879 3565 932 prorsus
3594 879 3705 919 nia-

2099 948 2190 1018 jor
2227 950 2547 1018 aequiiitur,
2590 951 2633 1003 si
2666 952 2734 1004 de
2764 955 3073 1006 commissis
3110 956 3302 1009 ovibus
3332 954 3542 1009 lucrum
3574 956 3706 1012 oﬂ‘e-

2106 1050 2191 1095 rat
2216 1042 2443 1095 Domino
2474 1041 2785 1097 sollicitudo
2827 1046 3078 1113 pastoris.
3115 1046 3245 1101 Nam
3285 1057 3339 1100 et
3368 1046 3583 1100 beatutu
3616 1047 3707 1102 Ja-

2104 1134 2208 1188 cob
2229 1132 2273 1197 ⁸,
2305 1136 2391 1203 qui
2429 1150 2524 1203 pro
2556 1137 2815 1191 uxoribus
2841 1136 2931 1190 diu
2963 1138 3253 1202 servierat,
3282 1138 3486 1193 dixisse
3518 1138 3708 1193 tuemi-

2106 1226 2284 1279 nimus
2322 1242 2334 1279 :
2378 1225 2569 1297 Viginti
2618 1230 2769 1281 annis
2805 1228 2883 1297 fui
2916 1238 3119 1283 tecum:
3154 1245 3269 1282 oves
3300 1239 3404 1283 tua:
3444 1239 3491 1283 et
3530 1246 3708 1298 capue

2106 1318 2305 1371 steriles
2347 1334 2446 1371 non
2486 1323 2695 1389 fuerunt
2730 1336 2747 1373 :
2778 1324 2966 1375 arietes
3010 1322 3179 1393 gregis
3222 1324 3299 1375 tui
3347 1339 3450 1374 non
3491 1323 3709 1388 comedi,

2108 1427 2199 1465 nec
2228 1422 2431 1482 captum
2470 1431 2500 1464 a
2529 1413 2690 1467 bestia
2738 1414 2937 1468 ostendi
2981 1414 3092 1467 tibi.
3129 1414 3241 1487 Ego
3269 1416 3514 1469 damnum
3564 1432 3714 1469 omne

2108 1504 2384 1557 reddebant
2412 1521 2429 1559 :
2460 1516 2509 1559 et
2536 1506 2787 1576 quidquid
2819 1508 2957 1574 furto
2984 1507 3228 1576 perierat,
3257 1526 3287 1560 a
3327 1524 3406 1561 me
3430 1507 3665 1577 exigebas
3691 1524 3708 1560 :

2109 1596 2191 1650 die
2230 1610 2474 1668 nocteque
2498 1609 2627 1653 testu
2664 1600 2848 1653 urebar
2874 1610 2918 1653 et
2944 1601 3061 1673 gelu
3089 1619 3101 1655 :
3135 1602 3361 1672 fugiebat
3408 1618 3619 1656 somnus
3646 1602 3707 1655 ab

2109 1692 2275 1743 oculis
2304 1692 2448 1745 meis.
2482 1693 2540 1748 Si
2572 1708 2701 1763 ergo
2751 1694 2832 1748 sic
2890 1694 3099 1749 laborat
3130 1705 3181 1748 et
3212 1696 3505 1765 vigilatqui
3541 1698 3713 1765 pascit

399 1788 637 1852 stiterat,
672 1804 778 1841 non
819 1786 1056 1843 luerunt.
1093 1788 1259 1856 Ilujus
1305 1801 1434 1856 ergo
1473 1785 1828 1841 discussionis
1858 1784 1878 1815 ³
1906 1800 2001 1840 cu-
2033 1795 2080 1854 B
2111 1800 2241 1838 oves
2295 1784 2499 1849 Laban,
2538 1798 2743 1853 quanto
2774 1786 2981 1850 labore,
3025 1788 3347 1857 quantisque
3391 1788 3590 1858 vigiliis
3616 1788 3713 1843 de-

401 1897 517 1935 rant
544 1880 699 1934 nobis
730 1881 1040 1949 Specialiter
1070 1880 1427 1945 vindicantes,
1463 1879 1533 1932 ita
1565 1877 1994 1932 misericordiam

400 1974 727 2043 irrogamus,
763 1982 819 2027 ut
846 1974 890 2027 si
915 1988 1017 2044 qua
1052 1973 1279 2027 forsitan
1311 1972 1379 2027 de
1408 1973 1489 2025 Itis
1520 1972 1810 2026 commissa
1850 1981 1994 2035 sunt,

398 2070 767 2138 corrigantur,
796 2083 863 2122 ne
891 2068 1018 2122 talia
1050 2068 1213 2123 liceat
1240 2068 1375 2122 ultra
1403 2066 1687 2131 committi,
1718 2074 1772 2119 et
1804 2080 1869 2118 ne
1894 2080 1996 2134 qua

398 2162 681 2215 excusatio
728 2160 797 2215 de
846 2161 1187 2231 ignoratione
1235 2168 1528 2215 nascatur:
1564 2161 1687 2229 quia
1739 2169 1797 2212 ut
1846 2158 1999 2213 nobis

398 2252 815 2322 gratulationem
859 2252 981 2306 lacit
1025 2252 1393 2307 Ecclesiarum
1420 2261 1614 2318 status,
1648 2252 1850 2306 salubri
1889 2250 1998 2305 dis-

403 2345 670 2415 positione
698 2344 996 2417 attributus
1030 2346 1111 2400 vel
1143 2344 1473 2411 adornatus;
1525 2345 1595 2397 ita
1628 2360 1734 2398 non
1767 2344 1867 2399 levi
1901 2358 2000 2397 nos

402 2453 642 2494 mcerore
695 2439 1002 2505 eontristat,
1033 2439 1245 2509 quoties
1291 2440 1467 2507 aliqua
1514 2447 1703 2492 contra
1755 2438 1999 2492 instituta

400 2547 675 2586 canonum
707 2532 792 2585 rel
839 2532 1266 2586 ecclesiasticam
1294 2531 1636 2601 disciplinam
1674 2541 2000 2600 praasumpta

399 2635 492 2678 aut
530 2627 816 2679 commissa
866 2625 1264 2695 cognoscimus.
1308 2625 1438 2691 Quae
1485 2626 1528 2678 si
1569 2640 1674 2678 non
1704 2640 1807 2693 qua
1838 2623 2000 2679 debe-

399 2731 522 2771 mus
553 2716 831 2787 vigilantia
862 2732 1191 2783 resecemus,
1234 2717 1333 2780 illi,
1377 2718 1464 2782 qui
1499 2732 1597 2770 nos
1626 2717 1999 2788 speculatores

402 2824 524 2863 esse
551 2808 743 2872 voluit,
774 2826 873 2863 nos
900 2824 1163 2863 excusare
1193 2824 1297 2863 non
1330 2823 1649 2877 possumus;
1679 2809 1723 2861 si
1751 2808 1867 2877 ejus
1897 2808 1998 2862 Ec-

402 2903 649 2965 clcsiam,
700 2918 819 2972 qna-
870 2902 1026 2956 uobis
1073 2902 1399 2971 generaliter
1445 2903 1735 2956 Commissa
1772 2912 1893 2964 est,
1948 2902 1998 2953 in

401 3006 662 3064 quantum
693 2994 1072 3063 przevalemus,
1122 3010 1306 3063 puram
1358 3011 1382 3045 a
1416 3002 1524 3047 tam
1562 2994 1763 3047 illicitis
1812 3008 2002 3063 super-

401 3090 717 3144 stitionibus
754 3106 858 3143 non
906 3088 1278 3142 custodiamus
1305 3106 1315 3141 :
1338 3088 1461 3157 quia
1492 3104 1597 3141 non
1621 3086 1642 3117 ³⁵
1671 3087 1827 3141 aliter
1865 3101 2001 3140 unus

2101 1875 2190 1930 bet
2221 1877 2522 1942 intendere,
2547 1877 2639 1946 qui
2678 1880 2851 1947 pascit
2880 1894 3008 1931 oves
3041 1879 3155 1932 Dei.
3206 1880 3310 1933 Sed
3343 1881 3395 1932 in
3426 1879 3511 1933 his
3538 1881 3710 1934 omni-

2104 1970 2204 2024 bus
2236 1971 2349 2040 ipse
2377 1986 2475 2024 nos
2503 1971 2753 2035 instruat,
2786 1972 2874 2041 qui
2910 1988 3006 2040 pro
3044 1973 3156 2025 suis
3188 1971 3339 2026 dedit
3364 1973 3555 2027 ovibus
3585 1972 3706 2025 ani-

2104 2078 2283 2127 mam;
2314 2073 2369 2117 et
2398 2064 2615 2132 adjuvet
2646 2080 2766 2129 nos,
2803 2074 2859 2117 ut
2906 2064 2973 2119 de
3005 2064 3089 2117 his
3116 2067 3205 2133 qui
3240 2066 3396 2118 nobis
3426 2067 3702 2120 commissi

2104 2167 2231 2211 sunt
2279 2162 2321 2221 θ,
2375 2160 2604 2213 fructum
2654 2159 3008 2227 multiplicem
3060 2174 3123 2212 ac
3163 2174 3475 2213 mensuram
3521 2174 3711 2230 super-

2105 2249 2364 2306 ﬂuentem
2401 2251 2467 2306 ad
2495 2266 2697 2307 acterna
2725 2253 2919 2322 gaudia
2945 2261 3224 2321 reportare
3250 2250 3534 2308 concedat.
3568 2252 3708 2308 Tall-

2105 2355 2297 2416 tttsque
2320 2361 2414 2400 vos
2438 2346 2575 2401 beati
2608 2346 2648 2377 ¹⁰
2673 2346 2816 2402 Petri
2844 2348 3226 2416 Apostolorum
3272 2346 3533 2417 principis
3555 2362 3708 2402 amor

2104 2437 2379 2502 incendat,
2413 2446 2469 2491 ut
2495 2439 2544 2491 iu
2570 2438 2695 2492 ovili
2728 2438 2919 2508 ipsius,
2953 2439 3038 2493 cui
3065 2454 3253 2493 omnes
3284 2449 3549 2493 creatura:
3576 2450 3700 2494 sunt

2107 2532 2338 2597 traditae,
2365 2546 2554 2587 omnes
2586 2534 2765 2587 taliter
2793 2543 3042 2589 errantes
3068 2544 3119 2588 et
3156 2535 3340 2589 illicita
3372 2546 3532 2605 atque
3573 2550 3697 2605 pro-

2106 2626 2271 2681 hibita
2319 2637 2733 2696 praesumentes,
2781 2630 2989 2683 sanctis
3014 2629 3212 2683 vestris
3258 2629 3449 2683 studiis
3494 2643 3708 2683 summo

2105 2719 2479 2787 redintegrare
2503 2733 2625 2772 cum
2669 2719 2942 2773 desiderio
2971 2719 3237 2774 lestiuetis
3271 2738 3281 2772 :
3312 2720 3546 2791 qualiter
3592 2722 3709 2774 ani-

2107 2826 2209 2864 mtc
2239 2813 2475 2880 pretioso
2504 2812 2702 2865 Christi
2731 2813 2992 2880 sanguine
3024 2812 3343 2881 redemptae,
3374 2828 3563 2867 eorum
3595 2828 3701 2868 non

2109 2910 2333 2970 pereant
2372 2902 2713 2971 deceptione.
2746 2903 2934 2956 Restat
2979 2903 3165 2967 etiam,
3196 2905 3341 2973 quod
3374 2920 3469 2973 per
3509 2906 3704 2959 ostium

2108 2994 2162 3047 hi
2190 3008 2526 3064 nequaquam
2571 2996 2962 3071 subintrarunt.
3011 2996 3136 3065 quia
3174 3011 3278 3049 non
3316 2995 3586 3050 habebant
3616 3010 3705 3050 os-

2108 3093 2238 3145 tiunt
2279 3106 2373 3162 per
2404 3090 2547 3161 quod
2593 3090 3042 3159 ingrederentur:
3074 3092 3197 3161 quia
3240 3089 3322 3160 (ut
3351 3090 3554 3144 dictum
3597 3089 3704 3160 est)

401 3197 536 3253 grex
588 3191 642 3236 et
696 3198 834 3236 unus
880 3190 1065 3253 pastor
1109 3196 1317 3246 smnus,
1374 3182 1498 3261 nisi,
1545 3181 1997 3249 quemadmodum
2030 3183 2071 3245 C
2107 3184 2152 3236 si
2199 3199 2297 3237 nec
2337 3183 2577 3253 epi.copi
2631 3193 2773 3247 sunt,
2816 3191 2872 3237 et
2911 3185 3191 3254 plusquam
3238 3184 3538 3253 presbyteri
3584 3198 3706 3237 esse

402 3273 700 3344 Apostolus
729 3274 906 3337 docet,
932 3272 1175 3344 ldipsum
1197 3273 1431 3325 dicamus
1458 3288 1632 3325 omnes
1661 3288 1678 3325 :
1704 3272 1880 3325 Simus
1908 3288 2001 3323 an-

404 3377 505 3420 tem
527 3366 741 3436 perfecti
768 3369 819 3418 in
848 3365 1023 3419 eodem
1046 3381 1197 3418 sensa
1224 3374 1271 3417 et
1298 3366 1350 3417 in
1390 3364 1571 3417 eadem
1592 3364 1865 3433 sapientia.
1891 3361 2003 3416 Nec

404 3460 565 3513 aliter
606 3460 719 3512 veri
761 3457 1012 3527 discipuli
1052 3457 1262 3510 Domini
1307 3458 1532 3519 erimus,
1580 3456 1682 3510 nisi
1720 3454 2001 3509 radicem"

405 3550 785 3604 amaritudinis
814 3565 1029 3603 sursum
1058 3549 1454 3618 germinantem
1479 3549 1641 3617 (sicut
1673 3550 1795 3613 hoc,
1830 3556 1885 3600 ut
1915 3562 2000 3600 as-

405 3645 610 3708 seritis,
638 3644 797 3697 tnodo
820 3642 993 3710 facit),
1025 3660 1091 3696 tte
1116 3657 1315 3697 nocere
1346 3644 1545 3705 valeat,
1574 3651 1664 3694 aut
1694 3640 2003 3710 episcopale

406 3736 768 3791 ministerium
792 3736 1053 3791 vilescere
1083 3735 1237 3789 faciat
1260 3750 1354 3803 per
1376 3750 1565 3789 eorum
1595 3733 2000 3803 negligentiam,

407 3828 462 3884 id
487 3839 570 3884 est
592 3828 831 3882 omnium
862 3828 1230 3892 sacerdotum,
1255 3831 1343 3898 qui
1375 3826 1780 3888 evelleretnala,
1808 3834 1859 3879 et
1890 3840 2004 3880 nie-

310 3920 321 3931 ’
409 3923 545 3977 liora
580 3923 821 3991 plantare
850 3933 975 3977 sunt
1003 3926 1071 3975 ali
1092 3938 1158 3977 eo
1188 3922 1480 3991 prtepositi,
1516 3923 1883 3989 unusquisque
1909 3934 2004 3987 pro

408 4016 615 4070 viribus
631 4015 935 4084 exsdrpare
965 4014 1215 4069 festinet:
1238 4026 1290 4069 et
1312 4015 1426 4083 ipse
1448 4016 1537 4083 qui
1564 4030 1663 4084 pro
1685 4013 1796 4068 suis
1816 4012 2006 4066 ovibus

411 4118 497 4163 est
524 4116 731 4162 aiterno
751 4107 919 4176 judici
962 4108 1227 4161 rationem
1258 4106 1587 4173 redditurus,
1623 4120 1715 4159 cas
1739 4104 1928 4159 fovere
1952 4113 2007 4159 et

411 4201 646 4255 educare
677 4200 943 4254 decertet.
987 4199 1041 4254 Si
1083 4200 1291 4253 Domini
1324 4198 1702 4253 desideramus
1746 4212 1869 4252 esse
1921 4195 2006 4249 di-

411 4292 631 4362 scipuli,
666 4294 833 4361 ipsius
864 4294 1133 4346 imitemur
1154 4290 1555 4362 vestigia,ntde
1582 4291 1736 4345 nobis
1764 4289 2002 4343 dicatur:

413 4384 527 4454 Ego
557 4401 670 4437 sum
696 4383 885 4438 Pastor
913 4384 1096 4449 bonus,
1124 4392 1173 4438 et
1210 4399 1457 4453 cognosco
1485 4400 1599 4436 oves
1630 4398 1790 4447 meas,
1820 4391 1865 4434 et
1888 4396 2007 4433 voco

412 4493 498 4532 eas
524 4478 847 4543 nominatim,
880 4486 925 4529 et
957 4486 1276 4547 cognoscunt
1306 4492 1383 4529 me
1413 4491 1567 4540 meae;
1596 4484 1650 4527 et
1683 4474 1907 4542 reliqua.
1944 4472 2009 4526 Et

2106 3279 2385 3332 ambiunt:
2416 3294 2509 3347 per
2535 3278 2679 3347 quod
2707 3279 2904 3331 ostium
2933 3277 3233 3340 intrabunt,
3266 3290 3387 3329 cum
3415 3275 3467 3327 hi
3495 3285 3702 3329 tantum

2106 3368 2213 3423 duo
2250 3369 2471 3424 ordines
2519 3372 2569 3422 in
2617 3369 2860 3425 Ecclesia
2894 3370 3162 3439 leguntur,
3218 3383 3318 3422 nec
3366 3368 3593 3437 amplius
3638 3366 3704 3423 ad

2109 3465 2385 3532 pastorale
2416 3460 2655 3515 cilicium
2706 3462 2922 3529 aliquod
2970 3470 3115 3529 patet
3166 3459 3391 3525 ostium,
3426 3474 3522 3528 per
3561 3458 3704 3528 quod

2108 3565 2293 3627 pastor
2318 3556 2521 3610 intret?
2546 3555 2764 3618 Audite,
2794 3555 3007 3618 fratres,
3042 3569 3149 3607 non
3175 3568 3280 3619 me,
3312 3552 3407 3607 sed
3434 3553 3603 3621 lpSam
3627 3552 3707 3606 di-

2107 3659 2321 3704 centem
2355 3649 2651 3703 Veritatem
2679 3667 2689 3701 :
2715 3648 2812 3714 Qui
2855 3664 2958 3701 non
2982 3649 3135 3701 intrat
3159 3664 3250 3717 per
3280 3649 3464 3701 ostium
3491 3648 3546 3699 in
3580 3648 3709 3701 ovile

2108 3744 2299 3807 ovium,
2354 3741 2442 3795 sed
2492 3742 2725 3795 ascendit
2773 3741 3001 3805 aliunde,
3056 3741 3138 3793 hic
3183 3740 3267 3807 [ur
3320 3750 3393 3793 est
3437 3749 3483 3792 et
3540 3722 3705 3803 latro,

2110 3842 2165 3889 et
2224 3834 2450 3903 reliqua.
2512 3834 2645 3887 Cum
2699 3833 2860 3887 etiam
2930 3831 3179 3902 egregius
3244 3831 3566 3900 praedicator
3624 3830 3707 3884 di-

2110 3939 2194 3982 cat
2222 3944 2233 3980 :
2262 3926 2678 3980 Fundamentum
2724 3926 2872 3979 aliud
2919 3942 3063 3979 nemo
3110 3934 3273 3996 potest
3319 3940 3528 3993 ponere,
3575 3938 3709 3993 prte-

2113 4034 2186 4075 ter
2230 4022 2299 4074 id.
2327 4021 2466 4089 quod
2513 4020 2736 4089 positum
2788 4030 2861 4073 est
2903 4034 3070 4073 :cunt
3121 4019 3376 4088 praedicta
3432 4019 3541 4072 duo
3586 4016 3708 4071 fun—

2111 4113 2363 4168 damenta
2416 4112 2470 4165 iti
2526 4110 2770 4165 Ecclesia
2823 4120 3025 4164 tantum
3092 4110 3457 4163 inveniantur
3493 4110 3705 4179 posita,

2112 4204 2369 4276 quidquid
2418 4206 2648 4269 amplius
2691 4206 2924 4274 positum
2954 4204 3007 4258 in
3039 4203 3121 4257 his
3171 4202 3473 4257 inveniatur
3499 4244 3513 4267 ,
3564 4212 3710 4256 stare

2113 4300 2420 4354 nullatenus
2446 4299 2664 4368 poterit.
2704 4300 2767 4353 Et
2809 4298 2959 4362 ideo,
3002 4312 3124 4351 cum
3156 4296 3406 4350 omnibus
3447 4294 3560 4350 suis
3592 4292 3712 4349 lun-

2113 4390 2380 4445 dauientis
2400 4431 2414 4455 ,
2448 4400 2503 4445 et
2532 4392 2836 4445 actionibus
2854 4432 2868 4455 ,
2893 4399 3051 4459 atque
3074 4387 3345 4442 radicibus
3374 4386 3713 4441 utevellatur

2116 4498 2340 4538 necesse
2372 4492 2455 4535 est
2479 4524 2493 4548 ,
2526 4483 2595 4536 ita
2628 4494 2682 4535 ut
2712 4483 2943 4551 amplius
2973 4481 3240 4550 pullulare
3280 4493 3381 4532 nec
3406 4477 3713 4548 germinare

412 4571 609 4626 iterum
641 4570 931 4625 monente6
960 4569 1253 4624 Dominica:
1284 4570 1429 4623 vocis
1464 4567 1707 4637 imperio,
1742 4580 1849 4636 quo
1880 4565 2002 4619 bea-

2121 4577 2314 4631 valeat.
2344 4576 2455 4630 Non
2479 4592 2608 4647 ergo
2625 4584 2867 4646 generet,
2912 4585 2967 4629 et
2989 4590 3091 4628 non
3120 4575 3277 4627 iaciat
3298 4573 3475 4636 vobis,
3496 4573 3710 4634 fratres,

413 4665 653 4719 tissimus
683 4664 963 4733 apostolus
988 4662 1178 4717 Petrus
1229 4663 1367 4717 trina
1400 4662 1721 4733 repetiionc
1765 4660 2008 4731 mystica:

412 4757 859 4811 sanctiﬁcationis
891 4757 1170 4822 imbuitur,
1217 4756 1261 4809 is
1288 4755 1487 4809 Christi
1520 4770 1670 4819 oves,
1704 4755 1793 4823 qui
1824 4751 2007 4808 Chris-

414 4854 526 4900 tum
571 4858 737 4912 antat,
777 4846 1067 4917 diligenter
1114 4858 1168 4901 et
1207 4862 1328 4900 cuni
1375 4862 1563 4915 magna
1604 4861 1731 4899 cura
1778 4852 2006 4914 pascat:

412 4944 666 5012 quoniam
699 4943 871 5010 ipsius
901 4952 1101 4996 sancta:
1145 4942 1311 5008 sedis,
1357 4944 1441 4995 cui
1486 4958 1580 5011 per
1625 4942 2009 4995 abundantiam

414 5033 614 5088 divinae
643 5034 828 5104 gratim
852 5050 1173 5105 praesumus,
1205 5050 1389 5087 amore
1416 5045 1470 5087 et
1496 5034 1802 5087 reverentia
1828 5047 2014 5086 coarc-

416 5137 632 5190 tamur;
667 5137 724 5180 ut
751 5136 915 5180 tanta:
942 5127 1359 5196 superstitionis,
1391 5141 1509 5196 qum
1537 5125 1739 5179 nullius
1767 5125 1847 5193 (ut
1868 5138 2014 5191 saepe

414 5216 617 5271 dictum
640 5217 744 5288 est)
760 5217 983 5272 fulcitur
1010 5218 1356 5283 auctoritate,
1392 5217 1717 5288 periculum,
1752 5227 2013 5285 quantum

413 5324 728 5379 possumus,
760 5308 1135 5377 declinemus;
1168 5326 1235 5366 ne
1266 5313 1409 5365 beati
1441 5310 1681 5379 magistri
1712 5310 1884 5364 nostri
1916 5310 2015 5364 l‘e-

495 5435 508 5462 ¹
532 5434 625 5497 25,
654 5449 688 5498 ι,
722 5450 815 5503 qu.
843 5434 874 5487 ’1
901 5450 915 5497 ;
944 5444 997 5487 et
1022 5435 1075 5495 3,
1108 5450 1181 5495 Ix,
1206 5449 1295 5502 qu.
1334 5435 1389 5500 1,
1421 5432 1524 5487 Per
1548 5433 1781 5487 illicitum
1809 5449 2011 5488 manus.

492 5506 511 5533 ¹
554 5505 697 5558 Idem
722 5503 1000 5560 lnnocent.
1036 5507 1155 5560 loco
1178 5507 1271 5558 cit.

496 5574 517 5604 ³
539 5576 599 5631 S.
632 5575 762 5639 Leti,
791 5579 950 5644 epist.
986 5577 1037 5640 1,
1066 5593 1187 5643 cap.
1220 5576 1273 5628 2.

498 5645 516 5674 ³
538 5648 596 5705 S.
630 5644 761 5705 Leo.
794 5648 952 5705 epist.
980 5646 1036 5705 4.
1070 5664 1189 5705 cap.
1220 5647 1273 5699 2.

499 5664 516 5674 '
538 5664 596 5705 δ.
630 5664 761 5711 ιλεο,
794 5664 952 5715 ευιει.
980 5664 1036 5712 4-,
1070 5664 1189 5716 cap.
1220 5664 1274 5699 Ζ.

499 5716 802 5798 ξῃθςιὴηυδ
830 5717 1250 5798 papa,_consult.
1282 5720 1336 5785 l,
1365 5730 1522 5773 conc.
1546 5715 1727 5774 Later.

496 5786 518 5818 ⁵
540 5788 599 5844 S.
630 5787 761 5857 Leo,
792 5789 953 5859 epist.
984 5790 1038 5845 4.
1070 5848 1080 5859 ,
1698 5826 1701 5831 μ

2121 4673 2279 4725 toties
2306 4674 2530 4740 repetita
2563 4670 2763 4724 locutio
2794 4667 3096 4722 fastidiunt:
3133 4668 3254 4736 quia
3287 4681 3496 4720 summa
3526 4678 3714 4719 neces-

2118 4762 2249 4817 sitas
2280 4774 2362 4816 est
2416 4764 2612 4830 smpius
2645 4762 2939 4830 prohiberi,
2984 4758 3125 4829 quod
3176 4759 3359 4823 toties,
3409 4766 3527 4812 uta
3558 4758 3713 4812 vobis

2119 4856 2492 4925 cognovimus,
2526 4856 2709 4909 illicite
2733 4865 3018 4925 usurpatur
3045 4874 3056 4909 :
3086 4866 3139 4911 et
3169 4853 3422 4925 quoniam
3451 4852 3648 4907 veritas
3672 4853 3710 4882 “

2117 4950 2312 5019 saepius
2343 4951 2645 5019 exagitata,
2695 4952 2863 5020 magis
2911 4950 3240 5019 splendescit
3287 4950 3339 5003 iit
3390 4948 3609 5003 lucem:
3661 4954 3718 5001 et

2117 5041 2258 5111 quod
2294 5040 2454 5095 toties
2483 5042 2776 5110 repetendo
2802 5042 3123 5097 admonetur
3144 5084 3157 5107 ,
3194 5043 3370 5096 minus
3399 5046 3708 5107 usurpatur.

2118 5130 2293 5198 Super
2322 5135 2401 5185 his
2428 5133 2570 5185 enini
2600 5136 2763 5186 multa
2804 5134 2914 5202 jam
2953 5134 3018 5187 ab
3043 5132 3478 5187 anteCCSSoribus
3516 5126 3716 5181 nostris

2118 5222 2256 5276 dicta
2303 5231 2424 5276 sunt
2456 5240 2467 5274 :
2502 5240 2528 5274 a
2558 5223 2754 5293 quibus
2797 5225 2934 5294 ipsi,
2982 5226 3120 5279 sicut
3159 5236 3302 5277 nunc
3345 5234 3379 5273 a
3408 5219 3594 5282 nobis,
3642 5216 3713 5269 ita

2118 5316 2246 5369 olim
2274 5315 2341 5369 ab
2367 5316 2446 5371 eis
2468 5315 2704 5371 damnati
2732 5328 2785 5373 et
2809 5317 3060 5387 prohibiti
3089 5324 3232 5371 sunt.
3258 5313 3384 5368 Ideo
3409 5310 3603 5380 smpius
3630 5323 3717 5363 re-

2122 5442 2152 5495 f.
2193 5437 2212 5465 "
2236 5436 2292 5490 S.
2326 5436 2511 5506 Greg..
2538 5439 2698 5507 epist.
2728 5438 2819 5499 45,
2850 5438 2942 5490 lib.
2967 5453 3082 5492 vm.

2193 5508 2214 5538 ⁸
2253 5508 2396 5561 Ideni
2418 5549 2432 5569 .
2466 5510 2625 5573 epist.
2651 5510 2740 5570 t8,
2783 5509 2876 5561 lib.
2908 5523 3003 5561 vn.

2193 5580 2212 5609 ⁹
2251 5579 2395 5631 Idem
2424 5577 2675 5646 Gregor.,
2702 5578 2917 5631 ibidem.

2196 5649 2237 5678 ¹⁰
2277 5648 2440 5709 ιίιυιιι,
2472 5652 2628 5717 epist.
2659 5648 2726 5702 97
2754 5648 2997 5716 ejusdem
3030 5651 3123 5707 lib.
3157 5666 3250 5708 vn.

2198 5719 2239 5751 ¹¹
2280 5719 2529 5775 Zozimtts
2551 5760 2565 5785 ,
2593 5721 2754 5791 epist.
2786 5720 2839 5786 1,
2865 5734 2983 5791 cap.
3016 5722 3071 5777 2.
