4200 6178
457 270 565 327 459

1348 256 1596 319 SANCTI
1634 257 1895 316 DAMAS!
1934 256 2137 314 ΡΛΡᾸΞ
2168 257 2400 314 OPEllA
2442 252 2876 314 APOCRYPIIA.

3660 260 3768 314 κίἕο

460 394 730 459 petentes,
755 395 943 437 omnes
971 391 1277 445 monemus,
1306 384 1365 430 ut
1395 375 1568 430 vitent
1593 371 1924 444 huiusmodi,
1953 382 2007 429 et
2028 388 2058 428 a
2084 373 2139 434 Α
2163 382 2429 444 quatenus
2455 372 2527 427 ita
2568 386 2692 426 cum
2730 371 3045 441 operatione
3071 380 3405 443 cooperante
3436 371 3764 431 inveniamus

464 478 661 534 talibus
688 491 747 531 se
792 473 1119 537 abstineant,
1163 469 1252 540 qui
1299 469 1576 524 noluerint
1620 482 1724 523 una
1748 482 1870 523 cum
1912 468 1991 523 eis
2036 482 2065 521 a

464 566 799 628 Sacerdotali
831 563 1160 624 ministerio,
1187 569 1245 616 ut
1265 560 1530 627 rebelles,
1564 560 1679 614 fieri
1707 561 1887 615 alieni.
1910 559 2066 628 Quod

462 666 535 718 ita
561 663 775 716 denmm
809 658 1038 728 probare
1088 657 1409 726 poterimus,
1437 656 1482 709 si
1515 655 1650 710 tales
1680 655 1979 724 extirpare,
2011 663 2069 707 et

463 770 571 810 non
603 754 682 809 eis
734 752 913 805 lavere
941 748 1355 804 decertaveritis
1382 764 1394 801 :
1435 756 1489 802 et
1520 747 1593 802 ita
1639 747 1692 801 in
1724 738 2065 818 postmodum

462 847 531 901 de
562 846 651 900 tali
680 860 737 900 re
764 843 983 914 querela
1014 840 1278 906 cessabit,
1306 840 1429 909 quia
1457 841 1472 871 ¹
1506 840 1848 895 contumelia:
1890 838 2069 894 studio

465 942 557 1008 lit,
586 939 847 1012 quidquid
898 938 1244 992 interdictum
1286 936 1449 1007 toties
1486 944 1797 1004 usurpatur.
1827 935 2017 988 Omnia
2048 936 2068 965 ²

463 1036 581 1090 haec
602 1033 890 1088 decretalia
910 1072 926 1097 ,
956 1041 1009 1089 ct
1031 1040 1347 1086 cunctorum
1370 1029 1833 1098 pra:decessorum
1858 1038 2073 1084 nostro-

463 1144 585 1182 rum
635 1126 957 1188 constituta,
1005 1138 1125 1194 quae
1153 1122 1221 1176 de
1264 1120 1649 1176 ecclesiasticis
1690 1120 1971 1174 ordinibus
2018 1129 2073 1176 et

468 1235 736 1274 canonum
769 1217 1101 1287 promulgata
1146 1226 1272 1271 sunt
1299 1214 1632 1283 disciplinis,
1668 1214 1739 1267 ita
1768 1228 1797 1267 a
1830 1214 1981 1268 vobis
2020 1224 2075 1268 et

466 1316 721 1370 omnibus
750 1312 1049 1381 episcopis,
1100 1326 1161 1366 ac
1185 1309 1394 1365 eunetis
1419 1308 1743 1378 generaliter
1773 1307 2071 1362 sacerdoti-

472 1409 571 1463 bus
604 1406 865 1462 custodiri
903 1405 1103 1460 dehere
1147 1403 1502 1465 mandamus,
1550 1412 1607 1456 ut
1651 1402 1693 1456 si
1724 1400 1843 1470 quis
1886 1402 1938 1455 in
1984 1401 2071 1455 illa

470 1486 832 1565 commiserit,
862 1499 1074 1551 veniam
1103 1496 1203 1551 sibi
1233 1494 1489 1565 deinceps
1525 1493 1738 1548 noverit
1766 1492 2022 1562 denegari
2056 1511 2068 1546 :

470 1593 725 1663 quoniam
772 1597 1083 1645 occurreret
1130 1587 1358 1650 veritas,
1395 1587 1439 1639 si
1484 1583 1690 1639 falsitas
1736 1584 2073 1655 displiceret.

470 1684 539 1739 Et
570 1676 764 1739 merito
793 1697 912 1748 nos,
943 1681 1032 1751 qui
1065 1694 1272 1734 summa
1304 1678 1561 1733 Ecclesia:
1585 1686 1770 1732 tenere
1811 1676 2073 1732 debemus

2164 476 2221 522 ct
2249 464 2618 521 confessorem
2666 466 2862 533 Deum,
2905 464 2996 535 qui
3030 464 3202 519 dicit:
3242 464 3343 520 Ubi
3388 465 3494 519 duo
3534 476 3644 521 sunt
3686 470 3765 524 rel

2168 570 2269 617 tres
2299 561 2593 633 congregati
2624 561 2677 613 in
2704 560 2911 613 nomine
2946 576 3087 627 meo,
3118 558 3189 613 ibi
3218 574 3331 613 sum
3376 560 3429 613 in
3476 562 3641 616 medio
3678 578 3762 616 eo-

2166 670 2301 706 rum.
2330 652 2461 707 Nam
2485 662 2539 708 et
2564 653 2820 707 Dominus
2848 660 3034 706 noster
3053 651 3209 707 Jesus
3230 649 3486 708 Christus
3515 652 3703 710 ludam
3726 656 3765 685 ¹⁹

2169 746 2343 802 furem
2367 761 2489 802 esse
2513 745 2718 802 sciebat
2744 763 2757 799 :
2790 745 2885 800 sed
2916 746 3173 816 quoniam
3217 762 3322 800 non
3350 756 3432 801 est
3459 749 3773 816 prmsentia-

2169 842 2293 896 liter
2321 848 2624 902 accus:itus,
2676 840 2798 896 ideo
2844 855 2947 895 non
2989 851 3071 895 est
3104 840 3330 910 ejectus.
3380 840 3491 896 Nec
3530 857 3628 897 vos
3668 842 3777 897 ullo

2171 931 2334 987 modo
2364 946 2524 1002 agere
2563 940 2800 1000 oportet,
2846 930 2989 1001 quod
3032 932 3123 986 ille
3163 931 3334 986 noluit
3371 932 3569 988 facere.
3606 932 3779 1002 Leges

2172 1025 2315 1079 enim
2349 1024 2529 1078 saeculi
2561 1035 2903 1079 accusatores
2947 1034 3245 1093 prmsentes
3274 1026 3489 1095 exigunt
3512 1069 3526 1091 ,
3570 1036 3625 1081 et
3664 1041 3778 1082 non

2172 1132 2272 1189 per
2311 1117 2509 1187 scripta
2552 1116 2824 1172 absentes.
2860 1116 3013 1173 Unde
3045 1118 3302 1172 canonica
3335 1127 3539 1188 patrum
3568 1119 3778 1173 consti-

2177 1220 2287 1265 tuta
2314 1212 2353 1241 ἰ
2386 1218 2491 1264 non
2526 1210 2712 1274 semel,
2749 1209 2843 1264 sed
2870 1210 3171 1279 saepissime
3200 1211 3461 1276 clamant,
3491 1226 3590 1266 nec
3614 1227 3775 1267 accu-

2175 1306 2413 1360 sationes
2442 1322 2541 1362 nec
2570 1306 2879 1361 testimonia
2911 1306 3074 1360 ullum
3103 1321 3201 1376 per
3228 1306 3428 1375 scripta
3459 1320 3616 1375 posse
3656 1319 3779 1375 pro-

2177 1400 2357 1454 ferre:
2388 1414 2487 1455 nec
2523 1398 2591 1454 de
2631 1399 2753 1455 aliis
2795 1400 3022 1470 negotiis
3054 1399 3380 1469 quicumque
3410 1398 3779 1455 testimonium

2176 1489 2388 1553 dicant,
2432 1490 2531 1544 nisi
2563 1490 2632 1545 de
2674 1490 2757 1544 his
2805 1506 2925 1561 qua:
2959 1490 3059 1545 sub
3104 1490 3390 1560 praesentia
3433 1506 3619 1546 eorum
3662 1500 3780 1547 acta

2176 1598 2299 1640 esse
2322 1593 2637 1639 noscuntur.
2658 1582 2924 1639 Similiter
2944 1592 3000 1639 et
3020 1584 3109 1654 qui
3138 1584 3307 1638 alium
3328 1598 3584 1639 accusare
3601 1585 3640 1616 ¹²
3669 1586 3782 1641 ele-

2177 1678 2343 1747 gerit,
2372 1692 2613 1746 prazsens
2643 1677 2715 1744 ⁸³,
2745 1692 2843 1748 per
2871 1691 2961 1743 se,
2992 1685 3041 1730 ct
3078 1691 3183 1730 non
3217 1692 3311 1746 per
3339 1676 3501 1731 alium
3526 1686 3779 1744 accuset,

470 1776 861 1846 gubernacula,
915 1789 1074 1829 causa
1127 1773 1347 1841 reSpicit
1373 1816 1385 1839 ,
1440 1773 1484 1827 si
1538 1772 1754 1826 silentio
1801 1770 2076 1826 faveamus
2106 1764 2154 1825 B
2182 1771 2528 1841 inscriptione
2551 1771 2796 1826 videlicet
2824 1770 3120 1840 praemissa.
3146 1769 3331 1841 Neque
3361 1771 3505 1827 ullus
3529 1786 3779 1841 umquam

469 1869 662 1923 errori.
697 1868 885 1921 Datum
922 1865 1169 1921 kalendis
1214 1864 1392 1931 Junii,
1425 1864 1445 1895 ³
1491 1862 1644 1918 Libio
1675 1873 1730 1920 et
1767 1862 2076 1918 Theodosio

473 1961 603 2015 viris
625 1960 946 2015 clarissimis
973 1958 1305 2015 consulibus.

1048 2075 1385 2133 EPISTULA
1414 2074 1503 2131 IV.

474 2198 627 2252 Jubet
657 2214 721 2252 ne
746 2212 835 2269 per
876 2196 1069 2267 scripta
1110 2196 1164 2247 in
1209 2202 1502 2265 posterum,
1534 2193 1623 2248 sed
1663 2209 1752 2265 per
1798 2193 2080 2265 legitimum

548 2299 896 2343 accusatorem
919 2328 933 2351 ,
982 2287 1093 2355 quis
1123 2286 1186 2339 ab
1213 2286 1285 2340 eis
1308 2285 1574 2357 judicetur
1602 2302 1620 2338 :
1656 2293 1703 2339 et
1729 2300 1900 2339 causa:
1926 2286 2079 2339 etiam

540 2381 851 2455 judicandte
879 2398 1055 2436 omnes
1080 2381 1147 2434 ad
1175 2381 1516 2451 apostolicam
1554 2380 1725 2435 sedem
1752 2380 2075 2450 deferantur.

480 2500 758 2555 Universis
787 2498 1058 2568 episcOpis
1082 2512 1178 2569 per
1203 2498 1367 2553 Italiae
1398 2498 1704 2568 provincias
1734 2499 2043 2553 constitutis
2064 2542 2079 2567 ,

660 2591 922 2646 Damasus
951 2592 1272 2663 episcopus,
1303 2591 1355 2645 in
1390 2591 1619 2647 Domino
1649 2592 1897 2648 salutem.

550 2708 897 2776 Optaveram,
928 2706 1268 2762 dilectissimi
1297 2707 1338 2771 ³,
1358 2721 1455 2777 pro
1483 2709 1650 2762 nostri
1682 2707 1943 2763 cltaritate
1970 2708 2083 2763 col-

470 2799 642 2871 legii,
690 2815 879 2854 omnes
910 2798 1124 2853 Domini
1156 2800 1469 2855 sacerdotes
1510 2799 1672 2870 (sicut
1716 2799 1768 2854 in
1815 2801 2083 2870 primitiva

482 2893 579 2947 fuit
607 2892 867 2965 Ecclesia)
898 2908 1062 2947 unum
1092 2908 1216 2949 esse
1244 2908 1340 2947 cor
1367 2905 1421 2948 et
1447 2893 1680 2948 animam
1713 2910 1896 2961 unam,
1924 2903 2086 2966 atque

484 2988 540 3039 in
566 3000 669 3039 una
701 2984 993 3040 devotione
1026 2985 1337 3053 persistere,
1368 3000 1467 3039 nec
1488 3001 1811 3056 quemquam
1834 2983 2087 3041 sacerdo-

484 3086 623 3143 tum,
653 3076 825 3147 gratia
858 3086 949 3130 aut
976 3075 1267 3131 formidine
1294 3077 1633 3132 saecularium
1661 3078 1966 3149 depravari,
1995 3089 2088 3134 aut

2172 1863 2464 1933 iudicetur,
2494 1872 2781 1932 antequam
2815 1862 3083 1932 legitimos
3106 1871 3453 1917 accusatores
3484 1869 3781 1932 prresentcs

2181 1958 2393 2023 habeat,
2424 1958 2710 2027 locumque
2752 1956 3074 2012 defendendi
3116 1957 3350 2024 accipiat
3395 1955 3461 2010 ad
3511 1957 3779 2013 abluenda

2178 2053 2426 2107 crimina.
2453 2051 2762 2107 Curandum
2811 2066 3047 2122 namque
3078 2060 3197 2118 est,
3238 2066 3306 2105 ne
3348 2051 3426 2105 ira
3456 2065 3778 2121 quemquam

2179 2146 2461 2215 subripiat,
2494 2144 2759 2216 faciatque
2786 2144 2948 2199 citius
2967 2159 3147 2208 omne,
3173 2143 3312 2223 quod
3342 2158 3449 2198 non
3478 2144 3626 2198 licet.
3655 2142 3781 2199 Om-

2182 2242 2432 2312 nipotens
2462 2240 2603 2294 Deus
2634 2239 2749 2293 bmc
2788 2252 2887 2293 vos
2912 2246 2965 2293 et
2992 2247 3185 2292 cuncta
3227 2236 3411 2292 divina
3442 2237 3692 2291 mandata
3722 2248 3778 2292 ct

2180 2335 2475 2405 apostolica
2505 2342 2773 2405 przecepta
2804 2332 3193 2396 custodientes,
3229 2331 3283 2386 in
3316 2332 3526 2386 cunctis
3570 2332 3781 2387 actibus

2182 2429 2376 2484 vestris
2405 2429 2644 2484 caelestis
2668 2426 2871 2483 brachii
2893 2426 3213 2482 extensione
3236 2432 3499 2494 protegat,
3528 2434 3688 2494 atque
3712 2424 3781 2480 ad

2182 2522 2420 2578 cmlestis
2444 2519 2941 2576 remunerationem
2973 2519 3163 2589 patria:
3193 2532 3315 2572 cum
3348 2516 3632 2587 multiplici
3666 2517 3783 2571 ani-

2185 2631 2391 2670 marum
2420 2614 2596 2669 fructu
2621 2613 2897 2684 perducat.
2927 2613 3121 2668 Amen.
3151 2612 3278 2666 Data
3304 2611 3463 2667 tertio
3492 2610 3612 2665 idus
3635 2612 3781 2678 apri-

2186 2708 2280 2772 lis,
2317 2705 2361 2737 "'
2407 2707 2602 2762 Siricio
2644 2714 2700 2761 et
2728 2703 3007 2760 Ardabure
3051 2704 3179 2760 viris
3220 2704 3539 2759 clarissimis
3588 2717 3783 2758 consu-

2188 2800 2325 2855 libus
2354 2800 2417 2853 ¹⁵.
3508 2814 3511 2817 ‘

2768 2889 3103 2946 EPISTOLA
3141 2889 3208 2950 γ.

2548 3025 2614 3063 ΑΙ)
2646 3021 2989 3062 BIEBDNYMUII
3018 3019 3418 3060 PRESBYTERUH.

483 3185 514 3224 a
560 3136 938 3225 viavveritatis
987 3184 1206 3240 quoquo
1249 3170 1410 3225 modo
1457 3136 1772 3227 abscedere.
1816 3171 1921 3227 Sed
1956 3136 2085 3242 quia
2113 3149 2158 3212 (ἶ
2195 3136 3788 3242 θθωθευεθνίεοορυε[Γδῑτξθιεοιιιριεειιγιθιοιιίετοιιγιηο

486 3261 654 3316 multa
699 3276 819 3331 qu‘e
852 3261 1048 3331 corrigi
1091 3270 1355 3330 possunt,
1398 3263 1754 3331 proveniunt,
1788 3271 1842 3317 et
1870 3274 2091 3331 supcrat

486 3354 644 3424 culpa
691 3353 1123 3424 delinquentium
1175 3353 1547 3408 misericordia
1596 3355 1729 3409 Dei:
1763 3365 1922 3425 atque
1966 3356 2090 3411 ideo

486 3446 837 3516 suspenditur
863 3448 1014 3510 ultio,
1040 3452 1114 3502 ut'
1139 3448 1305 3517 possit
1339 3447 1516 3502 locum
1559 3448 1758 3505 habere
1798 3450 2088 3505 correctio.

493 3538 742 3592 Relatum
765 3547 847 3593 est
865 3541 1008 3594 enim
1030 3539 1095 3593 ad
1114 3539 1297 3595 sedem
1314 3540 1335 3570 "
1360 3540 1736 3609 apostolicam,
1761 3557 1857 3595 vos
1872 3556 2093 3596 accusa-

493 3634 670 3687 tiones
687 3632 910 3685 fratrum
935 3646 1030 3702 per
1041 3632 1236 3701 scripta
1251 3633 1529 3702 suscipere
1542 3633 1743 3704 absque
1756 3634 1996 3703 legitimo
2010 3649 2094 3689 ac-

492 3736 762 3781 cusatore.
794 3723 947 3793 Quod
973 3723 1228 3793 deinceps
1253 3726 1304 3779 in
1327 3726 1470 3779 omni
1496 3726 1630 3781 orbe
1674 3734 1940 3781 terrarum
1976 3728 2091 3782 fieri

492 3810 788 3891 apostolica
808 3820 1126 3874 auctoritate
1151 3819 1519 3888 prohibemus,
1539 3828 1594 3873 et
1622 3820 1764 3889 quod
1797 3835 1966 3889 nuper
1988 3820 2091 3875 fac-

497 3923 608 3967 tum
622 3923 697 3967 est
710 3912 934 3981 ,absque
949 3911 1094 3965 nulla
1107 3918 1217 3965 reta
1227 3910 1472 3964 rdatione
1484 3911 1678 3980 corrigi
1695 3925 1948 3980 rogamus
1966 3929 1977 3964 :
1996 3928 2095 3968 nec

498 4019 752 4072 umquam
781 4004 929 4071 prius
952 4018 1047 4071 per
1085 4004 1525 4073 scripta,'eorum
1555 4004 1643 4072 qui
1673 4015 1996 4059 accusantur
2037 4006 2091 4071 ⁸,

492 4111 711 4153 causam
744 4096 1014 4149 discutere
1040 4096 1219 4156 liceat,
1263 4112 1423 4164 quam
1455 4098 1473 4127 ⁷
1506 4112 1601 4166 per
1645 4099 2045 4167 querulantium
2076 4102 2097 4130 ⁸

497 4189 864 4245 institutiones
894 4189 1068 4243 vocati
1100 4192 1360 4245 canonice
1388 4191 1453 4243 ad
1482 4190 1749 4261 synodum
1782 4193 2020 4256 veniant,
2043 4204 2099 4249 et

470 4298 471 4301 η
498 4296 740 4353 przesens
772 4298 866 4352 per
887 4291 1208 4352 praesentem
1240 4292 1495 4351 agnoscat
1527 4285 1794 4339 veraciter
1815 4294 1869 4341 et
1901 4286 2100 4342 intelli-

493 4368 761 4447 gagqute
783 4376 830 4430 ci
853 4375 1199 4445 objiciuntur.
1229 4375 1381 4443 Quod
1416 4377 1552 4431 bene
1576 4388 1631 4431 et
1659 4392 1751 4446 per
1780 4378 2096 4448 sapientiam

492 4470 802 4526 Salomonis
825 4470 1023 4525 dicitur
1064 4487 1076 4524 :
1110 4469 1390 4535 Antequam
1432 4472 1703 4537 scruteris,
1736 4488 1799 4527 ne
1824 4472 2098 4544 reprehen-

2696 3241 2747 3293 iu
2772 3238 3001 3293 Domino
3031 3236 3281 3292 salutem.

2265 3354 2398 3409 Dttm
2440 3354 2605 3409 multa
2635 3368 2862 3423 corpora
2902 3352 3161 3408 librorum
3194 3351 3244 3404 in
3292 3364 3415 3403 meo
3442 3348 3665 3403 arbitrio
3709 3345 3792 3400 al-

2193 3447 2295 3501 lata
2330 3446 2579 3513 fuissent,
2624 3446 2871 3516 contigit.
2918 3453 2973 3498 ut
3015 3445 3066 3498 in
3118 3444 3313 3499 librum
3359 3441 3693 3496 Psalmorum
3735 3438 3790 3492 in

2196 3555 2319 3595 meo
2348 3541 2529 3594 animo
2560 3537 2789 3594 festinus
2811 3552 3197 3607 cognoscerem
3224 3535 3476 3595 detineri.
3508 3542 3563 3589 et
3588 3545 3793 3587 memo-

2194 3634 2329 3687 riam
2354 3632 2668 3702 capacitatis
2686 3647 2820 3687 mete
2849 3632 3111 3685 imbuere.
3134 3628 3397 3700 Cogitavi,
3424 3631 3586 3683 frater
3606 3641 3793 3681 aman-

2198 3726 2404 3781 tissime
2433 3737 2486 3781 et
2516 3726 2566 3780 in
2596 3724 2811 3779 Christo
2841 3739 3058 3794 semper
3083 3723 3357 3788 sacerdos,
3393 3730 3451 3776 ut
3493 3718 3792 3776 secundum

2200 3825 2547 3895 Septuaginta
2577 3826 2899 3894 interpretes
2939 3832 2991 3877 et
3023 3821 3396 3892 presbyteros,
3432 3816 3484 3873 id
3515 3826 3627 3881 est,
3662 3814 3796 3869 Mat-

2150 3988 2155 3993 .
2200 3918 2364 3971 thiam
2408 3928 2463 3971 et
2502 3917 2878 3981 Ptolomzeum,
2928 3914 3219 3980 Mucltium,
3264 3912 3545 3973 Sacrcum,
3579 3907 3791 3980 llydro-

2202 4011 2378 4076 nium,
2424 4009 2806 4081 Pamphylum,
2841 4008 3144 4072 Zoastiten,
3182 4004 3499 4076 Didymum,
3535 4000 3791 4064 Saninm’,

2204 4105 2593 4174 Epiphanium,
2645 4104 2917 4167 Ciatrem,
2969 4101 3275 4165 Simonem,
3321 4106 3377 4153 et
3426 4106 3683 4161 caeteros,
3741 4094 3794 4149 in

2202 4207 2458 4269 quantum
2490 4205 2672 4251 nostra
2703 4196 2934 4251 recurrit
2960 4192 3319 4256 conscientia,
3351 4190 3418 4245 de
3448 4188 3797 4257 Septuaginta

2203 4291 2447 4346 invenire
2487 4290 2730 4360 vestigia.
2780 4288 2913 4344 Peto
2961 4289 3121 4341 ctiam
3171 4296 3312 4340 tuam
3360 4284 3702 4344 charitatem,
3746 4288 3800 4334 ut

2205 4385 2343 4439 sicut
2373 4401 2400 4439 a
2440 4396 2652 4439 rectore
2695 4392 2788 4437 tuo
2821 4381 3126 4436 Alexandro
3156 4381 3412 4448 episcopo
3443 4385 3629 4433 nostro
3658 4374 3800 4430 didi-

2203 4478 2322 4533 cisti
2347 4520 2361 4543 ,
2389 4477 2698 4533 Grazcornm
2728 4476 3069 4545 psallentiam
3101 4474 3166 4528 ad
3198 4489 3294 4527 nos
3322 4473 3555 4543 dirigere
3582 4480 3667 4524 tua
3697 4469 3801 4523 fra-

493 4563 588 4617 das
623 4580 635 4617 :
666 4564 892 4636 intellige
920 4565 1092 4633 prius,
1125 4572 1171 4616 et
1198 4574 1317 4617 tunc
1346 4564 1575 4634 increpa.
1607 4563 1894 4635 Antequam
1922 4567 2099 4621 audie-
2128 4547 2178 4606 D
2207 4571 2430 4626 ternitas
2457 4571 2757 4624 delectetur
2786 4586 2797 4621 :
2828 4569 2917 4639 qui
2951 4578 3112 4622 tantze
3139 4565 3279 4636 apud
3314 4580 3413 4620 nos
3442 4562 3803 4634 simplicitatis

492 4659 566 4711 ris
583 4697 599 4721 ,
627 4673 690 4710 ne
716 4657 1053 4725 respondeas.
1086 4656 1152 4710 Et
1178 4656 1308 4712 licet
1332 4657 1670 4725 apertissima
1696 4658 1767 4711 sit
1792 4660 2067 4714 contrario
2085 4690 2096 4701 -

496 4764 614 4802 rum
646 4748 1027 4815 reprehensio:
1061 4759 1434 4804 verumtamen
1478 4757 1695 4818 oportet
1725 4749 1827 4815 bis,
1870 4750 1961 4820 qui
1985 4751 2097 4808 dati

496 4850 624 4895 sunt
653 4841 718 4894 ad
748 4856 935 4896 eorum
977 4842 1456 4907 examinationem,
1501 4843 1744 4897 ordinem
1785 4847 1987 4900 servari
2031 4847 2099 4901 ab

496 4934 581 4990 his
606 4936 647 5000 ⁸,
681 4923 1095 5005 ῳιῐεθριιιιᾶιιιῐι
1132 4935 1299 4990 Deum
1330 4939 1659 5005 perscrutari
1685 4937 1923 5008 deputati
1948 4952 2096 5005 sunt,

566 5125 582 5154 ³
624 5121 681 5178 S.
712 5121 823 5176 Leo
844 5162 859 5183 ,
890 5118 1053 5189 epist,
1087 5120 1113 5174 l
1134 5162 1148 5184 .
1173 5135 1293 5189 cap.
1324 5120 1379 5175 5.

564 5197 585 5226 ²
626 5193 684 5250 S.
713 5190 936 5249 leest.
960 5235 974 5259 ,
1006 5192 1166 5255 epist.
1203 5193 1228 5245 1
1253 5232 1266 5252 ,
1297 5206 1417 5257 cap.
1450 5193 1504 5246 l.

565 5267 585 5296 ³
625 5265 739 5320 Non
766 5274 891 5319 sunt
923 5265 974 5317 in
1001 5262 1153 5316 fastis
1180 5262 1234 5317 hi
1266 5262 1544 5317 consules.

565 5337 586 5367 ‘
623 5338 681 5393 S.
712 5336 855 5399 Leo,
885 5334 1047 5402 epist.
1075 5334 1165 5387 47.

565 5410 585 5437 ⁵
623 5410 657 5463 5
680 5450 696 5473 ,
724 5423 815 5478 qn.
845 5406 901 5470 2,
934 5404 1175 5478 Relatum
1202 5403 1365 5459 estad
1395 5404 1586 5458 sedem.

564 5479 585 5508 ⁸
624 5481 713 5544 76,
743 5475 846 5545 ἰιιι.
871 5479 903 5531 5
925 5519 939 5541 ,
973 5475 1165 5530 Eorum
1193 5480 1280 5545 qui
1311 5488 1638 5531 accusantur.

566 5550 583 5619 ῖ
624 5548 689 5619 ᾧ,
722 5549 819 5602 Ms.
852 5549 1262 5619 querelantium;
1295 5549 1364 5601 a'.
1391 5548 1734 5615 querelarum.

567 5617 587 5648 ⁸
628 5617 882 5671 Martinus
917 5619 930 5671 I
966 5633 1124 5685 papa,
1152 5620 1385 5672 consult.
1420 5618 1455 5671 2
1480 5635 1636 5677 conc.
1662 5621 1914 5678 Laleran.

564 5690 583 5719 ’
624 5690 656 5743 5
680 5729 694 5749 ,
728 5703 817 5753 qu.
850 5690 917 5754 5,
956 5688 1193 5745 Relatum
1221 5700 1294 5743 est
1322 5690 1389 5743 ad
1416 5690 1609 5749 sedem.

564 5758 606 5789 ¹⁰
644 5759 1040 5812 Ambrosiaster
1071 5760 1122 5814 in
1153 5756 1171 5809 l
1200 5758 1263 5813 ad
1291 5760 1414 5815 Cor.
1449 5777 1498 5813 v.
1575 5826 1583 5833 ‘

2208 4665 2402 4735 indago
2432 4674 2543 4729 est,
2575 4671 2633 4716 ut
2660 4670 2868 4716 tantum
2902 4663 2952 4716 in
2982 4661 3070 4715 die
3096 4659 3372 4714 Dominica
3412 4655 3651 4727 Apostoli
3684 4656 3804 4723 epi-

2206 4757 2343 4811 stola
2375 4771 2477 4809 una
2506 4756 2797 4821 recitctur,
2825 4765 2880 4810 et
2913 4753 3185 4823 Evangelii
3213 4750 3505 4821 capitulum
3528 4764 3693 4817 unum
3718 4746 3804 4801 di-

2207 4860 2397 4905 catur:
2440 4860 2495 4904 ct
2538 4864 2637 4904 nec
2668 4848 3008 4919 psallentium
3043 4862 3160 4901 mos
3201 4856 3448 4910 tenetur,
3482 4858 3582 4899 nec
3619 4841 3805 4914 hymni

2207 4943 2372 4999 decus
2397 4944 2448 4997 in
2478 4958 2573 4999 ore
2605 4952 2790 4997 nostro
2821 4941 3182 5011 cognoscitur.
3215 4940 3348 4995 Peto
3388 4953 3517 5012 ergo
3560 4952 3656 5009 per
3685 4934 3807 4991 fra-

2279 5128 2317 5159 ”
2359 5127 2424 5195 5,
2455 5144 2545 5195 qu.
2579 5128 2629 5193 l,
2656 5125 2897 5179 Relatum
2926 5135 2998 5180 est
3020 5126 3088 5178 ad
3113 5124 3303 5179 sedem.

2277 5201 2319 5230 ¹¹
2359 5201 2393 5252 3
2417 5241 2431 5263 ,
2462 5215 2553 5262 qu.
2583 5199 2646 5264 6,
2678 5196 2779 5262 Qui
2806 5212 3053 5251 accusare
3081 5198 3261 5251 alimn.

2278 5269 2320 5300 ¹³
2362 5270 2434 5324 Ex
2463 5270 2695 5323 Aniano.
2727 5269 2845 5338 ipsa
2869 5270 3150 5327 sententia,
3176 5265 3694 5338 inquitHincmartts
3715 5265 3809 5321 ad-

2203 5356 2390 5395 versus
2419 5350 2672 5409 nepotem
2692 5382 2707 5406 ,
2732 5337 2851 5409 cap.
2878 5339 2978 5407 45,
3006 5340 3068 5393 de
3087 5340 3309 5407 antiquis
3332 5337 3581 5393 Romanis
3612 5339 3809 5410 legibus

2176 5446 2177 5449 η
2206 5414 2301 5483 fuit
2332 5422 2614 5481 assumpta.
2780 5482 2786 5483 γ
2892 5444 2895 5447 λ

2279 5483 2322 5514 ¹³
2361 5483 2475 5538 Non
2508 5491 2636 5538 sunt
2664 5485 2716 5538 in
2752 5482 2926 5537 Fastis
2958 5483 3009 5537 hi
3044 5483 3317 5539 consules.

2279 5557 2323 5586 ¹⁸
2362 5555 2577 5611 Damasi
2606 5570 2756 5624 papre
2789 5554 3007 5609 nomine
3034 5554 3191 5608 affert
3216 5564 3479 5618 praeterea
3517 5553 3810 5610 Gratianus

2205 5627 2419 5683 decreta
2452 5630 2552 5681 ista
2586 5629 2723 5691 duo,
2766 5626 2832 5691 2,
2866 5628 3057 5695 qua-st.
3095 5628 3162 5691 5,
3187 5624 3577 5689 Calumniator;
3614 5625 3714 5693 15,
3744 5640 3809 5691 κ,

2206 5708 2398 5763 qiucst.
2436 5700 2457 5753 1
2494 5739 2507 5760 ,
2548 5697 2697 5753 Hanc
2729 5698 3169 5751 consuetudinem.
