4200 6178
1193 273 1611 334 CATALOGUS
1648 273 1814 330 non.
1860 235 2056 330 poni.
2104 275 2234 333 suo
2274 274 2552 333 LIBERIO
2591 273 3042 335 nascuip'ms.

483 273 587 332 H7
1193 273 1611 334 CATALOGUS
1648 273 1814 330 ROM.
1860 273 2056 330 PONT.
2104 275 2234 333 SUB
2274 274 2552 333 LIBERIO
2591 273 3042 335 DESCRIPTUS.
3689 278 3798 337 “8

1031 429 1661 504 CATALOGUS
1737 422 2455 504 ROMANORUM
2531 431 3234 505 PONTIFICUM.

525 587 769 648 LECTIO
825 589 1060 647 IEGIDII
1099 589 1493 649 BOUCHERII.
1722 590 1970 648 LECTIO
2009 591 2071 646 P.
2113 589 2508 648 GOTOFREDI
2871 589 3125 645 LECTIO
3168 589 3619 648 ESIMANUELIS

1907 663 2338 718 HENSCHENII.
3007 662 3526 718 SCHELSTIIATII.

482 754 827 828 Commenta].
850 756 904 810 in
927 755 1145 811 Victorii
1168 757 1413 826 Aquitani
1435 759 1534 813 Ca-
1607 757 1733 828 Actio
1781 757 2022 812 Sanctor.
2071 755 2297 824 Aprilis,
2345 764 2492 828 tom:
2522 771 2558 808 i.
2589 785 2658 794 —
2735 756 3786 828 AntiquitasEcctesiwillustrata,tom.i,

551 825 1086 891 noneiiiPascttalein,
1111 825 1535 897 pag.269,Ant-
1680 827 1918 882 Diatribn
1957 829 2320 899 prirliminqris
2359 829 2412 881 in
2453 825 2662 880 Catalo-
2869 825 2879 828 ⁷
3123 844 3243 899 pag.
3277 828 3402 885 402.

555 900 773 970 verpiir.
809 899 1044 954 PIantin.
1077 899 1238 956 1654.

482 1111 762 1183 Catulogus
811 1114 892 1168 hic
943 1115 1013 1168 ad
1057 1114 1330 1169 Callistum
1381 1133 1539 1183 usque

552 1186 816 1259 confusior
840 1194 891 1259 Aet
931 1187 1143 1240 vitiosus
1172 1196 1244 1240 est
1272 1205 1290 1242 :
1333 1199 1444 1259 post
1473 1189 1538 1244 il-

554 1257 662 1312 luni
725 1257 879 1327 paulo
943 1259 1248 1323 distinctior,
1313 1257 1539 1316 iitaxiine

554 1340 668 1453 post
691 1327 930 1384 Lucium.

581 1415 866 1453 MPERANTE
897 1400 930 1453 'I

581 1415 866 1455 MPERAN'I'E
897 1400 1122 1456 TIBERIO
1149 1398 1386 1466 Cursore,
1413 1417 1536 1465 pas-

480 1485 573 1526 sus
599 1485 680 1526 eSi
706 1473 964 1525 Dominus
992 1482 1175 1526 noster
1195 1471 1352 1526 .Iesus
1377 1473 1535 1528 Chri-

481 1550 629 1605 stus,
661 1542 868 1597 duobus
903 1542 1145 1598 Geminis
1175 1545 1530 1611 Consulibus,

481 1628 579 1669 viii
607 1613 872 1668 Kalendas
906 1614 1141 1682 Aprilis,
1173 1625 1226 1669 et
1269 1624 1391 1683 post
1435 1617 1531 1670 ad-

481 1699 734 1740 scensum
764 1686 912 1753 ejus,
959 1686 1302 1740 Beatissimus
1342 1687 1534 1744 Petrus

481 1754 865 1825 Episcopatum
889 1757 1146 1826 suscepit.
1175 1758 1246 1811 Ex
1271 1773 1379 1827 quo
1403 1771 1536 1813 tem-

481 1841 614 1895 pore
643 1843 737 1898 per
764 1831 1160 1882 successionem
1185 1829 1531 1898 dispositum,

479 1901 603 1967 quis
632 1899 949 1970 Episcopus,
975 1909 1030 1952 et
1059 1910 1189 1964 quot
1211 1901 1368 1955 annis
1397 1916 1534 1970 prie-

483 1970 600 2032 Iuit,
633 1969 716 2024 vel
748 1983 856 2038 quo
888 1970 1209 2040 imperante.

556 2041 797 2104 Peritos,
842 2043 996 2113 annis
1037 2043 1220 2112 viginti
1259 2043 1529 2113 quinque,

482 2125 668 2166 mense
712 2128 852 2175 uno,
899 2112 1090 2166 diebus
1138 2112 1352 2169 novem.
1412 2112 1534 2170 Fuit

482 2183 818 2251 temporibus
830 2183 1034 2254 Tiberii
1051 2186 1299 2251 Caesaris,
1322 2195 1375 2239 et
1396 2185 1529 2254 Caii,

480 2263 536 2306 et
575 2254 776 2308 Tiberii
815 2251 1055 2318 Claudii,
1107 2266 1160 2309 et
1201 2255 1457 2320 Neronis,
1503 2251 1531 2312 εἰ

482 2323 776 2398 Consulatu
800 2324 995 2398 Vinicii
1024 2336 1078 2380 et
1106 2327 1335 2397 Longini
1362 2343 1534 2398 usque

481 2393 708 2449 Neronis
739 2404 794 2449 et
826 2397 1032 2451 Veteris
1060 2399 1099 2450 ί.
1131 2393 1328 2453 Passus
1351 2393 1531 2455 autem

481 2481 603 2520 cum
636 2466 800 2520 Paulo
824 2467 912 2521 die
943 2470 1098 2523 tertia
1137 2470 1406 2524 Kalendas
1435 2471 1532 2526 Ju-

483 2536 604 2600 Iias,
633 2539 944 2598 consulibus
971 2540 1072 2597 SS.
1102 2542 1402 2613 imperante
1421 2542 1537 2600 .Ne-

483 2622 639 2664 rone.

555 2680 720 2736 LINUS
749 2683 907 2738 annis
929 2682 1234 2752 duodecim,
1259 2688 1536 2744 mensibus

481 2763 742 2820 quatuor,
801 2755 992 2809 diebus
1039 2757 1344 2813 duodecim.
1413 2761 1536 2816 Fuit

484 2826 817 2892 temporibus
871 2825 1102 2882 Neronis
1157 2845 1184 2880 a
1237 2828 1535 2887 Consulatu

481 2891 758 2974 Saturnini
790 2907 843 2974 e_t
871 2900 1138 2967 Scipionis
1165 2915 1333 2972 usque
1373 2904 1534 2974 Capi-

483 2972 611 3020 tone
638 2978 692 3020 et
720 2967 878 3023 Rufo.

553 3037 806 3093 CLEMENS
829 3039 985 3094 annis
1015 3057 1229 3105 novem,
1260 3046 1535 3101 mensibus

483 3108 770 3175 undecim,
817 3111 1008 3166 diebus
1059 3113 1365 3169 duodecim.
1417 3117 1538 3172 Fuit

483 3181 825 3254 t_etnpoﬁbu§
841 3181 1026 3238 Galbae
1056 3195 1110 3238 et
1144 3179 1476 3254 Vespasiani,
1507 3205 1533 3241 a

481 3248 777 3329 Consulatu
800 3253 1124 3329 Ti-aclialiet
1147 3248 1338 3324 Italici,
1364 3248 1536 3329 usque

487 3320 814 3392 Vespasiano
843 3324 908 3379 VI
940 3336 993 3380 et
1017 3326 1160 3381 Tito.

555 3462 891 3536 (Clementem
927 3467 1178 3525 Eusebius
1201 3481 1250 3526 et
1275 3471 1536 3529 Baronius

483 3533 625 3588 Cléto
651 3544 1016 3610 postponunt.)

553 3748 766 3806 Currus
787 3753 942 3808 annis
963 3768 1078 3817 sex,
1105 3757 1381 3813 mensibus
1401 3758 1533 3814 dno-

481 3819 580 3899 bua
602 3823 850 3899 .__diebn_s
879 3824 1086 3899 decem.
1115 3827 1238 3899 Fuit
1275 3834 1531 3899 tempori-

482 3890 582 3945 lius
603 3892 920 3962 Vespasiani
943 3907 996 3950 et
1017 3897 1145 3962 Titi,
1173 3910 1226 3952 et
1250 3890 1404 3954 initio
1431 3903 1535 3954 Do-

484 3963 741 4038 [Ill-[IIIIIIL
771 3982 800 4017 a
848 3969 1172 4038 Consulibus
1209 3971 1536 4038 VeSpasiaiio

483 4030 594 4109 VIII
625 4034 1018 4109 e_t__I)om_itiano
1045 4037 1111 4103 V,
1139 4030 1326 4109 usque.
1353 4042 1534 4096 Domi-

485 4104 630 4154 tiano
656 4103 724 4158 IX
753 4116 806 4159 et
833 4105 992 4160 Rufo.

513 4176 877 4253 "ANACLETUS
893 4177 1049 4253 annis
1064 4178 1367 4253 duodecim,
1394 4199 1514 4237 men

481 4243 632 4297 sibus
681 4248 900 4312 decem,
940 4248 1132 4304 diebus
1174 4243 1362 4306 tribus.
1417 4253 1536 4309 Fuit

484 4319 821 4384 temporibus
851 4320 1170 4385 Domitiani,
1215 4340 1242 4376 a
1286 4323 1536 4379 Consuli-

483 4386 585 4468 Ilus
608 4388 1006 4468 Domitiano},
1039 4394 1340 4468 etSabino,
1367 4412 1536 4468 usque

486 4458 790 4516 Domitiano
819 4460 962 4518 XVII
990 4473 1044 4517 et
1073 4458 1372 4522 Clemente.

556 4531 892 4588 EVARIS'I'US'
911 4536 1067 4608 annis
1093 4538 1375 4608 tredecim,
1391 4556 1536 4595 men-

480 4601 629 4654 sibus
656 4616 898 4672 si-piein,
929 4607 1118 4662 diebus
1147 4601 1379 4666 duobus;
1411 4613 1537 4668 Fuit

482 4675 816 4748 temporibus
859 4678 1170 4732 novissimis
1203 4681 1531 4748 Domitiani,

480 4751 535 4822 et
567 4742 784 4822 Nerva},
816 4748 1147 4822 et__'I'rajani;
1181 4767 1210 4804 a
1237 4742 1534 4808 Consulatu

481 4809 726 4890 Valentis
772 4825 826 4870 et
858 4809 1020 4884 Veri;
1066 4809 1234 4890 usque
1278 4822 1434 4878 Gallo
1481 4835 1536 4880 et

482 4880 714 4936 Bradua.

552 4952 884 5032 ALE§ANDER
909 4960 1066 5032 annis
1104 4971 1310 5030 septem
1333 5006 1348 5032 ,
1381 4981 1534 5022 inen-

477 5025 630 5106 sibus
653 5025 887 5106 duobus,
917 5029 1006 5084 die
1015 5045 1150 5106 uno.
1171 5025 1306 5088 'Fuit
1332 5025 1538 5106 iempo-

478 5096 627 5151 ribus
652 5096 868 5167 Trajaiii
893 5143 906 5164 ,
939 5115 969 5153 ιι
1007 5100 1298 5160 Consulatu
1341 5096 1538 5164 Palma!

479 5177 534 5222 et
580 5168 717 5223 Tulli
748 5185 921 5238 usque
948 5171 1172 5236 Veliano
1194 5176 1215 5206 ³
1241 5189 1294 5232 et
1325 5180 1536 5239 Vetoi-e.

549 5239 748 5312 Sinus
789 5244 946 5298 annis
987 5246 1208 5312 decem,
1261 5252 1538 5308 mensibus

479 5311 936 5386 tribiis,_diebus
986 5311 1354 5386 viginti’uno.
1416 5321 1536 5377 Fuit

478 5384 810 5461 temporibus
845 5384 1131 5461 Hadriani,
1177 5407 1205 5444 a
1234 5392 1535 5449 Consulatu

476 5449 623 5535 Nigri
652 5458 1052 5535 et_Aproniani,
1084 5449 1255 5532 usque
1280 5464 1422 5521 Vero
1444 5465 1530 5535 III,

477 5533 530 5575 et
556 5525 866 5582 Ambibulo.

554 5592 940 5657 Taceseuoaus
1011 5607 1167 5660 annis
1240 5608 1533 5679 undecim,

539 5728 560 5819 ε
715 5731 1013 5843 m‘gabet
1033 5737 1212 5790 Nervae
1236 5750 1287 5793 et
1310 5729 1448 5795 Veri.

1679 915 1772 971 gos
1802 897 1992 952 veteres
2022 897 2174 953 Rom.
2212 897 2531 968 Pontiﬁcum
2552 941 2565 964 ,
2599 916 2661 953 ex

1679 971 2051 1041 antiquissimis
2095 971 2353 1025 codicibus
2398 986 2513 1026 uss.
2567 986 2656 1026 nc-

1679 1055 1876 1113 ceptos,
1906 1056 2028 1113 pag.
2051 1044 2104 1096 4.

1680 1402 1981 1471 Imperanle
2021 1399 2240 1455 Tiberio
2282 1398 2494 1454 Cmsare
2540 1415 2650 1471 pas-

1611 1488 1703 1527 sus
1734 1470 1815 1528 est
1839 1472 2095 1526 Dominus
2123 1481 2304 1525 noster
2331 1471 2485 1523 .Ii-sus
2506 1470 2662 1524 Chri-

1612 1555 1728 1600 stus
1749 1587 1762 1605 .
1795 1543 2006 1599 duobus
2033 1541 2277 1598 Geminis
2301 1540 2624 1596 Consulibus
2643 1584 2658 1609 ,

1611 1630 1703 1669 vni
1735 1615 2006 1670 Kalendas
2048 1615 2280 1679 Aprilis.
2329 1623 2382 1668 et
2415 1620 2535 1683 post
2571 1630 2654 1666 as-

1607 1703 1827 1742 censum
1872 1687 2025 1754 ejus,
2076 1685 2427 1740 Beatissimus
2473 1683 2662 1738 Petrus

1610 1758 1991 1828 Episcopatuin
2015 1759 2271 1824 suscepit.
2301 1755 2376 1828 Ex
2397 1770 2509 1828 quo
2528 1765 2632 1808 lem
2649 1785 2661 1794 -

1611 1846 1742 1899 pore
1771 1827 1865 1898 per
1887 1833 2287 1883 successionem
2311 1827 2656 1894 dispositum,

1607 1901 1730 1972 quis
1757 1903 2081 1970 Episcopus,
2101 1911 2156 1954 et
2185 1908 2312 1968 quot
2336 1901 2490 1952 annis
2522 1912 2660 1967 prat-

1607 1973 1726 2044 I'uit.
1755 1974 1838 2028 vel
1865 1986 1972 2044 quo
2003 1972 2321 2042 imperante.

1678 2041 1897 2100 Petrus'
1923 2041 2091 2097 annis
2127 2043 2310 2112 viginti
2378 2041 2618 2111 quinque
2643 2084 2656 2105 ,

1608 2131 1796 2172 mense
1844 2130 1981 2178 uno,
2029 2115 2218 2170 diebus
2272 2126 2484 2167 novem.
2540 2112 2660 2168 Fuit

1609 2189 1943 2256 temporibus
1961 2187 2160 2241 Tiberii
2181 2185 2428 2248 Caesaris,
2449 2194 2502 2238 ct
2517 2185 2654 2246 Caii,

1607 2269 1661 2312 et
1703 2259 1903 2314 Tiberii
1954 2257 2201 2322 Claudii,
2233 2267 2287 2310 et
2331 2257 2594 2319 Neronis;
2627 2272 2657 2310 a

1607 2330 1900 2386 Coosulaiu
1935 2331 2128 2386 Vinicii
2167 2339 2222 2385 et
2267 2328 2526 2398 Longini,
2571 2344 2660 2380 us-

1606 2418 1712 2472 que
1741 2403 1930 2458 Nervae
1967 2415 2022 2458 et
2054 2402 2279 2456 Vestini.
2331 2399 2527 2472 Passus
2566 2415 2660 2472 au-

1610 2471 1716 2528 tem
1748 2491 1870 2530 cum
1899 2475 2065 2528 Paulo
2093 2473 2182 2529 die
2210 2472 2363 2527 tertia
2391 2471 2660 2526 Kalendas

1607 2544 1796 2606 Iulias.
1827 2545 2153 2601 Consulibus
2182 2544 2524 2616 supradictis,
2561 2545 2658 2598 im-

1612 2628 1832 2688 perante
1858 2619 2087 2688 Nerone.

1681 2689 1846 2744 Linus
1868 2691 2025 2743 annis
2047 2687 2362 2752 duodecim,
2383 2688 2661 2742 mensibus

1609 2773 1857 2828 quatuor,
1889 2761 2077 2814 diebus
2117 2759 2327 2814 decem.
2366 2758 2485 2813 Fuit
2521 2769 2656 2812 tem-

1612 2834 1830 2902 poribus
1869 2832 2096 2885 Neronis
2143 2846 2171 2882 a
2221 2830 2514 2902 Consulatu
2563 2830 2662 2885 Sa-

1611 2899 1807 2957 turnini
1832 2914 1887 2958 et
1913 2903 2182 2972 Scipionis
2206 2917 2376 2972 usque
2401 2899 2662 2969 Capitone

1609 2985 1662 3029 et
1689 2973 1847 3029 Rufo.

1681 3046 1930 3101 Clemens
1953 3047 2108 3099 annis
2139 3061 2354 3110 novem,
2384 3045 2659 3099 mensibus

1610 3118 1899 3182 undecim,
1946 3117 2137 3171 diebus
2180 3117 2486 3170 duodecim.
2539 3115 2658 3171 Fuit

1611 3189 1947 3256 temporibus
1971 3187 2155 3243 Galbie
2182 3198 2234 3242 et
2269 3187 2600 3256 Vespasiani,
2627 3203 2657 3242 a

1607 3257 1900 3330 Consulatu
1923 3259 2174 3313 Trachali
2199 3269 2251 3312 et
2276 3259 2466 3328 Italici,
2494 3274 2660 3330 usque

1611 3329 1942 3400 Vespasiano
1972 3330 2061 3385 VII
2092 3342 2143 3385 et
2171 3330 2312 3384 Tito.

1679 3759 1862 3814 Cletns
1883 3762 2040 3816 annis
2061 3777 2178 3824 sex,
2211 3760 2486 3815 mensibus
2525 3758 2661 3813 duo-

1609 3831 1739 3893 bus,
1773 3832 1962 3886 diebus
1992 3843 2221 3902 septem.
2259 3831 2378 3885 Fuit
2403 3831 2660 3898 tempori-

1606 3903 1707 3957 bus
1758 3903 2073 3971 Vespasiani
2127 3913 2180 3956 (ιι
2228 3903 2364 3968 Titi,
2410 3912 2462 3956 et
2507 3903 2658 3953 initio

1609 3973 1936 4038 Domitiani,
1993 3990 2022 4028 a
2077 3972 2405 4028 Cutisuliblls
2458 3972 2660 4038 γεῦμ-

1608 4045 1762 4097 siano
1792 4043 1902 4099 VIII
1936 4057 1987 4098 et
2031 4047 2330 4099 Domitiano
2368 4044 2458 4110 \I,
2492 4060 2659 4113 usque

1612 4113 1916 4168 Domitiano
1943 4116 2013 4171 IX
2039 4128 2091 4170 et
2121 4117 2279 4170 Rufo.

1679 4187 1976 4240 Anai-Ietus
2003 4189 2160 4242 annis
2180 4187 2490 4249 duodecim,
2513 4199 2662 4237 nien-

1607 4256 1756 4310 sibus
1799 4257 2024 4320 decem,
2070 4261 2260 4313 diebus
2300 4261 2490 4313 tribus.
2540 4257 2662 4312 Fuit

1610 4329 1944 4393 temporibus
1978 4331 2300 4396 Domitiani,
2340 4347 2368 4383 a
2415 4329 2661 4384 Consuli—

1609 4399 1708 4454 bus
1731 4400 2040 4456 Domitiano
2073 4401 2117 4456 X
2149 4413 2198 4455 et
2229 4403 2451 4465 Sabino,
2487 4416 2658 4469 usque

1613 4471 1914 4526 Domitiano
1935 4473 2077 4527 XVII
2106 4483 2158 4526 et
2189 4475 2488 4529 Clemente.

1681 4541 1961 4598 Evaristus
1990 4547 2145 4599 anuis
2176 4546 2430 4600 tri-decim
2454 4587 2468 4610 ,
2509 4558 2658 4596 men-

1607 4613 1756 4668 sibus
1785 4626 1991 4684 septem
2011 4658 2024 4680 ,
2060 4617 2249 4670 diebus
2275 4617 2503 4670 duobus.
2543 4613 2661 4667 Fuit

1609 4688 1945 4753 temporibus
1986 4688 2294 4741 novissimis
2340 4686 2658 4750 Domitiani,

1607 4765 1662 4828 et
1694 4756 1890 4828 Nerva:
1929 4768 1981 4811 et
2017 4758 2272 4828 Trajani;
2306 4775 2333 4809 :t
2365 4758 2658 4811 Consulatu

1608 4824 1851 4900 Valentis
1897 4837 1953 4882 et
1988 4824 2146 4894 Veri',
2196 4846 2364 4900 usque
2411 4829 2565 4883 Gallo
2609 4835 2664 4882 et

1610 4896 1838 4954 Bradua.

1680 4969 1988 5027 Alexander
2017 4973 2173 5027 annis
2202 4980 2357 5036 octo,
2385 4971 2661 5025 mensibus

1611 5040 1845 5107 duobus,
1879 5046 1965 5098 die
1997 5061 2124 5097 uno.
2178 5043 2301 5098 Fuit
2329 5042 2662 5111 temporibus

1614 5112 1863 5181 Trajani,
1920 5131 1948 5168 a
1996 5115 2290 5168 Consulatu
2352 5115 2546 5168 I'alina}
2607 5125 2660 5168 ct

1613 5183 1785 5256 Tulli,
1821 5202 1987 5256 usque
2018 5187 2229 5240 {Eliano
2259 5195 2314 5239 et
2343 5184 2556 5239 Vetere.

1682 5255 1863 5310 Sixuis
1905 5255 2068 5311 annis
2112 5259 2332 5322 decem,
2387 5256 2660 5310 mensibus

1611 5327 1816 5392 tribus,
1864 5327 2056 5384 dii-bus
2114 5330 2300 5394 viginti
2359 5342 2486 5380 uno.
2541 5325 2662 5379 Fuit

1611 5400 1944 5466 temporibus
1977 5401 2260 5462 Iladriani,
2294 5416 2323 5453 a
2367 5401 2660 5452 Censnlaiu

1608 5467 1753 5540 Nigri
1776 5480 1830 5525 et
1854 5470 2172 5539 Aproniani,
2205 5485 2376 5542 usque
2403 5469 2548 5524 Vero
2571 5469 2661 5534 Ill,

1609 5551 1663 5598 et
1691 5543 2002 5598 Auibibulo.

1681 5613 2046 5686 Telesphorus
2126 5615 2283 5671 annis
2368 5613 2662 5680 undecim,

2248 5751 2267 5781 ³
2303 5749 2448 5801 Forte
2472 5747 2681 5803 Eltano.

2732 1117 2897 1171 Juxta
2953 1116 3291 1187 antiquiorem
3348 1115 3635 1188 catalogum
3692 1112 3788 1166 Bi-

2805 1189 2986 1243 bliotli.
3039 1188 3317 1250 Cicsorric,
3370 1187 3436 1240 ad
3481 1187 3563 1240 iis.
3616 1201 3785 1239 exem-

2805 1261 2919 1331 plar
2945 1272 2990 1316 et
3022 1260 3295 1315 editionem
3325 1257 3646 1328 Cuspiniani.

2807 1405 3108 1473 Imperante
3135 1402 3350 1457 Tiberio
3377 1399 3592 1473 Caisare
3611 1440 3626 1462 ,
3641 1412 3784 1473 pas-

2733 1491 2825 1531 SIIS
2851 1469 2934 1529 est
2963 1477 3217 1530 Dominus
3249 1482 3430 1526 uoster
3451 1471 3610 1525 .Iesus
3631 1469 3782 1524 Citri-

2735 1559 2850 1602 sms
2890 1549 3099 1600 duobus
3138 1545 3381 1600 Geminis
3421 1541 3782 1606 Consulibus,

2737 1634 2828 1673 viti
2859 1618 2978 1673 Kil.
3015 1618 3232 1688 Aprilis,
3265 1625 3321 1688 et
3350 1624 3784 1688 postaseensum

2734 1691 2850 1758 ejus
2881 1685 3230 1745 Beati~éimus
3263 1687 3454 1740 Petrus
3486 1685 3546 1749 Ει
3570 1685 3786 1752 iscopa-

2737 1771 2846 1814 tum
2877 1759 3121 1824 εικρίιπὶι.
3156 1760 3230 1812 lix
3266 1773 3372 1826 quo
3417 1765 3662 1824 tempore
3693 1770 3787 1822 per

2734 1834 3135 1888 Successionem
3159 1828 3503 1897 dispositum,
3524 1829 3643 1896 quis
3664 1827 3788 1894 [spi-

2734 1918 2949 1970 seopus,
2980 1903 3285 1971 quotannis
3315 1898 3546 1969 pra-luit,
3571 1898 3650 1952 vel
3677 1913 3785 1967 quo

2735 1976 3054 2043 imperante.

2807 2038 2999 2102 Petrus
3040 2045 3198 2098 annis
3231 2041 3328 2109 25,
3359 2055 3544 2096 mense
3581 2041 3634 2104 I,
3665 2038 3782 2094 die-

2734 2116 2832 2171 bus
2860 2120 2909 2172 9.
2942 2117 3062 2171 Fuit
3092 2115 3423 2186 temporibus
3449 2112 3646 2186 Tiberii
3669 2110 3786 2186 Cte—

2733 2190 2902 2255 saris,
2937 2199 2991 2243 et
3019 2186 3164 2244 Caii.
3207 2182 3268 2239 'et
3298 2185 3498 2238 'I‘iberii
3548 2182 3780 2245 Claudii,

2731 2269 2786 2313 et
2831 2261 3056 2315 Neronis
3087 2274 3116 2312 a
3164 2257 3460 2312 Consulatu
3491 2255 3680 2308 Vinieii
3729 2263 3783 2307 et

2733 2330 2979 2400 Longini,
3009 2345 3179 2396 usque
3203 2327 3432 2400 Neronis
3450 2337 3504 2400 et
3526 2325 3777 2400 Veteris:

2735 2397 2924 2468 passus
2974 2412 3152 2457 autem
3205 2416 3326 2455 cum
3380 2399 3544 2451 Paulo
3590 2398 3676 2450 die
3722 2397 3773 2468 5.

2732 2466 2850 2528 Kal.
2887 2474 3058 2528 .lnlias
3078 2515 3091 2539 ,
3125 2469 3446 2526 Consulibus
3473 2466 3775 2540 SUprascri-

2735 2545 2858 2616 ptis,
2890 2548 3191 2615 imperante
3212 2542 3444 2597 Nerone.

2808 2687 2972 2742 Linus
3017 2687 3173 2742 annis
3215 2684 3534 2746 duodecim,
3579 2681 3780 2736 mensi-

2735 2760 2834 2814 bus
2867 2765 2920 2823 4,
2954 2761 3144 2813 diebus
3171 2759 3253 2812 I2.
3293 2758 3410 2811 Fuit
3451 2755 3782 2822 temporibus
3859 2790 3864 2793 -

2737 2832 2964 2886 Neronis
3000 2848 3027 2884 a
3056 2829 3351 2884 Consulatu
3387 2825 3660 2881 Saturnini
3687 2869 3695 2881 .
3727 2834 3782 2878 et

2734 2903 3024 2973 Scipionis,
3056 2917 3226 2971 usque
3247 2900 3512 2970 Capitone
3539 2909 3592 2952 ct
3620 2896 3777 2951 Rufo.

2806 3048 3054 3102 Clemens
3081 3045 3236 3100 annis
3272 3059 3355 3110 iv,
3391 3039 3666 3110 mensibus
3699 3055 3781 3104 in,

2733 3117 2924 3172 diebus
2952 3135 3044 3172 itii.
3084 3117 3208 3172 Fuit
3237 3109 3570 3182 temporibus
3598 3109 3782 3165 Galbm

2733 3199 2786 3244 et
2830 3190 3178 3261 Vespasiani,
3225 3202 3251 3236 a
3302 3185 3594 3261 Consulatu
3648 3182 3782 3261 'I‘ra-

2733 3262 2872 3316 cliali
2903 3255 2957 3316 ei
3001 3261 3205 3325 Italici,
3249 3273 3416 3327 usque
3454 3255 3784 3324 Vespasiano

2739 3333 2826 3387 VII
2854 3344 2906 3385 et
2936 3332 3077 3386 Tito.

2805 3402 3071 3471 (Clemens
3124 3401 3306 3463 tertio,
3367 3397 3540 3453 Cletus
3603 3404 3783 3478 quarto

2733 3477 2847 3530 loco
2911 3485 3190 3539 ponuntur,
3255 3489 3355 3539 qua
3421 3485 3536 3523 vero
3587 3477 3784 3539 ragone

2729 3537 3046 3618 ignoraturi;
3076 3537 3192 3618 cum
3236 3537 3400 3618 canon
3446 3539 3620 3618 Missa.»
3647 3537 3782 3618 Tru-

2731 3611 2976 3672 ditionem
2993 3615 3496 3672 EcclesiceRonianw
3521 3612 3597 3664 Itis
3624 3611 3784 3663 verbis

2731 3671 2963 3744 exhibent
2995 3705 3013 3742 :
3042 3687 3161 3742 Liiii
3184 3729 3197 3752 ,
3225 3671 3364 3741 Cleti
3385 3727 3396 3748 ,
3439 3679 3780 3746 Clementis.)

2802 3761 2985 3814 Cletus
3016 3761 3170 3813 annis
3199 3762 3251 3810 6.
3285 3755 3561 3812 mensibus
3585 3755 3642 3806 ‘2.
3665 3753 3780 3805 die-

2733 3832 2834 3887 bus
2887 3835 2972 3886 10.
3022 3831 3144 3885 Fuit
3198 3828 3532 3896 temporibus
3574 3824 3781 3891 Vespa-

2731 3904 2866 3956 siani
2909 3912 2963 3957 et
2992 3903 3132 3964 Titi,
3175 3913 3229 3955 et
3257 3901 3409 3953 initio
3438 3896 3719 3950 Domitiani
3751 3911 3778 3946 ει

2730 3973 3052 4028 Consulibus
3086 3973 3412 4041 Vespasiano
3443 3967 3558 4041 VIII
3595 3966 3778 4041 cillo-

2734 4048 2957 4100 mitiano
2988 4045 3050 4110 V,
3082 4035 3249 4112 usque
3296 4039 3602 4094 Doiuiiiano
3633 4035 3702 4090 IX
3729 4044 3783 4090 et

2734 4117 2894 4172 Rufo.
3613 4159 3616 4161 .

2806 4188 3099 4242 Anacletus
3115 4185 3271 4238 annis
3288 4183 3375 4238 η.
3400 4180 3675 4235 mensibus
3693 4180 3779 4233 I0.

2734 4259 2923 4313 diebus
2964 4260 3016 4311 5.
3068 4258 3189 4312 Fuit
3231 4256 3562 4321 temporibus
3603 4251 3784 4304 Domi-

2733 4333 2885 4394 tiani,
2917 4347 2944 4383 a
2969 4328 3294 4384 Consulibus
3325 4325 3626 4394 Domitiano
3645 4321 3702 4394 AX
3729 4330 3785 4375 et

2735 4392 2954 4464 Sabino,
2990 4416 3162 4470 usque
3200 4398 3504 4452 Domitiano
3545 4392 3686 4448 XVII
3730 4401 3784 4446 et

2730 4472 3028 4527 Clemente.

2808 4543 3088 4598 Evarislns
3112 4542 3266 4596 annis
3299 4539 3385 4594 15.
3421 4537 3697 4593 mensibus
3727 4535 3781 4588 7.

2734 4615 2924 4670 dii-bus
2947 4616 3001 4668 2.
3037 4614 3158 4668 Fuit
3190 4611 3523 4676 temporibus
3556 4607 3786 4662 novissi-

2738 4687 2840 4740 mis
2878 4686 3197 4746 Domitiani,
3237 4693 3292 4737 et
3318 4681 3536 4744 Nervae,
3571 4691 3624 4732 et
3653 4677 3787 4732 Tra-

2731 4757 2865 4826 jani,
2898 4773 2924 4809 a
2955 4755 3248 4811 Consulatu
3280 4754 3519 4826 Valentis
3549 4762 3599 4806 et
3631 4749 3780 4815 Veri,

2737 4825 2905 4899 usque
2928 4827 3083 4884 Gallo
3107 4837 3160 4882 et
3187 4825 3418 4881 Bradua.

2807 4971 3116 5026 Alexander
3141 4968 3296 5024 annis
3319 4976 3549 5036 septeni,
3582 4963 3752 5018 mensi
3769 4992 3786 5004 -

2737 5041 2834 5096 bus
2861 5043 3100 5101 duobus.
3133 5043 3220 5095 die
3252 5055 3378 5095 uno.
3411 5038 3529 5094 Fuit
3573 5046 3786 5102 tempo-

2735 5115 2882 5168 ribus
2909 5113 3158 5180 Trzijani,
3192 5131 3219 5164 u
3250 5110 3544 5166 Consulatu
3569 5107 3786 5180 Palilia:

2733 5196 2787 5239 et
2819 5185 2980 5247 Tulli,
3021 5179 3188 5253 usque
3222 5183 3439 5237 Eliaiiii
3482 5189 3536 5234 et
3567 5179 3780 5253 Vetere.

2805 5255 2990 5309 Sixtus
3034 5249 3190 5310 anuis
3241 5257 3461 5316 decem,
3509 5249 3787 5304 mensibus

2737 5328 2947 5394 tribus,
2993 5327 3181 5381 dibus
3239 5325 3423 5394 viginti
3472 5336 3603 5394 uno.
3665 5319 3788 5394 Fuit

2738 5391 3070 5468 temporibus
3109 5391 3395 5468 Hadriani,
3435 5410 3464 5447 a
3491 5391 3782 5468 Consulatu

2737 5462 2880 5540 Nigri
2903 5483 2957 5524 et
2997 5467 3314 5536 Aproniani,
3346 5481 3516 5537 usque
3544 5462 3784 5519 Veronio

2736 5537 3126 5605 είᾏιιώῥὺιιΙο.

2813 5613 3186 5684 Telesphorus
3271 5609 3430 5666 annis
3477 5605 3764 5687 'undecim
