4200 6178
408 265 511 321 M9

708 379 1165 439 BOUCIIERIUS.

405 476 683 529 mensibus
737 476 943 539 tribus,
1003 476 1194 531 diebus
1262 480 1452 535 tribus.

405 545 527 600 Fuit
554 548 888 613 temporibus
922 549 1176 602 Antonini
1208 550 1452 617 Macriui,

406 632 433 669 a
477 617 774 689 Consulatu
816 619 1009 673 Titiani
1052 630 1105 674 et
1153 621 1455 689 Gallicani,

406 704 576 757 usque
606 688 818 743 Ca‘sare
842 700 896 743 et
919 690 1161 743 Balbino.

480 764 715 815 llvctaus
743 762 897 814 annis
919 762 1228 826 duodecim,
1262 764 1461 818 mensi-

406 831 505 886 bus
536 835 737 895 tribus,
772 833 961 887 diebus
993 848 1107 886 sex.
1156 835 1277 887 Fuit
1322 845 1457 888 tetu-

406 904 626 971 poribus
670 903 827 967 Veri,
874 921 902 956 a
950 905 1244 959 Consulatu
1291 906 1459 961 Galli-

408 978 525 1026 cani
558 983 613 1029 et
643 972 850 1030 Veteris
870 1017 883 1040 ,
915 991 1082 1046 usque
1111 976 1381 1032 Praesente
1407 989 1462 1033 et

407 1046 626 1101 Ruﬁno.

480 1116 655 1185 (Deest
677 1117 759 1171 hic
781 1118 1024 1173 Anicetus
1046 1121 1127 1173 cui
1150 1121 1274 1173 dunt
1298 1138 1461 1175 annos

408 1205 537 1260 pene
562 1188 724 1259 octo.)

406 1342 413 1367 τ
482 1332 607 1387 Ptus
630 1334 784 1386 annis
803 1334 1007 1399 viginti,
1031 1335 1308 1388 mensibus
1332 1352 1462 1402 oua-

409 1415 552 1467 tuor,
587 1405 775 1458 diebus
807 1406 990 1473 viginti
1024 1422 1150 1459 uno.
1184 1406 1302 1459 Fuit
1328 1416 1461 1460 tent—

408 1475 632 1543 poribus
664 1477 913 1529 Antonini
965 1477 1070 1541 Pii,
1106 1494 1132 1529 a
1164 1476 1462 1532 Consulatu

408 1548 553 1601 Clari
584 1557 637 1601 et
665 1547 884 1610 Severi,
919 1565 1085 1617 ttsqttc
1116 1550 1323 1601 duobus
1352 1551 1459 1604 Au.

409 1622 599 1687 gustis.
632 1620 742 1672 Sub
771 1619 923 1685 hujus
952 1621 1270 1687 Episcopatu
1298 1622 1463 1674 frater

410 1691 529 1757 cjus
555 1690 778 1761 llermes
801 1692 993 1743 librum
1019 1692 1255 1758 scripsit,
1284 1693 1332 1745 in
1355 1708 1462 1761 quo

410 1760 723 1823 mandatur,
765 1763 1181 1831 coalitieturque
1227 1760 1385 1832 quod
1412 1766 1458 1817 ei

388 1845 671 1900 -|)l“.l‘C€pll
715 1834 985 1901 Angelus,
1034 1850 1156 1887 cum
1202 1836 1347 1887 venit
1394 1834 1459 1888 ad

410 1920 534 1959 cum
568 1902 619 1955 in
658 1904 838 1957 habitu
869 1906 1119 1972 pastoris.

486 1976 669 2029 So'rstt
709 1977 865 2028 anuis
913 1991 1135 2041 novem,
1185 1976 1464 2032 mensibus

412 2046 617 2109 tribus,
672 2046 859 2100 diebtts
888 2046 1118 2101 duobus.
1165 2047 1285 2101 Fuit
1326 2058 1464 2102 tem-

412 2119 633 2184 poribus
682 2117 937 2171 Antonini
983 2127 1037 2171 et
1076 2119 1401 2184 Cmnmodi,‘
1432 2137 1460 2172 a

410 2187 704 2243 Consulatu
734 2188 854 2261 Veri
881 2198 934 2241 et
956 2189 1269 2255 Erenniani,
1294 2206 1463 2261 usque

412 2260 649 2315 Paterno
679 2269 736 2315 et
764 2260 994 2315 Bradua.

488 2401 660 2474 (Deest
710 2402 1269 2458 rursus'EleutIterius
1320 2421 1467 2473 quem

412 2476 589 2529 volunt
621 2474 813 2529 sedisse
838 2492 1000 2529 annos
1024 2478 1356 2545 quindecim.)

492 2617 693 2673 νισι-011
724 2618 878 2672 annis
922 2634 1148 2682 novent,
1190 2621 1466 2676 mensibus

409 2690 659 2753 duobus,
693 2690 886 2744 diebus
926 2692 1133 2743 decem.
1186 2694 1231 2745 A
1260 2690 1467 2747 Consu-

1124 262 1535 323 CATALOGUS
1574 262 1744 322 ROM.
1781 264 1978 322 PONT.
2022 263 2154 322 SUB
2191 263 2471 323 LIBERIO
2512 264 2959 326 DESCRIPTUS.
3004 278 3007 285 ‘

1806 381 2304 440 llENSCHENlUS.

1530 476 1807 531 mensibus
1865 477 2074 539 tribus,
2132 477 2322 531 diebus
2386 477 2577 533 tribus.

1531 547 1653 601 Fuit
1686 549 2015 615 temporibus
2048 548 2333 610 Hadriani,
2364 566 2390 601 a
2434 548 2580 603 Cott-

1531 621 1705 691 s_ulatu
1752 618 1953 691 Titiani
1985 628 2039 673 et
2066 619 2367 685 Gallicani,
2415 637 2584 691 usque

1530 688 1679 743 Carsa
1691 706 1749 744 re
1776 699 1831 743 et
1861 690 2102 744 Balbino.

1607 760 1862 831 Hyginus,
1898 763 2057 815 anuis
2086 762 2406 824 duodecim,
2435 778 2586 817 men—

1532 832 1682 886 sibus
1709 833 1901 897 tribus,
1930 834 2121 889 diebus
2150 848 2264 888 sex.
2296 833 2418 888 Fuit
2452 845 2586 890 Ietn-

1536 904 1774 973 poribus.
1866 944 1879 957 .
1972 941 1985 955 .

1606 1118 2051 1172 Anicetusannis.
2098 1159 2109 1170 .
2156 1158 2168 1170 .
2218 1158 2229 1170 .
2277 1158 2289 1171 .
2332 1116 2587 1173 aConsu-

1535 1190 1644 1244 lato
1701 1190 1958 1244 Gallicani
2013 1198 2068 1244 et
2113 1188 2358 1255 Veteris,
2418 1204 2587 1259 usque

1539 1264 1813 1315 Praiseute
1844 1274 1895 1315 et
1930 1261 2143 1314 Rutilio.

1606 1332 1734 1385 Pius
1758 1335 1917 1386 annis
1946 1348 2036 1396 xv,
2070 1331 2345 1386 mensibus
2371 1347 2443 1396 tv,
2475 1332 2588 1386 die-

1536 1403 1635 1456 bus
1674 1420 1765 1456 xx.
1801 1403 1922 1457 Fuit
1956 1404 2289 1470 temporibus
2329 1404 2585 1457 Antonini

1536 1474 1635 1537 Pii,
1670 1491 1697 1527 a
1723 1474 2015 1528 Consulatu
2041 1473 2183 1529 Clari
2206 1482 2262 1528 et
2287 1473 2472 1528 Severi
2501 1488 2587 1528 us-

1534 1561 1639 1609 que
1686 1546 1893 1600 duobus
1939 1544 2213 1615 Augustis.
2264 1545 2376 1600 Sub
2427 1544 2626 1611 bujtts'

1536 1616 1864 1685 Episcopatu
1914 1619 2076 1671 l‘rater
2112 1618 2230 1685 ejus
2261 1617 2488 1670 Hermes
2527 1617 2588 1669 Ii-

1535 1688 1687 1743 brum
1733 1689 1985 1757 scripsit,
2044 1690 2097 1742 in
2152 1702 2257 1756 quo
2303 1690 2589 1741 mandatur

1535 1761 1951 1826 contineturipte
2015 1759 2158 1827 quod
2236 1760 2281 1813 ei
2335 1762 2589 1827 praecepit

1537 1830 1792 1899 Angelus,
1827 1846 1946 1885 cum
1976 1834 2123 1885 venit
2154 1829 2218 1884 ad
2252 1846 2373 1884 eum
2406 1830 2461 1884 iu
2495 1830 2587 1883 ha-

1539 1902 1649 1955 bitu
1683 1904 1934 1971 paStoris.

1610 1976 1768 2029 Soter
1821 1976 1974 2027 annis
2024 1989 2257 2035 norem,
2317 1972 2592 2028 mensibus

1537 2046 1729 2110 tribus,
1759 2045 1946 2100 diebus
1973 2045 2206 2100 duobus.
2235 2043 2357 2099 Fuit
2385 2053 2592 2113 tempo-

1538 2117 2284 2171 ribus.......

1612 2330 1953 2385 Eleutherius
1974 2333 2144 2387 annis.
2192 2371 2204 2383 .
2254 2370 2263 2380 .
2312 2330 2590 2384 Fuittcm-

1540 2403 1761 2469 poribus
1810 2404 2063 2457 Antonini
2110 2412 2163 2458 et
2209 2399 2521 2467 Commodi,
2560 2418 2589 2455 a

1540 2474 1833 2528 Consulatu
1863 2473 1981 2527 Veri
2006 2484 2060 2528 et
2080 2474 2395 2537 Ercntiiani,
2420 2488 2592 2543 usque

1542 2544 1775 2598 Paterno
1802 2555 1856 2599 et
1885 2545 2116 2600 Bradua.

1612 2616 1795 2670 Victor
1847 2618 2004 2670 anuis
2048 2632 2265 2681 novem,
2317 2616 2590 2671 mensibus

1540 2687 1786 2754 duobus,
1843 2688 2035 2743 diebus
2088 2688 2298 2744 decem.
2381 2730 2395 2743 .
2480 2729 2491 2740 .

3596 269 3705 325 450

2880 381 2959 439 SC
2969 381 3006 437 H
3016 380 3467 441 ELSTRATIUS.

2656 478 2929 533 mensibus
2988 476 3189 541 tribus,
3241 476 3433 533 diebus
3512 478 3706 534 tribus.

2656 548 2776 604 Fuit
2800 550 3133 619 temporibus
3152 551 3410 603 Antonini
3426 551 3648 605 Maerini
3664 551 3709 615 ³,

2656 636 2685 675 a
2727 620 3021 675 Consulatu
3066 620 3265 673 'l‘itiani
3295 630 3364 676 ,et
3407 621 3709 686 Gallicani,

2658 707 2829 759 usque
2857 690 3072 745 Ca'sare
3102 702 3154 744 et
3182 692 3396 747 Albino.

2730 763 2968 834 Hyginus
3010 764 3165 834 anuis
3197 762 3481 819 duodecim
3506 804 3521 826 ,
3555 780 3711 819 men-

2658 831 3028 900 sibus-tribus,
3058 831 3247 889 diebus
3278 850 3391 889 sex.
3428 835 3551 891 Fuit
3578 847 3713 891 teni-

2659 904 2943 974 poribus‘.
3026 941 3040 958 .
3117 944 3131 959 .
3216 944 3228 957 .
3311 943 3323 958 .
3406 948 3419 961 .
3503 947 3515 961 .
3598 948 3611 960 .
3694 948 3707 962 .

2732 1123 2990 1178 Anicetus
3033 1124 3204 1179 annis.
3256 1165 3268 1177 .
3317 1162 3328 1175 .
3377 1160 3391 1176 .
3438 1162 3449 1174 .
3493 1138 3523 1175 a
3571 1122 3716 1178 Con-

2662 1195 2835 1248 sulatu
2879 1195 3138 1250 Gallicani
3176 1205 3229 1249 et
3260 1193 3473 1249 Veteris
3496 1236 3508 1259 ,
3544 1209 3716 1264 usque

2663 1266 2938 1321 Praesente
2961 1279 3013 1320 et
3030 1267 3245 1321 Ruﬁno.

2735 1338 2859 1391 Pius
2916 1341 3071 1391 anuis
3132 1338 3360 1408 viginti,
3438 1336 3715 1408 mensibus

2660 1420 2911 1477 quatuor,
2959 1410 3152 1465 diebus
3195 1407 3384 1477 iiginti
3432 1424 3561 1462 uno.
3596 1407 3718 1463 Fuit

2663 1482 2996 1547 temporibus
3027 1482 3280 1535 Antonini
3310 1479 3413 1543 Pii,
3444 1495 3472 1531 a
3504 1479 3713 1534 Consu-

2665 1551 2774 1603 lattt
2799 1551 2943 1605 Clari
2974 1562 3029 1606 et
3053 1551 3467 1619 Severi,"_usque
3506 1550 3716 1605 duobus

2663 1624 2935 1690 Augustis.
3004 1625 3115 1677 Sub
3175 1624 3333 1691 hujus
3387 1621 3715 1692 Episcopatu

2664 1692 2829 1747 frater
2850 1695 2966 1761 ejus
3001 1695 3224 1748 llermes
3251 1695 3446 1747 librum
3477 1695 3714 1761 scripsit,

2664 1766 2715 1819 in
2746 1780 2850 1832 apio
2885 1766 3209 1820 mamlatum
3235 1765 3545 1819 continetur
3574 1765 3716 1834 quod

2663 1839 2711 1891 ei
2748 1840 3007 1905 pt'a'cepit
3034 1838 3293 1907 Angelus,
3324 1852 3447 1891 cum
3469 1836 3615 1891 venit
3649 1836 3715 1891 ad

2664 1922 2787 1978 eum
2819 1907 2872 1960 in
2908 1909 3089 1963 habitu
3123 1908 3372 1978 pastoris.

2734 1977 2891 2033 Soter
2937 1982 3093 2033 annis
3127 1977 3341 2034 novem
3373 2019 3386 2041 ,
3439 1977 3720 2034 mensibus

2664 2050 2854 2104 tribus.
2878 2050 2996 2104 Fuit
3028 2050 3359 2121 temporibus
3383 2050 3425 2101 ³.
3504 2089 3518 2104 .
3602 2090 3617 2105 .
3699 2088 3714 2103 .

2736 2335 3083 2391 Eleutherius
3118 2337 3295 2390 annis.
3342 2375 3355 2389 .
3404 2375 3418 2388 .
3464 2376 3477 2389 .
3524 2372 3539 2388 .
3596 2334 3723 2389 Fuit

2664 2407 2999 2476 temporibus
3046 2406 3305 2462 Antonini
3354 2406 3639 2461 Commodi
3690 2421 3721 2461 a

2662 2478 2964 2534 Consulatu
2990 2478 3116 2535 Veri
3151 2490 3202 2533 et
3236 2478 3515 2547 Ereniani,
3550 2492 3723 2547 usque

2666 2551 2900 2604 Paterno
2929 2560 2983 2604 ct
3006 2551 3234 2605 Bradua.

2738 2622 2922 2676 Victor
2968 2626 3124 2677 annis
3164 2623 3387 2690 decem,
3442 2620 3723 2676 mensibus

2576 2726 2588 2739 ι
2664 2692 2896 2760 duobus,
2920 2692 3331 2749 diebusdecem.
3414 2732 3428 2747 .
3511 2731 3524 2746 .
3608 2732 3621 2744 .
3705 2732 3719 2746 .

412 2759 1468 2832 iatnSaturninietGalii,usqucPrm-
1544 2800 1557 2812 .
1630 2798 1644 2813 .
1718 2800 1731 2813 .
1815 2799 1828 2813 .
1908 2797 1922 2812 .
2003 2799 2016 2813 .
2098 2802 2109 2813 .
2193 2801 2205 2813 .
2291 2801 2301 2812 .
2385 2800 2396 2813 .
2476 2798 2493 2812 .
2575 2799 2587 2810 .
2669 2802 2684 2816 .
2759 2803 2773 2816 .
2849 2802 2862 2816 .
2939 2802 2952 2816 .
3032 2804 3047 2818 .
3129 2804 3142 2818 .
3226 2808 3236 2817 .
3321 2804 3334 2817 .
3415 2804 3427 2816 .

411 2844 571 2887 sene
598 2842 654 2887 et
686 2833 977 2885 Extrieato.

489 2902 667 2975 (Deest
707 2905 824 2956 item
866 2902 1192 2975 Zepltyrinus
1234 2906 1316 2959 cui
1343 2906 1465 2961 dant

408 2992 574 3052 annos
605 2983 775 3028 decem
804 2986 849 3029 et
879 2984 1038 3046 orto.)

486 3120 786 3173 tlxttts'rus
811 3134 982 3173 annos
1006 3118 1241 3189 quinque
1263 3162 1275 3182 ,
1312 3136 1432 3175 men
1450 3152 1464 3160 -

410 3206 500 3245 ses
529 3192 681 3253 duos,
718 3192 834 3245 dies
863 3192 1073 3245 decem.
1112 3190 1232 3245 Ftiil
1260 3200 1466 3261 tenipo-

410 3264 565 3316 ribus
622 3261 842 3316 Macrini
900 3272 952 3315 et
1007 3262 1375 3329 lleliogabali,
1437 3280 1464 3315 a

409 3333 710 3387 Consulatu
766 3333 1023 3401 Antonini
1080 3346 1131 3387 et
1195 3334 1463 3401 Adventi,

410 3421 585 3469 usque
617 3409 888 3458 Antonino
918 3400 979 3457 In
1012 3416 1065 3458 et
1094 3405 1415 3459 Alexandro.

486 3476 734 3531 Uasxsus
763 3491 932 3529 annos
955 3485 1097 3537 octo,
1125 3492 1339 3531 menses
1368 3492 1467 3530 nn-

409 3546 609 3611 dectm,
640 3550 757 3602 dies
783 3548 1087 3601 duodecim.
1114 3548 1236 3601 Fuit
1262 3559 1467 3614 tempo-

409 3621 565 3673 ribus
595 3620 887 3672 Alexandri
915 3635 943 3671 a
972 3619 1267 3673 Coi.sulatu
1300 3620 1467 3673 Maxi-

409 3692 484 3744 mi
531 3700 583 3743 et
620 3688 851 3756 Ailiaui,
908 3705 1077 3760 usque
1121 3693 1368 3760 Agricola
1414 3701 1467 3746 et

410 3762 773 3815 Clementiuo.

486 3833 791 3887 PONTIANUS
821 3834 978 3887 annis
1007 3833 1245 3902 quinque
1266 3874 1279 3895 ,
1318 3850 1469 3889 mett-

408 3904 563 3959 sibus
591 3906 831 3965 duobus,
861 3906 1055 3959 diebus
1083 3915 1311 3972 septem.
1350 3906 1468 3960 Fuit

411 3978 751 4042 temporibUs
780 3976 1094 4040 Alexandri,
1124 3994 1150 4028 a
1175 3977 1466 4031 Consulatu

410 4048 729 4116 Pompeiani
776 4055 831 4101 ct
864 4048 1180 4115 l’eligniani.
1224 4048 1298 4101 Eo
1338 4061 1469 4103 tem-

412 4134 545 4188 pore
611 4116 943 4187 Nepotianus
999 4122 1012 4149 ¹
1068 4119 1470 4189 Episcopuset

411 4189 721 4257 Hippolitus
768 4191 1057 4261 Presbyter
1108 4193 1294 4245 exules
1342 4199 1469 4245 sunt

410 4261 686 4326 deportati
720 4261 770 4314 itt
806 4263 1038 4317 insulam
1067 4266 1309 4316 nocivam
1340 4263 1463 4317 Sar-

411 4332 618 4386 diniam
638 4373 652 4398 ,
685 4334 889 4388 Severo
918 4344 970 4387 ct
1009 4334 1299 4399 Quintiano
1326 4335 1467 4388 Con-

412 4404 647 4456 sulibus.
681 4405 733 4456 lii
762 4406 948 4459 eadem
976 4405 1148 4459 insula
1172 4404 1467 4460 discinclus

413 4485 500 4529 est
526 4490 575 4526 tv
598 4473 867 4531 Kalendas
898 4477 1229 4541 Decembris,
1260 4476 1465 4531 Consu-

413 4546 559 4601 libus
588 4547 687 4602 SS.

493 4691 748 4745 Anrsaos
775 4705 957 4746 mense
996 4706 1122 4756 uno,
1157 4689 1345 4745 diebus
1378 4689 1471 4745 de-

416 4774 557 4813 cem.
602 4762 809 4816 Dormit
851 4779 925 4817 nt.
971 4762 1152 4816 N0nas
1193 4761 1468 4826 Januarii,

415 4830 653 4886 Maximo
680 4844 736 4887 et
764 4836 1013 4889 Africano
1040 4834 1382 4887 Consulibus.

491 4903 756 4959 l-‘aatasvs
804 4922 974 4959 annos
1025 4906 1466 4973 quatuortlecim,

415 4989 661 5030 mensem
696 4993 893 5043 unum,
943 4977 1060 5030 dies
1099 4977 1307 5029 decem.
1349 4975 1472 5029 Fuit

418 5048 754 5109 temporibus
778 5048 1069 5114 Maximini,
1104 5058 1155 5100 et
1186 5046 1495 5110 Gordiani,-

415 5127 471 5171 et
498 5118 753 5186 Philippi.
790 5124 827 5173 A
871 5118 1163 5173 Consulatu
1199 5118 1469 5171 Maximini

414 5198 468 5241 et
496 5188 756 5250 Africani,
789 5206 955 5260 Usque
982 5190 1146 5245 Decio
1175 5188 1237 5252 ΙΙ,
1265 5197 1319 5241 ct
1340 5189 1473 5243 Gra-

416 5268 494 5314 to.
528 5261 727 5316 l’asStts
756 5277 852 5316 XII.
887 5261 1155 5316 Kalendas
1192 5261 1470 5314 febt'uarii.

483 5396 499 5425 ¹
541 5393 864 5459 Cuspinianus
888 5394 1040 5459 legit:
1064 5396 1366 5445 Pontianus:
1388 5393 1537 5445 credo
1558 5394 1745 5445 melius.

481 5459 501 5487 ²
538 5462 617 5507 An
640 5458 933 5509 defunctus?

483 5520 505 5585 ἒ
548 5523 667 5585 Loco
691 5519 918 5570 Antonini
954 5520 1156 5569 Macrini
1189 5520 1350 5585 legunt
1386 5521 1658 5585 Hensclten.
1680 5526 1735 5585 _et
1770 5518 2018 5583 Papebro-

416 5583 557 5634 chius
581 5599 590 5630 :
618 5583 877 5645 Hadriani;
904 5596 1014 5633 cum
1036 5590 1193 5634 tamen
1214 5580 1263 5633 in
1286 5598 1377 5635 ms.
1407 5582 1584 5635 Codice
1608 5580 1914 5633 Itabeatur'ut
1934 5595 2020 5631 nos

416 5648 497 5697 hic
520 5646 726 5696 edimus.

483 5709 505 5738 ³
546 5710 751 5761 Lacuna:
775 5708 823 5759 in
849 5710 1042 5776 Hygino
1063 5715 1109 5761 et
1130 5707 1722 5776 Aniceloreperitutlurjn
1741 5722 1831 5759 ms.
1859 5707 2016 5759 Cresa-

1611 2902 1951 2971 Zepliyrinus
1977 2905 2147 2957 annis.
2193 2941 2207 2955 .
2252 2942 2267 2955 .
2314 2942 2327 2954 .
2370 2904 2413 2957 A
2453 2903 2593 2957 Con-

1538 2976 1713 3027 sulatu
1768 2975 2044 3028 Saturnini
2094 2983 2148 3027 et
2199 2974 2371 3039 Galli,
2427 2989 2593 3044 usque

1540 3045 1812 3100 Pracseute
1838 3058 1891 3101 et
1922 3045 2214 3101 Extricato.

1612 3117 1863 3171 Callistus
1892 3134 2061 3170 annos
2086 3120 2348 3187 quinque,
2379 3132 2595 3172 menses

1539 3187 1697 3259 duos.
1730 3191 1843 3243 dies
1869 3190 2077 3244 decem.
2108 3190 2230 3243 Fuit
2262 3193 2595 3259 temporibus

1542 3258 1759 3313 Macriui
1789 3272 1839 3314 et
1863 3260 2217 3330 Heliogabali,
2248 3278 2274 3312 ει
2300 3262 2593 3315 Consulatu

1540 3332 1796 3384 Antonini
1831 3342 1883 3383 et
1923 3331 2185 3396 Adventi,
2229 3348 2397 3401 usque
2430 3337 2595 3387 Anto-

1540 3402 1671 3455 nino
1699 3402 1765 3455 lll
1790 3412 1839 3456 el
1867 3402 2199 3457 Alexandro.

1616 3472 1860 3527 Urbantts
1886 3489 2057 3527 annos
2078 3487 2225 3538 oeto,
2255 3490 2470 3528 menses
2493 3491 2586 3528 ttu-

1540 3543 1741 3605 decim,
1797 3547 1913 3600 dies
1960 3544 2267 3600 duodecim.
2301 3545 2420 3599 Fuit
2458 3554 2593 3599 lem-

1543 3616 1762 3682 poribus
1836 3616 2127 3670 Alexandri
2192 3633 2219 3670 a
2296 3617 2591 3670 Consulatu

1540 3688 1752 3758 Maximi
1782 3698 1837 3743 et
1867 3688 2097 3754 lElitllti,
2142 3702 2313 3758 usque
2342 3688 2590 3758 Agricola

1541 3770 1593 3813 et
1619 3757 1980 3815 Clementiuo.

1612 3831 1906 3886 Pontianus
1935 3846 2107 3887 annos
2134 3831 2400 3901 quinque,
2436 3847 2589 3885 men-

1541 3917 1628 3956 ses
1656 3904 1813 3967 duos,
1840 3906 1955 3958 dies
1982 3912 2209 3973 septem.
2242 3901 2361 3957 Fuit
2390 3916 2591 3973 tempo-

1543 3976 1688 4029 ribus
1712 3974 2024 4041 Alexandri,
2052 3992 2081 4029 a
2110 3976 2405 4029 Consulatu
2438 3976 2594 4029 Pom-

1545 4048 1720 4111 peiani
1767 4060 1821 4101 et
1872 4047 2188 4115 Peligniani.
2237 4046 2312 4099 Eo
2353 4056 2595 4114 tempore

1544 4117 1837 4172 Pontianus
1882 4119 2177 4187 Episcopus
2207 4128 2260 4170 et
2293 4118 2595 4187 llippolitus

1545 4188 1832 4261 Presbyter
1862 4191 2045 4244 exules
2076 4199 2200 4261 sunt
2228 4190 2517 4261 deportati
2542 4193 2592 4243 iit

1540 4260 1768 4313 insulam
1814 4263 2059 4314 nocivatn
2104 4260 2446 4327 Sardiniam,
2498 4260 2596 4315 Se-

1540 4347 1667 4385 vero
1707 4341 1762 4386 et
1802 4332 2094 4399 Quintiano
2144 4332 2485 4385 Consulibus.
2536 4332 2591 4386 lu

1539 4404 1727 4457 eadem
1789 4402 1961 4456 insula
2008 4402 2306 4457 discinctus
2348 4406 2365 4432 ²
2413 4414 2496 4457 est
2542 4418 2595 4456 tv

1540 4473 1811 4528 Kalendas
1834 4473 2105 4539 Octobris,
2134 4483 2188 4527 et
2216 4473 2337 4526 loco
2365 4472 2481 4541 ejus
2506 4487 2597 4527 or—

1541 4547 1757 4600 dinatus
1803 4556 1886 4599 est
1930 4551 2158 4598 Anteros
2230 4560 2283 4596 xt
2330 4542 2597 4598 Kalendas

1545 4617 1798 4672 Decemb.
1832 4616 2158 4671 Consulibus
2188 4616 2592 4685 suprascriptis.

1613 4688 1849 4743 Anteros
1884 4703 2070 4743 mense
2109 4702 2237 4751 uno,
2270 4686 2461 4742 diebus
2504 4686 2597 4740 dc-

1543 4776 1682 4817 cem.
1742 4761 1945 4813 Dormit
1994 4774 2049 4813 ttt
2096 4756 2279 4811 Nonas
2324 4758 2593 4824 Januarii,

1547 4832 1834 4886 Maximino
1865 4840 1919 4885 et
1961 4831 2214 4883 Africano
2250 4830 2594 4883 Consulibus.

1618 4902 1887 4957 Fabianus
1935 4915 2106 4955 annos
2155 4900 2595 4965 quatuordecitn,

1548 4989 1761 5028 menses
1786 4973 2058 5028 undecim.
2092 4970 2207 5024 dies
2236 4971 2446 5025 decem.
2478 4969 2598 5025 Fuit

1549 5047 1881 5109 temporibus
1929 5041 2205 5097 Maximini
2254 5055 2306 5095 et
2336 5042 2597 5096 Gordiani

1547 5129 1601 5172 et
1649 5116 1907 5185 Pltilippi,
1938 5132 1967 5167 a
1997 5114 2291 5168 Consulatu
2322 5112 2594 5185 Maximini

1547 5200 1602 5243 et
1631 5184 1891 5251 Africani,
1922 5201 2091 5251 usque
2123 5186 2282 5238 Decio
2314 5184 2354 5237 ||
2382 5195 2435 5239 et
2465 5184 2598 5238 Gra-

1550 5270 1623 5315 to.
1670 5261 1865 5315 Passus
1897 5274 1991 5313 xnt
2032 5255 2257 5311 Kalend.
2294 5255 2594 5311 Februarii.

2740 2908 3074 2977 Zcpltyt'intts
3103 2909 3278 2963 antiis.
3325 2948 3337 2959 .
3384 2946 3398 2958 .
3445 2947 3457 2959 .
3499 2922 3529 2962 a
3572 2906 3723 2960 Con-

2667 2981 2845 3032 sulatu
2896 2981 3168 3035 Saturnini
3221 2989 3273 3035 et
3322 2978 3492 3044 Galli,
3550 2992 3723 3049 uSque

2668 3049 2945 3106 Prassenle
2971 3060 3019 3104 et
3051 3050 3347 3106 Extricato.

2742 3123 2992 3177 Callistus
3050 3140 3219 3177 annos
3280 3124 3335 3179 5.
3397 3136 3612 3177 menses
3664 3121 3720 3175 2.

2667 3192 2785 3247 dies
2818 3194 2905 3247 10.
2957 3193 3077 3247 Fuit
3123 3194 3454 3264 temporibus
3499 3193 3723 3247 Macrini

2668 3272 2723 3319 et
2753 3264 3111 3332 Heliogabali,
3156 3280 3185 3318 a
3225 3263 3517 3318 Consulatu
3547 3267 3721 3316 Anto-
3766 3264 3771 3268 ’

2668 3338 2777 3389 nini
2808 3345 2861 3389 ct
2886 3338 3136 3399 Adveuti,
3160 3351 3333 3406 usque
3357 3334 3632 3389 Antonino
3655 3332 3720 3387 Ill

2667 3416 2720 3459 et
2754 3407 3075 3460 Alexandro.

2738 3477 2985 3531 Urbanus
3014 3493 3184 3531 annos
3209 3488 3354 3543 octo,
3388 3492 3605 3533 menses
3630 3477 3715 3541 tt,

2665 3548 2781 3603 dies
2812 3549 2893 3601 l2.
2922 3549 3044 3603 Fuit
3067 3551 3403 3619 temporibus
3424 3548 3719 3603 Alexandri

2666 3635 2695 3674 a
2719 3620 3012 3674 Consulatu
3046 3621 3258 3675 Maximi
3290 3632 3345 3676 et
3370 3622 3570 3676 A‘lliani
3590 3662 3604 3687 ,
3632 3635 3722 3675 us-

2665 3708 2768 3761 que
2791 3692 3038 3762 Agricola
3067 3702 3121 3746 et
3144 3692 3507 3748 Clementiuo.

2737 3834 3035 3888 Pontianus
3061 3848 3233 3889 annos
3270 3835 3539 3903 quinque,
3574 3850 3724 3888 men-

2666 3919 2754 3959 ses
2780 3906 2936 3965 duos.
2968 3906 3087 3960 dies
3110 3917 3339 3976 septem.
3370 3904 3492 3959 Fuit
3517 3916 3726 3975 tempo-

2667 3977 2816 4031 ribns
2840 3977 3155 4043 Alexandri,
3188 3992 3214 4030 a
3241 3978 3536 4032 Consulatu
3566 3978 3726 4032 Ροιιι-

2672 4050 2842 4112 peiani
2874 4061 2927 4102 et
2981 4048 3299 4118 Peliguiani.
3354 4049 3431 4102 Eo
3480 4059 3728 4117 tempore

2673 4119 2967 4174 Pontianus
3000 4119 3301 4189 Episcopus
3332 4128 3387 4174 et
3416 4120 3725 4191 llippolitus

2670 4191 2961 4261 Presbyter
2990 4192 3181 4246 exules
3208 4202 3332 4246 sunt
3372 4192 3638 4262 deportati
3673 4192 3725 4246 itt

2670 4264 2899 4317 insulam
2951 4264 3195 4316 nocivatu
3244 4262 3587 4333 Sardiniam,
3623 4265 3725 4317 Sc-

2670 4349 2800 4388 vero
2846 4344 2899 4387 et
2946 4335 3205 4401 Quintiuo
3247 4336 3573 4390 Consulibus
3614 4352 3626 4386 :
3672 4333 3725 4388 in

2667 4404 2855 4458 eadem
2881 4405 3051 4457 insula
3073 4404 3369 4459 discinctus
3391 4416 3475 4459 est
3496 4421 3569 4459 tv.
3601 4403 3723 4458 Kal.

2666 4474 2935 4540 Octobris,
2963 4486 3014 4529 et
3051 4475 3168 4528 loco
3192 4475 3309 4542 ejus
3338 4477 3619 4530 ordinatus
3643 4485 3727 4528 est

2668 4545 2903 4600 Anteros
2928 4562 2999 4599 xt.
3025 4544 3144 4599 Kal.
3179 4547 3489 4602 ltecetnbris
3516 4546 3725 4601 Consu-

2668 4615 2810 4671 libus
2830 4615 3239 4687 suprascriptis.

2742 4690 2975 4742 Anteros
3005 4703 3190 4742 mense
3222 4704 3360 4755 uno,
3396 4688 3588 4743 diebus
3629 4687 3726 4742 dc-

2671 4774 2809 4814 cem.
2862 4760 3070 4813 Dormit
3113 4774 3172 4813 ttt
3217 4758 3401 4814 Nonas
3442 4758 3723 4826 Januarii,

2672 4830 2965 4885 Maximino
2985 4842 3039 4884 et
3066 4831 3323 4885 Africano
3354 4834 3697 4887 Consulibus.

2743 4902 3014 4955 Fabianus
3066 4917 3236 4957 annos
3283 4905 3723 4973 quatuordecim,

2670 4988 2910 5027 mensem
2941 4989 3136 5038 unum,
3184 4974 3302 5031 dies
3346 4974 3555 5030 decem.
3604 4974 3729 5028 Fuit

2672 5043 3007 5107 temporibus
3028 5045 3331 5111 Maximini,
3365 5058 3419 5099 et
3444 5043 3724 5108 Gordiani,

2670 5127 2720 5169 et
2752 5115 3010 5185 Philippi,
3045 5132 3075 5170 a
3115 5116 3413 5171 Consulatu
3452 5115 3726 5171 Maximini

2671 5194 2725 5240 et
2746 5186 2999 5250 Africittti,
3020 5202 3192 5255 usque
3212 5187 3371 5241 Decio
3396 5188 3437 5242 ll
3464 5198 3519 5241 et
3535 5186 3724 5241 Grato.

2672 5256 2869 5313 Passus
2909 5274 3021 5313 xttt.
3068 5258 3188 5313 Kal.
3238 5258 3582 5313 Februarias.
3630 5256 3729 5311 Hic

2130 5398 2239 5461 pote
2260 5392 2398 5454 cujus
2420 5391 2629 5445 auctoris
2650 5394 2945 5461 temporibus
2962 5393 3012 5444 in
3031 5408 3120 5445 ms.
3139 5394 3258 5461 ςριι.
3273 5393 3541 5461 exstabant,
3555 5408 3619 5448 ex
3633 5410 3728 5461 quo

2130 5455 2487 5515 Imperatorum
2505 5464 2548 5506 et
2572 5455 2903 5517 consulatuum
2918 5464 3054 5507 notas
3073 5457 3302 5517 colligere
3325 5458 3452 5507 licet.

2192 5519 2211 5549 ³
2252 5519 2441 5568 Lacuna
2466 5518 2662 5578 Catalog

2632 5518 2682 5580 gi
2706 5516 2958 5582 inVSotere
2982 5510 3213 5582 suppleri
3223 5527 3381 5582 posset
3404 5532 3467 5574 ea:
3506 5536 3593 5573 ms.
3618 5524 3728 5576 ϐω-

2126 5594 2284 5653 sareo,
2312 5580 2362 5653 in
2384 5580 2736 5653 qud/labetur;
2762 5580 3089 5653 Temporibus
3109 5580 3340 5653 Antonini
3369 5596 3421 5633 tt
3442 5584 3687 5653 Commodi
3708 5627 3723 5647 ,

2124 5656 2150 5691 a
2173 5642 2431 5706 Consulatu
2457 5642 2573 5706 Veri
2606 5649 2658 5706 et
2676 5642 2979 5706 Herennium
2999 5684 3012 5703 ,
3039 5658 3194 5706 usque
3209 5645 3423 5695 Paterno
3446 5642 3720 5699 etBradual

422 5782 529 5837 reo,
559 5777 847 5834 (tamtamen
871 5770 951 5824 εἴ
969 5773 1180 5826 secundo
1211 5770 1428 5839 catalogo
1450 5770 1669 5837 suppleri
1690 5778 1913 5835 possunt,
1939 5776 2014 5821 ut-

2130 5708 2312 5757 Verum
2334 5703 2446 5757 vitio
2465 5703 2671 5769 librarii,
2699 5704 2979 5757 Consulatus
3005 5705 3083 5757 hic
3104 5703 3304 5758 aliunde
3324 5708 3375 5759 in
3394 5723 3483 5763 ms.
3508 5707 3720 5777 irrepsit.
