4200 6178
381 241 488 296 453

677 347 1134 412 BOUCHERIUS.

379 444 475 496 bus
503 441 694 504 tribus,
727 442 915 498 diebus
949 441 1134 510 viginti
1168 443 1423 508 quinque.

382 515 498 588 Fuit
516 514 849 588 temporibus
872 514 1183 588 Diocletiani
1200 522 1254 588 et
1271 515 1431 588 Ma_xi—

383 586 546 640 miani
575 629 588 646 ,
623 584 688 638 ex
719 585 806 638 die
839 584 1010 650 pridie
1039 584 1308 638 Kalendas
1337 585 1432 648 Ju-

381 657 478 711 lias
501 699 512 712 .
546 673 573 709 a
603 656 928 710 Consulibus
959 656 1297 709 Diocletiano
1331 657 1392 710 Vl
1414 700 1426 719 ,

382 739 428 782 et
459 727 776 788 Constantio
803 727 867 790 ll,
895 743 1065 790 usque
1090 727 1142 782 itt
1173 729 1433 783 Consula—

384 809 491 853 tum
529 799 844 855 Dit‘Clclittlll
891 797 988 864 IX,
1027 809 1082 852 et
1124 799 1428 856 Maximiani

385 870 516 924 Vlll.
553 871 668 936 Quo
713 882 954 938 tempore
999 868 1095 924 fuit
1127 872 1430 938 persecutio

381 951 436 997 et
460 944 692 997 cessavit
733 942 1092 1011 Episcopatus
1114 940 1273 995 annis
1295 957 1363 995 vn
1389 943 1424 1006 ¹,

382 1015 664 1069 mensibus
692 1029 765 1077 Vl,
793 1013 987 1068 diebus
1016 1028 1139 1067 xxv.

453 1156 781 1212 Illancxuus
815 1171 956 1208 anno
985 1168 1122 1218 uno,
1156 1154 1431 1208 mensibus

383 1238 622 1296 septem.
658 1230 846 1281 diebus
879 1227 1084 1295 viginti.
1132 1225 1254 1280 Fuit
1299 1237 1434 1279 lem-

385 1302 608 1368 poribus
648 1298 933 1362 Maxentii,
979 1314 1008 1350 a
1053 1297 1350 1368 Consulatu
1384 1297 1431 1350 Χ

381 1367 438 1428 et
498 1372 822 1428 Maximiano
851 1372 892 1429 '.
927 1384 1098 1438 usque
1128 1378 1249 1440 post
1287 1367 1432 1422 Con~

383 1443 616 1502 sulatum
648 1441 714 1507 X,
745 1453 797 1497 et
826 1441 1139 1512 septimum.

461 1587 718 1640 EUSEBIUS
764 1597 979 1639 menses
1018 1591 1264 1653 quatuor,
1315 1581 1436 1637 dies

383 1658 644 1716 sedecim.
670 1675 696 1708 a
718 1673 826 1711 xlv.
850 1656 1118 1712 Kalendas
1137 1655 1322 1712 Maias.
1348 1670 1439 1707 us-

386 1745 491 1800 que
520 1731 570 1782 in
597 1728 739 1782 diem
765 1744 852 1784 xw
899 1726 1168 1781 Kalendas
1189 1726 1438 1796 Septem-

385 1801 522 1855 bris.

459 1873 754 1926 MILTIADES
784 1870 938 1923 annis
981 1868 1151 1922 tribus
1177 1909 1189 1931 ,
1242 1867 1435 1922 mensi-

389 1944 489 1998 bus
535 1960 666 2003 sex,
725 1942 915 1995 diebus
955 1955 1184 2003 novem,
1234 1955 1297 1992 ex
1351 1938 1439 1992 die

387 2028 542 2070 sexm
590 2013 772 2070 Nonas
815 2012 1025 2076 .Iulias,
1070 2028 1098 2063 a
1147 2011 1437 2064 Consulatu

389 2088 713 2141 Maximiano
766 2082 877 2137 Vlll
929 2083 1074 2144 Solo;
1143 2082 1282 2152 quod
1347 2081 1439 2134 fuit

391 2174 581 2211 mense
649 2156 983 2223 septt'mbri,
1043 2153 1332 2207 Vo|u~iano
1388 2162 1441 2207 et

389 2229 608 2293 linlino,
635 2243 804 2296 usque
840 2230 891 2278 in
925 2242 980 2280 ιιι
1029 2226 1149 2278 ldus
1174 2225 1440 2288 Januarii,

396 2301 689 2356 Volusiano
729 2311 777 2352 et
817 2300 1065 2358 Auuiano
1091 2296 1437 2356 Consulibus.

468 2373 776 2427 Sth'EsTEtt
844 2369 1000 2423 annis
1057 2368 1239 2435 viginti
1297 2382 1436 2430 uno,

392 2445 669 2497 mensibus
707 2441 978 2495 undecim.
1029 2439 1146 2493 Fuit
1189 2437 1445 2501 tempori-

392 2516 492 2568 bus
519 2513 882 2574 Constantini,
910 2528 937 2563 a
970 2513 1259 2565 Consulatu
1285 2509 1445 2562 Volu-

391 2586 528 2639 siani
559 2596 612 2640 et
645 2584 899 2647 Anniani,
933 2599 995 2638 ex
1023 2583 1111 2638 die
1139 2582 1310 2648 pridie
1339 2581 1445 2636 Ka-

394 2657 582 2710 lendas
633 2656 941 2720 Februarii,
994 2669 1164 2722 usqne
1209 2654 1260 2706 in
1301 2655 1442 2706 diem

390 2727 758 2782 Kalendarum
820 2726 1238 2787 Januariarnm,
1304 2725 1443 2778 Con-

389 2803 594 2854 stautio
621 2809 675 2852 et
704 2797 899 2851 Albino
921 2796 1264 2852 Consulibus.

464 2871 683 2926 MARCUS
733 2885 945 2923 menses
993 2879 1146 2929 octo,
1204 2867 1320 2922 dies
1363 2867 1444 2920 vi-

390 2944 546 3013 gitri.
583 2943 648 2998 Et
686 2942 772 3013 hic
803 2940 900 2996 luit
946 2939 1276 3013 temperib_ns
1305 2937 1447 3013 Coll-

390 3010 651 3075 stantiui,
702 3012 1002 3080 Nepotiauo
1075 3021 1126 3064 et
1192 3010 1445 3063 Facundo

389 3084 720 3138 Consulibus
778 3099 842 3137 ex
897 3084 986 3137 die
1059 3099 1123 3135 xv
1179 3080 1445 3135 Kalendas

391 3155 742 3216 Februarias.
779 3171 946 3219 usque
975 3154 1028 3207 in
1058 3155 1146 3208 die
1173 3153 1443 3207 Nonarum

390 3229 732 3291 Uctobrittnt,
755 3227 1079 3280 Cotisulibus
1109 3226 1207 3280 SS.

465 3298 835 3354 JULtusannos
855 3297 1185 3365 quindecim,
1207 3311 1444 3349 mensem

392 3386 560 3424 unum
581 3412 594 3432 ,
625 3369 742 3423 dies
775 3370 1042 3423 undecim.
1078 3369 1198 3422 Fuit
1241 3379 1450 3435 tempo-

391 3442 542 3496 ribus
569 3441 931 3504 Constantini,
965 3458 992 3494 a
1023 3441 1316 3495 Consulatu
1348 3439 1450 3494 Fe-

392 3513 577 3568 licimni
604 3528 655 3567 et
686 3513 884 3568 Titiani
907 3555 919 3572 .
952 3530 1015 3568 ex
1048 3512 1136 3566 die
1176 3526 1286 3564 vui.
1327 3511 1446 3566 ldus

392 3582 698 3656 Februarii.
723 3588 770 3636 ιιι
789 3583 1124 3656 dictupridie
1147 3581 1271 3656 ldus
1291 3582 1448 3656 Apri-

393 3657 496 3720 lis,
547 3655 862 3710 Constantio
912 3654 973 3719 V,
1027 3666 1074 3708 et
1130 3654 1446 3708 Constantio

391 3729 610 3781 Ca-sare
635 3727 980 3783 Consulibus.
1014 3725 1110 3780 Hic
1137 3725 1332 3779 multas
1365 3725 1444 3777 fa-

393 3798 576 3852 bricas
603 3797 722 3854 fecit
759 3816 771 3852 :
808 3799 1085 3854 Basilicam
1121 3797 1172 3850 in
1206 3795 1288 3850 \ia
1315 3795 1448 3850 Por-

396 3879 588 3938 tense,
642 3868 891 3924 milliario
934 3886 1011 3924 ιιι.
1066 3869 1346 3922 Basilicam
1390 3867 1442 3920 in

393 3942 478 3993 via
512 3940 772 3994 Flaminia
797 3983 810 4005 ,
842 3942 1091 3995 milliario
1116 3956 1173 3993 ιι.
1205 3956 1324 4008 qua:
1352 3956 1446 4007 ap-

394 4013 626 4081 pellatur
680 4012 966 4066 Valentini.
1014 4012 1293 4064 Basilicam
1352 4011 1445 4065 Ju-

393 4083 542 4145 liam,
575 4099 693 4152 qua:
721 4096 799 4140 est
831 4084 1049 4152 regione
1075 4099 1166 4146 vn,
1192 4083 1445 4149 jnxtalo-

392 4171 514 4225 rum
546 4155 658 4208 Divi
689 4155 904 4225 'l‘rajani
939 4173 950 4208 :
984 4153 1264 4208 Basilicam
1294 4163 1444 4210 ttans

393 4224 669 4291 Tiberim,
723 4224 937 4293 regione
988 4242 1074 4280 xtv
1127 4226 1276 4294 juxta
1326 4226 1447 4284 Cal-

395 4297 581 4350 listum
619 4316 632 4352 :
666 4299 948 4352 Basilicam
983 4301 1034 4350 itt
1069 4297 1151 4350 via
1195 4300 1442 4363 Aurelia,

394 4370 651 4424 tnilliario
682 4385 738 4424 ιιι
766 4372 830 4426 ad
858 4368 1158 4425 Callistum.

471 4438 722 4498 Lissutus
776 4441 870 4498 fuit
927 4441 1259 4507 temporibus
1304 4437 1446 4494 Con-

392 4511 612 4576 5tantii,
655 4529 720 4567 ex
765 4514 851 4567 die
877 4529 950 4566 xt.
980 4511 1101 4564 Kal.
1138 4510 1356 4572 lunias,
1394 4512 1443 4564 itt

393 4583 566 4636 diem.
610 4624 624 4638 .
671 4624 684 4638 .
732 4624 743 4637 .
793 4625 804 4636 .
851 4624 864 4637 .
905 4599 934 4637 a
967 4584 1279 4637 consulibus
1307 4582 1449 4637 COn—

391 4657 596 4708 stantio
626 4655 688 4719 V,
719 4667 772 4710 et
798 4654 1115 4710 Constantio
1139 4654 1374 4709 Caesare.

473 4725 689 4794 (Omnia
704 4743 845 4796 pene
883 4726 994 4780 lucc
1033 4727 1280 4796 opuscula
1323 4725 1460 4780 desi-

393 4807 526 4850 nunt
555 4799 652 4868 ﬁliis
683 4795 826 4851 Cosa.
878 4798 1013 4851 unde
1053 4795 1270 4868 apparet
1317 4813 1453 4868 anno

395 4870 517 4934 isto,
537 4867 728 4922 Christi
754 4870 880 4936 554,
894 4871 1090 4938 scripta
1102 4867 1188 4923 aut
1204 4867 1454 4938 circiter.)

464 4983 478 5013 ⁸
514 4981 724 5050 Videtur
768 4980 847 5050 (rio
884 4978 1144 5050 legendum
1181 4983 1268 5042 ιιι,
1295 4995 1358 5033 ea:
1400 4981 1649 5035 consulum
1687 4981 1834 5046 serie,
1878 4993 1990 5046 qua:

393 5050 556 5096 trunca
570 5044 650 5098 hic
671 5044 891 5104 confusa.

465 5109 486 5137 ³
520 5107 724 5160 Videtur
745 5105 825 5166 hic
847 5110 908 5161 de
928 5122 1030 5162 esse
1054 5123 1135 5159 vn.
1157 5105 1257 5160 Alii
1281 5109 1458 5175 legion.
1483 5122 1532 5162 ix
1547 5145 1564 5171 ,
1587 5115 1640 5168 et
1679 5107 1988 5160 laximiano.

1095 223 1508 300 canimus
1548 235 1708 297 non.
1754 235 1953 296 PONT.
1995 237 2126 293 sue
2165 235 2440 294 LIBERIO
2477 222 2928 296 DESCRIPTUS.

1771 349 2275 406 llltINSCHENIUS.

1502 444 1600 502 bus
1633 444 1836 507 tribus,
1865 444 2053 498 diebus
2081 444 2264 507 viginti
2296 445 2549 514 quinque.

1505 515 1622 570 Fuit
1698 515 2032 581 temporibus
2113 515 2429 570 Diocletiani
2503 529 2554 570 et

1506 586 1831 645 Maximiani,
1866 601 1932 639 ex
1960 585 2049 639 die
2090 588 2258 656 pridie
2289 587 2556 640 Kalendas

1505 657 1696 716 .lulias.
1728 671 1755 709 a
1778 656 2103 711 Consulibus
2132 658 2464 712 Diocletiano
2489 659 2558 714 Vl

1504 738 1559 782 et
1587 728 1907 786 Constantio
1937 727 1981 783 ll
2000 769 2015 794 ,
2062 744 2227 795 usque
2266 730 2318 783 in
2345 730 2551 784 Consu-

1505 800 1668 854 latum
1743 800 2052 853 Diocletiani
2126 799 2197 853 IX
2271 812 2321 851 et
2393 801 2561 856 Maxi-

1505 870 1668 924 miani
1695 868 1830 924 Vlll.
1865 869 1984 938 Quo
2027 881 2271 940 tempore
2303 871 2393 923 l'nit
2441 888 2561 941 per-

1503 942 1708 995 secutio
1734 954 1785 994 et
1819 945 2052 996 cessavit
2087 942 2442 1011 Episcopatus
2466 961 2561 996 an—

1507 1030 1604 1066 nos
1645 1029 1716 1078 iv,
1752 1013 2032 1068 mensibus
2078 1029 2173 1069 sex
2198 1055 2211 1080 ,
2244 1015 2439 1068 diebus
2483 1017 2562 1068 vi-

1503 1084 1638 1154 ginti
1667 1085 1927 1155 quinque.

1584 1155 1862 1210 Marcellus
1909 1169 2051 1209 anno
2095 1171 2234 1218 uno,
2283 1156 2559 1211 mensibus

1506 1235 1734 1295 Septem,
1766 1227 1880 1280 dies
1911 1226 2116 1295 viginti.
2149 1227 2269 1280 Fuit
2301 1230 2560 1292 tempori-

1509 1300 1608 1350 bus
1649 1298 1897 1370 Maxentii
1943 1301 2317 1370 autionsu'attt
2359 1298 2563 1370 (Maxi-

1510 1369 1671 1443 tniani
1690 1368 1961 1443 Herculei)
1975 1367 2024 1422 X
2040 1367 2409 1443 etllaximiani
2433 1370 2560 1443 (Ga-

1509 1440 1667 1510 lerii)
1719 1439 1847 1502 \‘ll,
1900 1456 2070 1509 usque
2133 1450 2252 1510 post
2304 1439 2562 1498 Cons-ula-

1510 1521 1622 1565 tum
1651 1511 1698 1564 Χ
1725 1521 1779 1565 et
1802 1511 1910 1566 Vll.

1581 1583 1841 1637 Eusebius
1884 1597 2097 1636 menses
2141 1593 2396 1652 quatuor,
2445 1583 2561 1637 dies

1508 1654 1770 1718 sedecim,
1804 1670 1835 1707 a
1863 1670 1948 1708 xtv
1999 1653 2224 1707 Kalend.
2277 1654 2441 1709 Maias
2473 1672 2563 1709 us-

1510 1742 1613 1851 que
1641 1725 1694 1784 in
1717 1726 1860 1786 diem
1886 1742 1969 1782 xvr
2017 1725 2291 1788 Kalendas
2317 1728 2561 1797 Septent-

1552 1814 1644 1850 l'IS.

1552 1814 1644 1850 l'IS.

1585 1868 1849 1922 Miltiades
1881 1870 2034 1923 annis
2065 1869 2253 1932 tribus,
2291 1870 2564 1923 mensibus

1513 1953 1604 1992 sex
1628 1981 1642 2002 ,
1673 1941 1863 1994 diebus
1905 1956 2097 1995 novent
2128 1940 2170 2004 δ,
2200 1949 2255 1994 et
2298 1943 2382 1994 die
2413 1953 2566 1994 sexto

1515 2009 1694 2065 Nonas
1732 2009 1936 2075 Julias,
1978 2027 2008 2066 a
2053 2010 2347 2068 Consulatu
2399 2013 2564 2070 Maxi-

1516 2083 1694 2152 miano
1727 2080 1838 2136 Vltl
1879 2083 2016 2147 Solo,
2062 2088 2202 2152 quod
2246 2085 2342 2138 fuit
2383 2099 2566 2137 mense

1514 2151 1850 2216 Septembri,
1901 2151 2195 2208 Volusiano
2240 2166 2292 2208 et
2339 2157 2563 2220 littlino,

1517 2239 1685 2292 itaque
1731 2225 1783 2278 in
1825 2224 1890 2278 Ill
1929 2224 2054 2280 ldus
2099 2225 2372 2292 Januarii,
2407 2226 2568 2279 Volu-

1516 2297 1668 2352 siano
1687 2307 1740 2351 et
1769 2299 1977 2350 Attiatto
2006 2295 2161 2350 Coss.

1587 2369 1846 2424 Silvesler
1872 2370 2026 2422 annis
2050 2369 2234 2438 viginti
2261 2385 2389 2434 nuo,
2421 2385 2570 2430 men-

1517 2437 1664 2491 sibus
1721 2439 1992 2492 undecim.
2054 2437 2178 2494 Fcit
2235 2443 2570 2508 temporibus

1516 2509 1877 2575 COustantini,
1909 2528 1935 2561 a
1962 2511 2260 2564 Consulatu
2291 2512 2565 2566 Volusiani

1518 2594 1571 2652 ei
1600 2579 1832 2636 Anniani
1853 2624 1867 2647 ,
1894 2598 1956 2636 ex
1986 2582 2073 2636 die
2107 2583 2277 2652 pridie
2301 2583 2570 2639 Kalendas

1520 2651 1835 2723 Februatii,
1881 2667 2046 2723 usque
2077 2651 2126 2706 in
2174 2656 2314 2712 diem
2349 2656 2568 2722 (pridie)

1519 2722 1876 2777 Kalendarum
1898 2722 2295 2791 Januariarnm,
2313 2725 2574 2780 Constan-

1522 2798 1634 2848 tino
1661 2803 1716 2848 et
1741 2796 1937 2850 Albino
1959 2795 2116 2851 Coss.

1593 2865 1805 2922 Marcus
1857 2884 2074 2921 menses
2128 2884 2244 2932 vni,
2302 2869 2418 2922 dies
2480 2885 2570 2922 xx.

1521 2936 1645 2992 Fuit
1690 2941 2025 3007 temporibus
2067 2939 2441 3006 Constantini,
2470 2939 2575 2998 Nc-

1523 3010 1740 3076 potiano
1764 3019 1815 3064 et
1840 3010 2093 3065 Facmido
2118 3009 2474 3076 Consulibus;
2507 3029 2571 3066 ex

1519 3081 1606 3153 die
1637 3097 1704 3134 xv
1733 3081 2001 3153 Kalendas
2047 3081 2354 3141 Felix-uarii.
2405 3099 2574 3153 usque

1520 3152 1570 3203 iit
1595 3153 1736 3205 diem
1769 3151 2041 3207 Netiarnm
2072 3156 2406 3220 Octobrium,
2431 3151 2576 3210 Cun-

1519 3223 1726 3276 sulibus
1750 3226 2094 3293 supradictis.

1590 3293 1837 3348 Julianus
1858 3312 2029 3350 annos
2055 3297 2388 3365 quindecim,
2417 3313 2572 3354 mcu-

1522 3378 1609 3418 ses
1634 3365 1789 3426 duos,
1812 3369 1927 3421 dies
1949 3382 2064 3421 Sex.
2093 3368 2214 3421 Fuit
2239 3370 2572 3435 temporibus

1520 3435 1860 3501 Constantis,
1894 3455 1922 3489 ιι
1975 3441 2266 3492 Consulatu
2312 3440 2569 3494 Felit'iani

1520 3517 1574 3560 et
1604 3508 1819 3570 Titiani.
1851 3525 1915 3564 ex
1945 3510 2034 3564 die
2064 3527 2153 3566 vin
2181 3511 2301 3564 ldus
2333 3510 2572 3566 Februa-

1521 3578 1618 3653 rii,
1673 3582 1722 3631 in
1751 3582 1913 3653 diem
1964 3582 2132 3645 pridie
2179 3583 2301 3637 ldus
2339 3582 2563 3653 Aptilis,

1518 3650 1837 3706 Consmnlio
1872 3651 1906 3705 V
1941 3660 1994 3706 et
2021 3655 2335 3708 Constantio
2360 3650 2570 3707 Czt-sarc

1517 3718 1862 3776 Consulibus.
1938 3724 2034 3778 llic
2085 3728 2276 3777 multas
2341 3723 2570 3777 fabricas

1521 3792 1674 3861 fecit,
1715 3794 1992 3852 basilicam
2036 3796 2089 3850 in
2132 3796 2214 3850 via
2246 3795 2566 3859 Parmensi,

1521 3865 1773 3920 milliario
1811 3882 1898 3931 tu;
1937 3868 2210 3924 basilicam
2245 3870 2294 3921 in
2332 3867 2413 3920 via
2450 3867 2570 3921 Fla-

1520 3938 1717 4001 minia,
1772 3939 2027 3993 milliario
2073 3955 2141 4003 ιι,
2190 3956 2308 4006 qua:
2349 3948 2569 3994 vocatur

1522 4006 1817 4074 Valentini;
1868 4010 2141 4065 basilicam
2173 4010 2402 4075 Juliam,
2449 4025 2568 4078 quae

1515 4091 1597 4136 est
1638 4083 1860 4149 regione
1891 4096 1993 4146 vti,
2033 4082 2185 4152 juxta
2234 4084 2408 4136 forum
2453 4080 2567 4136 Divi

1516 4153 1763 4220 Trajaui;
1810 4151 2088 4207 basilicam
2121 4165 2270 4208 trans
2295 4153 2531 4214 Tiberim
2551 4195 2564 4218 ,

1517 4227 1736 4291 regione
1767 4239 1880 4288 xw,
1908 4223 2058 4292 juxta
2088 4225 2396 4287 Callistum;
2431 4225 2569 4278 basi-

1518 4297 1671 4348 licam
1715 4296 1764 4348 in
1796 4293 1874 4345 via
1925 4297 2170 4362 Aurelia,
2225 4295 2475 4350 milliario
2511 4311 2566 4348 ιιι

1517 4367 1585 4420 ad
1613 4367 1911 4420 Callistum.

1589 4437 1838 4494 Liberius
1891 4435 1988 4492 fuit
2040 4438 2376 4507 temporibus
2429 4435 2570 4491 Con-

1519 4511 1722 4572 stantii,
1751 4524 1816 4562 ex
1869 4508 1957 4564 die
1988 4525 2041 4565 xt
2071 4508 2339 4563 Kalendas
2358 4507 2564 4566 Junias.

1521 4582 1572 4634 in
1640 4582 1806 4635 diem.
1855 4618 1866 4630 .
1912 4619 1926 4634 .
1971 4621 1984 4634 .
2033 4620 2045 4634 .
2093 4621 2104 4633 .
2147 4598 2175 4633 a
2249 4580 2570 4634 Consulibus

1519 4651 1836 4707 COostantio
1859 4648 1896 4703 V
1920 4664 1971 4708 et
1989 4652 2311 4708 Constantio
2332 4652 2568 4707 Caesare.

2161 4983 2184 5015 ⁸
2205 4979 2285 5032 Al.
2311 4981 2440 5032 Octo

3575 239 3679 294 454

2856 352 2937 408 SC
2953 350 3445 409 IIELSTBATIUS.

2629 444 2819 506 tribus,
2847 444 3036 499 diebus
3064 447 3244 513 viginti
3270 445 3532 514 quinque.
3564 446 3684 501 Fuit

2633 517 2963 586 temporibus
3019 516 3339 570 Diocletiani
3409 530 3459 569 et
3517 518 3686 572 Maxi-

2633 588 2794 640 miani
2816 630 2828 648 ,
2865 604 2926 640 ex
2973 586 3059 640 die
3091 587 3259 652 pridie
3289 586 3559 642 Kalendas
3589 589 3685 644 Ju-

2633 657 2731 712 lias
2752 700 2765 721 ,
2798 675 2825 709 a
2857 655 3180 711 Consulibus
3223 659 3552 713 Diocletiano
3581 660 3642 714 Vl
3667 703 3681 726 ,

2632 737 2689 782 et
2713 729 3034 782 Consmnéio
3063 728 3124 786 ll.
3151 744 3317 797 usque
3347 732 3398 782 in
3427 732 3684 785 Consula-

2635 809 2742 851 unn
2811 801 3123 854 Ditn-Ietiani
3172 799 3241 856 IX
3289 809 3342 854 et
3381 802 3681 858 Maximiani

2635 870 2766 924 VIII.
2802 871 2918 935 Quo
2962 884 3203 937 lt'lllptll‘e
3243 871 3341 925 fuit
3382 877 3684 942 persecutio

2633 951 2686 995 et
2711 944 2938 996 cessavit
2967 942 3326 1010 Episcopatus
3348 959 3517 1000 annos
3541 958 3610 1000 vn
3639 945 3681 1011 ’⁵,

2633 1027 2808 1068 mens.
2837 1029 2908 1078 vn,
2937 1014 3054 1068 dies
3085 1029 3214 1067 xxv.

2703 1153 2988 1210 Marcellus
3031 1172 3169 1210 anno
3202 1173 3248 1220 ι,
3290 1157 3565 1212 mensibus
3599 1176 3681 1226 γι,
3762 1196 3770 1205 -

2633 1223 2937 1298 όιθιιιιεᾲιιιι.
2969 1225 3091 1282 Fuit
3113 1229 3445 1298 temporibus
3471 1223 3685 1284 Maan

2635 1296 2691 1350 tii
2732 1312 2760 1349 a
2803 1296 3096 1351 Consulatu
3137 1296 3440 1353 Maximiani
3485 1301 3686 1357 llercu-

2633 1368 2702 1422 lei
2732 1367 2778 1422 Χ
2802 1378 2857 1428 et
2880 1368 3184 1424 Maximiani
3231 1371 3430 1426 Galerii
3455 1372 3566 1437 Vll,
3598 1390 3687 1430 us-

2633 1456 2737 1508 que
2759 1451 2878 1510 post
2907 1441 3252 1498 Consulatum
3284 1443 3328 1497 X
3358 1455 3409 1498 et
3439 1444 3548 1502 Vll.

2707 1581 2972 1655 Eusebius
3012 1599 3224 1639 illellSt‘S
3254 1601 3324 1650 Iv,
3356 1587 3472 1640 dies
3503 1604 3620 1655 xvt,
3655 1605 3682 1642 a

2636 1669 2722 1706 xw
2777 1653 3045 1719 Kalendas
3077 1657 3219 1719 Maii,
3255 1674 3425 1724 usque
3457 1660 3510 1713 in
3541 1653 3685 1716 diem

2638 1741 2726 1780 xu
2756 1724 3021 1782 Kalendas
3050 1728 3406 1797 Septembris.

2711 1867 2972 1920 Miltiades
3004 1872 3156 1922 annis
3187 1871 3376 1937 tribus,
3413 1874 3690 1929 mensibus

2638 1952 2754 2000 sex,
2777 1939 2965 1994 diebus
2987 1952 3130 2005 octo,
3161 1956 3190 1994 a
3213 1942 3299 1994 die
3325 1955 3478 1995 sexto
3512 1944 3690 2002 Nonas

2639 2010 2828 2074 Julius,
2859 2029 2885 2061 a
2907 2009 3200 2070 Consulatu
3228 2013 3550 2074 Maximiano
3574 2016 3691 2074 Vill

2642 2081 2758 2155 solo
2779 2123 2792 2146 ,
2820 2082 2964 2155 quod
3009 2083 3104 2155 fuit
3138 2100 3322 2138 men~e
3352 2086 3653 2152 Septembri
3673 2131 3688 2155 ,

2644 2151 2936 2226 Volusiano
2967 2165 3018 2206 et
3060 2153 3287 2219 Rutino,
3333 2151 3500 2226 usque
3531 2160 3580 2211 in
3635 2151 3690 2213 ιιι

2643 2222 2764 2275 ldus
2787 2223 3047 2287 Januarii,
3082 2226 3370 2281 Volusiano
3407 2222 3459 2283 et
3481 2229 3692 2286 Attiano

2642 2292 2987 2352 Consulibus.

2715 2367 2988 2438 Sylvester
3009 2369 3163 2423 anuis
3181 2369 3371 2438 viginti
3390 2386 3516 2438 uno,
3545 2388 3697 2429 men-

2643 2437 2794 2518 sibus
2858 2440 3131 2518 undecim;
3183 2437 3301 2518 Fuit
3365 2443 3696 2518 temporibus

2643 2510 3002 2574 Constantini,
3036 2527 3063 2563 ιι
3093 2512 3385 2566 Consttlatu
3416 2510 3696 2570 Volusiani

2644 2589 2697 2639 et
2727 2581 2948 2643 Attiani,
2979 2597 3042 2636 ex
3083 2583 3172 2636 die
3215 2585 3384 2651 pridie
3428 2585 3698 2642 Kalendas

2646 2651 2966 2728 Februarii,
3021 2668 3187 2728 usque
3236 2658 3286 2728 in
3335 2654 3476 2710 diem
3527 2659 3700 2728 pridie

2648 2721 3005 2776 Kalendarum
3036 2725 3409 2779 Januariarnm
3434 2721 3700 2784 Conslan-

2649 2800 2760 2845 lilto
2787 2803 2840 2847 et
2864 2796 3057 2849 Albino
3084 2796 3427 2852 Consulibus.

2718 2865 2927 2920 Marcus
2993 2883 3208 2923 menses
3255 2885 3384 2936 vui,
3438 2870 3556 2926 dies
3603 2888 3694 2927 xx.

2650 2934 2766 3010 Fuit
2809 2940 3142 3010 temporibus
3187 2934 3560 3010 Conslat‘ttini,
3591 2943 3696 2999 Ne-

2652 3008 2942 3080 potianoet
2971 3008 3220 3066 Facundo
3239 3008 3594 3080 Consulibus,
3627 3032 3694 3071 ex

2761 3096 2859 3155 xv__
2880 3079 3105 3134 Kalend.
3142 3082 3414 3138 Februarii
3447 3078 3614 3155 usque
3641 3087 3697 3141 iu

2648 3152 2790 3206 diem
2821 3152 3088 3206 Nonarum
3115 3154 3457 3220 Oetobriutn,
3489 3152 3698 3212 Consu-

2648 3222 2787 3279 libus
2817 3226 3159 3292 supradictis.

2717 3294 2886 3348 Julius
2909 3312 3078 3348 annos
3101 3296 3429 3365 quindecim,
3453 3314 3694 3353 mensem

2647 3381 2829 3439 unum,
2861 3367 2972 3418 dies
2996 3369 3264 3439 undecim.
3294 3368 3413 3422 Fuit
3441 3373 3698 3439 tempori-

2645 3435 2744 3488 bus
2771 3437 3139 3504 Coostantini,
3170 3457 3197 3490 a
3228 3439 3521 3494 Consulatu
3554 3435 3696 3496 Feli-

2644 3509 2780 3561 ciani
2810 3520 2862 3562 et
2883 3509 3076 3564 Titiaui
3102 3527 3167 3565 ex
3191 3513 3278 3567 die
3303 3528 3391 3566 vm
3449 3512 3571 3568 ldus
3596 3515 3699 3568 Fc-

2646 3577 2867 3653 bruarii,
2903 3583 2952 3634 iit
2993 3583 3132 3636 diem
3167 3583 3336 3647 pridie
3374 3583 3494 3638 ldtts
3538 3586 3697 3653 Apri-

2645 3648 2744 3713 lis,
2797 3651 3111 3706 Constantio
3160 3654 3219 3720 V,
3273 3664 3328 3708 et
3379 3648 3694 3710 Constantio

2643 3721 2855 3776 Ctesare
2885 3721 3227 3777 Consulibus.
3262 3725 3356 3779 Hic
3384 3727 3582 3780 multas
3618 3729 3697 3780 l'a-

2647 3792 2821 3846 bricas
2866 3793 3012 3848 fecit.
3058 3824 3130 3834 -—
3171 3795 3451 3856 Bisilieam
3505 3800 3555 3852 iit
3609 3800 3692 3852 via

2642 3863 2924 3919 Portuensi
2950 3865 3202 3922 milliario
3226 3883 3302 3923 ιιι.
3329 3868 3610 3922 Basilicam
3637 3871 3689 3923 in

2641 3937 2722 3989 via
2767 3936 3027 3990 Flaminia
3070 3938 3321 3992 milliario
3348 3955 3417 4002 ll,
3451 3957 3568 4005 qum
3595 3957 3690 3994 vo-

2641 4017 2794 4061 catur
2825 4007 3130 4072 Valentini;
3163 4010 3442 4064 ll-tsilicam
3466 4011 3688 4077 .luliant,

2641 4095 2760 4142 nine
2811 4091 2892 4134 est
2938 4080 3157 4149 regione
3184 4097 3281 4139 vn.
3321 4082 3472 4149 juxta
3516 4084 3690 4138 forum

2641 4151 2703 4204 D.
2736 4149 2983 4219 Trajatti,
3027 4152 3308 4207 Basilicam
3351 4165 3498 4208 trans
3533 4155 3691 4210 'l‘ibe-

2643 4224 2776 4284 rim,
2820 4223 3041 4290 regione
3071 4240 3180 4283 xw.
3209 4225 3362 4292 juxta
3403 4223 3687 4290 Calistutn,

2643 4292 2926 4346 Basilicam
2960 4296 3010 4344 iit
3044 4297 3122 4347 via
3150 4294 3398 4359 Aurelia,
3441 4297 3692 4351 tlttlliario

2643 4365 2801 4417 tertio
2823 4365 2888 4416 ad
2915 4361 3195 4418 Calistum.

2714 4433 2963 4490 Liberius
3019 4435 3118 4489 fuit
3169 4436 3501 4501 temporibus
3549 4437 3693 4492 Con-

2642 4507 2884 4566 stantini,
2915 4521 2983 4559 ex
3010 4505 3097 4560 die
3127 4523 3177 4560 XI
3223 4506 3448 4560 Kalend.
3477 4507 3688 4574 Junias,

2643 4575 2696 4628 in
2733 4575 2897 4630 diem.
2943 4616 2956 4628 .
3003 4615 3016 4628 .
3063 4614 3075 4628 .
3117 4592 3146 4630 a
3193 4577 3516 4634 Consulibus
3553 4581 3698 4636 Con-

2643 4647 2844 4702 stantio
2867 4646 2934 4714 V,
2964 4657 3021 4704 et
3039 4648 3358 4708 Constantio
3385 4649 3626 4707 Caesare.

2095 5057 2262 5095 verum
2283 5043 2334 5095 in
2360 5043 2478 5095 σοι.
2507 5042 2728 5094 Οωεαιω
2751 5042 2954 5093 habetur
2979 5049 3029 5095 ut
3054 5057 3139 5097 nos
3157 5045 3418 5100 edidimus.

2161 5108 2183 5139 δ
2208 5104 2566 5171 Papebroclu'us
2604 5103 2719 5171 legit
2759 5119 2777 5157 :
2815 5119 2930 5158 ann.
2968 5123 3035 5170 tv,
3070 5123 3276 5161 menses
3313 5125 3378 5176 vt,
3420 5111 3530 5163 dies
3569 5125 3696 5174 xxv;

839 5255 3680 5280 m

1027 5349 1756 5460 DISQUISITIO
1796 5346 2302 5436 GALLICE

2350 5364 2354 5369 ‘
2382 5347 3045 5438 ADORNATA.

838 5491 926 5547 DE
965 5490 1470 5548 PRA‘ICEDENTIS
1503 5488 1854 5547 CATALOGI
1904 5487 2198 5552 EPOCHA,
2251 5486 2572 5544 AUCTORE
2611 5487 2702 5541 ET
2753 5486 3268 5554 AUCTORITATE.

476 5653 763 5729 Postquam
790 5657 924 5711 hunc
959 5655 1250 5728 catalogum
1295 5655 1390 5712 sub
1433 5655 1610 5712 oculos
1659 5654 1862 5710 lectoris
1899 5669 1991 5725 po-

405 5766 572 5818 suere,
603 5748 862 5818 sequentia
893 5748 1207 5821 subjungimt
1233 5746 1420 5802 eruditi
1454 5745 1772 5803 Benedictini
1806 5759 1823 5798 :

2157 5651 2324 5708 'Telle
2349 5660 2438 5706 est
2464 5651 2511 5704 la
2531 5649 2848 5721 Chronique
2865 5649 2965 5706 des
2988 5650 3231 5710 Pontifes
3263 5655 3520 5716 Romanis
3564 5677 3699 5719 con-

2110 5759 2218 5801 nue
2233 5758 2364 5800 scus
2391 5743 2440 5798 te
2466 5756 2591 5797 nam
2622 5741 2692 5798 de
2714 5740 2996 5814 eatalogue
3025 5743 3091 5802 de
3121 5742 3337 5805 tam.
3381 5752 3558 5810 Arent
3577 5753 3700 5814 d’m

3731 5961 3806 6023 Γ
