4200 6178
409 217 510 273 471

1598 215 2029 275 THEODOSIUS
2069 217 2158 275 ET
2198 215 2533 274 PACATUS.

3616 223 3725 279 472

412 342 542 388 vant
566 331 788 403 jésuite,
826 331 1115 387 fortement
1150 332 1460 387 combattue
1501 344 1600 402 par
1626 331 1675 385 le
1705 330 1843 387 Pére
1884 332 2012 403 Pagi
2040 345 2096 406 Α
2118 332 2374 405 pothéses
2397 350 2533 405 pour
2554 348 2615 390 ce
2636 334 2862 407 qu'elles
2894 344 3039 402 sont;
3072 336 3209 392 mais
3227 335 3431 395 derant
3455 338 3718 412 quelque-

417 425 497 499 (a)
520 441 585 482 en
610 441 675 481 ce
696 425 893 496 qu‘elle
922 432 1006 479 est
1051 424 1230 478 fausse
1255 423 1392 479 dans
1422 438 1477 479 sa
1505 423 1822 495 généralité.
1847 426 2020 497 expli-

341 566 345 570 .
418 537 555 591 quer
577 521 842 590 quelques
864 531 1081 573 erreurs
1106 518 1399 572 commises
1431 534 1526 573 sur
1557 520 1635 573 les
1662 518 1819 585 jours
1847 530 1898 574 et
1940 519 2021 575 les

418 612 576 674 mois,
598 628 665 665 au
696 627 889 683 moyc-u
921 611 1082 667 d’une
1111 610 1347 683 méprise
1373 628 1661 669 commune
1685 614 1773 684 qui
1807 616 1891 669 em
1925 613 2019 669 fuit

416 704 650 774 prendre
700 720 837 774 pour
864 706 914 761 le
953 707 1078 774 jour
1105 708 1171 762 de
1202 706 1250 759 la
1278 715 1417 761 mort
1456 707 1525 761 de
1556 706 1627 761 tel
1659 723 1727 759 ou
1762 706 1833 761 ιρι
1873 706 2019 778 Pape

416 802 554 858 cclui
584 803 653 857 de
680 816 735 857 sa
766 800 1064 873 sépulture,
1105 803 1296 858 inscrit
1321 819 1417 874 par
1445 819 1513 856 un
1543 801 1703 858 motif
1726 817 1794 858 ou
1822 818 1918 870 par
1948 818 2019 857 ιιιι

418 903 574 949 autre
597 909 665 948 au
694 894 1021 950 calendrier.
1065 894 1213 952 Nous
1242 896 1474 953 laissons
1503 894 1777 950 d‘ailleurs
1802 908 1894 950 ces
1917 893 2015 967 hy-

490 1033 571 1106 (a)
611 1033 788 1090 Critic.
831 1035 1047 1103 Annal.,
1079 1044 1211 1090 tom.
1237 1051 1276 1090 ι.

2128 426 2230 482 fois
2257 427 2556 483 combattre
2596 438 2652 483 et
2695 427 2957 485 réformer
3002 431 3053 485 le
3089 428 3385 504 Catalogue
3424 433 3492 488 de
3531 434 3719 495 Libére

2126 521 2259 577 dans
2287 522 2524 577 certaius
2559 522 2776 588 détails,
2816 539 2953 579 nous
2994 524 3222 580 devions
3260 544 3326 581 au
3359 528 3541 597 public
3576 540 3715 588 cette

2125 615 2449 685 explication
2466 615 2706 682 franche,
2738 616 2825 688 qui
2856 616 3137 673 n’affaiblit
3162 635 3228 674 en
3262 620 3379 676 rien
3413 620 3443 676 ξι
3468 638 3567 678 nos
3588 640 3724 696 yeux

2127 710 2500 778 l’importance
2537 710 2604 765 de
2628 726 2688 765 ce
2717 720 3055 773 monument,
3082 710 3188 766 ιἰιιι
3220 711 3316 767 des
3346 715 3464 786 plus
3501 714 3728 772 authen-

2130 801 2307 872 tiqucs
2333 801 2399 857 de
2425 811 2575 858 toute
2600 788 2899 874 l’antiquité
2933 802 3271 861 chrétienne.

1511 1265 1680 1310 ANNO
1735 1264 1967 1310 DOMINI
2012 1264 2617 1309 CCCLXXX—CCCXCIV
2630 1292 2644 1307 .

720 1411 2282 1577 THEODOSIUS
2461 1406 3442 1571 MAGNUS

1370 1702 1635 1844 ET
1769 1695 2839 1846 PACATUS.

1780 2049 2020 2149 pars

2093 2038 2403 2155 prima.

427 2242 771 2306 EXIIIBENS
818 2238 1325 2300 PANEGYRICUM
1365 2236 1618 2294 PACATI
1657 2234 2056 2292 TIIEODOSIO
2095 2234 2338 2293 MAGNO
2374 2233 2670 2304 DICTUM,
2720 2234 2787 2293 1N
2835 2233 3048 2294 VICEM
3114 2234 3598 2294 PREFATIONIS
3645 2236 3739 2293 AD

1578 2328 1804 2385 ILLIUS
1840 2326 2309 2385 IMPERATORIS
2348 2327 2601 2384 OPERA.

1412 2445 1533 2509 (Ex
1579 2445 1870 2510 Panegyric.
1916 2444 2053 2497 Vett.
2099 2444 2270 2497 Jacobi
2311 2445 2375 2496 de
2417 2444 2467 2495 la
2510 2444 2764 2508 Baume.)

649 2668 1119 2731 INTRODUCTIO
1158 2669 1250 2726 AD
1294 2665 1818 2725 PANEGYBICUM.

542 2791 571 2863 §
614 2790 654 2845 1.
697 2787 866 2843 Index
891 2786 1286 2859 chronologicus
1319 2795 1577 2856 gestorum
1624 2782 1922 2838 Theodosii.

467 2909 616 2962 Anno
648 2905 716 2962 υ.
765 2904 823 2960 C.
861 2902 1032 2969 1098,
1058 2902 1250 2957 Christi
1279 2902 1407 2967 545,
1428 2899 1752 2956 Constantini
1783 2901 1908 2969 imp.
1939 2900 1993 2954 9.

504 2996 724 3053 Flavius
744 2995 1088 3051 Theodosius
1114 2992 1328 3058 Senior,
1354 2994 1468 3047 8ch
1491 2992 1733 3063 Magnus,
1761 2999 1912 3062 patre
1928 3005 2035 3046 non

432 3089 747 3157 Theodoro,
782 3096 841 3143 ut
866 3087 941 3143 ait
964 3086 1099 3143 Aur.
1132 3085 1339 3149 Victor,
1359 3083 1452 3138 sed
1476 3083 1808 3145 Theodosio,
1840 3091 1895 3138 et
1921 3098 2036 3138 ma-

430 3194 517 3239 tre
543 3180 890 3238 Tltermantia
913 3221 928 3242 ,
960 3178 1200 3233 nascitur
1228 3177 1281 3243 in
1327 3173 1583 3245 Hispania
1606 3215 1621 3237 ,
1656 3173 1743 3228 ubi
1775 3173 2035 3229 educatus

433 3285 518 3331 est
550 3277 600 3330 in
629 3280 765 3330 urbe
790 3273 969 3329 Cauca
996 3271 1266 3328 Gallaacia:
1290 3268 1585 3338 provinciae
1605 3309 1620 3333 ,
1646 3276 1706 3322 ut
1737 3266 1905 3323 refert
1934 3266 2035 3323 Ζο-

434 3371 605 3424 simus
629 3410 643 3434 ,
672 3369 758 3423 vel
785 3378 843 3422 ut
883 3364 1226 3422 Marcellinus
1253 3364 1359 3427 ait,
1394 3360 1595 3418 Italicae
1636 3362 1688 3417 in
1708 3359 1933 3432 ’Trajani
1956 3403 1971 3429 ,
2003 3376 2035 3418 a

434 3476 542 3531 quo
569 3474 742 3530 genus
769 3458 1021 3523 ducebat,
1052 3458 1243 3528 patria.

437 3573 535 3627 An.
564 3570 631 3639 Π,
665 3570 724 3627 C.
750 3570 911 3636 1119,
935 3570 1126 3625 Christi
1153 3570 1291 3636 566,
1334 3568 1687 3624 Valentiniani
1725 3580 1773 3626 et
1804 3568 2036 3625 Valentis

722 3668 891 3738 Augg.
940 3667 1067 3738 imp.
1092 3667 1161 3732 5,
1193 3664 1452 3720 Theodos.
1485 3674 1627 3721 aetat.
1654 3665 1746 3720 21.

508 3782 645 3841 Cum
694 3787 841 3839 esset
881 3780 1059 3836 adhuc
1102 3779 1425 3836 adolescens
1456 3781 1715 3851 praeclara
1766 3780 1953 3835 habuit
1981 3781 2033 3835 in

434 3884 590 3947 patre
630 3875 841 3931 bellicae
866 3873 1082 3928 virtutis
1110 3873 1396 3942 exempla.
1430 3887 1664 3943 namque
1697 3873 1740 3927 is
1771 3871 2031 3939 Francos,

432 3977 491 4023 et
515 3967 757 4022 Saxonas
782 3966 848 4019 ad
872 3965 1120 4020 Rhenum
1145 3975 1203 4018 et
1230 3962 1478 4018 Vahalim
1508 3965 1561 4019 in
1590 3964 1812 4019 Batavia
1835 4007 1849 4031 ,
1885 3972 1940 4019 et
1967 3965 2035 4021 ad

434 4058 733 4113 Bononiam
758 4057 983 4111 attrivit.

433 4152 534 4207 An.
570 4151 639 4208 U.
664 4149 896 4216 (1.1120,
929 4150 1121 4205 Christi
1158 4150 1263 4206 567
1290 4192 1305 4217 ,
1342 4150 1692 4205 Valentiniani
1712 4161 1759 4205 et
1807 4150 2040 4207 Valentis

471 4243 643 4315 Augg.
672 4246 801 4315 imp.
827 4244 881 4311 4,
913 4242 1149 4297 Gratiani
1183 4244 1311 4312 imp.
1340 4244 1363 4298 1
1389 4287 1403 4311 ,
1436 4241 1691 4297 Theodos.
1723 4253 1861 4299 aetat.
1907 4243 1998 4298 2‘2.

504 4336 547 4391 Ἰ
554 4335 841 4392 110οάοεὶος
871 4344 1024 4407 pater
1055 4334 1107 4390 in
1140 4335 1473 4391 Britanniam
1503 4351 1624 4391 cum
1653 4337 2039 4394 exerritumis-

432 4446 528 4488 sus
549 4431 909 4504 quadriennio
956 4439 1121 4485 totam
1153 4440 1342 4499 pacat,
1372 4429 1719 4486 Valentinum
1746 4441 2035 4503 tyranuum

2064 2670 2112 2731 B
2142 2675 2352 2721 staurat
2378 2675 2431 2723 et
2458 2666 2738 2725 Sarmatas
2766 2668 3013 2740 reprimit
3041 2669 3365 2742 (Ammianus
3414 2671 3451 2725 l.
3486 2672 3697 2745 xxvm).

2138 2760 2237 2814 An.
2271 2759 2339 2815 ll.
2363 2757 2421 2817 C.
2452 2760 2613 2827 “26,
2644 2759 2838 2817 Christi
2859 2763 2985 2830 575,
3026 2761 3294 2819 Valentia.
3321 2774 3371 2819 et
3409 2762 3609 2822 Valent.
3639 2766 3727 2833 10,

2495 2854 2734 2909 Gratiani
2757 2855 2810 2921 7,
2840 2854 3099 2911 Theodos.
3131 2856 3376 2913 tetat.28.

2209 2944 2550 3001 Theodosius
2596 2956 2748 3015 pater
2798 2946 3039 3002 Firmum
3090 2948 3285 3004 Africm
3337 2961 3623 3023 tyrannum
3668 2950 3737 3007 ad

2137 3039 2468 3095 deditionem
2496 3041 2673 3111 cogit,
2701 3051 2862 3111 atque
2900 3043 3096 3097 iterum
3140 3042 3491 3099 rebellantem
3542 3044 3608 3099 ad
3662 3046 3738 3100 la-

2138 3150 2335 3206 queum
2365 3135 2533 3207 adigit
2558 3135 2932 3208 (Ammianus).
2958 3136 3104 3192 Idem
3130 3137 3461 3211 Carthagine
3480 3141 3532 3194 in
3557 3138 3737 3196 Africa

2141 3237 2263 3298 post
2298 3239 2606 3299 susceptum
2638 3230 2963 3301 baptismum
2988 3230 3323 3302 iniquissima
3353 3246 3485 3287 nece
3513 3230 3739 3288 affectus

2139 3333 2223 3379 est
2256 3338 2285 3377 a
2306 3322 2559 3391 Valente,
2585 3324 2729 3395 quod
2764 3323 2888 3379 huic
2914 3324 2983 3379 de
3013 3340 3333 3381 successore
3371 3342 3464 3397 per
3503 3327 3739 3399 magicas

2140 3426 2284 3474 artes
2306 3419 2599 3491 inquirenti
2626 3461 2639 3485 ,
2672 3419 2843 3490 prima
2871 3419 3011 3474 illius
3054 3420 3291 3476 nominis
3314 3420 3582 3477 elementa
3614 3435 3741 3491 pro-

2138 3511 2247 3566 dita
2293 3511 2521 3566 fuissent
2567 3511 2773 3568 Τιιεου.
2823 3511 3142 3567 Theodorus
3183 3527 3313 3568 vero
3357 3512 3501 3584 quod
3532 3511 3633 3567 sibi
3660 3513 3731 3567 ob

2139 3604 2458 3660 affinitatem
2491 3605 2723 3659 nominis
2751 3603 3037 3674 imperium
3069 3616 3454 3677 praesumeret,
3494 3606 3740 3661 seelestas

2139 3698 2411 3767 cupidinis
2432 3697 2607 3767 justas
2636 3712 2826 3769 poenas
2855 3698 3131 3768 persolvit.
3163 3698 3431 3767 Quaesitus
3454 3699 3520 3753 ad
3554 3714 3736 3771 parem

2139 3789 2475 3846 subeundam
2508 3800 2711 3845 sortem
2745 3772 3037 3847 Theodosii
3078 3790 3219 3846 filius
3250 3792 3361 3863 jam
3408 3792 3600 3848 bellica
3625 3793 3736 3849 vir-

2142 3892 2254 3939 tute
2275 3883 2611 3940 clarissimus
2643 3885 2762 3957 fuga
2787 3902 2899 3942 sua:
2932 3886 3093 3942 saluti
3122 3887 3380 3957 providit.

2140 3976 2241 4031 An.
2276 3974 2342 4032 Π.
2375 3975 2435 4033 C.
2469 3978 2631 4047 H52,
2666 3979 2859 4034 Christi
2897 3980 3030 4045 579,
3066 3978 3303 4035 Gratiani
3332 3980 3432 4049 15,
3471 3979 3732 4036 Valentia.

2527 4076 2651 4146 jun.
2686 4074 2718 4129 5
2746 4115 2760 4140 ,
2791 4072 3046 4128 Theodos.
3083 4084 3225 4129 tetat.
3249 4075 3340 4130 54.

2216 4167 2347 4223 Cum
2390 4168 2680 4226 Gratianus
2721 4171 3003 4241 imperium
3045 4186 3073 4226 a
3105 4171 3391 4228 Germanis
3438 4171 3739 4242 Gothisque

2141 4261 2462 4331 gravissime
2506 4271 2754 4319 vexatum
2786 4263 3017 4326 videret.
3047 4263 3414 4320 Theodosium
3446 4282 3513 4321 ex
3556 4266 3737 4322 Italica

2144 4356 2313 4423 patria
2344 4397 2357 4421 ,
2390 4371 2498 4427 quo
2528 4371 2588 4412 se
2639 4365 2760 4428 post
2793 4358 2960 4427 patris
2996 4368 3223 4413 mortem
3254 4357 3322 4413 ad
3359 4358 3738 4414 declinandam

2141 4447 2386 4505 Valentis
2415 4449 2671 4505 ferociam
2706 4462 3009 4519 receperat,
3034 4463 3317 4507 evocatum
3348 4453 3560 4523 imperii
3609 4468 3741 4509 con-

430 4526 708 4598 opprimit.
744 4527 1005 4607 .Utroque
1046 4526 1097 4581 in
1155 4525 1300 4581 bello
1344 4525 1708 4581 Theodosium
1755 4526 1856 4593 sub
1883 4536 2029 4597 patre

2141 4554 2347 4597 sortem
2390 4543 2515 4598 facit
2547 4543 2730 4600 Sirmii
2761 4545 2916 4617 (quas
2946 4544 3136 4599 cititas
3182 4555 3265 4601 est
3296 4544 3505 4619 Illyrii)
3534 4563 3621 4603 ιιν
3645 4558 3740 4603 aut

428 4620 692 4675 meruisse.
721 4621 925 4676 indicat
944 4619 1285 4683 Ammianus,
1308 4634 1429 4674 cum
1457 4620 1531 4673 ait
1560 4619 1851 4673 Maximum
1881 4632 2037 4675 ante—

429 4728 590 4784 quam
621 4714 673 4767 in
708 4714 983 4768 Britannia
1017 4713 1356 4786 tyrannidem
1384 4712 1731 4781 reprimeret,
1758 4711 2036 4769 Theodosii

432 4803 686 4876 principis
706 4806 760 4859 in
786 4804 1061 4859 Britannia
1084 4806 1478 4859 commilitonem
1506 4806 1684 4876 fuisse.

432 4914 535 4973 An.
568 4916 635 4972 U.
666 4917 725 4973 C.
761 4918 923 4973 1125.
951 4917 1146 4973 Christi
1175 4918 1303 4984 570,
1348 4918 1694 4975 Valentiniani
1706 4932 1767 4981 et
1800 4921 2032 4977 Valentis

470 5010 639 5082 Augg.
664 5011 791 5081 imp.
824 5011 881 5078 7,
905 5008 1145 5065 Gratiani
1181 5011 1305 5084 imp.
1334 5013 1400 5078 4,
1437 5011 1691 5069 Theodos.
1723 5025 1866 5069 (etot.
1898 5016 1990 5071 25.

504 5100 844 5158 TheodOsius
888 5113 1039 5172 pater
1088 5112 1209 5173 post
1240 5114 1484 5174 pacatam
1527 5104 1857 5160 Britanniam
1890 5106 2029 5163 Con-

428 5196 839 5265 stantinopolim
866 5194 1023 5250 redit.

430 5286 534 5341 Αη.
594 5287 662 5343 U.
710 5288 976 5353 @1125,
1011 5286 1199 5343 Christi
1224 5287 1353 5352 572,
1412 5286 1674 5342 Valetttin.
1716 5298 1763 5343 et
1818 5288 2025 5348 Valent.

466 5378 635 5452 Angg.
664 5382 792 5453 imp.
821 5382 875 5447 9,
907 5379 1146 5437 Gratian.
1186 5383 1311 5453 imp.
1342 5380 1375 5438 6
1402 5422 1418 5447 ,
1443 5380 1705 5437 Theodos.
1728 5393 1871 5442 wtat.
1898 5386 1990 5440 27.

503 5472 637 5528 Dum
673 5486 824 5544 pater
852 5484 963 5531 tum
979 5478 1217 5547 equitum
1244 5477 1499 5548 magister
1526 5477 1854 5532 Alamannos
1882 5487 2028 5534 metu

430 5560 709 5630 dispersos
739 5582 1025 5636 aggressus
1057 5584 1153 5637 per
1186 5569 1422 5624 Rhmtias
1466 5569 1662 5640 partim
1692 5569 1873 5633 ca-dit.
1908 5585 2029 5641 par-

427 5653 523 5707 tim
550 5654 603 5708 iu
639 5654 848 5713 Italiam
886 5660 1109 5715 abducit
1133 5703 1148 5722 .
1177 5662 1293 5733 ipse
1322 5662 1525 5719 Mnasias
1551 5662 1657 5715 dux
1691 5677 1815 5717 cum
1847 5670 2025 5729 esset,

429 5743 630 5802 bellum
679 5760 866 5804 contra
898 5751 1115 5817 Quados
1161 5753 1361 5811 infelici
1393 5755 1541 5812 exitu
1586 5741 1894 5825 susceptum
1944 5750 2027 5810 ine

2055 5338 2111 5399 D

2133 4633 2289 4703 juxta
2316 4635 2594 4691 Socratem
2627 4653 2737 4691 xvn
2778 4634 2884 4692 kal.
2930 4636 3089 4707 Febr.
3125 4637 3317 4694 Statim
3349 4638 3640 4697 Gratianus
3685 4642 3739 4697 in

2137 4725 2485 4782 Occidentem
2539 4729 2813 4799 profectus
2843 4729 3174 4787 Alamannos
3207 4731 3397 4788 vincit.
3427 4732 3739 4790 Theodosio

2137 4821 2493 4876 committitur
2518 4821 2756 4877 Orientis
2787 4839 2937 4879 cura.
2966 4824 3015 4879 Is
3043 4823 3273 4891 Gothos,
3325 4825 3589 4898 Scythas,
3619 4826 3739 4882 Tai-

2138 4912 2306 4982 falos,
2344 4913 2585 4981 llunnus,
2631 4914 2908 4972 foederatis
2960 4917 3164 4973 viribus
3208 4918 3471 4974 adversus
3512 4934 3571 4974 se
3600 4934 3735 4975 con-

2136 5022 2356 5078 gressos
2386 5024 2509 5063 rum
2543 5024 2732 5081 magna
2766 5021 2946 5081 strage
2967 5011 3244 5066 eThracia
3270 5012 3450 5083 pellit,
3479 5028 3507 5065 a
3539 5010 3737 5083 quibus

2137 5101 2379 5170 acceptis
2401 5100 2681 5155 obsidibus
2723 5100 2931 5156 firmata
2966 5117 3095 5171 pace
3124 5104 3189 5157 ad
3225 5102 3542 5159 Gratianum
3574 5104 3735 5160 redit.

2139 5193 2416 5265 (Sozam,
2452 5190 2621 5257 Idat.,
2652 5192 2931 5261 Prosper.,
2959 5194 3306 5268 Theodoret.)

2136 5286 2237 5342 An.
2277 5286 2343 5342 U.
2377 5287 2435 5342 C.
2466 5287 2629 5351 1155,
2657 5285 2849 5342 Christi
2888 5287 2994 5344 580
3018 5330 3034 5356 ,
3056 5287 3297 5344 Gratiani
3337 5291 3426 5357 14,
3468 5289 3732 5346 Valentin.

2347 5382 2462 5443 itm.
2496 5379 2551 5447 6,
2594 5379 2882 5437 Theodosii
2913 5381 2955 5437 ll
2987 5383 3113 5455 imp.
3148 5382 3183 5436 2
3209 5425 3223 5447 ,
3245 5392 3388 5438 aetat.
3422 5384 3513 5441 35.

2204 5472 2545 5529 Theodosius
2595 5475 2827 5545 primum
2888 5476 3078 5531 consul
3111 5474 3521 5531 Thessalonicae
3584 5474 3733 5548 gravi

2134 5571 2325 5623 morbo
2350 5579 2637 5639 correptus
2657 5570 2723 5624 ab
2754 5568 2978 5624 Acholio
3009 5569 3126 5638 ejus
3156 5569 3305 5624 urbis
3329 5569 3573 5624 antistite
3612 5568 3733 5623 viro

2133 5663 2477 5718 sanctissimo
2510 5664 2810 5732 baptizatur
2837 5706 2850 5728 ,
2882 5663 3171 5733 statimque
3204 5663 3556 5718 convalescit.
3597 5662 3731 5718 San-

2132 5756 2199 5811 cit
2226 5770 2281 5809 nt
2310 5742 2417 5812 kal.
2452 5754 2607 5811 Mart.
2632 5762 2689 5810 ut
2733 5771 2799 5811 ne
2825 5756 2944 5825 quis
2973 5756 3135 5811 aliam
3162 5757 3322 5812 fidem
3354 5756 3724 5827 profiteretur,
