4200 6178
397 290 506 345 475

1300 297 1789 362 I‘ANEGYBICUS
1831 302 2077 365 PACATI
2117 310 2510 375 TllEODOSIO
2551 317 2817 381 DICTUS.

3592 338 3702 398 474

391 406 497 460 nisi
544 420 706 477 quam
771 407 1034 465 Damasus
1079 411 1318 481 pontifex
1369 413 1647 473 Romanus
1688 427 1745 474 et
1802 419 1996 480 Petrus
2022 427 2077 491 Α
2102 427 2201 485 An.
2237 429 2302 487 U.
2329 429 2390 489 C.
2422 433 2582 505 1157,
2616 436 2808 495 Christi
2837 441 2963 508 584,
3000 441 3265 504 Valentia.
3291 448 3380 518 10;
3419 450 3705 512 Theodosii

391 499 794 557 Alexandrinus
839 518 867 557 a
913 503 1039 561 divo
1071 506 1230 562 Petro
1259 521 1538 582 acceptam
1571 512 1821 570 ﬁdelibus
1850 532 1993 587 pra:-

390 593 744 664 scripseraut.
776 596 1114 656 Proeurante
1149 600 1408 658 Gratiano
1434 647 1449 671 ,
1484 619 1771 679 propterea
1804 612 1946 681 quod
1974 655 1989 681 ,

386 697 446 740 ιιι
477 687 550 741 ait
573 687 846 755 Socrates,
875 691 1216 750 Theodosius
1245 708 1535 769 aegrotaret
1569 720 1579 751 :
1614 718 1713 774 pax
1746 705 1994 763 ﬁrmatur

386 793 509 833 cum
533 778 727 836 Gothis
766 797 859 837 vnt
881 782 992 839 kal.
1021 787 1271 844 Decemb.
1299 790 1586 848 Maximum
1612 794 1990 868 philoSophum

386 873 647 946 Cynicum
678 918 693 941 ,
724 876 792 932 de
813 894 924 950 quo
956 880 1120 936 multa
1163 883 1219 938 in
1249 882 1451 942 Juliani
1482 886 1594 941 Vita
1640 889 1785 945 dicta
1825 903 1990 961 sunt,

388 980 422 1023 e
446 966 1047 1039 ConstantinOpolitana
1067 1014 1080 1035 .
1109 975 1195 1029 cui
1226 975 1272 1030 is
1296 989 1547 1044 praeerat,
1576 982 1805 1037 ecclesia
1840 986 1993 1053 pellit

389 1056 727 1114 Theodosius
757 1057 940 1131 lGreg.
978 1061 1286 1137 Nazianz.).
1318 1065 1844 1141 Constantinopolim
1902 1074 1989 1131 in-

385 1165 606 1222 gressus
644 1167 773 1208 xvtn
821 1152 930 1210 kal.
991 1156 1387 1223 Dec.,Arianis
1450 1161 1711 1218 ecclesias
1777 1163 1988 1223 adimit.

387 1242 709 1314 Gregorium
742 1244 1139 1305 Nazianzenum
1185 1251 1239 1307 in
1288 1252 1572 1309 ecclesiam
1602 1254 1896 1313 introducit
1937 1274 1989 1315 vt

385 1332 494 1389 kal.
516 1336 769 1393 Decemb.
795 1337 1063 1411 (Socrates
1090 1384 1106 1408 ,
1135 1341 1364 1411 ldatius,
1399 1342 1734 1401 Marcellinus
1756 1347 1983 1421 Comes).

382 1469 486 1525 An.
520 1470 588 1528 υ.
618 1472 677 1527 C.
710 1472 873 1538 1154,
908 1474 1100 1531 Christi
1148 1476 1276 1544 58l,
1311 1477 1549 1535 Gratiani
1584 1482 1685 1549 l5,
1723 1482 1981 1541 Valentia.

658 1568 782 1637 jun.
810 1568 862 1632 7;
887 1565 1140 1624 Theodos.
1190 1570 1316 1642 imp.
1350 1572 1406 1638 5,
1433 1582 1571 1628 wtat.
1601 1574 1690 1631 56.

454 1700 797 1758 Theodosius
850 1705 1240 1765 Athanaricum
1269 1710 1572 1770 Gothorum
1602 1729 1784 1786 regem
1814 1732 1841 1771 a
1870 1718 1985 1775 suis

383 1794 637 1865 pulsum,
669 1812 825 1852 suam
876 1813 1037 1870 opem
1082 1798 1553 1875 Constantinopoli
1599 1806 1977 1878 implorantem
2011 1827 2058 1888 Β
2086 1838 2131 1895 Α

382 1887 783 1959 perhonoriﬁce
811 1892 1015 1963 excipit
1042 1910 1096 1949 tn
1125 1895 1201 1950 id.
1232 1894 1458 1952 Januar.
1491 1899 1856 1973 eumdemque
1888 1919 1978 1958 rm

378 1981 488 2039 kal.
505 1983 665 2041 Febr.
682 1996 951 2044 mortuum
966 1991 1128 2061 regiis
1152 1992 1312 2063 plane
1332 1997 1608 2066 exsequiis
1633 1996 1977 2056 cohonestat.

377 2074 497 2145 Qua
550 2076 843 2135 Theodosii
890 2083 1288 2152 magnificentia
1337 2085 1546 2142 deliniti
1589 2086 1752 2144 Gothi
1790 2090 1859 2144 ab
1898 2091 1982 2147 in-

376 2171 781 2228 cttrsationibus
821 2174 1098 2232 abstinent
1126 2177 1146 2248 (
1176 2176 1345 2245 Idat.,
1376 2178 1637 2249 Zosimus,
1704 2180 1978 2253 Prosper.,

378 2260 618 2319 Marce“.
645 2263 869 2337 Comes).
897 2267 1101 2324 Eodem
1116 2285 1259 2325 anno
1280 2273 1515 2327 secunda
1564 2275 1806 2347 synodus
1832 2291 1980 2332 tecu-

379 2358 592 2413 menica
645 2356 1117 2433 Constantinopoli
1176 2364 1357 2420 habita
1398 2376 1513 2433 est,
1542 2368 1594 2421 in
1631 2385 1745 2438 qua
1768 2370 1835 2425 ab
1877 2370 1980 2427 150

378 2452 651 2523 episc0pis
674 2468 865 2510 contra
895 2456 1266 2515 Macedonium
1294 2462 1362 2517 de
1386 2462 1620 2532 Spiritus
1646 2467 1818 2521 sancti
1844 2467 1979 2522 divi-

381 2546 552 2603 nitate
579 2546 855 2606 decretum
885 2550 1089 2608 editum
1118 2563 1205 2609 est
1230 2570 1352 2611 cum
1388 2555 1508 2612 ﬁdei
1539 2558 1821 2629 Symbolo.

381 2684 480 2742 An.
519 2685 587 2743 υ.
618 2685 678 2743 C.
708 2687 879 2757 1155,
913 2690 1106 2748 Christi
1131 2692 1269 2760 582,
1298 2693 1536 2751 Gratiani
1581 2696 1671 2763 {6;
1716 2696 1973 2754 Theodos.

914 2784 1043 2852 intp.
1072 2784 1107 2839 4
1128 2827 1143 2851 ,
1177 2796 1316 2842 a’tot.
1349 2788 1438 2842 57.

453 2895 790 2953 Theodosius
817 2898 1176 2956 Valentiniani
1202 2902 1411 2974 Magni,
1444 2920 1587 2959 anno
1614 2904 1819 2962 Christi
1848 2907 1978 2976 575,

378 2989 432 3044 in
464 2988 654 3046 Galliis
681 2992 820 3062 apud
852 2993 1267 3064 Bergentionem
1297 3012 1419 3052 cum
1457 2998 1768 3067 Quadorum
1792 3001 1982 3073 legatis

377 3098 703 3153 responsum
735 3085 910 3155 daret,
942 3088 1230 3158 apoplexia
1260 3094 1455 3145 mortui
1478 3092 1711 3147 cadaver
1729 3093 1982 3163 deporta-

375 3182 493 3229 tum
521 3192 573 3231 tx
599 3175 707 3231 kal.
736 3177 891 3233 Mart.
935 3182 1082 3252 regia
1112 3182 1476 3238 muniﬁcentia
1504 3186 1725 3255 excipit.
1757 3186 1976 3242 Interim

375 3264 634 3323 Clemens
676 3269 938 3326 Maximus
983 3272 1102 3343 (sic
1131 3274 1276 3329 enim
1317 3290 1347 3328 a
1382 3274 1586 3331 Severo
1634 3279 1978 3352 appellatur)

376 3361 591 3431 origine
622 3363 913 3420 Britannus
945 3366 996 3420 in
1018 3366 1313 3424 Britanniis
1342 3369 1683 3440 tyrannidem
1711 3382 1973 3444 occupat,

372 3463 430 3509 ct
467 3454 600 3511 sedc
648 3456 862 3527 imperii
898 3458 1153 3515 Treveris
1176 3462 1464 3529 collocata,
1515 3464 1778 3521 victorem
1810 3466 1977 3523 ﬁlium

371 3546 592 3615 imperii
612 3560 921 3607 consortem
945 3551 1164 3607 adhibet
1191 3552 1472 3623 (Zosimus,
1506 3557 1769 3626 Socrates,
1796 3558 1973 3617 Aurel.

384 3639 605 3714 Victor).

372 3763 476 3819 An.
510 3763 577 3820 U.
607 3763 667 3820 C.
694 3765 851 3833 1156,
873 3764 1067 3822 Christi
1090 3769 1216 3837 585,
1242 3768 1480 3827 Gratiani
1514 3774 1601 3842 17,
1636 3772 1897 3830 Valentia.
1921 3775 1973 3843 9;

777 3858 1033 3918 Theodos.
1066 3864 1191 3936 imp.
1224 3864 1289 3929 5,
1319 3883 1348 3919 (ι
1364 3875 1457 3920 ται.
1488 3868 1576 3923 58.

446 3974 787 4033 Theodosius
816 3977 981 4034 filittm
1014 3980 1307 4037 Areadium
1345 3983 1645 4056 Augustum
1686 3987 1814 4045 facit
1841 4004 1973 4059 xvn,

371 4068 483 4133 vel,
511 4071 659 4124 utait
689 4069 964 4140 Socrates,
989 4089 1074 4128 xtv
1088 4072 1199 4129 kal.
1226 4076 1974 4147 Febr..adquemmoderan-

370 4162 503 4217 dum
551 4164 813 4220 Arsenius
858 4166 938 4222 vir
979 4182 1083 4222 non
1135 4169 1311 4225 minus
1364 4171 1671 4243 integritate
1723 4191 1972 4242 tnurutn,

372 4270 536 4325 quam
562 4257 869 4313 eruditione
900 4260 1148 4331 insignis,
1178 4276 1210 4316 a
1234 4263 1464 4320 Datnaso
1495 4265 1637 4335 Papa
1662 4265 1976 4324 Constanti-

372 4348 614 4417 nopolim
648 4351 900 4406 mittitur.
931 4352 1065 4407 Cum
1088 4353 1350 4410 Maximus
1370 4368 1632 4429 tyrannus
1655 4359 1970 4420 Gratianum

368 4438 706 4496 Germanicis
734 4442 894 4499 bellis
916 4444 1252 4502 debilitatum
1286 4464 1575 4520 aggressus
1602 4452 1849 4525 Lugduni
1879 4473 1969 4513 vttt

370 4531 481 4587 kal.
514 4533 663 4605 Sept.
716 4536 842 4590 dolo
868 4552 965 4608 per
994 4540 1420 4611 Andragathium
1451 4548 1808 4615 peremisset,
1853 4549 1899 4604 is
1939 4566 1969 4606 a

372 4624 756 4683 Valentiniano
782 4629 846 4683 ad
873 4630 1085 4699 imperii
1101 4632 1440 4701 societatem,
1457 4647 1511 4690 at
1534 4652 1601 4693 ex
1624 4642 1968 4710 necessitate,

369 4717 695 4775 admittitur.
744 4720 1084 4779 Theodosius
1139 4726 1257 4794 ejus
1309 4726 1500 4798 legatis
1548 4729 1598 4783 id
1642 4731 1816 4801 ipsum
1851 4749 1877 4787 a
1910 4724 1971 4791 se

370 4816 773 4885 postulantibus
804 4818 940 4873 nihil
967 4820 1100 4876 certi
1144 4822 1459 4891 respondit,
1513 4840 1579 4880 ne
1611 4825 1819 4882 insidiae
1843 4843 1976 4899 quo-

367 4924 478 4981 que
524 4908 902 4966 Valentiniano
936 4912 1137 4982 jnniori
1186 4915 1254 4971 ab
1288 4916 1479 4972 eodem
1523 4918 1755 4974 Maximo
1795 4933 1971 4979 strue-

368 5014 585 5067 rentur,
616 5016 904 5073 antequam
929 5008 1172 5064 collectis
1198 5012 1374 5080 copiis
1407 5012 1596 5082 pupilli
1629 5014 1971 5087 imperatoris

368 5096 655 5167 pueritiam
680 5099 850 5154 armis
877 5109 1060 5169 posset
1106 5104 1290 5158 tutari.
1340 5103 1450 5159 Hoc
1496 5107 1857 5164 subodoratus
1888 5120 1970 5181 ty-

366 5186 609 5254 rannus,
655 5194 898 5262 quamvis
934 5194 1111 5251 l'mdus
1154 5211 1275 5251 cum
1309 5197 1688 5256 Valentiniano
1732 5201 1964 5271 inisset,

364 5282 729 5341 Mediolanum
762 5287 848 5343 ubi
883 5287 1288 5345 Valentinianus
1327 5293 1647 5349 versabatur
1687 5303 1967 5361 venturus,

366 5392 719 5434 numerosum
739 5381 1036 5436 exercitum
1062 5392 1309 5454 apparat.
1329 5383 1423 5440 Ille
1453 5401 1575 5441 cum
1603 5398 1778 5443 matre
1800 5388 1970 5444 Justi-

364 5489 434 5530 na
469 5483 526 5529 et
578 5474 755 5530 Probo
796 5476 1085 5549 Hyparclto
1120 5478 1562 5537 Thessalonicam
1594 5482 1763 5554 fugit,
1791 5482 1969 5539 Theo-

362 5566 505 5621 dosii
530 5582 687 5635 opem
713 5569 1119 5639 imploraturus.
1149 5570 1410 5628 Martinus
1436 5572 1673 5629 Maximo
1698 5574 1963 5645 put-dixe-

366 5670 455 5716 rat
486 5660 722 5716 futurum
755 5672 813 5717 ut
837 5664 880 5718 si
915 5665 967 5720 in
993 5665 1198 5721 Italiam
1242 5666 1506 5723 adversus
1529 5667 1962 5727 Valentinianum

366 5756 608 5839 veniret,
634 5757 810 5827 primo
838 5759 1055 5845 quidem
1085 5760 1284 5831 impetu
1321 5762 1685 5845 victoresset,
1714 5772 1769 5820 at
1799 5777 1965 5837 parvo

366 5842 494 5921 post
522 5828 767 5921 tempore
788 5828 1010 5923 periret,
1038 5861 1097 5907 ut
1120 5828 1296 5925 reipsa
1320 5834 1564 5926 contigit.

2636 532 2762 601 imp.
2794 531 2856 598 6,
2884 545 3024 591 (stat.
3070 538 3161 594 59.

2146 615 2509 676 “Theodosius
2536 623 2822 682 Persarum
2851 628 3041 700 legatis
3061 633 3127 689 ad
3150 649 3210 692 se
3235 633 3700 716 Constantinopo-

2098 707 2189 763 lim
2222 711 2372 780 pacis
2397 716 2643 782 petendaa
2688 733 2848 776 causa
2896 722 3078 779 miSsis
3105 736 3289 784 votum
3318 745 3387 789 eo
3425 707 3701 794 lubentius

2096 805 2288 860 annuit
2307 807 2450 876 quod
2478 809 2546 864 de
2570 811 2710 866 bello
2736 814 3006 872 adversus
3028 818 3314 878 Maximum
3336 828 3579 896 gerendo
3607 846 3701 888 co-

2095 896 2310 967 gitaret.
2342 901 2553 957 llelicto
2582 904 2759 977 itaque
2798 906 3271 984 Constantinopoli
3308 917 3544 978 Arcadio
3586 924 3696 980 ﬁlio

2095 1006 2217 1048 cum
2242 996 2467 1064 Augusti
2494 1000 2712 1056 nomine
2734 1043 2751 1069 ,
2799 1002 3239 1065 Valentinianum
3288 1011 3693 1078 Thessalonicae

2094 1091 2366 1146 convenit.
2400 1091 2620 1149 Interim
2645 1095 2695 1152 ei
2726 1112 2791 1152 ex
2822 1097 3043 1155 Placilla
3074 1118 3263 1168 uxore.
3290 1117 3348 1162 ut
3377 1110 3525 1165 aiunt
3550 1111 3687 1170 lilat.

2093 1191 2147 1236 et
2193 1182 2431 1240 Marcell.
2456 1228 2470 1252 ,
2498 1194 2736 1245 nascitur
2776 1190 3046 1249 Honorius
3071 1211 3105 1250 v
3134 1196 3205 1252 id.
3239 1198 3517 1269 Septemb.
3547 1203 3690 1262 Tlte-

2095 1278 2306 1333 tnistins
2336 1292 2543 1339 sextam
2594 1286 2899 1344 orationem
2950 1289 3263 1349 Theodosio
3304 1298 3687 1369 panegyricam

2090 1369 2239 1426 dicit.
2274 1373 2471 1430 lterum
2502 1378 2821 1435 Ambrosius
2846 1383 2912 1438 ad
2944 1383 3235 1444 Maximum
3280 1389 3490 1463 legatus
3522 1394 3688 1451 mitti-

2093 1472 2179 1519 tur
2203 1465 2269 1520 ad
2292 1466 2531 1525 Gratiani
2560 1487 2756 1543 corpus
2779 1478 3158 1546 repetendum.

2090 1558 2190 1614 An.
2222 1558 2291 1617 U.
2330 1560 2391 1617 C.
2436 1565 2597 1635 1158,
2621 1565 2817 1625 Christi
2854 1571 2984 1640 585,
3023 1574 3283 1634 Valentia.
3317 1595 3377 1649 tt;
3412 1580 3690 1643 Theodosii

2352 1651 2357 1657 ’
2621 1661 2748 1735 imp.
2777 1664 2829 1729 7,
2876 1676 3016 1721 wtat.
3032 1669 3141 1725 ν10.

2157 1744 2497 1805 Theodosius
2524 1751 2758 1809 Arcadio
2778 1754 3024 1829 Augusto
3051 1763 3393 1820 consulatum
3420 1766 3534 1823 dat.

2133 1857 2187 1896 η.
2219 1840 2285 1897 U.
2318 1842 2377 1899 C.
2410 1844 2572 1912 1159,
2603 1847 2795 1904 Christi
2821 1851 2947 1917 586,
2985 1853 3249 1911 Valentin.
3276 1858 3366 1924 1%;
3397 1858 3683 1919 Theodosii

2611 1942 2739 2011 imp.
2782 1943 2836 2008 8,
2882 1954 3022 2000 (etot.
3064 1947 3153 2003 41.

2154 2025 2454 2083 Ilonorium
2488 2027 2757 2089 Czesarem
2792 2034 2951 2091 simul
2982 2046 3037 2093 et
3063 2040 3341 2097 consulem
3387 2041 3533 2111 facit;
3565 2044 3681 2115 ipse

2086 2136 2189 2175 una
2216 2137 2338 2177 cum
2365 2122 2600 2181 Arcadio
2644 2128 3017 2201 triumphans,
3069 2144 3128 2189 ut
3150 2135 3394 2193 relerunt
3437 2138 3638 2196 Idatius
3662 2184 3677 2209 ,

2084 2213 2444 2284 Marcellinus,
2466 2218 3281 2299 Zosimus,Constantinopolim
3307 2232 3606 2303 ingreditur
3629 2251 3681 2290 tv

2086 2306 2157 2362 id.
2191 2308 2443 2364 Octobris
2476 2312 2567 2367 ubi
2614 2313 2836 2370 l'lacilla
2883 2319 3066 2389 priore
3113 2322 3347 2394 conjuge
3377 2325 3681 2393 exstincta,

2083 2399 2292 2456 Gallam
2336 2403 2627 2461 Placidiam
2656 2407 3022 2467 Valentiniani
3070 2413 3314 2473 Senioris
3360 2426 3415 2473 et
3451 2418 3681 2477 Justinte

2084 2491 2249 2549 ﬁliam
2281 2510 2342 2551 ea
2387 2499 2701 2557 conditione
2736 2501 2884 2559 ducit
2914 2547 2929 2571 ,
2960 2506 3132 2577 inquit
3170 2507 3453 2577 Zosimus,
3486 2522 3543 2567 ut
3567 2513 3680 2584 jam

2083 2588 2395 2645 meditatam
2446 2594 2627 2649 animo
2684 2604 2738 2650 et
2786 2602 3109 2667 promissam
3169 2605 3369 2675 saepius
3419 2606 3680 2665 adversus

2081 2680 2370 2738 Maximum
2402 2687 2803 2755 expeditionem
2831 2706 3000 2763 ocyus
3027 2696 3323 2751 conﬁceret
3352 2716 3364 2751 :
3401 2698 3682 2768 promissis

2083 2777 2252 2839 stetit,
2280 2780 2570 2850 statimque
2596 2780 2863 2838 Justinam
2893 2802 3017 2841 cum
3058 2787 3170 2844 ﬁlio
3205 2790 3582 2849 Valentiniano
3626 2804 3683 2852 et

2083 2868 2192 2924 ﬁlia
2216 2869 2366 2927 Galla
2396 2874 2622 2930 navibus
2651 2877 2956 2947 impositam
2985 2880 3213 2939 Romam
3236 2884 3470 2957 ablegat.

2082 2963 2185 3019 An.
2222 2963 2291 3021 U.
2323 2966 2384 3022 C.
2411 2968 2553 3027 1140
2573 3011 2589 3038 ,
2616 2969 2807 3028 Christi
2829 2975 2955 3043 587,
3004 2975 3265 3035 Valentia.
3292 2981 3382 3049 t5;
3406 2982 3681 3040 Theodosii

2608 3065 2734 3139 imp.
2782 3068 2838 3135 9,
2881 3079 3021 3126 aetat.
3061 3072 3153 3129 42.

2154 3151 2494 3213 Theodosius
2522 3172 2643 3213 cum
2671 3159 2782 3216 ﬁlio
2806 3161 3064 3230 Arcadio,
3098 3174 3157 3221 ut
3180 3166 3256 3222 ait
3278 3168 3498 3238 ldatius,
3521 3172 3680 3242 quin-

2082 3249 2370 3319 quennalia
2391 3251 2627 3308 celebrat
2657 3256 3045 3314 indictionibus
3075 3270 3128 3314 et
3153 3260 3311 3315 ludis.
3339 3262 3451 3317 Sub
3472 3262 3524 3316 id
3552 3273 3681 3319 tem-

2082 3356 2181 3411 pus
2211 3352 2349 3399 teste
2388 3344 2702 3404 Marcellino
2753 3350 3016 3407 Maximus
3056 3363 3282 3423 repente
3338 3355 3389 3409 in
3424 3355 3627 3412 Italiam
3658 3401 3672 3424 ,

2080 3450 2188 3506 quo
2220 3436 2660 3498 Valentinianum
2701 3459 2821 3499 cmn
2874 3456 3048 3503 matre
3080 3458 3134 3503 et
3162 3464 3352 3505 sorore
3389 3450 3679 3509 advenisse

2080 3528 2347 3596 audierat,
2373 3531 2643 3603 irrumpit.
2679 3534 2775 3592 llle
2793 3549 2936 3594 metu
2960 3542 3243 3611 perculsus
3273 3544 3469 3600 iterum
3500 3544 3674 3602 Thes-

2080 3622 2376 3678 salonicam
2404 3625 2471 3680 ad
2493 3626 2861 3687 Theodosium
2893 3634 3023 3703 fugit
3051 3676 3066 3700 ,
3093 3637 3179 3691 cui
3208 3637 3424 3707 quidem
3456 3640 3679 3696 tendere

2079 3713 2135 3768 in
2166 3716 2394 3771 transitu
2423 3718 2650 3775 insidias
2677 3722 2940 3781 Maximus
2962 3726 3164 3782 frustra
3190 3730 3401 3785 nititur.

2079 3809 2178 3866 An.
2206 3810 2273 3867 Π.
2303 3811 2363 3868 C.
2396 3814 2559 3883 MM,
2587 3814 2779 3873 Christi
2822 3820 2929 3876 588
2955 3862 2969 3885 .
3011 3819 3273 3879 Valentin.
3300 3823 3389 3891 M;
3416 3824 3669 3883 Theodos.

2577 3912 2703 3980 imp.
2751 3914 2859 3980 10,
2887 3924 3027 3969 a'tat.
3078 3915 3172 3973 45.

2148 4000 2281 4056 Cum
2312 4002 2649 4061 Theodosius
2670 4006 2967 4063 secundum
2996 4010 3185 4065 consul
3208 4010 3274 4065 ad
3308 4008 3507 4067 bellum
3536 4026 3673 4068 con-

2079 4099 2160 4147 tra
2208 4093 2495 4150 Maximum
2539 4111 2661 4152 sese
2711 4110 3091 4169 compararet,
3146 4116 3345 4157 novum
3397 4103 3670 4169 quoddam

2080 4184 2262 4240 tributi
2286 4202 2457 4257 genus
2498 4188 2855 4246 Antiochenis
2906 4192 3196 4250 indixerat.
3250 4195 3330 4249 Illi
3366 4196 3675 4252 exacerbati

2080 4276 2314 4333 l’lacilla:
2340 4287 2574 4335 statuam
2598 4297 2845 4337 eversam
2872 4299 2968 4354 per
2992 4285 3280 4340 ludibrium
3309 4296 3543 4356 raptant,
3565 4304 3667 4356 qua

2078 4370 2273 4441 injuria
2316 4373 2667 4429 vehementer
2708 4385 3015 4430 commotus
3070 4376 3447 4441 Theodosius,
3491 4379 3673 4435 missis

2071 4463 2182 4533 jatn
2212 4462 2303 4532 qui
2349 4477 2536 4528 pinnas
2574 4474 2889 4533 expeterent
2939 4467 3203 4521 militibus
3227 4508 3241 4531 ,
3276 4467 3517 4524 Flaviani
3562 4468 3674 4525 An-

2078 4555 2432 4611 tiochensium
2474 4558 2712 4627 episcOpi
2761 4559 2933 4612 sancti
2972 4566 3028 4612 et
3070 4560 3351 4629 prudentis
3396 4561 3495 4616 viri
3527 4561 3671 4632 lega-

2080 4650 2224 4705 tione
2250 4650 2513 4722 placatur.
2538 4649 2757 4706 lntcrim
2788 4650 3051 4706 Maximus
3080 4661 3220 4720 tota,
3245 4638 3442 4723 prteter
3471 4654 3673 4710 Medio-

2078 4744 2353 4801 lanensem
2390 4745 2581 4801 urbem
2612 4761 2773 4817 quam
2803 4746 3039 4816 episcopi
3070 4746 3153 4801 sui
3191 4748 3465 4805 Ambrosii
3512 4764 3672 4806 sauc-

2076 4838 2205 4893 titas
2245 4849 2301 4893 et
2339 4838 2602 4894 industria
2641 4841 2917 4906 servavit,
2957 4848 3162 4895 vastata
3213 4840 3359 4897 Italia
3388 4842 3440 4897 in
3468 4841 3668 4900 Urbem

2074 4931 2363 5000 cogitabat.
2392 4929 2575 4998 Quare
2598 4929 2940 4985 Theodosius
2969 4941 3279 4988 sanctorum
3315 4934 3671 5005 inprimisque

2072 5024 2299 5081 Joannis
2325 5022 2687 5079 Anachoretze
2716 5038 2779 5077 ac
2798 5024 3062 5095 Senuphii
3086 5026 3336 5095 precibus
3360 5024 3668 5083 commotus

2077 5118 2374 5188 Aquileiam
2422 5116 2726 5172 contendit.
2779 5118 2907 5184 llic,
2939 5130 2996 5173 ut
3036 5120 3112 5174 ait
3139 5119 3418 5183 Socrates,
3452 5118 3668 5175 Maximi

2073 5212 2370 5268 exercitum
2394 5212 2553 5283 plane
2576 5211 2724 5268 delet
2755 5229 2802 5267 vt
2834 5212 2941 5268 kal.
2973 5214 3149 5286 Sept.,
3181 5228 3413 5283 eumque
3448 5221 3662 5282 captum

2072 5314 2180 5361 eta
2212 5304 2505 5362 Theodosii
2544 5306 2716 5361 oculis
2750 5306 3040 5363 abductum
3094 5307 3212 5361 irati
3256 5305 3456 5359 milites
3504 5304 3667 5374 regiis

2071 5398 2405 5454 ornamentis
2432 5406 2636 5453 exuunt
2660 5408 2716 5455 et
2755 5399 3091 5453 interﬁciunt
3131 5397 3292 5451 tertio
3322 5396 3391 5450 ab
3417 5396 3665 5467 Aquileia

2072 5489 2351 5557 milliaria,
2370 5490 2481 5544 kal.
2512 5490 2651 5558 Aug.
2689 5488 2871 5544 Victor
2902 5489 3114 5543 Maximi
3146 5487 3287 5542 ﬁlius
3317 5486 3459 5543 haud
3493 5488 3665 5544 multo

2071 5592 2193 5652 post
2227 5597 2321 5652 per
2359 5582 2711 5651 Arbogastem
2755 5580 3007 5635 comitem
3062 5581 3114 5635 in
3160 5579 3353 5637 Galliis
3400 5581 3669 5640 occiditur

2070 5671 2375 5745 (Zosintus).
2424 5671 2825 5743 Audragatltius
2877 5673 2994 5745 ejus
3045 5688 3230 5730 comes
3259 5720 3274 5744 ,
3326 5676 3416 5748 qui
3463 5675 3663 5733 fretum

2070 5764 2277 5820 Ionium
2330 5764 2549 5821 tenebat
2572 5780 2694 5820 cum
2728 5765 2929 5847 ingenti
2970 5767 3147 5847 classe
3171 5810 3188 5835 ,
3236 5768 3419 5827 audita
3451 5768 3668 5828 Maximi

2072 5865 2206 5913 nece
2228 5866 2349 5921 sese
2378 5846 2712 5929 principitem
2736 5857 2790 5915 in
2818 5844 2966 5918 mare
2988 5844 3154 5919 misit.
