4200 6178
507 268 615 323 473

1691 260 2123 321 TllEODOSlUS
2162 260 2252 319 ΕΤ
2294 259 2629 319 PACATUS.

3704 261 3815 321 470

505 387 606 443 An.
637 387 698 444 U.
729 386 790 449 C.
820 386 988 453 1142,
1020 385 1213 445 Christi
1248 386 1373 450 389.
1411 385 1673 443 Valentia.
1710 386 1797 455 ts;
1821 384 2097 449 Theodosii
2125 386 2180 455 Α
2203 383 2343 451 eitu,
2389 383 2587 453 quibus
2616 381 2840 441 Gainetn
2889 389 2944 437 et
2989 377 3208 441 Saulunt
3256 376 3603 448 praifecerat,
3648 379 3813 451 Alpes

1025 479 1151 545 imp.
1185 479 1282 545 11,
1323 489 1463 533 tctat.
1494 480 1585 535 44.

580 572 917 628 Theodosius
946 571 1252 633 Mediolano
1279 571 1553 642 digressus
1576 589 1695 628 cum
1726 572 2105 633 Valentiniano

505 652 556 723 et
585 666 821 720 llonnrio
851 663 959 717 [ilio
981 678 1080 718 suo
1105 664 1392 718 admodum
1419 664 1763 720 adolescente
1783 682 1940 737 quem
1964 664 2107 720 Con-

507 759 857 825 stantitmpolt
890 773 1007 809 eam
1038 758 1106 809 ob
1140 757 1410 811 retnatlse
1428 767 1702 825 evocarat,
1730 757 2100 827 victoriugre-

506 850 674 915 ditur,
708 850 883 904 idibus
908 849 1086 915 Junii,
1132 848 1509 903 Valentiniano
1552 867 1654 904 non
1698 850 1899 904 Italiam
1944 849 2103 905 modo

505 962 664 1016 quatn
703 954 980 1007 tenuerat,
1022 943 1113 995 sed
1152 954 1203 997 et
1247 942 1482 1006 Gallias,
1526 941 1839 1012 llispanias,
1888 942 2099 995 Britan-

504 1038 729 1106 niaSqne
753 1051 943 1090 omnes
982 1052 1116 1104 quas
1161 1034 1276 1105 ipse
1314 1052 1635 1105 numquam,
1669 1034 1762 1089 sed
1808 1035 1905 1089 >0ll
1954 1043 2104 1105 pater

504 1146 742 1200 avusque
779 1130 1106 1187 habuerant.
1142 1130 1287 1181 ultio
1318 1130 1572 1182 reStitnit.
1623 1129 1717 1181 llic
1750 1128 1968 1183 Latinus
1998 1128 2101 1184 Pa-

501 1233 653 1278 catns
676 1232 976 1277 orat:0netn
999 1221 1375 1293 panegyricant
1403 1221 1587 1274 victori
1607 1220 1912 1274 Theodosio
1943 1221 2099 1275 dixit.

502 1315 715 1369 Iustina
740 1327 941 1381 autem,
982 1313 1339 1367 Valentiniani
1380 1324 1580 1380 mater,
1625 1330 1686 1366 ne
1732 1330 1943 1384 regnum
1987 1331 2103 1369 cum

499 1408 609 1477 [ilio
655 1409 925 1476 reciperet,
961 1418 1121 1460 morte
1150 1416 1408 1479 prteventa
1450 1416 1523 1460 est
1564 1406 1817 1480 (Prosper
1870 1405 2099 1477 Pithtei,

506 1501 807 1573 Sozomen.)

502 1618 603 1671 An.
644 1616 710 1672 U.
740 1616 797 1669 C.
836 1616 993 1682 H43,
1028 1615 1221 1671 Christi
1250 1616 1376 1682 590,
1416 1615 1673 1670 Valentia.
1711 1614 1806 1680 16;
1842 1613 2094 1668 Theodos.

1019 1712 1146 1779 imp.
1182 1711 1281 1779 1‘2,
1310 1720 1452 1765 tetat.
1485 1711 1574 1765 45.

2208 474 2526 545 ingredttur.

2245 568 2342 621 An.
2391 566 2456 622 U.
2507 564 2569 621 C.
2612 566 2782 631 1147,
2820 563 3012 621 Christi
3040 563 3178 632 594;
3221 562 3474 619 Theodos.
3508 564 3637 639 imp.
3671 564 3765 634 16,

2874 667 3012 715 trial.
3044 660 3131 715 49.

2278 754 2616 810 Theodosius
2644 755 2819 823 primo
2844 755 3059 823 quidem
3090 755 3275 825 pratlio
3297 755 3439 831 quod
3471 757 3808 828 Septembris

2206 848 2360 904 initio
2387 848 2601 914 datum,
2638 847 2824 907 decem
2854 847 3020 902 millia
3048 862 3272 903 suorum
3303 849 3539 918 perdidit
3566 868 3577 902 :
3607 852 3679 905 ita
3698 867 3811 921 per-

2206 942 2431 995 mittente
2454 939 2594 1001 Deo,
2626 941 2799 1012 inquit
2846 940 3106 1007 liniinns,
3136 958 3237 996 non
3265 954 3318 997 ut
3351 941 3668 999 Theodmitts
3702 946 3814 999 vin-

2204 1044 2405 1087 ceretur
2431 1074 2444 1097 ,
2478 1033 2566 1087 sed
2593 1050 2655 1086 ne
2698 1049 2788 1107 per
2816 1032 3057 1095 barbaros
3087 1034 3284 1089 vincere
3320 1035 3587 1093 videretur.
3635 1036 3810 1097 Nocte

2206 1140 2336 1179 vero
2373 1135 2685 1193 prostratus
2733 1124 2783 1181 in
2834 1124 2998 1195 pedes
3040 1124 3380 1179 Theodosius
3420 1127 3487 1179 ab
3532 1129 3805 1196 Apostolis

2205 1215 2413 1271 duobus
2444 1217 2511 1270 tle
2560 1216 2814 1281 victoria,
2861 1232 3020 1288 quam
3069 1226 3194 1271 ante
3238 1216 3396 1275 Joan.
3424 1216 3756 1274 Anacltnreta
3784 1248 3819 1293 ,-

2206 1308 2653 1378 Theodosiusqne
2698 1311 2798 1365 silti
2845 1310 3239 1379 pra-dixerant,
3287 1312 3489 1366 certior
3534 1313 3613 1365 ftt.
3643 1312 3805 1383 Igitur

2206 1417 2383 1473 pugna
2420 1404 2678 1471 postridie
2708 1419 2868 1458 mane
2896 1406 3182 1458 Commissa
3212 1404 3277 1458 ad
3310 1407 3483 1471 ripam
3517 1405 3691 1459 amnis
3723 1408 3809 1462 cui

2206 1507 2401 1547 nomen
2434 1493 2671 1563 Frigida,
2708 1509 2873 1562 prope
2914 1492 3251 1563 Aquileiam,
3299 1496 3546 1550 sublatus
3590 1508 3822 1566 repente

2205 1598 2399 1643 ventus
2442 1589 2843 1663 vehi-mentior,
2895 1600 3149 1643 excutere
3189 1590 3411 1660 clypeos
3454 1590 3520 1644 de
3566 1590 3810 1645 manilius

2208 1682 2476 1747 hostium,
2503 1683 2752 1751 abripere
2776 1694 2928 1739 scuta
2950 1723 2965 1749 ,
2994 1683 3101 1737 tela
3132 1682 3185 1745 in
3223 1685 3462 1752 ipsorum
3509 1698 3603 1737 ora
3637 1694 3813 1743 rotor-

570 1776 1103 1861 Tltessalonicenses
1127 1776 1469 1858 Boterichutn
1520 1803 1569 1857 in
1631 1802 1844 1874 Illyrico
1893 1800 2097 1856 militia:
2129 1784 2173 1845 Β
2200 1792 2389 1843 quem“
2427 1776 2523 1830 “lc
2554 1791 2685 1831 vero
2715 1776 3051 1837 i'wredihilis
3085 1778 3519 1874 ¹ί¹¹βθξ¹¹³¹¹⁰τ¹³¹¹³
3547 1791 3717 1842 WW0"
3744 1786 3800 1833 θί

496 1898 809 1967 prml'ectnm
844 1896 1151 1965 perimunt:
1185 1912 1351 1967 quare
1384 1896 1455 1949 ita
1483 1896 1685 1950 exarsit
1726 1895 2019 1961 imperator
2045 1904 2101 1947 ut

500 1990 754 2059 populum
780 1990 844 2043 ad
868 1990 1141 2044 circenses
1164 1988 1321 2042 ludos
1344 1988 1621 2041 invitatum
1647 1987 1761 2041 sine
1787 1985 2101 2041 discrimine

497 2098 593 2152 per
640 2081 837 2137 milites
881 2096 998 2141 eam
1044 2080 1112 2135 ob
1154 2095 1265 2134 rem
1315 2081 1364 2134 in
1400 2080 1667 2135 theatrum
1716 2078 1988 2134 immissos
2031 2077 2099 2132 ad

493 2182 701 2243 septem
738 2173 1015 2229 hominum
1047 2172 1209 2226 millia
1244 2170 1473 2231 interfici
1499 2171 1743 2240 jusserit.
1765 2170 1818 2225 Id
1852 2178 1971 2241 post
1995 2184 2094 2231 ca:-

496 2280 615 2319 sum
649 2264 948 2333 Eugenium
976 2263 1269 2331 contigisse
1293 2264 1365 2317 ait
1391 2263 1538 2316 solus
1567 2262 1923 2318 Sozomenus.
1950 2260 2019 2317 Ut
2043 2269 2101 2321 ut

496 2370 572 2411 eSt
599 2399 612 2423 ,
642 2356 979 2411 Theodosius
1010 2356 1275 2427 publicam
1310 2370 1523 2429 poenam
1568 2356 1635 2409 ab
1668 2356 1757 2409 illo
1790 2356 2095 2424 impOsitam

491 2447 683 2516 insigni
726 2448 937 2514 pietatis
969 2448 1218 2516 exemplo
1267 2447 1525 2517 persolvit
1549 2446 1782 2520 (Ra/in”
1810 2445 2093 2511 Theodon,

496 2540 711 2595 Paulin.
748 2542 798 2595 in
843 2541 957 2597 Vita
981 2542 1041 2598 S.
1069 2541 1269 2606 Antbr.,
1309 2541 1589 2615 Prosper).
1622 2541 1772 2598 Galla
1805 2540 2095 2595 Theodosii

493 2634 690 2705 conjnx
722 2634 1129 2704 perAt'cadium
1155 2635 1459 2706 pringnum
1490 2651 1643 2689 suum
1670 2634 1881 2704 cjicitur
1924 2631 2096 2711 (illar-

500 2726 725 2797 cellin.).

493 2838 593 2893 An.
625 2838 692 2894 U.
725 2837 783 2895 C.
821 2841 993 2908 1141,
1025 2840 1214 2899 Christi
1242 2843 1368 2909 391,
1406 2842 1669 2898 Valentia.
1705 2845 1791 2908 i7;
1817 2841 2095 2899 Theodosii

1014 2938 1145 3005 imp.
1181 2937 1275 3001 15,
1304 2947 1442 2992 aetat.
1485 2936 1572 2992 46.

563 3028 885 3084 Theodosius
911 3046 1023 3082 cum
1048 3041 1233 3084 caetera
1261 3030 1434 3083 omnia
1458 3030 1704 3100 prazclare
1721 3030 2089 3100 dispensasset,

490 3124 631 3179 urbis
670 3125 1087 3196 gubernationem
1140 3122 1499 3177 Valentiniano
1525 3123 1749 3186 reliquit.
1799 3121 1929 3176 Inde
1970 3138 2083 3179 cum

489 3216 599 3285 ﬁlio
631 3216 916 3287 (Honorio)
950 3213 1453 3285 ConstantinOpoltm
1479 3216 1573 3269 iter
1598 3217 1767 3284 capit,
1797 3232 1958 3283 eoque
1982 3215 2082 3277 ad-

488 3318 659 3364 ventat
702 3312 884 3364 iisdem
932 3308 1184 3374 Tatiano,
1237 3308 1647 3379 Symmachoque
1687 3324 1820 3371 coss.
1869 3324 1921 3369 tv
1968 3309 2085 3367 idus

491 3401 743 3457 Novemb.
779 3401 1096 3473 (Socrates).

490 3517 590 3571 An.
625 3516 691 3571 U.
721 3516 779 3571 C.
812 3518 953 3572 1145
974 3562 988 3585 ,
1018 3517 1208 3572 Christi
1234 3518 1358 3585 592,
1394 3519 1655 3575 Valentia.
1696 3520 1780 3585 i8;
1806 3518 2086 3574 Theodosii

1007 3610 1132 3677 intp.
1168 3610 1262 3672 14,
1294 3620 1434 3665 attat.
1463 3613 1554 3665 47.

562 3700 944 3756 Valentiniano
973 3702 1041 3754 ab
1074 3702 1373 3772 Arbogaste
1410 3706 1611 3759 comite
1636 3704 1775 3773 apud
1824 3704 2083 3757 Viennam

488 3794 541 3849 in
569 3794 744 3851 Gallia
767 3795 977 3860 occiso;
1006 3798 1311 3868 Arbogastes
1338 3798 1586 3852 oriundus
1616 3814 1645 3851 e
1669 3806 1815 3867 gente
1848 3796 2083 3851 Franco-

485 3904 600 3941 rum
619 3930 633 3953 ,
658 3905 809 3957 quem
838 3893 1118 3944 secundum
1146 3908 1175 3943 a
1212 3889 1461 3945 Bnudone
1488 3892 1618 3945 duce
1650 3890 1767 3943 viro
1808 3890 1925 3958 ejus
1953 3898 2088 3943 lent-

486 3984 635 4050 poris
664 3983 904 4035 omnium
934 3983 1341 4051 potentissimo,
1374 3985 1542 4037 locum
1564 3981 1844 4035 Gratianus
1867 3983 2087 4049 impera-

486 4081 566 4125 tor
586 4073 811 4125 obtinere
831 4077 1056 4145 jusserat
1076 4116 1089 4137 ,
1122 4074 1213 4127 illo
1242 4078 1392 4128 rebus
1419 4075 1657 4127 humanis
1676 4070 1917 4145 ‘eaetttpto
1935 4116 1950 4139 ,
1984 4076 2087 4144 fre-

487 4173 567 4217 tus
596 4165 855 4218 industria
884 4182 977 4217 sua
998 4206 1011 4227 ,
1059 4167 1187 4219 citra
1216 4168 1465 4236 principis
1503 4168 1885 4234 auctoritatem,
1926 4170 2085 4237 impe-

485 4260 621 4313 rium
648 4259 745 4313 sibi
770 4260 995 4313 militare
1024 4261 1388 4315 vindicaverat.
1416 4261 1464 4316 Is
1493 4261 1720 4316 habebat
1748 4262 1797 4315 iu
1828 4262 1949 4315 aula
1980 4261 2085 4317 sibi

482 4369 513 4409 a
547 4354 828 4409 llicomcre
858 4355 1293 4409 commendatum
1324 4366 1377 4410 et
1410 4356 1665 4410 traditum
1694 4354 1805 4408 ltttli
1840 4354 2086 4409 litterarii

485 4446 801 4517 magismtm
827 4447 1122 4518 Eugenium
1142 4490 1154 4513 ,
1179 4450 1264 4503 cui
1290 4464 1497 4504 summa
1527 4448 1772 4503 doctrina
1815 4448 1928 4519 pari
1956 4462 2086 4502 con-

2205 1877 2413 1938 strages
2463 1884 2583 1923 sese
2630 1872 2742 1923 suis
2790 1869 3001 1938 sagittis
3052 1868 3500 1925 confodientiutn.
3538 1869 3811 1939 Eugenins

2203 1975 2411 2029 captus,
2445 1978 2507 2015 ac
2537 1962 2795 2018 detractis
2822 1963 3122 2031 insignibus
3164 1963 3531 2031 imperatoriis
3559 1978 3681 2023 eum
3709 1963 3808 2019 de-

2204 2056 2522 2111 ηιὶκκίςςίιιιθ
2549 2056 2712 2111 vitam
2744 2064 3079 2126 preattretur,
3128 2056 3447 2113 interfectus
3490 2065 3594 2111 est.
3637 2056 3811 2119 Arbo-

2201 2160 2380 2218 gastes
2420 2150 2579 2202 rebus
2628 2149 2930 2220 desperatis
2976 2150 3131 2204 biduo
3179 2160 3289 2219 post
3339 2149 3570 2220 prie/ium
3601 2150 3806 2221 fugiens

2200 2258 2295 2296 sua
2322 2258 2377 2294 se
2405 2258 2559 2295 manu
2592 2242 2808 2311 perculit
2835 2239 3122 2311 (Orosius).

2235 2334 2333 2387 An.
2369 2331 2436 2387 U.
2472 2333 2530 2386 (ἐ.
2568 2333 2739 2401 1148,
2786 2333 2975 2388 Christi
3006 2334 3146 2399 595;
3190 2331 3451 2388 Tlteodos.
3503 2333 3629 2405 imp.
3666 2334 3766 2403 17,

2866 2434 3008 2479 (εισι.
3050 2424 3139 2479 50.

2269 2515 2605 2571 Theodosius
2632 2516 2912 2586 Aquileia,
2948 2517 3045 2573 ubi
3094 2528 3205 2586 post
3258 2532 3461 2581 cassum
3503 2516 3803 2589 Eugenium

2198 2609 2511 2679 aliquandiu
2531 2613 2830 2676 restiterat,
2849 2611 3204 2666 Mediolanum
3233 2626 3489 2667 reversus
3514 2611 3802 2668 Arcadium

2195 2714 2251 2760 et
2275 2704 3061 2774 Honoriotn~Constantinnpoli
3088 2704 3153 2759 ad
3178 2720 3237 2759 se
3260 2714 3517 2760 evocatos
3549 2706 3599 2760 in
3627 2709 3804 2762 eccle-

2196 2799 2270 2852 sia
2305 2800 2570 2867 suscipit,
2599 2809 2652 2853 et
2682 2797 2970 2853 Ambrosio
3018 2798 3243 2854 traditos
3279 2800 3642 2854 commendat.
3692 2800 3799 2855 llo-

2195 2893 2407 2946 noriutn
2440 2908 2605 2946 unum
2648 2903 2929 2946 evocatum
2960 2906 3082 2946 esse
3112 2892 3278 2960 aliqui
3310 2902 3599 2960 asserunt,
3646 2909 3801 2948 enm-

2193 3002 2298 3056 que
2326 3003 2353 3039 a
2386 2986 2587 3042 Sercna
2619 2986 2898 3041 Stiliconis
2922 2987 3153 3054 conjuge
3189 2998 3244 3040 et
3269 2986 3559 3041 Theodosii
3590 3002 3657 3041 ex
3690 2987 3799 3041 fra-

2198 3089 2279 3134 tre
2305 3090 2467 3149 ns-pte
2493 3081 2559 3135 ad
2584 3097 2706 3135 ettm
2735 3095 2855 3135 esse
2883 3080 3199 3146 deductum,
3225 3095 3287 3135 ac
3311 3080 3586 3135 Stiliconis
3617 3081 3801 3136 tutela:

2120 3186 2161 3244 ρ
2200 3173 2571 3226 commissum.
2625 3172 2719 3226 llis
2774 3173 2935 3227 rebus
2981 3174 3050 3225 ita
3096 3173 3411 3242 Compositis
3458 3172 3801 3228 Theodosius

2190 3280 2325 3335 aqua
2377 3264 2643 3319 intercute
2676 3281 2781 3319 xvn
2830 3264 2937 3319 kal.
2985 3264 3145 3319 Febr.
3193 3266 3261 3320 de
3308 3274 3494 3331 nocte,
3529 3281 3651 3320 cum
3682 3266 3798 3334 ipse

2190 3373 2345 3415 mane
2380 3358 2519 3412 ludis
2542 3357 2875 3413 circensibus
2905 3357 3261 3421 interfui~set,
3295 3358 3429 3413 obiit
3454 3362 3631 3413 astatis
3651 3374 3794 3412 anno

2188 3464 2294 3503 non
2341 3450 2431 3511 60.
2466 3460 2523 3504 ut
2567 3450 2678 3505 vult
2707 3449 2983 3513 Socrates,
3025 3451 3119 3505 sed
3165 3452 3257 3515 50,
3292 3451 3502 3521 imperii
3553 3466 3681 3507 vero
3730 3453 3797 3508 17

2188 3542 2416 3613 (Victor,
2459 3543 2682 3614 Prosper
2706 3584 2722 3608 ,
2780 3541 3168 3611 Marcellinus).
3212 3545 3427 3615 Corpus
3455 3544 3572 3612 ejus
3605 3559 3795 3615 magna

2188 3650 2385 3707 pompa
2410 3635 2938 3704 Constantinopolim
2963 3636 3285 3689 translatum
3316 3636 3495 3706 ibique
3522 3636 3793 3707 sepultum

2188 3740 2290 3785 (⁵81.

2262 3823 2376 3877 Non
2408 3824 2544 3877 alius
2574 3822 2870 3892 imperator
2899 3832 2989 3877 aut
3017 3822 3161 3891 plura
3193 3835 3283 3876 aut
3314 3820 3614 3883 difﬁciliora
3646 3823 3787 3878 bella

2189 3913 2379 3969 fortius
2427 3914 2687 3985 suscepit,
2719 3913 2953 3969 confecit
2996 3914 3232 3968 celerius
3282 3922 3337 3967 et
3381 3915 3693 3985 gloriosius;
3740 3926 3797 3971 ιιι

2188 4007 2418 4062 dubitari
2456 4009 2642 4076 possit,
2689 4008 2879 4062 fortior
2923 4006 3106 4070 fuerit,
3139 4022 3205 4060 an
3242 4006 3471 4062 felicior.
3518 4007 3635 4063 Non
3669 4008 3792 4073 sibi,

2187 4101 2281 4156 sed
2314 4101 2434 4156 aliis
2463 4102 2709 4156 vincebat
2742 4120 2755 4156 :
2787 4116 3172 4173 oppressorum
3219 4116 3403 4171 regum
3436 4101 3693 4158 defensor
3723 4103 3792 4157 si-

2187 4194 2297 4247 mul
2342 4202 2395 4247 et
2441 4194 2872 4259 strenuissimus,
2918 4204 2971 4248 et
3021 4193 3425 4263 integerrimus.
3476 4194 3567 4249 Vir
3616 4197 3795 4250 animo

2187 4304 2366 4343 rerum
2401 4288 2640 4342 muttiant
2664 4288 3111 4358 capaci,quique,
3138 4297 3195 4341 ut
3225 4304 3422 4342 nomen
3451 4289 3627 4357 ipsum
3657 4288 3795 4343 indi-

2186 4382 2366 4446 cabat,
2400 4381 2464 4435 ad
2502 4382 2664 4434 totius
2694 4380 2841 4434 orbis
2882 4382 3080 4433 bonum
3112 4390 3166 4434 et
3208 4395 3394 4450 pacem
3424 4380 3611 4434 divino
3655 4396 3792 4450 quo-

2187 4473 2309 4526 dam
2340 4489 2563 4528 tnunere
2589 4487 2881 4527 c0t:cessus
2903 4471 3197 4526 videretur.
3225 4471 3303 4526 Ad
3331 4471 3448 4526 hinc
3468 4471 3794 4526 Christiana:

477 4540 664 4609 juncta
699 4542 820 4595 vita:
860 4543 1168 4611 integritate
1193 4552 1247 4597 et
1288 4556 1497 4596 morum
1528 4541 1789 4611 elegantia
1832 4556 2081 4611 magnam

2192 4565 2465 4632 religionis
2484 4567 2682 4634 pietate
2707 4562 2951 4632 insignis,
2970 4574 3225 4633 perpetua
3248 4564 3374 4619 belli
3394 4566 3792 4619 consuetudine

484 4631 537 4684 in
564 4630 753 4687 Galliis
780 4634 1154 4687 auctoritatem
1179 4636 1398 4687 fecerat.
1431 4633 1596 4702 Igitur
1624 4634 1950 4689 atnoliturus
1971 4649 1999 4685 a
2021 4647 2082 4687 se

488 4723 751 4778 alfectata:
779 4727 1081 4795 tyrannidis
1111 4727 1361 4781 invidiam
1382 4767 1397 4789 .
1430 4729 1587 4783 simul
1615 4736 1673 4782 ut
1698 4729 1812 4796 ipse
1842 4728 1943 4783 sub
1964 4727 2083 4797 ejus

486 4819 709 4871 nomine
734 4818 1133 4875 administraret
1162 4819 1479 4889 imperium,
1520 4820 1663 4876 hunc
1688 4822 1985 4892 Augustum
2028 4822 2082 4875 in

483 4910 766 4965 occidente
786 4911 1071 4965 acclamat.

518 5028 617 5083 An.
651 5025 717 5083 υ.
762 5026 819 5081 C.
869 5025 1041 5096 1146,
1075 5026 1264 5082 Christi
1294 5029 1434 5097 595;
1470 5029 1723 5085 Theodos.
1753 5032 1879 5101 imp.
1939 5030 2041 5096 15,

1147 5131 1288 5175 (εισι.
1319 5122 1411 5176 48.

553 5212 893 5269 Theodosius
923 5212 1143 5267 tertium
1183 5214 1372 5268 consul
1418 5223 1603 5266 eontra
1648 5222 1932 5284 tyrannum
1975 5213 2083 5268 Eu-

479 5309 695 5378 genium
729 5317 853 5362 ante
883 5306 984 5361 sibi
1027 5305 1315 5361 conciliato
1355 5306 1609 5377 precibus
1652 5321 1712 5359 ac
1739 5306 1962 5375 jejuniis
2002 5308 2084 5360 di-

482 5399 610 5453 vino
661 5401 913 5462 numine.
965 5398 1267 5468 relictoque
1304 5397 1770 5467 Constantinopoli
1807 5396 2040 5452 Arcadio
2064 5441 2077 5465 ,

478 5498 639 5557 atque
667 5488 863 5551 etiam.
908 5489 953 5545 si
994 5488 1206 5545 Socrati
1250 5492 1556 5555 credimus,
1594 5490 1874 5555 Honorio,
1918 5507 2077 5557 quem

478 5579 777 5648 Angustum
811 5583 863 5636 in
888 5583 1170 5639 llebdomo
1200 5588 1536 5640 rennntiarat
1564 5602 1618 5641 tv
1647 5584 1723 5639 id.
1756 5584 1977 5640 Januar.
2023 5595 2081 5640 ut

479 5671 555 5726 ait
585 5670 723 5725 idem
756 5674 1009 5731 Socrates
1030 5719 1045 5743 ,
1080 5680 1197 5746 vel,
1229 5689 1287 5734 ut
1334 5678 1422 5734 alii
1456 5695 1645 5735 omnes
1677 5681 1863 5734 volttnt
1900 5695 1935 5734 ll
1966 5678 2076 5735 kal.

482 5766 741 5828 Decemb.
754 5810 768 5839 ,
785 5784 906 5826 cum
931 5774 1338 5857 numeros'tsslnt
1351 5774 1910 5860 o'l‘ransistrianorutn
1924 5792 2080 5834 exer-

2186 4659 2414 4713 niltilont
2447 4658 2722 4725 eiferatns,
2759 4661 2809 4712 in
2842 4674 3031 4713 omnes
3062 4656 3369 4722 officiosus,
3400 4659 3787 4728 imperatorum

2187 4750 2319 4804 nulli
2362 4750 2655 4815 secundus,
2704 4751 2749 4804 si
2791 4749 2856 4804 ad
2888 4758 3116 4831 caeteras
3144 4752 3371 4805 virtutes
3416 4750 3468 4804 ln
3514 4753 3789 4807 iracundia

2187 4844 2489 4899 moderatio
2516 4846 2855 4899 accessisset.
3305 4836 3308 4841 “

2366 4979 2394 5052 ς
2420 4980 2483 5037 ll.
2516 4978 2596 5034 De
2620 4990 2829 5035 auctore
2857 4989 2905 5036 et
2932 4996 3073 5036 anno
3101 4980 3257 5053 hujus
3283 4984 3606 5055 panegyrici.

2258 5118 2426 5189 llnjus
2456 5120 2720 5174 orationis
2742 5130 2929 5173 auctor
2956 5129 3039 5174 est
3060 5117 3284 5174 Latinus
3319 5119 3550 5175 Pacatns
3585 5120 3787 5189 Drepa—

2184 5216 2341 5281 nins,
2396 5233 2499 5269 tton
2555 5215 2748 5278 Italus,
2796 5225 2887 5268 ant
2932 5215 3177 5281 Siculus,
3230 5224 3287 5269 ut
3336 5216 3517 5285 inepte
3566 5214 3787 5289 quidam

2185 5310 2548 5380 suspicantur,
2584 5309 2675 5362 sed
2723 5308 2941 5363 natione
2967 5308 3176 5372 Gallus,
3226 5318 3277 5362 ut
3311 5318 3538 5377 apt-aret
3582 5325 3649 5364 ex
3689 5325 3787 5379 pa-

2188 5418 2308 5472 neg.
2343 5419 2395 5458 u.
2430 5400 2502 5455 ‘24
2532 5418 2543 5453 :
2573 5399 2722 5454 Unde
2750 5402 3126 5473 igiturordiar,
3154 5402 3330 5471 inquit
3355 5401 3603 5466 Pacatus,
3632 5403 3732 5455 nisi
3757 5419 3788 5454 a

2185 5496 2308 5561 tuis,
2345 5510 2457 5547 mea
2477 5492 2674 5558 Gallia,
2705 5495 2855 5547 malis
2878 5494 2903 5547 .9
2929 5494 3111 5548 Patria
3137 5493 3553 5564 Burtlcgalensis
3584 5493 3705 5558 fuit,
3731 5504 3788 5550 ut

2186 5589 2334 5644 Elias
2363 5588 2588 5642 Vinetus
2620 5590 2669 5641 in
2694 5587 2992 5642 Ausonium
3019 5595 3168 5642 notat
3197 5603 3265 5642 ex
3298 5603 3492 5657 pancg.
3525 5604 3578 5641 n.
3606 5587 3663 5653 2,
3697 5588 3785 5642 ubi

2184 5681 2324 5738 idem
2370 5682 2591 5736 Paculus
2635 5680 3050 5750 Transalpinunt
3083 5694 3142 5735 se
3180 5678 3335 5747 dicit,
3380 5687 3437 5733 et
3480 5694 3548 5735 ex
3595 5678 3786 5735 ultimo

2185 5776 2483 5843 Galliarum
2510 5790 2752 5836 recessu.
2780 5774 2895 5859 Qua
2917 5775 3083 5853 littus,
3113 5775 3309 5853 inquit,
3338 5772 3785 5833 oceanisadcntm
