4200 6178
421 231 524 289 ἆΠ

1312 233 1800 298 emacvntcus
1841 236 2086 298 PACATI
2129 205 2515 304 mazonomo
2559 240 2822 298 merus.

3611 242 3716 306 478

412 347 602 416 arripit
644 348 824 414 solem,
872 365 931 412 ac
963 349 1313 420 deﬁcientibus
1362 351 1509 404 terris
1549 351 1738 407 sociale
1776 353 2013 408 miscetur
2041 358 2087 430 Α
2118 353 2666 428 sanciendislegibus
2710 357 3053 436 providentia
3091 356 3169 428 (η.
3209 359 3317 432 15);
3351 357 3400 412 in
3433 356 3498 412 iis
3525 356 3717 430 quibus

404 433 734 494 clanculum.
766 439 1036 495 Pra‘terea
1079 441 1174 495 fuit
1203 441 1253 497 ei
1296 457 1416 496 cum
1468 445 1704 502 Ausonio
1745 443 2017 519 Burdega-

411 524 548 587 leusi
594 548 781 604 magna
826 533 1179 599 familiaritas,
1221 535 1315 610 qui
1346 551 1467 590 eum
1501 539 1876 602 proconsulem
1907 554 2014 594 non

411 639 522 684 uno
554 624 608 680 in
643 627 760 680 loco
786 627 1056 698 appellat,
1095 629 1306 700 ipsique
1337 629 1590 683 nonnulla
1634 631 1922 698 Opuscola,
1959 640 2014 685 ut

411 713 820 792 epigrammata,
877 721 1061 778 ludum
1115 721 1472 794 Sapientiam,
1525 722 2006 796 technopa-gnion,

411 805 475 868 et
503 815 1140 886 grammaticomastigem
1168 815 1459 884 inscripsit.
1477 817 1739 872 Eumdrm
1758 818 2009 872 eximium

411 917 626 978 poetam
656 909 890 980 appellat
919 907 1055 981 ldyl.
1105 910 1156 963 7.
1187 908 1392 965 Tamen
1439 919 1615 964 utrum
1665 913 1804 966 idem
1851 910 2014 966 fuerit

410 1015 533 1056 cum
562 1015 648 1064 eo,
683 1001 840 1072 cujus
871 1011 1090 1056 exstant
1121 1001 1336 1072 psalmi,
1369 1002 1664 1075 liymnique
1691 1003 1916 1074 aliquot,
1950 1019 2012 1058 ac
2049 1021 2052 1024 ‘

410 1093 512 1148 alia
542 1093 783 1148 carmina
808 1135 821 1159 ,
854 1104 907 1148 et
939 1094 992 1149 in
1027 1096 1091 1150 iis
1122 1093 1348 1165 epistola
1373 1095 1608 1166 elegiat-a
1639 1094 1705 1149 ad
1747 1098 2014 1163 Augusto-

407 1187 710 1242 dunensetn
744 1186 1055 1256 episc0pum
1076 1228 1090 1252 ,
1115 1187 1326 1240 dubitat
1355 1186 1495 1242 idem
1525 1188 1671 1242 Elias
1704 1186 1926 1243 Vim-tus
1959 1189 2012 1242 in

408 1279 736 1334 Ausonium.
771 1277 965 1332 Noster
987 1293 1118 1333 vero
1143 1277 1332 1333 Petrus
1358 1277 1680 1334 Franciscus
1708 1276 2013 1334 Chilllctius

406 1369 463 1424 in
499 1370 726 1425 Paulino
756 1369 1026 1424 illustrato
1074 1381 1231 1440 negat
1279 1371 1421 1426 hunc
1468 1371 1719 1425 Pacatum
1765 1385 2009 1426 noSIrum

406 1461 658 1517 eumdem
692 1460 861 1517 fuisse
889 1470 1052 1532 atque
1083 1463 1145 1526 is,
1178 1463 1267 1530 qui
1297 1462 1362 1516 ad
1393 1461 1650 1517 Urauiuin
1680 1463 1928 1517 scribens
1952 1464 2008 1518 S.

403 1553 616 1610 Paulini
647 1552 825 1609 Vitam
857 1554 1034 1607 vincta
1067 1555 1306 1608 numeris
1331 1555 1575 1608 oratione
1602 1555 1927 1623 scripturum
1952 1570 2012 1610 se

403 1653 704 1714 receperat.
735 1645 842 1700 Sed
876 1647 1016 1699 hunc
1042 1644 1300 1699 Pacatum
1349 1656 1533 1699 nostro
1575 1645 1747 1700 tribus
1780 1655 1837 1700 et
1880 1662 2011 1717 qua-

2121 447 2484 502 committeret
2528 445 2754 514 arcana,
2793 464 2928 517 quos
2969 462 3310 518 promoveret
3341 449 3407 505 ad
3436 449 3716 520 magistra-

2121 531 2228 606 tus,
2265 542 2554 612 seligendis
2598 543 2880 614 prudentia
2918 543 2994 617 (η.
3032 542 3142 616 iii);
3175 545 3388 615 egregia
3420 543 3471 598 in
3509 543 3714 596 amicos

2118 634 2252 691 fides
2283 636 2355 706 (ιι.
2385 636 2499 708 16),
2528 638 2579 692 in
2601 638 2962 709 exsequendis
2988 639 3266 708 promissis
3292 637 3572 706 religio(n.
3597 635 3711 710 47);

2115 744 2241 799 erga
2272 745 2365 783 eos
2392 745 2620 799 quormn
2652 733 2930 785 ambitioni
2965 748 3060 802 pro
3093 733 3498 801 magistratuum
3534 731 3715 798 pauci-

2117 831 2225 876 tate
2267 823 2442 876 facere
2486 825 2616 878 satis
2654 840 2760 879 non
2794 835 3027 896 poterat,
3061 825 3353 896 singularis
3406 824 3711 880 humanitas

2115 916 2524 969 commendatur
2555 921 2633 984 (η.
2665 915 2782 988 20).

2191 1007 2430 1061 δεειιηάιι
2453 1024 2593 1082 pars.
2613 1010 2770 1065 —-De
2801 1008 3030 1079 publicis
3055 1008 3174 1082 ejus
3200 1009 3510 1063 virtutibus.
3540 1008 3709 1078 Quam

2116 1099 2288 1153 bonus
2310 1111 2362 1154 et
2391 1101 2568 1154 civilis
2599 1101 2648 1154 in
2678 1102 3023 1156 admittendis
3050 1103 3113 1154 ad
3147 1116 3205 1156 se
3233 1101 3507 1163 onioibus,
3541 1102 3590 1154 in
3619 1117 3712 1153 eo-

2116 1207 2234 1245 rum
2267 1193 2500 1261 querelis
2531 1193 2812 1248 audiendis
2841 1193 2918 1263 (ιι.
2952 1193 3067 1264 21).
3100 1189 3189 1247 [ια’
3216 1196 3363 1246 Vultu
3395 1209 3500 1246 non
3535 1193 3713 1246 minus

2117 1289 2386 1348 hostibus.
2413 1304 2574 1360 quam
2613 1289 2826 1344 civibus
2878 1305 3058 1346 notus.
3100 1289 3468 1352 Memorautur
3494 1289 3612 1357 ejus
3638 1287 3717 1340 xi.-

2114 1381 2300 1436 ctoriar
2329 1382 2396 1436 de
2421 1381 2611 1438 Gothis
2638 1427 2653 1450 ,
2693 1383 2920 1448 llunuis,
2948 1382 3254 1448 Saracenis,
3289 1383 3525 1454 Scythis,
3548 1382 3718 1436 Alba-

2115 1475 2220 1539 nis,
2244 1486 2296 1529 et
2327 1475 2501 1530 Persis
2527 1475 2602 1550 (η.
2628 1477 2745 1548 22).
2774 1475 2828 1529 lo
2861 1490 3156 1550 estremam
3184 1477 3480 1530 Galliarum
3505 1486 3710 1546 partem

2115 1583 2236 1621 cum
2265 1569 2503 1622 exercitu
2537 1570 2882 1642 progreditur
2917 1574 3174 1624 adversus
3208 1570 3495 1624 Maximino
3525 1561 3713 1626 Gallia:

2115 1670 2434 1734 tyrannum,
2477 1663 2768 1718 multarum
2800 1664 3069 1732 legionum
3121 1663 3425 1724 defectione
3470 1660 3556 1736 (η.
3589 1661 3708 1736 25),

404 1739 650 1809 draginta
697 1737 855 1793 annis
893 1738 1167 1812 juniorem
1213 1739 1290 1794 ait
1337 1738 1405 1792 ad
1447 1754 1606 1808 quem
1649 1738 2005 1812 Symmachus
2036 1753 2085 1813 Β
2111 1753 2464 1824 quinquennii
2499 1754 2814 1825 impunitate
2846 1755 3114 1818 inﬂatum;
3147 1768 3426 1824 perempto
3452 1754 3710 1808 Gratiano

403 1832 570 1888 mittit
598 1831 880 1902 epistolam
911 1830 979 1887 l2
1008 1832 1044 1887 Ι.
1074 1847 1165 1886 vnt
1190 1872 1205 1899 ,
1236 1841 1289 1887 et
1319 1847 1407 1901 ep.
1438 1832 1509 1888 58
1539 1842 1594 1888 et
1620 1833 1689 1889 69
1721 1835 1838 1889 libri
1871 1851 1946 1890 rx.

475 1923 859 1978 Pronuntiatus
895 1930 979 1977 est
1009 1923 1097 1978 hic
1123 1925 1478 1997 panegyricus
1505 1941 1596 1980 an.
1629 1926 1830 1981 Christi
1857 1928 1954 1982 591
1987 1970 2003 1996 ,

402 2019 701 2073 secundum
731 2016 1022 2072 Haloandri
1051 2022 1289 2072 rationes
1312 2059 1328 2085 ,
1361 2018 1426 2072 ad
1457 2017 1568 2074 kal.
1605 2019 1911 2090 Septembr.
1948 2033 2006 2077 ut

401 2109 565 2163 tradit
616 2107 961 2164 Marcellinus
987 2106 1212 2178 Comes;
1269 2109 1475 2174 Romw,
1504 2127 1612 2182 quo
1660 2114 1883 2168 relatam
1937 2116 2006 2170 de

400 2199 637 2258 Maximo
670 2213 899 2273 tyranno
930 2202 1208 2256 victoriam
1230 2203 1590 2273 gratulaturus
1617 2221 1646 2259 e
1675 2205 1847 2261 Gallia
1878 2207 2006 2260 mis-

400 2311 493 2351 sus
517 2305 668 2362 erat;
706 2311 888 2351 coram
917 2297 1268 2366 imperatore,
1299 2313 1458 2368 quem
1491 2302 1821 2369 compellare
1870 2318 2007 2371 [ιιηιεη

399 2399 612 2444 sentem
645 2387 892 2454 videtur;
925 2396 1206 2458 spectante
1233 2401 1453 2452 senatu.
1487 2401 1543 2446 ut
1586 2394 1700 2464 ipse
1727 2393 1801 2448 ait
1832 2410 1998 2465 panc-

398 2480 572 2554 gyrlci
607 2481 765 2556 hujus
795 2480 973 2538 initio.
1339 2489 1342 2492 '

800 2617 829 2691 ﬁ
871 2618 958 2682 lll.
1000 2619 1254 2692 Synopsis
1282 2621 1600 2694 panegyrici.

475 2750 787 2807 Exordium.
810 2783 883 2794 —
906 2755 1038 2810 Cum
1075 2755 1239 2810 multa
1271 2757 1372 2811 sibi
1411 2757 1611 2812 dicenti
1641 2767 1840 2813 metum
1875 2757 2006 2815 affe-

397 2851 555 2909 rant,
592 2855 704 2900 tum
745 2846 798 2901 in
832 2846 1020 2918 primis
1058 2850 1392 2905 commoveri
1430 2865 1488 2904 se
1519 2853 1614 2918 ait,
1648 2853 1790 2922 quod
1820 2868 2002 2908 coram

397 2931 764 3009 imperatore,
794 2955 977 2996 coram
1009 2955 1222 3008 senatu,
1253 2943 1462 3011 Romae,
1495 2945 1656 3001 homo
1699 2946 1884 3003 Gallus
1924 2948 2007 3004 di-

395 3042 486 3088 cat
513 3049 526 3086 :
561 3034 821 3090 accedere
847 3049 907 3090 se
938 3045 1119 3092 tamen
1147 3039 1214 3091 ad
1244 3041 1567 3094 laudandmn
1601 3041 2004 3113 Theodosium;

2111 1844 2164 1900 in
2189 1831 2358 1901 Gallia
2392 1847 2662 1914 cmdibus,
2694 1849 2932 1916 rapinis,
2960 1859 3011 1902 et
3063 1850 3206 1901 omni
3238 1863 3440 1917 genere
3479 1846 3712 1902 crudeli-

2113 1940 2235 1996 tatis
2265 1951 2601 2012 grassantem
2636 1943 2714 2011 (η.
2745 1940 2856 2013 24).
2886 1939 3002 1996 Non
3037 1941 3156 1995 sine
3184 1940 3367 1994 divino
3397 1940 3601 1993 auxilio
3628 1941 3706 1990 fa-

2109 2044 2278 2102 ctum,
2324 2047 2376 2089 ut
2405 2045 2665 2108 tyrannus
2692 2035 2781 2090 ille
2813 2035 2982 2092 fusilth
3011 2051 3132 2088 eum
3163 2033 3470 2090 Theodosio
3502 2041 3710 2086 utcum-

2108 2143 2213 2198 que
2243 2128 2430 2181 initmn
2484 2129 2706 2181 violaret
2741 2129 2818 2200 (η.
2850 2127 2965 2199 '50),
2993 2138 3050 2180 ut
3090 2126 3383 2182 Theodosii
3413 2126 3704 2187 adventum

2107 2220 2374 2276 sustinere
2403 2236 2508 2274 non
2548 2222 2781 2291 potuerit
2811 2221 2886 2293 (η.
2921 2220 3037 2290 51),
3063 2231 3119 2284 ut
3149 2220 3214 2274 ad
3242 2220 3454 2274 Asciam
3486 2218 3704 2280 ﬂuvium

2107 2312 2259 2368 fusus
2279 2328 2342 2366 ac
2370 2313 2527 2382 plane
2548 2312 2760 2368 deletus
2785 2311 2858 2367 sit
2887 2312 2968 2380 (η.
3005 2311 3121 2378 52),
3156 2323 3210 2372 ιιι
3245 2310 3536 2366 Marcellini
3557 2309 3705 2380 pari-

2109 2415 2192 2460 ter
2217 2405 2488 2460 exercitus
2517 2404 2830 2474 prolligatus
2853 2409 2922 2460 sit
2951 2403 3028 2480 (ιι.
3055 2404 3172 2476 55).
3207 2404 3542 2462 Theodosius
3573 2404 3708 2472 abji-

2107 2499 2269 2554 cienti
2298 2513 2450 2554 arma
2479 2499 2641 2564 vitam
2670 2499 2938 2553 condonat
2957 2499 3034 2570 (η.
3054 2498 3171 2570 56).
3195 2497 3507 2554 llaeinonam
3526 2489 3706 2568 ingre-

2107 2593 2251 2649 ditur
2301 2593 2471 2647 victor
2506 2611 2518 2646 ε
2573 2602 2776 2674 quanto
2815 2593 3130 2666 populorum
3159 2605 3422 2652 concursu
3457 2589 3547 2664 (η.
3578 2587 3705 2670 57),

2108 2687 2370 2742 Maximus
2412 2703 2518 2756 quo
2569 2687 2737 2757 fugiat
2785 2686 3046 2752 incertus,
3083 2685 3324 2757 Aquileia
3366 2700 3426 2740 se
3480 2683 3708 2740 includit

2108 2784 2187 2846 (η.
2218 2780 2331 2854 58).
2367 2782 2481 2836 lluc
2511 2797 2634 2836 cum
2685 2782 2927 2836 exercitu
2971 2782 3104 2836 mira
3127 2781 3404 2835 celeritate
3456 2780 3708 2838 eouvolat
3750 2792 3759 2802 ‘

2107 2872 2447 2930 Theodosius
2471 2875 2548 2945 (η.
2579 2870 2694 2946 5U);
2728 2873 2964 2943 singulas
3003 2875 3344 2944 imperatoris
3375 2873 3600 2926 virtutes
3654 2873 3704 2938 in

2112 2968 2267 3038 hujus
2298 2967 2550 3037 triumphi
2572 2981 2774 3037 partem
2803 2969 3016 3023 venisse
3043 2986 3054 3022 :
3092 2970 3142 3023 in
3175 2969 3362 3040 pritnis
3393 2966 3703 3022 felicitatem

2109 3077 2210 3131 qua
2247 3060 2441 3114 laetum
2471 3071 2551 3114 est
2595 3072 2652 3114 ut
2686 3061 2950 3116 Maximus
2979 3061 3279 3116 voluntaria
3323 3076 3453 3114 nece
3501 3059 3705 3128 turpio-

395 3134 450 3180 et
479 3129 605 3196 quia
637 3126 799 3198 longo
826 3130 1066 3184 locorum
1093 3133 1381 3187 intervallo
1402 3150 1518 3188 eam
1547 3135 1615 3190 ob
1639 3152 1751 3191 rem
1775 3138 2001 3192 Romam

2111 3172 2249 3219 rem,
2273 3154 2447 3226 qualis
2474 3154 2662 3208 sceleri
2698 3154 3015 3220 debebatur,
3050 3165 3276 3208 mortem
3324 3171 3428 3206 non
3457 3153 3706 3221 effugerit

393 3221 644 3286 venerit,
693 3228 751 3276 et
791 3223 912 3291 quia
959 3219 1211 3279 laudandi
1253 3227 1514 3297 principis
1559 3229 1701 3283 nulla
1744 3232 2005 3286 incumbit

396 3317 722 3370 necessitas.
1746 3372 1750 3376 .

468 3405 801 3463 Distributio.
834 3440 903 3450 —
940 3409 1163 3476 Videtur
1191 3410 1304 3474 hinc
1333 3427 1454 3474 esse
1475 3413 1542 3469 :l.
1578 3415 1682 3478 vita
1711 3415 2001 3474 Theodosii

398 3499 634 3571 privata;
668 3500 732 3555 ll.
763 3503 867 3556 vita
901 3503 1142 3574 ejusdem
1178 3506 1389 3576 publica
1430 3509 1697 3564 laudatur.

471 3590 653 3647 Prima
671 3610 809 3664 pars.
842 3625 914 3644 ..—-
933 3595 1273 3653 Theodosius
1303 3599 1639 3656 dilticillimis
1664 3605 2002 3674 temporibus

400 3687 530 3743 ideo
557 3707 584 3744 a
613 3689 876 3748 Gratiano
897 3692 949 3748 iu
980 3695 1188 3764 imperii
1218 3699 1532 3754 societatem
1580 3699 1918 3771 adsciscitur,
1945 3711 2004 3759 ut

400 3779 748 3846 inclinantem
774 3782 827 3844 in
853 3800 1093 3858 praeceps
1113 3789 1499 3858 rempublicam
1529 3795 1791 3852 sustineat
1821 3794 1898 3866 (η.
1918 3793 1998 3866 2).

395 3872 513 3930 Non
546 3875 708 3930 alium
755 3877 1062 3947 eligendum
1119 3879 1286 3935 fuisse
1329 3881 1630 3950 declarant,
1662 3886 1781 3956 ejus
1829 3889 2000 3957 patria

400 3965 472 4039 (η.
505 3966 590 4036 4),
618 3971 855 4037 parentis
891 3971 1154 4034 victoriae.
1187 3971 1380 4027 domus
1399 3973 1660 4043 splendor
1682 3979 1756 4046 (η.
1789 3976 1865 4049 5),
1893 3977 2002 4034 lor-

399 4074 502 4114 ma:
531 4063 844 4129 prmstantia
874 4063 953 4136 (η.
988 4065 1068 4134 6),
1097 4076 1230 4121 telas
1261 4068 1465 4138 integra
1522 4082 1573 4125 et
1605 4083 1811 4126 matura
1833 4074 2002 4142 impe-

397 4153 478 4208 rio
506 4158 584 4220 (η.
617 4154 695 4227 7).
730 4157 777 4211 A
821 4159 1048 4212 fortuna:
1084 4160 1243 4215 donis
1275 4165 1467 4217 transit
1509 4164 1576 4218 ad
1614 4167 1777 4220 animi
1822 4168 1997 4224 dotes.

399 4246 539 4306 Usus
585 4248 714 4316 belli
767 4267 877 4322 quo
921 4268 1055 4322 puer
1096 4255 1208 4324 jam
1266 4255 1570 4326 ﬁngebatur
1598 4259 1663 4313 ad
1711 4261 1996 4329 imperium

395 4342 473 4414 (η.
508 4342 586 4414 Β),
613 4358 702 4398 res
722 4346 984 4414 prieclare
1021 4349 1074 4402 in
1101 4349 1242 4404 bello
1284 4362 1449 4421 gesue
1484 4355 1558 4423 (η.
1592 4351 1701 4426 l0),
1738 4357 1998 4422 modestia

394 4434 449 4508 in
490 4437 793 4500 recusando
819 4440 1140 4514 imperium.
1174 4443 1284 4516 ll),
1315 4444 1368 4502 in
1401 4445 1590 4505 eodem
1611 4446 2000 4514 administran-

395 4528 468 4586 do
487 4529 907 4604 minuendisque
937 4535 1206 4605 fpalatinis
1244 4537 1550 4608 sumptibus
1595 4540 1893 4612 frugalitas,
1938 4542 1992 4598 in
2019 4534 2076 4596 D

409 4683 2979 4722 MM“.-

1077 4823 1520 4912 INCIPIT
1610 4813 2038 4918 PACATI
2123 4836 2999 4938 PANEGYRICUS.

2107 3249 2184 3321 (η.
2211 3248 2326 3318 40);
2354 3259 2404 3300 ιιι
2429 3249 2695 3315 Spoliatus
2740 3249 2902 3318 regiis
2943 3249 3277 3302 ornamentis
3315 3247 3379 3299 ad
3412 3245 3705 3300 Theodosii

2107 3341 2270 3406 pedes
2289 3343 2536 3409 captivus
2560 3341 2824 3395 adductus
2843 3341 2919 3411 (it.
2947 3340 3062 3410 45);
3083 3351 3138 3393 ut
3167 3341 3344 3394 statim
3377 3337 3447 3391 ab
3472 3341 3706 3408 impera-

2105 3434 2241 3496 toris
2285 3445 2584 3502 conspectu
2632 3433 2894 3489 abductus
2942 3449 3007 3490 eo
3055 3434 3226 3490 inscio
3267 3442 3581 3502 peremptus
3632 3434 3704 3487 sit

2108 3525 2185 3595 (η.
2212 3523 2328 3597 44);
2366 3524 2578 3578 futurus
2601 3527 2836 3596 posteris
2857 3526 3141 3580 viodiratze
3169 3525 3469 3598 tyrannidis
3515 3539 3668 3579 exem

2108 3619 2274 3686 plum.
2323 3616 2594 3682 Laudatur
2642 3633 2847 3671 summa
2902 3619 3120 3673 victoris
3152 3619 3440 3673 clementia
3467 3620 3542 3685 (ιι.
3578 3617 3694 3689 iii),

2105 3710 2326 3774 Cinnte,
2379 3711 2562 3784 Syllm,
2617 3709 2788 3778 Marii,
2843 3709 3072 3766 Ctrsaris
3123 3709 3400 3764 dissimilis
3432 3709 3521 3780 (ιι.
3559 3707 3696 3776 46).

2106 3803 2395 3858 Theodosii
2422 3805 2474 3857 in
2507 3803 2704 3858 Urbem
2737 3803 3035 3894 ingressus;
3086 3802 3256 3872 Leges
3279 3801 3346 3855 ab
3385 3816 3454 3856 eo
3484 3802 3700 3872 sapien-

2106 3907 2188 3952 ter
2217 3899 2524 3950 instaurata:
2555 3895 2632 3968 (n.
2666 3895 2780 3968 47).

2176 3989 2469 4046 Conclusio.
2507 4021 2578 4030 —-
2617 3990 2951 4045 Postremum
3014 3990 3115 4044 sibi
3167 3989 3499 4060 gratulatur,
3555 3987 3696 4060 quod

2107 4093 2374 4140 tantarum
2423 4101 2601 4140 rerum
2637 4085 2789 4140 testis
2822 4085 3031 4139 futurus
3057 4101 3087 4138 e
3117 4085 3292 4141 Gallia
3355 4085 3576 4138 Romam
3607 4099 3696 4137 ve-

2107 4179 2266 4233 nerit.
2312 4178 2521 4246 Quanta
2564 4179 2843 4233 alacritate
2868 4178 3218 4246 excipiendus
3248 4178 3372 4231 sita
3411 4178 3524 4231 suis
3571 4177 3698 4230 civi-

2106 4271 2228 4337 bus,
2255 4287 2316 4326 ea
2358 4289 2475 4339 qua:
2514 4271 2588 4334 ibi
2633 4271 2826 4327 viderit
2859 4279 3199 4336 narraturus;
3251 4286 3352 4341 qua
3394 4271 3696 4324 auditorum

2105 4365 2410 4432 frequentia
2443 4365 2741 4432 stipandus,
2766 4373 2822 4418 et
2851 4381 3008 4435 quam
3039 4365 3204 4420 multa
3233 4362 3403 4432 poetis
3430 4375 3484 4418 et
3505 4372 3693 4415 orato-

2108 4460 2256 4514 ribus
2281 4459 2722 4527 wppeditaturtts
2743 4467 3060 4528 argumenta
3091 4455 3386 4512 scribendi.

3000 4709 3159 4725 ιιι-

1813 5020 2283 5088 θθκιῑῑσβ-σεο

468 5137 507 5194 Ι.
547 5138 605 5194 Si
627 5140 750 5210 quis
778 5155 1013 5211 unquam
1056 5143 1175 5210 fuit,
1199 5143 1499 5216 imperator
1525 5148 1784 5220 Auguste,
1823 5151 1914 5222 qui
1945 5160 1998 5208 te

396 5244 671 5303 praesente
698 5236 942 5300 dicturus
964 5239 981 5270 ¹
1008 5248 1133 5296 ante
1179 5241 1550 5313 trepidaverit,
1601 5259 1724 5310 eum
1753 5245 1998 5326 profecto

2106 5170 2192 5210 me
2219 5170 2341 5211 esse
2382 5167 2434 5212 et
2469 5159 2583 5227 ipse
2609 5165 2808 5229 sentio,
2851 5173 2906 5219 et
2945 5165 3073 5220 hisa
3097 5164 3190 5235 qui
3234 5164 3518 5219 consilium
3553 5171 3700 5219 tuum

2107 5250 2432 5323 participant
2463 5254 2637 5310 videri
2668 5271 2828 5328 posse
2866 5258 3043 5314 video.
3083 5257 3216 5312 Nam
3259 5272 3380 5310 cum
3412 5266 3460 5310 te
3487 5271 3703 5327 semper

1757 5382 2342 5450 INTERPRETATIO.

466 5473 491 5502 -
524 5464 627 5542 Qui
653 5467 743 5522 tibi
771 5478 889 5532 sunt
914 5484 946 5524 a
972 5455 1224 5538 consiliis.

1929 5569 2164 5636 NOTAE.

465 5675 1181 5782 insidant“.
1207 5683 1268 5756 in
1296 5683 1586 5758 Pithmsno
1621 5685 1814 5758 “dice
1843 5696 1943 5756 est.
1964 5691 2090 5782 jure
2113 5700 2489 5776 trepidaverit:
2531 5699 2880 5778 Bertiniensi,
2907 5701 2962 5760 in
3000 5717 3056 5763 re
3090 5703 3438 5780 trepidaverit,
3477 5703 3531 5768 in
3580 5705 3700 5768 aliis

397 5763 488 5822 φη
521 5750 871 5826 trepidauit.
