  <div class='ocr_page' id='page_1' title='image "/cluster/home/n/w/nwhite01/storage/ocr_20150623/13/hvd.32044096580428/245.png"; bbox 0 0 4200 6178; ppageno 0'>
   <div class='ocr_carea' id='block_1_1' title="bbox 457 277 564 337">
    <p class='ocr_par' dir='ltr' id='par_1_1' title="bbox 457 277 564 337">
     <span class='ocr_line' id='line_1_1' title="bbox 457 277 564 337; baseline 0.009 -2"><span class='ocrx_word' id='word_1_1' title='bbox 457 277 564 337; x_wconf 69' lang='grc'><strong>479</strong></span> 
     </span>
    </p>
   </div>
   <div class='ocr_carea' id='block_1_2' title="bbox 1635 263 2578 325">
    <p class='ocr_par' dir='ltr' id='par_1_2' title="bbox 1635 263 2578 325">
     <span class='ocr_line' id='line_1_2' title="bbox 1635 263 2578 325; baseline -0.004 0"><span class='ocrx_word' id='word_1_2' title='bbox 1635 263 2068 325; x_wconf 82' lang='lat' dir='ltr'><strong>THEODOSIUS</strong></span> <span class='ocrx_word' id='word_1_3' title='bbox 2107 265 2197 324; x_wconf 81' lang='lat' dir='ltr'><strong>ET</strong></span> <span class='ocrx_word' id='word_1_4' title='bbox 2238 264 2578 323; x_wconf 80' lang='lat' dir='ltr'><strong>PACATUS.</strong></span> 
     </span>
    </p>
   </div>
   <div class='ocr_carea' id='block_1_3' title="bbox 3656 266 3765 324">
    <p class='ocr_par' dir='ltr' id='par_1_3' title="bbox 3656 266 3765 324">
     <span class='ocr_line' id='line_1_3' title="bbox 3656 266 3765 324; baseline -0.018 0"><span class='ocrx_word' id='word_1_5' title='bbox 3656 266 3765 324; x_wconf 64' lang='grc'><strong>480</strong></span> 
     </span>
    </p>
   </div>
   <div class='ocr_carea' id='block_1_4' title="bbox 456 387 3769 466">
    <p class='ocr_par' dir='ltr' id='par_1_4' title="bbox 456 387 3769 466">
     <span class='ocr_line' id='line_1_4' title="bbox 456 387 3769 466; baseline -0.003 -9"><span class='ocrx_word' id='word_1_6' title='bbox 456 401 601 457; x_wconf 89' lang='lat' dir='ltr'><strong>ultra</strong></span> <span class='ocrx_word' id='word_1_7' title='bbox 645 413 836 456; x_wconf 90' lang='lat' dir='ltr'><strong>omnes</strong></span> <span class='ocrx_word' id='word_1_8' title='bbox 881 405 1027 454; x_wconf 91' lang='lat' dir='ltr'><strong>retro</strong></span> <span class='ocrx_word' id='word_1_9' title='bbox 1085 395 1360 466; x_wconf 86' lang='lat' dir='ltr'><strong>principes</strong></span> <span class='ocrx_word' id='word_1_10' title='bbox 1414 391 1624 448; x_wconf 89' lang='lat' dir='ltr'><strong>laudari</strong></span> <span class='ocrx_word' id='word_1_11' title='bbox 1664 391 2055 462; x_wconf 63' lang='lat' dir='ltr'><strong>oportuerit,“</strong></span> <span class='ocrx_word' id='word_1_12' title='bbox 2083 394 2133 455; x_wconf 76' lang='grc' dir='ltr'>Α</span> <span class='ocrx_word' id='word_1_13' title='bbox 2163 392 2294 457; x_wconf 93' lang='lat' dir='ltr'><strong>mui,</strong></span> <span class='ocrx_word' id='word_1_14' title='bbox 2339 391 2532 457; x_wconf 82' lang='lat' dir='ltr'><strong>fateor,</strong></span> <span class='ocrx_word' id='word_1_15' title='bbox 2579 389 2780 445; x_wconf 88' lang='lat' dir='ltr'><strong>laboris</strong></span> <span class='ocrx_word' id='word_1_16' title='bbox 2821 387 3058 445; x_wconf 82' lang='lat' dir='ltr'><strong>ofﬁcium</strong></span> <span class='ocrx_word' id='word_1_17' title='bbox 3086 388 3200 459; x_wconf 92' lang='lat' dir='ltr'><strong>ipsa</strong></span> <span class='ocrx_word' id='word_1_18' title='bbox 3250 387 3618 445; x_wconf 88' lang='lat' dir='ltr'><strong>taciturnitate</strong></span> <span class='ocrx_word' id='word_1_19' title='bbox 3645 405 3769 448; x_wconf 83' lang='lat' dir='ltr'><strong>cor-</strong></span> 
     </span>
    </p>
   </div>
   <div class='ocr_carea' id='block_1_5' title="bbox 461 486 2059 565">
    <p class='ocr_par' dir='ltr' id='par_1_5' title="bbox 461 486 2059 565">
     <span class='ocr_line' id='line_1_5' title="bbox 461 486 2059 565; baseline -0.008 -13"><span class='ocrx_word' id='word_1_20' title='bbox 461 510 604 551; x_wconf 91' lang='lat' dir='ltr'><strong>nuue</strong></span> <span class='ocrx_word' id='word_1_21' title='bbox 637 509 797 565; x_wconf 89' lang='lat' dir='ltr'><strong>porro</strong></span> <span class='ocrx_word' id='word_1_22' title='bbox 825 491 960 546; x_wconf 93' lang='lat' dir='ltr'><strong>ultra</strong></span> <span class='ocrx_word' id='word_1_23' title='bbox 993 504 1154 561; x_wconf 90' lang='lat' dir='ltr'><strong>quam</strong></span> <span class='ocrx_word' id='word_1_24' title='bbox 1211 489 1343 543; x_wconf 90' lang='lat' dir='ltr'><strong>alias</strong></span> <span class='ocrx_word' id='word_1_25' title='bbox 1389 486 1713 558; x_wconf 75' lang='lat' dir='ltr'><strong>przedicatus</strong></span> <span class='ocrx_word' id='word_1_26' title='bbox 1765 501 1856 551; x_wconf 90' lang='lat' dir='ltr'><strong>es,</strong></span> <span class='ocrx_word' id='word_1_27' title='bbox 1893 486 1944 540; x_wconf 92' lang='lat' dir='ltr'><strong>iu</strong></span> <span class='ocrx_word' id='word_1_28' title='bbox 1996 499 2059 540; x_wconf 90' lang='lat' dir='ltr'><strong>ea</strong></span> 
     </span>
    </p>
   </div>
   <div class='ocr_carea' id='block_1_6' title="bbox 462 582 2060 652">
    <p class='ocr_par' dir='ltr' id='par_1_6' title="bbox 462 582 2060 652">
     <span class='ocr_line' id='line_1_6' title="bbox 462 582 2060 652; baseline -0.004 -8"><span class='ocrx_word' id='word_1_29' title='bbox 462 590 596 646; x_wconf 85' lang='lat' dir='ltr'><strong>urbe</strong></span> <span class='ocrx_word' id='word_1_30' title='bbox 625 588 911 644; x_wconf 92' lang='lat' dir='ltr'><strong>conveniat</strong></span> <span class='ocrx_word' id='word_1_31' title='bbox 936 584 1166 640; x_wconf 87' lang='lat' dir='ltr'><strong>dicendo</strong></span> <span class='ocrx_word' id='word_1_32' title='bbox 1191 584 1476 648; x_wconf 88' lang='lat' dir='ltr'><strong>celebrari,</strong></span> <span class='ocrx_word' id='word_1_33' title='bbox 1500 583 1658 652; x_wconf 85' lang='lat' dir='ltr'><strong>cujus</strong></span> <span class='ocrx_word' id='word_1_34' title='bbox 1676 593 1730 637; x_wconf 93' lang='lat' dir='ltr'><strong>et</strong></span> <span class='ocrx_word' id='word_1_35' title='bbox 1756 582 2060 638; x_wconf 86' lang='lat' dir='ltr'><strong>libertatem</strong></span> 
     </span>
    </p>
   </div>
   <div class='ocr_carea' id='block_1_7' title="bbox 459 678 2060 748">
    <p class='ocr_par' dir='ltr' id='par_1_7' title="bbox 459 678 2060 748">
     <span class='ocr_line' id='line_1_7' title="bbox 459 678 2060 748; baseline -0.003 -13"><span class='ocrx_word' id='word_1_36' title='bbox 459 684 480 716; x_wconf 79' lang='grc'>⁸</span> <span class='ocrx_word' id='word_1_37' title='bbox 511 690 751 737; x_wconf 90' lang='lat' dir='ltr'><strong>armatus</strong></span> <span class='ocrx_word' id='word_1_38' title='bbox 787 679 1091 746; x_wconf 90' lang='lat' dir='ltr'><strong>asseruisli,</strong></span> <span class='ocrx_word' id='word_1_39' title='bbox 1143 678 1414 734; x_wconf 77' lang='lat' dir='ltr'><strong>etausisti</strong></span> <span class='ocrx_word' id='word_1_40' title='bbox 1455 678 1781 748; x_wconf 80' lang='lat' dir='ltr'><strong>&#39;diguitatem</strong></span> <span class='ocrx_word' id='word_1_41' title='bbox 1823 687 2060 744; x_wconf 67' lang='lat' dir='ltr'><strong>togatus,</strong></span> 
     </span>
    </p>
   </div>
   <div class='ocr_carea' id='block_1_8' title="bbox 459 771 2064 845">
    <p class='ocr_par' dir='ltr' id='par_1_8' title="bbox 459 771 2064 845">
     <span class='ocr_line' id='line_1_8' title="bbox 459 771 2064 845; baseline 0.001 -19"><span class='ocrx_word' id='word_1_42' title='bbox 459 789 567 845; x_wconf 90' lang='lat' dir='ltr'><strong>quo</strong></span> <span class='ocrx_word' id='word_1_43' title='bbox 618 771 833 828; x_wconf 89' lang='lat' dir='ltr'><strong>tandem</strong></span> <span class='ocrx_word' id='word_1_44' title='bbox 883 771 1047 828; x_wconf 91' lang='lat' dir='ltr'><strong>modo</strong></span> <span class='ocrx_word' id='word_1_45' title='bbox 1090 771 1348 843; x_wconf 79' lang='lat' dir='ltr'><strong>consequi</strong></span> <span class='ocrx_word' id='word_1_46' title='bbox 1393 771 1730 840; x_wconf 73' lang='lat' dir='ltr'><strong>maiestatem</strong></span> <span class='ocrx_word' id='word_1_47' title='bbox 1783 773 2064 840; x_wconf 82' lang='lat' dir='ltr'><strong>utriusque</strong></span> 
     </span>
    </p>
   </div>
   <div class='ocr_carea' id='block_1_9' title="bbox 461 864 2065 934">
    <p class='ocr_par' dir='ltr' id='par_1_9' title="bbox 461 864 2065 934">
     <span class='ocr_line' id='line_1_9' title="bbox 461 864 2065 934; baseline -0.002 -14"><span class='ocrx_word' id='word_1_48' title='bbox 461 875 700 920; x_wconf 71' lang='lat' dir='ltr'><strong>vestrum</strong></span> <span class='ocrx_word' id='word_1_49' title='bbox 742 865 991 920; x_wconf 91' lang='lat' dir='ltr'><strong>oratione</strong></span> <span class='ocrx_word' id='word_1_50' title='bbox 1020 880 1136 919; x_wconf 92' lang='lat' dir='ltr'><strong>mea</strong></span> <span class='ocrx_word' id='word_1_51' title='bbox 1164 874 1352 932; x_wconf 86' lang='lat' dir='ltr'><strong>potero</strong></span> <span class='ocrx_word' id='word_1_52' title='bbox 1375 907 1388 928; x_wconf 95' lang='lat'><strong>,</strong></span> <span class='ocrx_word' id='word_1_53' title='bbox 1416 866 1517 918; x_wconf 92' lang='lat' dir='ltr'><strong>hoc</strong></span> <span class='ocrx_word' id='word_1_54' title='bbox 1551 864 1821 934; x_wconf 64' lang='lat' dir='ltr'><strong>priecipue</strong></span> <span class='ocrx_word' id='word_1_55' title='bbox 1846 864 1898 918; x_wconf 92' lang='lat' dir='ltr'><strong>in</strong></span> <span class='ocrx_word' id='word_1_56' title='bbox 1930 874 2065 919; x_wconf 88' lang='lat' dir='ltr'><strong>tem-</strong></span> 
     </span>
    </p>
   </div>
   <div class='ocr_carea' id='block_1_10' title="bbox 459 956 2066 1031">
    <p class='ocr_par' dir='ltr' id='par_1_10' title="bbox 459 956 2066 1031">
     <span class='ocr_line' id='line_1_10' title="bbox 459 956 2066 1031; baseline -0.001 -20"><span class='ocrx_word' id='word_1_57' title='bbox 459 971 610 1031; x_wconf 84' lang='lat' dir='ltr'><strong>pore,</strong></span> <span class='ocrx_word' id='word_1_58' title='bbox 649 973 756 1028; x_wconf 84' lang='lat' dir='ltr'><strong>quo</strong></span> <span class='ocrx_word' id='word_1_59' title='bbox 781 956 801 988; x_wconf 86' lang='grc'><em>³</em></span> <span class='ocrx_word' id='word_1_60' title='bbox 826 959 990 1013; x_wconf 90' lang='lat' dir='ltr'><strong>ambo</strong></span> <span class='ocrx_word' id='word_1_61' title='bbox 1031 959 1098 1011; x_wconf 91' lang='lat' dir='ltr'><strong>ita</strong></span> <span class='ocrx_word' id='word_1_62' title='bbox 1130 967 1317 1013; x_wconf 89' lang='lat' dir='ltr'><strong>mutuo</strong></span> <span class='ocrx_word' id='word_1_63' title='bbox 1339 956 1610 1022; x_wconf 83' lang='lat' dir='ltr'><strong>creviSIis,</strong></span> <span class='ocrx_word' id='word_1_64' title='bbox 1635 964 1692 1011; x_wconf 88' lang='lat' dir='ltr'><strong>ut</strong></span> <span class='ocrx_word' id='word_1_65' title='bbox 1724 971 1821 1012; x_wconf 92' lang='lat' dir='ltr'><strong>nec</strong></span> <span class='ocrx_word' id='word_1_66' title='bbox 1848 965 1904 1011; x_wconf 88' lang='lat' dir='ltr'><strong>tu</strong></span> <span class='ocrx_word' id='word_1_67' title='bbox 1952 958 2066 1010; x_wconf 86' lang='lat' dir='ltr'><strong>luc-</strong></span> 
     </span>
    </p>
   </div>
   <div class='ocr_carea' id='block_1_11' title="bbox 459 1049 2064 1120">
    <p class='ocr_par' dir='ltr' id='par_1_11' title="bbox 459 1049 2064 1120">
     <span class='ocr_line' id='line_1_11' title="bbox 459 1049 2064 1120; baseline 0 -16"><span class='ocrx_word' id='word_1_68' title='bbox 459 1052 534 1105; x_wconf 85' lang='lat' dir='ltr'><strong>ris</strong></span> <span class='ocrx_word' id='word_1_69' title='bbox 563 1049 738 1105; x_wconf 91' lang='lat' dir='ltr'><strong>adhuc</strong></span> <span class='ocrx_word' id='word_1_70' title='bbox 767 1050 940 1120; x_wconf 81' lang='lat' dir='ltr'><strong>major</strong></span> <span class='ocrx_word' id='word_1_71' title='bbox 960 1093 976 1117; x_wconf 94' lang='lat'><strong>,</strong></span> <span class='ocrx_word' id='word_1_72' title='bbox 1002 1065 1103 1104; x_wconf 90' lang='lat' dir='ltr'><strong>nec</strong></span> <span class='ocrx_word' id='word_1_73' title='bbox 1136 1050 1223 1103; x_wconf 89' lang='lat' dir='ltr'><strong>illa</strong></span> <span class='ocrx_word' id='word_1_74' title='bbox 1251 1049 1484 1104; x_wconf 80' lang='lat' dir='ltr'><strong>felicior?</strong></span> <span class='ocrx_word' id='word_1_75' title='bbox 1519 1049 1632 1104; x_wconf 88' lang='lat' dir='ltr'><strong>Huc</strong></span> <span class='ocrx_word' id='word_1_76' title='bbox 1674 1049 1881 1104; x_wconf 88' lang='lat' dir='ltr'><strong>accedit</strong></span> <span class='ocrx_word' id='word_1_77' title='bbox 1907 1050 2064 1104; x_wconf 84' lang='lat' dir='ltr'><strong>audi-</strong></span> 
     </span>
    </p>
   </div>
   <div class='ocr_carea' id='block_1_12' title="bbox 463 1141 2065 1211">
    <p class='ocr_par' dir='ltr' id='par_1_12' title="bbox 463 1141 2065 1211">
     <span class='ocr_line' id='line_1_12' title="bbox 463 1141 2065 1211; baseline 0 -14"><span class='ocrx_word' id='word_1_78' title='bbox 463 1152 549 1197; x_wconf 92' lang='lat' dir='ltr'><strong>tor</strong></span> <span class='ocrx_word' id='word_1_79' title='bbox 571 1152 813 1209; x_wconf 90' lang='lat' dir='ltr'><strong>senatus,</strong></span> <span class='ocrx_word' id='word_1_80' title='bbox 844 1142 1076 1198; x_wconf 88' lang='lat' dir='ltr'><strong>cuicqu</strong></span> <span class='ocrx_word' id='word_1_81' title='bbox 1102 1141 1325 1195; x_wconf 86' lang='lat' dir='ltr'><strong>diflicile</strong></span> <span class='ocrx_word' id='word_1_82' title='bbox 1351 1143 1419 1195; x_wconf 93' lang='lat' dir='ltr'><strong>sit</strong></span> <span class='ocrx_word' id='word_1_83' title='bbox 1452 1157 1548 1211; x_wconf 93' lang='lat' dir='ltr'><strong>pro</strong></span> <span class='ocrx_word' id='word_1_84' title='bbox 1576 1157 1762 1197; x_wconf 87' lang='lat' dir='ltr'><strong>amore</strong></span> <span class='ocrx_word' id='word_1_85' title='bbox 1791 1157 1897 1210; x_wconf 92' lang='lat' dir='ltr'><strong>quo</strong></span> <span class='ocrx_word' id='word_1_86' title='bbox 1927 1142 1978 1196; x_wconf 92' lang='lat' dir='ltr'><strong>iu</strong></span> <span class='ocrx_word' id='word_1_87' title='bbox 2015 1155 2065 1198; x_wconf 92' lang='lat' dir='ltr'><strong>te</strong></span> 
     </span>
    </p>
   </div>
   <div class='ocr_carea' id='block_1_13' title="bbox 463 1231 2068 1305">
    <p class='ocr_par' dir='ltr' id='par_1_13' title="bbox 463 1231 2068 1305">
     <span class='ocr_line' id='line_1_13' title="bbox 463 1231 2068 1305; baseline -0.001 -15"><span class='ocrx_word' id='word_1_88' title='bbox 463 1234 721 1305; x_wconf 63' lang='lat' dir='ltr'><strong>praeditus</strong></span> <span class='ocrx_word' id='word_1_89' title='bbox 751 1233 923 1289; x_wconf 82' lang='lat' dir='ltr'><strong>estde</strong></span> <span class='ocrx_word' id='word_1_90' title='bbox 966 1245 1018 1289; x_wconf 91' lang='lat' dir='ltr'><strong>te</strong></span> <span class='ocrx_word' id='word_1_91' title='bbox 1063 1235 1197 1288; x_wconf 91' lang='lat' dir='ltr'><strong>satis</strong></span> <span class='ocrx_word' id='word_1_92' title='bbox 1231 1234 1375 1297; x_wconf 87' lang='lat' dir='ltr'><strong>lieri,</strong></span> <span class='ocrx_word' id='word_1_93' title='bbox 1412 1231 1440 1271; x_wconf 67' lang='grc' dir='ltr'><strong>ι)</strong></span> <span class='ocrx_word' id='word_1_94' title='bbox 1473 1243 1583 1288; x_wconf 92' lang='lat' dir='ltr'><strong>tum</strong></span> <span class='ocrx_word' id='word_1_95' title='bbox 1632 1233 1926 1298; x_wconf 79' lang='lat' dir='ltr'><strong>difﬁcilius,</strong></span> <span class='ocrx_word' id='word_1_96' title='bbox 1971 1248 2068 1304; x_wconf 91' lang='lat' dir='ltr'><strong>pro</strong></span> 
     </span>
    </p>
   </div>
   <div class='ocr_carea' id='block_1_14' title="bbox 465 1309 2065 1399">
    <p class='ocr_par' dir='ltr' id='par_1_14' title="bbox 465 1309 2065 1399">
     <span class='ocr_line' id='line_1_14' title="bbox 465 1309 2065 1399; baseline -0.001 -16"><span class='ocrx_word' id='word_1_97' title='bbox 465 1328 699 1398; x_wconf 83' lang='lat' dir='ltr'><strong>ingenita</strong></span> <span class='ocrx_word' id='word_1_98' title='bbox 730 1309 944 1399; x_wconf 30' lang='lat' dir='ltr'><strong>{atque</strong></span> <span class='ocrx_word' id='word_1_99' title='bbox 997 1327 1340 1382; x_wconf 79' lang='lat' dir='ltr'><strong>haereditaria</strong></span> <span class='ocrx_word' id='word_1_100' title='bbox 1391 1327 1581 1381; x_wconf 84' lang='lat' dir='ltr'><strong>orandi</strong></span> <span class='ocrx_word' id='word_1_101' title='bbox 1629 1327 1906 1392; x_wconf 74' lang='lat' dir='ltr'><strong>facultate,</strong></span> <span class='ocrx_word' id='word_1_102' title='bbox 1959 1343 2065 1382; x_wconf 91' lang='lat' dir='ltr'><strong>non</strong></span> 
     </span>
    </p>
   </div>
   <div class='ocr_carea' id='block_1_15' title="bbox 472 1421 2070 1492">
    <p class='ocr_par' dir='ltr' id='par_1_15' title="bbox 472 1421 2070 1492">
     <span class='ocr_line' id='line_1_15' title="bbox 472 1421 2070 1492; baseline -0.002 -15"><span class='ocrx_word' id='word_1_103' title='bbox 472 1437 595 1478; x_wconf 85' lang='lat' dir='ltr'><strong>esse</strong></span> <span class='ocrx_word' id='word_1_104' title='bbox 617 1421 832 1476; x_wconf 79' lang='lat' dir='ltr'><strong>fastidio</strong></span> <span class='ocrx_word' id='word_1_105' title='bbox 857 1421 1043 1477; x_wconf 88' lang='lat' dir='ltr'><strong>rudem</strong></span> <span class='ocrx_word' id='word_1_106' title='bbox 1076 1421 1216 1475; x_wconf 90' lang='lat' dir='ltr'><strong>hunc</strong></span> <span class='ocrx_word' id='word_1_107' title='bbox 1239 1431 1293 1475; x_wconf 92' lang='lat' dir='ltr'><strong>et</strong></span> <span class='ocrx_word' id='word_1_108' title='bbox 1323 1421 1582 1474; x_wconf 89' lang='lat' dir='ltr'><strong>incultum</strong></span> <span class='ocrx_word' id='word_1_109' title='bbox 1615 1421 1933 1492; x_wconf 79' lang='lat' dir='ltr'><strong>transalpini</strong></span> <span class='ocrx_word' id='word_1_110' title='bbox 1958 1437 2070 1475; x_wconf 84' lang='lat' dir='ltr'><strong>ser-</strong></span> 
     </span>
    </p>
   </div>
   <div class='ocr_carea' id='block_1_16' title="bbox 466 1513 2070 1584">
    <p class='ocr_par' dir='ltr' id='par_1_16' title="bbox 466 1513 2070 1584">
     <span class='ocr_line' id='line_1_16' title="bbox 466 1513 2070 1584; baseline -0.001 -14"><span class='ocrx_word' id='word_1_111' title='bbox 466 1516 642 1570; x_wconf 91' lang='lat' dir='ltr'><strong>monis</strong></span> <span class='ocrx_word' id='word_1_112' title='bbox 663 1517 965 1581; x_wconf 81' lang='lat' dir='ltr'><strong>horrorem,</strong></span> <span class='ocrx_word' id='word_1_113' title='bbox 988 1514 1286 1583; x_wconf 71' lang='lat' dir='ltr'><strong>praesertim</strong></span> <span class='ocrx_word' id='word_1_114' title='bbox 1314 1529 1435 1568; x_wconf 87' lang='lat' dir='ltr'><strong>cmn</strong></span> <span class='ocrx_word' id='word_1_115' title='bbox 1455 1513 1704 1568; x_wconf 50' lang='lat' dir='ltr'><strong>absurda?</strong></span> <span class='ocrx_word' id='word_1_116' title='bbox 1729 1515 2070 1584; x_wconf 70' lang='lat' dir='ltr'><strong>sillisll‘mqtte</strong></span> 
     </span>
    </p>
   </div>
   <div class='ocr_carea' id='block_1_17' title="bbox 459 1607 2068 1680">
    <p class='ocr_par' dir='ltr' id='par_1_17' title="bbox 459 1607 2068 1680">
     <span class='ocr_line' id='line_1_17' title="bbox 459 1607 2068 1680; baseline 0.001 -18"><span class='ocrx_word' id='word_1_117' title='bbox 459 1608 736 1679; x_wconf 67' lang='lat' dir='ltr'><strong>iactantia:</strong></span> <span class='ocrx_word' id='word_1_118' title='bbox 757 1607 1133 1679; x_wconf 85' lang='lat' dir='ltr'><strong>possitvideri,</strong></span> <span class='ocrx_word' id='word_1_119' title='bbox 1160 1608 1243 1662; x_wconf 88' lang='lat' dir='ltr'><strong>his</strong></span> <span class='ocrx_word' id='word_1_120' title='bbox 1265 1618 1541 1663; x_wconf 83' lang='lat' dir='ltr'><strong>ostentare</strong></span> <span class='ocrx_word' id='word_1_121' title='bbox 1562 1608 1890 1674; x_wconf 77' lang='lat' dir='ltr'><strong>facundiam,</strong></span> <span class='ocrx_word' id='word_1_122' title='bbox 1907 1624 2068 1680; x_wconf 90' lang='lat' dir='ltr'><strong>quam</strong></span> 
     </span>
    </p>
   </div>
   <div class='ocr_carea' id='block_1_18' title="bbox 465 1701 2069 1772">
    <p class='ocr_par' dir='ltr' id='par_1_18' title="bbox 465 1701 2069 1772">
     <span class='ocr_line' id='line_1_18' title="bbox 465 1701 2069 1772; baseline 0 -16"><span class='ocrx_word' id='word_1_123' title='bbox 465 1701 533 1756; x_wconf 89' lang='lat' dir='ltr'><strong>de</strong></span> <span class='ocrx_word' id='word_1_124' title='bbox 563 1717 752 1758; x_wconf 92' lang='lat' dir='ltr'><strong>eorum</strong></span> <span class='ocrx_word' id='word_1_125' title='bbox 778 1703 925 1758; x_wconf 84' lang='lat' dir='ltr'><strong>fonte</strong></span> <span class='ocrx_word' id='word_1_126' title='bbox 956 1713 1264 1756; x_wconf 83' lang='lat' dir='ltr'><strong>manantem</strong></span> <span class='ocrx_word' id='word_1_127' title='bbox 1290 1705 1340 1756; x_wconf 92' lang='lat' dir='ltr'><strong>in</strong></span> <span class='ocrx_word' id='word_1_128' title='bbox 1370 1711 1590 1756; x_wconf 84' lang='lat' dir='ltr'><strong>nostros</strong></span> <span class='ocrx_word' id='word_1_129' title='bbox 1617 1717 1786 1772; x_wconf 89' lang='lat' dir='ltr'><strong>usque</strong></span> <span class='ocrx_word' id='word_1_130' title='bbox 1814 1717 1944 1757; x_wconf 90' lang='lat' dir='ltr'><strong>usus</strong></span> <span class='ocrx_word' id='word_1_131' title='bbox 1975 1702 2069 1756; x_wconf 92' lang='lat' dir='ltr'><strong>de-</strong></span> 
     </span>
    </p>
   </div>
   <div class='ocr_carea' id='block_1_19' title="bbox 2167 481 3762 555">
    <p class='ocr_par' dir='ltr' id='par_1_19' title="bbox 2167 481 3762 555">
     <span class='ocr_line' id='line_1_19' title="bbox 2167 481 3762 555; baseline 0.001 -16"><span class='ocrx_word' id='word_1_132' title='bbox 2167 499 2440 554; x_wconf 89' lang='lat' dir='ltr'><strong>rutupere.</strong></span> <span class='ocrx_word' id='word_1_133' title='bbox 2497 493 2521 531; x_wconf 80' lang='lat'>8</span> <span class='ocrx_word' id='word_1_134' title='bbox 2574 482 2651 538; x_wconf 89' lang='lat' dir='ltr'><strong>Ita</strong></span> <span class='ocrx_word' id='word_1_135' title='bbox 2711 481 2838 536; x_wconf 92' lang='lat' dir='ltr'><strong>dum</strong></span> <span class='ocrx_word' id='word_1_136' title='bbox 2888 481 3150 552; x_wconf 84' lang='lat' dir='ltr'><strong>obsequio</strong></span> <span class='ocrx_word' id='word_1_137' title='bbox 3204 481 3536 550; x_wconf 78' lang='lat' dir='ltr'><strong>interpretor</strong></span> <span class='ocrx_word' id='word_1_138' title='bbox 3588 483 3762 555; x_wconf 83' lang='lat' dir='ltr'><strong>impu-</strong></span> 
     </span>
    </p>
   </div>
   <div class='ocr_carea' id='block_1_20' title="bbox 2165 572 3759 646">
    <p class='ocr_par' dir='ltr' id='par_1_20' title="bbox 2165 572 3759 646">
     <span class='ocr_line' id='line_1_20' title="bbox 2165 572 3759 646; baseline 0.001 -15"><span class='ocrx_word' id='word_1_139' title='bbox 2165 577 2427 642; x_wconf 85' lang='lat' dir='ltr'><strong>dentiam,</strong></span> <span class='ocrx_word' id='word_1_140' title='bbox 2482 575 2607 631; x_wconf 93' lang='lat' dir='ltr'><strong>dum</strong></span> <span class='ocrx_word' id='word_1_141' title='bbox 2679 576 2729 630; x_wconf 93' lang='lat' dir='ltr'><strong>in</strong></span> <span class='ocrx_word' id='word_1_142' title='bbox 2807 575 3054 629; x_wconf 89' lang='lat' dir='ltr'><strong>eumdem</strong></span> <span class='ocrx_word' id='word_1_143' title='bbox 3128 572 3404 630; x_wconf 89' lang='lat' dir='ltr'><strong>hominem</strong></span> <span class='ocrx_word' id='word_1_144' title='bbox 3471 591 3576 630; x_wconf 89' lang='lat' dir='ltr'><strong>non</strong></span> <span class='ocrx_word' id='word_1_145' title='bbox 3640 587 3759 646; x_wconf 93' lang='lat' dir='ltr'><strong>puto</strong></span> 
     </span>
    </p>
   </div>
   <div class='ocr_carea' id='block_1_21' title="bbox 2165 669 3765 742">
    <p class='ocr_par' dir='ltr' id='par_1_21' title="bbox 2165 669 3765 742">
     <span class='ocr_line' id='line_1_21' title="bbox 2165 669 3765 742; baseline -0.001 -14"><span class='ocrx_word' id='word_1_146' title='bbox 2165 674 2456 728; x_wconf 90' lang='lat' dir='ltr'><strong>convenire</strong></span> <span class='ocrx_word' id='word_1_147' title='bbox 2481 670 2732 742; x_wconf 80' lang='lat' dir='ltr'><strong>gaudium</strong></span> <span class='ocrx_word' id='word_1_148' title='bbox 2763 681 2815 724; x_wconf 93' lang='lat' dir='ltr'><strong>et</strong></span> <span class='ocrx_word' id='word_1_149' title='bbox 2847 669 3146 734; x_wconf 87' lang='lat' dir='ltr'><strong>silentium,</strong></span> <span class='ocrx_word' id='word_1_150' title='bbox 3177 671 3310 723; x_wconf 88' lang='lat' dir='ltr'><strong>duas</strong></span> <span class='ocrx_word' id='word_1_151' title='bbox 3341 684 3429 724; x_wconf 89' lang='lat' dir='ltr'><strong>res</strong></span> <span class='ocrx_word' id='word_1_152' title='bbox 3458 669 3765 726; x_wconf 81' lang='lat' dir='ltr'><strong>diversissi-</strong></span> 
     </span>
    </p>
   </div>
   <div class='ocr_carea' id='block_1_22' title="bbox 2168 764 3767 836">
    <p class='ocr_par' dir='ltr' id='par_1_22' title="bbox 2168 764 3767 836">
     <span class='ocr_line' id='line_1_22' title="bbox 2168 764 3767 836; baseline 0.003 -16"><span class='ocrx_word' id='word_1_153' title='bbox 2168 782 2282 820; x_wconf 91' lang='lat' dir='ltr'><strong>mas</strong></span> <span class='ocrx_word' id='word_1_154' title='bbox 2315 768 2464 836; x_wconf 83' lang='lat' dir='ltr'><strong>jnnxi</strong></span> <span class='ocrx_word' id='word_1_155' title='bbox 2497 783 2509 818; x_wconf 87' lang='lat'><strong>:</strong></span> <span class='ocrx_word' id='word_1_156' title='bbox 2539 776 2738 819; x_wconf 92' lang='lat' dir='ltr'><strong>metum</strong></span> <span class='ocrx_word' id='word_1_157' title='bbox 2762 774 2814 819; x_wconf 92' lang='lat' dir='ltr'><strong>et</strong></span> <span class='ocrx_word' id='word_1_158' title='bbox 2841 766 3227 818; x_wconf 86' lang='lat' dir='ltr'><strong>temeritatem.</strong></span> <span class='ocrx_word' id='word_1_159' title='bbox 3256 764 3397 831; x_wconf 85' lang='lat' dir='ltr'><strong>Quin</strong></span> <span class='ocrx_word' id='word_1_160' title='bbox 3440 774 3494 818; x_wconf 89' lang='lat' dir='ltr'><strong>ct</strong></span> <span class='ocrx_word' id='word_1_161' title='bbox 3525 766 3654 820; x_wconf 92' lang='lat' dir='ltr'><strong>illud</strong></span> <span class='ocrx_word' id='word_1_162' title='bbox 3683 783 3767 825; x_wconf 90' lang='lat' dir='ltr'><strong>me</strong></span> 
     </span>
    </p>
   </div>
   <div class='ocr_carea' id='block_1_23' title="bbox 2168 856 3772 932">
    <p class='ocr_par' dir='ltr' id='par_1_23' title="bbox 2168 856 3772 932">
     <span class='ocr_line' id='line_1_23' title="bbox 2168 856 3772 932; baseline 0.001 -17"><span class='ocrx_word' id='word_1_163' title='bbox 2168 860 2380 930; x_wconf 90' lang='lat' dir='ltr'><strong>impulit</strong></span> <span class='ocrx_word' id='word_1_164' title='bbox 2407 858 2471 913; x_wconf 92' lang='lat' dir='ltr'><strong>ad</strong></span> <span class='ocrx_word' id='word_1_165' title='bbox 2503 857 2788 913; x_wconf 85' lang='lat' dir='ltr'><strong>dicendum</strong></span> <span class='ocrx_word' id='word_1_166' title='bbox 2811 898 2824 918; x_wconf 90' lang='lat'><strong>,</strong></span> <span class='ocrx_word' id='word_1_167' title='bbox 2859 856 3000 928; x_wconf 89' lang='lat' dir='ltr'><strong>quod</strong></span> <span class='ocrx_word' id='word_1_168' title='bbox 3026 867 3083 911; x_wconf 94' lang='lat' dir='ltr'><strong>ut</strong></span> <span class='ocrx_word' id='word_1_169' title='bbox 3104 856 3343 912; x_wconf 86' lang='lat' dir='ltr'><strong>dicerem</strong></span> <span class='ocrx_word' id='word_1_170' title='bbox 3374 859 3554 914; x_wconf 86' lang='lat' dir='ltr'><strong>nullus</strong></span> <span class='ocrx_word' id='word_1_171' title='bbox 3585 861 3772 932; x_wconf 81' lang='lat' dir='ltr'><strong>adige-</strong></span> 
     </span>
    </p>
   </div>
   <div class='ocr_carea' id='block_1_24' title="bbox 2167 951 3769 1022">
    <p class='ocr_par' dir='ltr' id='par_1_24' title="bbox 2167 951 3769 1022">
     <span class='ocr_line' id='line_1_24' title="bbox 2167 951 3769 1022; baseline 0.001 -12"><span class='ocrx_word' id='word_1_172' title='bbox 2167 955 2277 1010; x_wconf 89' lang='lat' dir='ltr'><strong>bat.</strong></span> <span class='ocrx_word' id='word_1_173' title='bbox 2314 957 2333 986; x_wconf 82' lang='grc'>³</span> <span class='ocrx_word' id='word_1_174' title='bbox 2366 953 2482 1009; x_wconf 73' lang='lat' dir='ltr'><strong>Non</strong></span> <span class='ocrx_word' id='word_1_175' title='bbox 2527 954 2673 1010; x_wconf 90' lang='lat' dir='ltr'><strong>enim</strong></span> <span class='ocrx_word' id='word_1_176' title='bbox 2713 954 2823 1022; x_wconf 82' lang='lat' dir='ltr'><strong>jam</strong></span> <span class='ocrx_word' id='word_1_177' title='bbox 2857 962 3041 1008; x_wconf 87' lang='lat' dir='ltr'><strong>coacta</strong></span> <span class='ocrx_word' id='word_1_178' title='bbox 3089 951 3348 1016; x_wconf 87' lang='lat' dir='ltr'><strong>laudatio,</strong></span> <span class='ocrx_word' id='word_1_179' title='bbox 3393 962 3446 1008; x_wconf 91' lang='lat' dir='ltr'><strong>et</strong></span> <span class='ocrx_word' id='word_1_180' title='bbox 3491 970 3769 1021; x_wconf 70' lang='lat' dir='ltr'><strong>expressa:</strong></span> 
     </span>
    </p>
   </div>
   <div class='ocr_carea' id='block_1_25' title="bbox 2167 1043 3760 1118">
    <p class='ocr_par' dir='ltr' id='par_1_25' title="bbox 2167 1043 3760 1118">
     <span class='ocr_line' id='line_1_25' title="bbox 2167 1043 3760 1118; baseline 0 -15"><span class='ocrx_word' id='word_1_181' title='bbox 2167 1059 2314 1104; x_wconf 90' lang='lat' dir='ltr'><strong>metu</strong></span> <span class='ocrx_word' id='word_1_182' title='bbox 2370 1063 2528 1102; x_wconf 90' lang='lat' dir='ltr'><strong>voces</strong></span> <span class='ocrx_word' id='word_1_183' title='bbox 2577 1047 2873 1117; x_wconf 89' lang='lat' dir='ltr'><strong>periculum</strong></span> <span class='ocrx_word' id='word_1_184' title='bbox 2907 1043 2934 1082; x_wconf 68' lang='grc' dir='ltr'><strong>ιλ</strong></span> <span class='ocrx_word' id='word_1_185' title='bbox 2983 1046 3180 1100; x_wconf 80' lang='lat' dir='ltr'><strong>silentii</strong></span> <span class='ocrx_word' id='word_1_186' title='bbox 3213 1046 3498 1102; x_wconf 92' lang='lat' dir='ltr'><strong>redimunt.</strong></span> <span class='ocrx_word' id='word_1_187' title='bbox 3552 1049 3760 1118; x_wconf 87' lang='lat' dir='ltr'><strong>Fuerit,</strong></span> 
     </span>
    </p>
   </div>
   <div class='ocr_carea' id='block_1_26' title="bbox 2168 1140 3763 1212">
    <p class='ocr_par' dir='ltr' id='par_1_26' title="bbox 2168 1140 3763 1212">
     <span class='ocr_line' id='line_1_26' title="bbox 2168 1140 3763 1212; baseline 0.001 -15"><span class='ocrx_word' id='word_1_188' title='bbox 2168 1144 2467 1212; x_wconf 83' lang='lat' dir='ltr'><strong>abieritque</strong></span> <span class='ocrx_word' id='word_1_189' title='bbox 2500 1143 2667 1197; x_wconf 86' lang='lat' dir='ltr'><strong>tristis</strong></span> <span class='ocrx_word' id='word_1_190' title='bbox 2700 1141 2788 1196; x_wconf 91' lang='lat' dir='ltr'><strong>illa</strong></span> <span class='ocrx_word' id='word_1_191' title='bbox 2831 1141 2851 1172; x_wconf 86' lang='grc'><strong><em>⁸</em></strong></span> <span class='ocrx_word' id='word_1_192' title='bbox 2896 1140 3159 1196; x_wconf 64' lang='lat' dir='ltr'><strong>facundia:</strong></span> <span class='ocrx_word' id='word_1_193' title='bbox 3191 1142 3493 1196; x_wconf 91' lang='lat' dir='ltr'><strong>ancillautis</strong></span> <span class='ocrx_word' id='word_1_194' title='bbox 3521 1145 3763 1198; x_wconf 87' lang='lat' dir='ltr'><strong>necessi-</strong></span> 
     </span>
    </p>
   </div>
   <div class='ocr_carea' id='block_1_27' title="bbox 2171 1234 3761 1306">
    <p class='ocr_par' dir='ltr' id='par_1_27' title="bbox 2171 1234 3761 1306">
     <span class='ocr_line' id='line_1_27' title="bbox 2171 1234 3761 1306; baseline 0.001 -16"><span class='ocrx_word' id='word_1_195' title='bbox 2171 1246 2273 1302; x_wconf 88' lang='lat' dir='ltr'><strong>tas,</strong></span> <span class='ocrx_word' id='word_1_196' title='bbox 2314 1235 2326 1271; x_wconf 70' lang='grc' dir='ltr'><strong>ί</strong></span> <span class='ocrx_word' id='word_1_197' title='bbox 2361 1250 2481 1290; x_wconf 90' lang='lat' dir='ltr'><strong>cum</strong></span> <span class='ocrx_word' id='word_1_198' title='bbox 2510 1235 2530 1264; x_wconf 65' lang='lat'><strong>‘</strong></span> <span class='ocrx_word' id='word_1_199' title='bbox 2563 1245 2772 1290; x_wconf 85' lang='lat' dir='ltr'><strong>trucem</strong></span> <span class='ocrx_word' id='word_1_200' title='bbox 2798 1234 3074 1288; x_wconf 92' lang='lat' dir='ltr'><strong>dominum</strong></span> <span class='ocrx_word' id='word_1_201' title='bbox 3094 1247 3254 1288; x_wconf 89' lang='lat' dir='ltr'><strong>auras</strong></span> <span class='ocrx_word' id='word_1_202' title='bbox 3275 1248 3465 1288; x_wconf 90' lang='lat' dir='ltr'><strong>omnes</strong></span> <span class='ocrx_word' id='word_1_203' title='bbox 3483 1235 3761 1306; x_wconf 83' lang='lat' dir='ltr'><strong>plausuum</strong></span> 
     </span>
    </p>
   </div>
   <div class='ocr_carea' id='block_1_28' title="bbox 2169 1328 3768 1402">
    <p class='ocr_par' dir='ltr' id='par_1_28' title="bbox 2169 1328 3768 1402">
     <span class='ocr_line' id='line_1_28' title="bbox 2169 1328 3768 1402; baseline 0 -18"><span class='ocrx_word' id='word_1_204' title='bbox 2169 1332 2505 1402; x_wconf 92' lang='lat' dir='ltr'><strong>publicorum</strong></span> <span class='ocrx_word' id='word_1_205' title='bbox 2535 1338 2757 1383; x_wconf 88' lang='lat' dir='ltr'><strong>ventosa</strong></span> <span class='ocrx_word' id='word_1_206' title='bbox 2800 1328 3162 1399; x_wconf 81' lang='lat' dir='ltr'><strong>pepulatitate</strong></span> <span class='ocrx_word' id='word_1_207' title='bbox 3189 1337 3492 1398; x_wconf 86' lang='lat' dir='ltr'><strong>captantem</strong></span> <span class='ocrx_word' id='word_1_208' title='bbox 3541 1328 3768 1384; x_wconf 81' lang='lat' dir='ltr'><strong>mendax</strong></span> 
     </span>
    </p>
   </div>
   <div class='ocr_carea' id='block_1_29' title="bbox 2170 1421 3774 1492">
    <p class='ocr_par' dir='ltr' id='par_1_29' title="bbox 2170 1421 3774 1492">
     <span class='ocr_line' id='line_1_29' title="bbox 2170 1421 3774 1492; baseline 0.001 -16"><span class='ocrx_word' id='word_1_209' title='bbox 2170 1424 2466 1478; x_wconf 87' lang='lat' dir='ltr'><strong>assentatio</strong></span> <span class='ocrx_word' id='word_1_210' title='bbox 2496 1422 2769 1487; x_wconf 85' lang='lat' dir='ltr'><strong>titillabat,</strong></span> <span class='ocrx_word' id='word_1_211' title='bbox 2800 1437 2921 1476; x_wconf 91' lang='lat' dir='ltr'><strong>cum</strong></span> <span class='ocrx_word' id='word_1_212' title='bbox 2953 1423 3151 1492; x_wconf 82' lang='lat' dir='ltr'><strong>gratias</strong></span> <span class='ocrx_word' id='word_1_213' title='bbox 3174 1422 3398 1491; x_wconf 82' lang='lat' dir='ltr'><strong>agebant</strong></span> <span class='ocrx_word' id='word_1_214' title='bbox 3425 1421 3695 1489; x_wconf 88' lang='lat' dir='ltr'><strong>dolentes,</strong></span> <span class='ocrx_word' id='word_1_215' title='bbox 3718 1431 3774 1478; x_wconf 78' lang='lat' dir='ltr'><strong>et.</strong></span> 
     </span>
    </p>
   </div>
   <div class='ocr_carea' id='block_1_30' title="bbox 2174 1513 3776 1588">
    <p class='ocr_par' dir='ltr' id='par_1_30' title="bbox 2174 1513 3776 1588">
     <span class='ocr_line' id='line_1_30' title="bbox 2174 1513 3776 1588; baseline -0.002 -17"><span class='ocrx_word' id='word_1_216' title='bbox 2174 1525 2458 1588; x_wconf 85' lang='lat' dir='ltr'><strong>tyranuum</strong></span> <span class='ocrx_word' id='word_1_217' title='bbox 2491 1530 2594 1570; x_wconf 90' lang='lat' dir='ltr'><strong>non</strong></span> <span class='ocrx_word' id='word_1_218' title='bbox 2631 1515 2956 1585; x_wconf 80' lang='lat' dir='ltr'><strong>pra-dicasse</strong></span> <span class='ocrx_word' id='word_1_219' title='bbox 2981 1513 3282 1586; x_wconf 64' lang='lat' dir='ltr'><strong>tyrannidis</strong></span> <span class='ocrx_word' id='word_1_220' title='bbox 3314 1514 3584 1568; x_wconf 89' lang='lat' dir='ltr'><strong>accusatio</strong></span> <span class='ocrx_word' id='word_1_221' title='bbox 3616 1531 3776 1569; x_wconf 87' lang='lat' dir='ltr'><strong>voca-</strong></span> 
     </span>
    </p>
   </div>
   <div class='ocr_carea' id='block_1_31' title="bbox 2170 1606 3773 1678">
    <p class='ocr_par' dir='ltr' id='par_1_31' title="bbox 2170 1606 3773 1678">
     <span class='ocr_line' id='line_1_31' title="bbox 2170 1606 3773 1678; baseline -0.001 -13"><span class='ocrx_word' id='word_1_222' title='bbox 2170 1609 2348 1665; x_wconf 87' lang='lat' dir='ltr'><strong>batur.</strong></span> <span class='ocrx_word' id='word_1_223' title='bbox 2383 1607 2533 1664; x_wconf 81' lang='lat' dir='ltr'><strong>Nunc</strong></span> <span class='ocrx_word' id='word_1_224' title='bbox 2566 1623 2661 1678; x_wconf 90' lang='lat' dir='ltr'><strong>par</strong></span> <span class='ocrx_word' id='word_1_225' title='bbox 2681 1607 2894 1662; x_wconf 90' lang='lat' dir='ltr'><strong>dicendi</strong></span> <span class='ocrx_word' id='word_1_226' title='bbox 2924 1606 3242 1677; x_wconf 83' lang='lat' dir='ltr'><strong>tacendique</strong></span> <span class='ocrx_word' id='word_1_227' title='bbox 3266 1607 3508 1672; x_wconf 86' lang='lat' dir='ltr'><strong>libertas;</strong></span> <span class='ocrx_word' id='word_1_228' title='bbox 3538 1619 3591 1662; x_wconf 91' lang='lat' dir='ltr'><strong>et</strong></span> <span class='ocrx_word' id='word_1_229' title='bbox 3613 1624 3773 1678; x_wconf 88' lang='lat' dir='ltr'><strong>quam</strong></span> 
     </span>
    </p>
   </div>
   <div class='ocr_carea' id='block_1_32' title="bbox 2175 1700 3774 1772">
    <p class='ocr_par' dir='ltr' id='par_1_32' title="bbox 2175 1700 3774 1772">
     <span class='ocr_line' id='line_1_32' title="bbox 2175 1700 3774 1772; baseline 0.003 -18"><span class='ocrx_word' id='word_1_230' title='bbox 2175 1714 2481 1772; x_wconf 91' lang='lat' dir='ltr'><strong>promptum</strong></span> <span class='ocrx_word' id='word_1_231' title='bbox 2509 1700 2729 1756; x_wconf 87' lang='lat' dir='ltr'><strong>laudare</strong></span> <span class='ocrx_word' id='word_1_232' title='bbox 2760 1701 3081 1771; x_wconf 87' lang='lat' dir='ltr'><strong>principem,</strong></span> <span class='ocrx_word' id='word_1_233' title='bbox 3115 1711 3221 1754; x_wconf 90' lang='lat' dir='ltr'><strong>tam</strong></span> <span class='ocrx_word' id='word_1_234' title='bbox 3258 1711 3430 1755; x_wconf 93' lang='lat' dir='ltr'><strong>tutum</strong></span> <span class='ocrx_word' id='word_1_235' title='bbox 3461 1701 3677 1756; x_wconf 84' lang='lat' dir='ltr'><strong>siluisse</strong></span> <span class='ocrx_word' id='word_1_236' title='bbox 3709 1703 3774 1759; x_wconf 89' lang='lat' dir='ltr'><strong>de</strong></span> 
     </span>
    </p>
   </div>
   <div class='ocr_carea' id='block_1_33' title="bbox 466 1791 3776 1866">
    <p class='ocr_par' dir='ltr' id='par_1_33' title="bbox 466 1791 3776 1866">
     <span class='ocr_line' id='line_1_33' title="bbox 466 1791 3776 1866; baseline -0.001 -16"><span class='ocrx_word' id='word_1_237' title='bbox 466 1796 660 1850; x_wconf 89' lang='lat' dir='ltr'><strong>rivatio</strong></span> <span class='ocrx_word' id='word_1_238' title='bbox 682 1810 802 1851; x_wconf 90' lang='lat' dir='ltr'><strong>sera</strong></span> <span class='ocrx_word' id='word_1_239' title='bbox 827 1795 1083 1850; x_wconf 79' lang='lat' dir='ltr'><strong>traduxit.</strong></span> <span class='ocrx_word' id='word_1_240' title='bbox 1105 1805 1125 1833; x_wconf 78' lang='grc' dir='ltr'>ε</span> <span class='ocrx_word' id='word_1_241' title='bbox 1152 1795 1356 1862; x_wconf 87' lang='lat' dir='ltr'><strong>Quibus</strong></span> <span class='ocrx_word' id='word_1_242' title='bbox 1383 1794 1632 1865; x_wconf 82' lang='lat' dir='ltr'><strong>equidem</strong></span> <span class='ocrx_word' id='word_1_243' title='bbox 1665 1795 1910 1866; x_wconf 80' lang='lat' dir='ltr'><strong>cogitatis</strong></span> <span class='ocrx_word' id='word_1_244' title='bbox 1931 1795 2068 1851; x_wconf 89' lang='lat' dir='ltr'><strong>adeo</strong></span> <span class='ocrx_word' id='word_1_245' title='bbox 2099 1796 2144 1855; x_wconf 92' lang='lat' dir='ltr'><strong>B</strong></span> <span class='ocrx_word' id='word_1_246' title='bbox 2175 1795 2436 1866; x_wconf 86' lang='lat' dir='ltr'><strong>principe.</strong></span> <span class='ocrx_word' id='word_1_247' title='bbox 2471 1793 2625 1848; x_wconf 84' lang='lat' dir='ltr'><strong>Libet</strong></span> <span class='ocrx_word' id='word_1_248' title='bbox 2667 1793 2826 1862; x_wconf 79' lang='lat' dir='ltr'><strong>igitur</strong></span> <span class='ocrx_word' id='word_1_249' title='bbox 2859 1793 3124 1847; x_wconf 89' lang='lat' dir='ltr'><strong>redditam</strong></span> <span class='ocrx_word' id='word_1_250' title='bbox 3157 1791 3488 1862; x_wconf 84' lang='lat' dir='ltr'><strong>postliminio</strong></span> <span class='ocrx_word' id='word_1_251' title='bbox 3518 1794 3776 1848; x_wconf 86' lang='lat' dir='ltr'><strong>securita-</strong></span> 
     </span>
    </p>
   </div>
   <div class='ocr_carea' id='block_1_34' title="bbox 463 1887 2072 1954">
    <p class='ocr_par' dir='ltr' id='par_1_34' title="bbox 463 1887 2072 1954">
     <span class='ocr_line' id='line_1_34' title="bbox 463 1887 2072 1954; baseline -0.001 -10"><span class='ocrx_word' id='word_1_252' title='bbox 463 1888 754 1954; x_wconf 88' lang='lat' dir='ltr'><strong>sollicitor,</strong></span> <span class='ocrx_word' id='word_1_253' title='bbox 775 1898 832 1942; x_wconf 93' lang='lat' dir='ltr'><strong>ut</strong></span> <span class='ocrx_word' id='word_1_254' title='bbox 862 1905 967 1943; x_wconf 91' lang='lat' dir='ltr'><strong>non</strong></span> <span class='ocrx_word' id='word_1_255' title='bbox 994 1903 1089 1943; x_wconf 91' lang='lat' dir='ltr'><strong>eos</strong></span> <span class='ocrx_word' id='word_1_256' title='bbox 1119 1897 1322 1943; x_wconf 91' lang='lat' dir='ltr'><strong>tantum</strong></span> <span class='ocrx_word' id='word_1_257' title='bbox 1357 1887 1518 1943; x_wconf 86' lang='lat' dir='ltr'><strong>hodie</strong></span> <span class='ocrx_word' id='word_1_258' title='bbox 1545 1887 1780 1943; x_wconf 89' lang='lat' dir='ltr'><strong>arbitrer</strong></span> <span class='ocrx_word' id='word_1_259' title='bbox 1811 1889 2072 1944; x_wconf 88' lang='lat' dir='ltr'><strong>interesse</strong></span> 
     </span>
    </p>
   </div>
   <div class='ocr_carea' id='block_1_35' title="bbox 463 1980 2071 2052">
    <p class='ocr_par' dir='ltr' id='par_1_35' title="bbox 463 1980 2071 2052">
     <span class='ocr_line' id='line_1_35' title="bbox 463 1980 2071 2052; baseline 0.002 -19"><span class='ocrx_word' id='word_1_260' title='bbox 463 1994 600 2052; x_wconf 90' lang='lat' dir='ltr'><strong>quos</strong></span> <span class='ocrx_word' id='word_1_261' title='bbox 627 1995 818 2044; x_wconf 88' lang='lat' dir='ltr'><strong>cerno,</strong></span> <span class='ocrx_word' id='word_1_262' title='bbox 845 1980 938 2035; x_wconf 91' lang='lat' dir='ltr'><strong>sed</strong></span> <span class='ocrx_word' id='word_1_263' title='bbox 963 1982 1221 2037; x_wconf 89' lang='lat' dir='ltr'><strong>assistere</strong></span> <span class='ocrx_word' id='word_1_264' title='bbox 1249 1981 1637 2052; x_wconf 90' lang='lat' dir='ltr'><strong>obversarique</strong></span> <span class='ocrx_word' id='word_1_265' title='bbox 1670 1981 1879 2037; x_wconf 89' lang='lat' dir='ltr'><strong>dicturo</strong></span> <span class='ocrx_word' id='word_1_266' title='bbox 1906 1981 2071 2037; x_wconf 88' lang='lat' dir='ltr'><strong>Cato-</strong></span> 
     </span>
    </p>
   </div>
   <div class='ocr_carea' id='block_1_36' title="bbox 469 2073 2073 2145">
    <p class='ocr_par' dir='ltr' id='par_1_36' title="bbox 469 2073 2073 2145">
     <span class='ocr_line' id='line_1_36' title="bbox 469 2073 2073 2145; baseline -0.001 -16"><span class='ocrx_word' id='word_1_267' title='bbox 469 2088 566 2129; x_wconf 90' lang='lat' dir='ltr'><strong>nes</strong></span> <span class='ocrx_word' id='word_1_268' title='bbox 617 2073 785 2144; x_wconf 87' lang='lat' dir='ltr'><strong>ipsos,</strong></span> <span class='ocrx_word' id='word_1_269' title='bbox 819 2082 872 2128; x_wconf 92' lang='lat' dir='ltr'><strong>et</strong></span> <span class='ocrx_word' id='word_1_270' title='bbox 896 2073 1123 2138; x_wconf 86' lang='lat' dir='ltr'><strong>Tullios,</strong></span> <span class='ocrx_word' id='word_1_271' title='bbox 1158 2083 1213 2126; x_wconf 91' lang='lat' dir='ltr'><strong>et</strong></span> <span class='ocrx_word' id='word_1_272' title='bbox 1237 2073 1578 2140; x_wconf 86' lang='lat' dir='ltr'><strong>Hortensios,</strong></span> <span class='ocrx_word' id='word_1_273' title='bbox 1610 2089 1904 2145; x_wconf 90' lang='lat' dir='ltr'><strong>omnesque</strong></span> <span class='ocrx_word' id='word_1_274' title='bbox 1953 2074 2073 2128; x_wconf 93' lang='lat' dir='ltr'><strong>illos</strong></span> 
     </span>
    </p>
   </div>
   <div class='ocr_carea' id='block_1_37' title="bbox 464 2166 2068 2236">
    <p class='ocr_par' dir='ltr' id='par_1_37' title="bbox 464 2166 2068 2236">
     <span class='ocr_line' id='line_1_37' title="bbox 464 2166 2068 2236; baseline 0.001 -16"><span class='ocrx_word' id='word_1_275' title='bbox 464 2173 708 2220; x_wconf 76' lang='lat' dir='ltr'><strong>oratores</strong></span> <span class='ocrx_word' id='word_1_276' title='bbox 735 2175 949 2234; x_wconf 91' lang='lat' dir='ltr'><strong>putem,</strong></span> <span class='ocrx_word' id='word_1_277' title='bbox 981 2166 1070 2236; x_wconf 89' lang='lat' dir='ltr'><strong>qui</strong></span> <span class='ocrx_word' id='word_1_278' title='bbox 1123 2180 1209 2220; x_wconf 92' lang='lat' dir='ltr'><strong>me</strong></span> <span class='ocrx_word' id='word_1_279' title='bbox 1237 2166 1259 2197; x_wconf 84' lang='grc'>⁸</span> <span class='ocrx_word' id='word_1_280' title='bbox 1288 2166 1340 2220; x_wconf 94' lang='lat' dir='ltr'><strong>in</strong></span> <span class='ocrx_word' id='word_1_281' title='bbox 1376 2167 1607 2235; x_wconf 89' lang='lat' dir='ltr'><strong>posteris</strong></span> <span class='ocrx_word' id='word_1_282' title='bbox 1658 2168 1772 2222; x_wconf 93' lang='lat' dir='ltr'><strong>suis</strong></span> <span class='ocrx_word' id='word_1_283' title='bbox 1823 2166 2068 2222; x_wconf 91' lang='lat' dir='ltr'><strong>audiunt.</strong></span> 
     </span>
    </p>
   </div>
   <div class='ocr_carea' id='block_1_38' title="bbox 465 2257 2070 2330">
    <p class='ocr_par' dir='ltr' id='par_1_38' title="bbox 465 2257 2070 2330">
     <span class='ocr_line' id='line_1_38' title="bbox 465 2257 2070 2330; baseline 0.002 -18"><span class='ocrx_word' id='word_1_284' title='bbox 465 2258 540 2312; x_wconf 85' lang='lat' dir='ltr'><strong>Ita</strong></span> <span class='ocrx_word' id='word_1_285' title='bbox 579 2257 862 2325; x_wconf 87' lang='lat' dir='ltr'><strong>multiplici</strong></span> <span class='ocrx_word' id='word_1_286' title='bbox 901 2258 1308 2313; x_wconf 91' lang='lat' dir='ltr'><strong>circumventus</strong></span> <span class='ocrx_word' id='word_1_287' title='bbox 1341 2267 1509 2323; x_wconf 86' lang='lat' dir='ltr'><strong>metu,</strong></span> <span class='ocrx_word' id='word_1_288' title='bbox 1559 2260 1714 2330; x_wconf 89' lang='lat' dir='ltr'><strong>quasi</strong></span> <span class='ocrx_word' id='word_1_289' title='bbox 1748 2276 1936 2330; x_wconf 91' lang='lat' dir='ltr'><strong>parum</strong></span> <span class='ocrx_word' id='word_1_290' title='bbox 1976 2262 2070 2316; x_wconf 85' lang='lat' dir='ltr'><strong>ha-</strong></span> 
     </span>
    </p>
   </div>
   <div class='ocr_carea' id='block_1_39' title="bbox 465 2349 1886 2422">
    <p class='ocr_par' dir='ltr' id='par_1_39' title="bbox 465 2349 1886 2422">
     <span class='ocr_line' id='line_1_39' title="bbox 465 2349 1886 2422; baseline 0.004 -18"><span class='ocrx_word' id='word_1_291' title='bbox 465 2349 620 2404; x_wconf 90' lang='lat' dir='ltr'><strong>beam</strong></span> <span class='ocrx_word' id='word_1_292' title='bbox 646 2351 835 2404; x_wconf 90' lang='lat' dir='ltr'><strong>timere</strong></span> <span class='ocrx_word' id='word_1_293' title='bbox 861 2350 1002 2420; x_wconf 93' lang='lat' dir='ltr'><strong>quod</strong></span> <span class='ocrx_word' id='word_1_294' title='bbox 1029 2349 1206 2415; x_wconf 88' lang='lat' dir='ltr'><strong>video,</strong></span> <span class='ocrx_word' id='word_1_295' title='bbox 1240 2350 1261 2380; x_wconf 78' lang='grc'><strong><em>⁸</em></strong></span> <span class='ocrx_word' id='word_1_296' title='bbox 1289 2351 1443 2404; x_wconf 89' lang='lat' dir='ltr'><strong>video</strong></span> <span class='ocrx_word' id='word_1_297' title='bbox 1471 2351 1613 2422; x_wconf 92' lang='lat' dir='ltr'><strong>quod</strong></span> <span class='ocrx_word' id='word_1_298' title='bbox 1646 2353 1886 2409; x_wconf 90' lang='lat' dir='ltr'><strong>timeam.</strong></span> 
     </span>
    </p>
   </div>
   <div class='ocr_carea' id='block_1_40' title="bbox 539 2442 2067 2517">
    <p class='ocr_par' dir='ltr' id='par_1_40' title="bbox 539 2442 2067 2517">
     <span class='ocr_line' id='line_1_40' title="bbox 539 2442 2067 2517; baseline 0.005 -21"><span class='ocrx_word' id='word_1_299' title='bbox 539 2443 606 2497; x_wconf 88' lang='lat' dir='ltr'><strong>ll.</strong></span> <span class='ocrx_word' id='word_1_300' title='bbox 639 2442 776 2510; x_wconf 88' lang='lat' dir='ltr'><strong>Quid</strong></span> <span class='ocrx_word' id='word_1_301' title='bbox 807 2445 974 2514; x_wconf 83' lang='lat' dir='ltr'><strong>ergo?</strong></span> <span class='ocrx_word' id='word_1_302' title='bbox 1005 2460 1250 2501; x_wconf 88' lang='lat' dir='ltr'><strong>uovusne</strong></span> <span class='ocrx_word' id='word_1_303' title='bbox 1275 2461 1360 2500; x_wconf 91' lang='lat' dir='ltr'><strong>me</strong></span> <span class='ocrx_word' id='word_1_304' title='bbox 1379 2460 1548 2517; x_wconf 85' lang='lat' dir='ltr'><strong>pavor</strong></span> <span class='ocrx_word' id='word_1_305' title='bbox 1581 2457 1636 2502; x_wconf 93' lang='lat' dir='ltr'><strong>et</strong></span> <span class='ocrx_word' id='word_1_306' title='bbox 1663 2445 1689 2484; x_wconf 73' lang='grc' dir='ltr'>ἀ</span> <span class='ocrx_word' id='word_1_307' title='bbox 1711 2449 1929 2516; x_wconf 91' lang='lat' dir='ltr'><strong>inopina</strong></span> <span class='ocrx_word' id='word_1_308' title='bbox 1958 2458 2067 2505; x_wconf 89' lang='lat' dir='ltr'><strong>tre-</strong></span> 
     </span>
    </p>
   </div>
   <div class='ocr_carea' id='block_1_41' title="bbox 469 2534 2068 2612">
    <p class='ocr_par' dir='ltr' id='par_1_41' title="bbox 469 2534 2068 2612">
     <span class='ocr_line' id='line_1_41' title="bbox 469 2534 2068 2612; baseline 0.006 -24"><span class='ocrx_word' id='word_1_309' title='bbox 469 2534 677 2606; x_wconf 89' lang='lat' dir='ltr'><strong>pidatio</strong></span> <span class='ocrx_word' id='word_1_310' title='bbox 707 2535 760 2590; x_wconf 92' lang='lat' dir='ltr'><strong>in</strong></span> <span class='ocrx_word' id='word_1_311' title='bbox 802 2535 920 2606; x_wconf 90' lang='lat' dir='ltr'><strong>ipso</strong></span> <span class='ocrx_word' id='word_1_312' title='bbox 952 2537 1162 2593; x_wconf 87' lang='lat' dir='ltr'><strong>dicendi</strong></span> <span class='ocrx_word' id='word_1_313' title='bbox 1212 2547 1458 2608; x_wconf 91' lang='lat' dir='ltr'><strong>tempore</strong></span> <span class='ocrx_word' id='word_1_314' title='bbox 1505 2539 1895 2612; x_wconf 77' lang='lat' dir='ltr'><strong>deprehendit?</strong></span> <span class='ocrx_word' id='word_1_315' title='bbox 1943 2543 2068 2597; x_wconf 84' lang='lat' dir='ltr'><strong>Mihi</strong></span> 
     </span>
    </p>
   </div>
   <div class='ocr_carea' id='block_1_42' title="bbox 467 2627 2069 2702">
    <p class='ocr_par' dir='ltr' id='par_1_42' title="bbox 467 2627 2069 2702">
     <span class='ocr_line' id='line_1_42' title="bbox 467 2627 2069 2702; baseline 0.005 -22"><span class='ocrx_word' id='word_1_316' title='bbox 467 2641 600 2682; x_wconf 90' lang='lat' dir='ltr'><strong>vero</strong></span> <span class='ocrx_word' id='word_1_317' title='bbox 634 2627 666 2682; x_wconf 92' lang='lat' dir='ltr'><strong>ii</strong></span> <span class='ocrx_word' id='word_1_318' title='bbox 697 2642 886 2682; x_wconf 90' lang='lat' dir='ltr'><strong>omnes</strong></span> <span class='ocrx_word' id='word_1_319' title='bbox 931 2629 1127 2700; x_wconf 87' lang='lat' dir='ltr'><strong>quibus</strong></span> <span class='ocrx_word' id='word_1_320' title='bbox 1170 2641 1192 2666; x_wconf 78' lang='grc' dir='ltr'>ε</span> <span class='ocrx_word' id='word_1_321' title='bbox 1223 2631 1545 2686; x_wconf 87' lang='lat' dir='ltr'><strong>altrinsecus</strong></span> <span class='ocrx_word' id='word_1_322' title='bbox 1570 2632 1748 2702; x_wconf 79' lang='lat' dir='ltr'><strong>jactor</strong></span> <span class='ocrx_word' id='word_1_323' title='bbox 1787 2647 1951 2690; x_wconf 74' lang='lat' dir='ltr'><strong>:PSlUS</strong></span> <span class='ocrx_word' id='word_1_324' title='bbox 1979 2634 2069 2689; x_wconf 91' lang='lat' dir='ltr'><strong>diu</strong></span> 
     </span>
    </p>
   </div>
   <div class='ocr_carea' id='block_1_43' title="bbox 469 2720 2064 2794">
    <p class='ocr_par' dir='ltr' id='par_1_43' title="bbox 469 2720 2064 2794">
     <span class='ocr_line' id='line_1_43' title="bbox 469 2720 2064 2794; baseline 0.004 -20"><span class='ocrx_word' id='word_1_325' title='bbox 469 2729 594 2774; x_wconf 90' lang='lat' dir='ltr'><strong>ante</strong></span> <span class='ocrx_word' id='word_1_326' title='bbox 625 2720 888 2789; x_wconf 92' lang='lat' dir='ltr'><strong>meditati,</strong></span> <span class='ocrx_word' id='word_1_327' title='bbox 916 2721 1182 2793; x_wconf 64' lang='lat' dir='ltr'><strong>longi-que</strong></span> <span class='ocrx_word' id='word_1_328' title='bbox 1213 2726 1484 2794; x_wconf 78' lang='lat' dir='ltr'><strong>prospecti</strong></span> <span class='ocrx_word' id='word_1_329' title='bbox 1504 2735 1646 2781; x_wconf 92' lang='lat' dir='ltr'><strong>sunt.</strong></span> <span class='ocrx_word' id='word_1_330' title='bbox 1680 2726 1786 2782; x_wconf 89' lang='lat' dir='ltr'><strong>Sed</strong></span> <span class='ocrx_word' id='word_1_331' title='bbox 1818 2743 1938 2781; x_wconf 89' lang='lat' dir='ltr'><strong>cum</strong></span> <span class='ocrx_word' id='word_1_332' title='bbox 1971 2727 2064 2781; x_wconf 90' lang='lat' dir='ltr'><strong>ad-</strong></span> 
     </span>
    </p>
   </div>
   <div class='ocr_carea' id='block_1_44' title="bbox 469 2814 2070 2876">
    <p class='ocr_par' dir='ltr' id='par_1_44' title="bbox 469 2814 2070 2876">
     <span class='ocr_line' id='line_1_44' title="bbox 469 2814 2070 2876; baseline 0.006 -10"><span class='ocrx_word' id='word_1_333' title='bbox 469 2814 760 2868; x_wconf 88' lang='lat' dir='ltr'><strong>miratione</strong></span> <span class='ocrx_word' id='word_1_334' title='bbox 822 2815 1082 2869; x_wconf 89' lang='lat' dir='ltr'><strong>virtutum</strong></span> <span class='ocrx_word' id='word_1_335' title='bbox 1130 2826 1342 2870; x_wconf 92' lang='lat' dir='ltr'><strong>tuarum</strong></span> <span class='ocrx_word' id='word_1_336' title='bbox 1397 2817 1412 2847; x_wconf 85' lang='grc'>¹</span> <span class='ocrx_word' id='word_1_337' title='bbox 1457 2821 1526 2871; x_wconf 91' lang='lat' dir='ltr'><strong>ab</strong></span> <span class='ocrx_word' id='word_1_338' title='bbox 1558 2820 1747 2874; x_wconf 90' lang='lat' dir='ltr'><strong>ultimo</strong></span> <span class='ocrx_word' id='word_1_339' title='bbox 1775 2819 2070 2876; x_wconf 86' lang='lat' dir='ltr'><strong>Galliarum</strong></span> 
     </span>
    </p>
   </div>
   <div class='ocr_carea' id='block_1_45' title="bbox 471 2907 2068 2984">
    <p class='ocr_par' dir='ltr' id='par_1_45' title="bbox 471 2907 2068 2984">
     <span class='ocr_line' id='line_1_45' title="bbox 471 2907 2068 2984; baseline 0.005 -24"><span class='ocrx_word' id='word_1_340' title='bbox 471 2919 711 2968; x_wconf 79' lang='lat' dir='ltr'><strong>recessu,</strong></span> <span class='ocrx_word' id='word_1_341' title='bbox 744 2921 847 2974; x_wconf 92' lang='lat' dir='ltr'><strong>qua</strong></span> <span class='ocrx_word' id='word_1_342' title='bbox 879 2907 1027 2962; x_wconf 84' lang='lat' dir='ltr'><strong>littus</strong></span> <span class='ocrx_word' id='word_1_343' title='bbox 1059 2907 1258 2964; x_wconf 90' lang='lat' dir='ltr'><strong>Oceani</strong></span> <span class='ocrx_word' id='word_1_344' title='bbox 1285 2910 1566 2966; x_wconf 88' lang='lat' dir='ltr'><strong>cadentem</strong></span> <span class='ocrx_word' id='word_1_345' title='bbox 1599 2914 1803 2984; x_wconf 83' lang='lat' dir='ltr'><strong>excipit</strong></span> <span class='ocrx_word' id='word_1_346' title='bbox 1833 2915 2026 2980; x_wconf 89' lang='lat' dir='ltr'><strong>solem,</strong></span> <span class='ocrx_word' id='word_1_347' title='bbox 2050 2915 2068 2952; x_wconf 70' lang='grc' dir='ltr'><strong>ί</strong></span> 
     </span>
    </p>
   </div>
   <div class='ocr_carea' id='block_1_46' title="bbox 467 2998 2068 3075">
    <p class='ocr_par' dir='ltr' id='par_1_46' title="bbox 467 2998 2068 3075">
     <span class='ocr_line' id='line_1_46' title="bbox 467 2998 2068 3075; baseline 0.004 -21"><span class='ocrx_word' id='word_1_348' title='bbox 467 3005 525 3054; x_wconf 86' lang='lat' dir='ltr'><strong>et</strong></span> <span class='ocrx_word' id='word_1_349' title='bbox 567 2998 947 3055; x_wconf 75' lang='lat' dir='ltr'><strong>deficientibus</strong></span> <span class='ocrx_word' id='word_1_350' title='bbox 988 3003 1149 3056; x_wconf 89' lang='lat' dir='ltr'><strong>terris</strong></span> <span class='ocrx_word' id='word_1_351' title='bbox 1179 3005 1380 3060; x_wconf 86' lang='lat' dir='ltr'><strong>sociale</strong></span> <span class='ocrx_word' id='word_1_352' title='bbox 1423 3007 1679 3062; x_wconf 90' lang='lat' dir='ltr'><strong>miscetur</strong></span> <span class='ocrx_word' id='word_1_353' title='bbox 1718 3008 2068 3075; x_wconf 88' lang='lat' dir='ltr'><strong>elementum,</strong></span> 
     </span>
    </p>
   </div>
   <div class='ocr_carea' id='block_1_47' title="bbox 470 3093 2072 3171">
    <p class='ocr_par' dir='ltr' id='par_1_47' title="bbox 470 3093 2072 3171">
     <span class='ocr_line' id='line_1_47' title="bbox 470 3093 2072 3171; baseline 0.006 -24"><span class='ocrx_word' id='word_1_354' title='bbox 470 3093 536 3147; x_wconf 91' lang='lat' dir='ltr'><strong>ad</strong></span> <span class='ocrx_word' id='word_1_355' title='bbox 582 3095 943 3149; x_wconf 90' lang='lat' dir='ltr'><strong>contuendum</strong></span> <span class='ocrx_word' id='word_1_356' title='bbox 976 3106 1046 3162; x_wconf 92' lang='lat' dir='ltr'><strong>te,</strong></span> <span class='ocrx_word' id='word_1_357' title='bbox 1082 3097 1525 3167; x_wconf 83' lang='lat' dir='ltr'><strong>adoraudumque</strong></span> <span class='ocrx_word' id='word_1_358' title='bbox 1572 3117 1967 3171; x_wconf 82' lang='lat' dir='ltr'><strong>praperassem,</strong></span> <span class='ocrx_word' id='word_1_359' title='bbox 2015 3112 2072 3157; x_wconf 94' lang='lat' dir='ltr'><strong>ut</strong></span> 
     </span>
    </p>
   </div>
   <div class='ocr_carea' id='block_1_48' title="bbox 2177 1885 3771 1958">
    <p class='ocr_par' dir='ltr' id='par_1_48' title="bbox 2177 1885 3771 1958">
     <span class='ocr_line' id='line_1_48' title="bbox 2177 1885 3771 1958; baseline -0.001 -15"><span class='ocrx_word' id='word_1_360' title='bbox 2177 1898 2282 1943; x_wconf 88' lang='lat' dir='ltr'><strong>tem</strong></span> <span class='ocrx_word' id='word_1_361' title='bbox 2317 1887 2584 1958; x_wconf 87' lang='lat' dir='ltr'><strong>loquendo</strong></span> <span class='ocrx_word' id='word_1_362' title='bbox 2614 1885 2881 1955; x_wconf 84' lang='lat' dir='ltr'><strong>experiri:</strong></span> <span class='ocrx_word' id='word_1_363' title='bbox 2913 1885 3042 1940; x_wconf 88' lang='lat' dir='ltr'><strong>libet</strong></span> <span class='ocrx_word' id='word_1_364' title='bbox 3074 1886 3315 1954; x_wconf 86' lang='lat' dir='ltr'><strong>inquam,</strong></span> <span class='ocrx_word' id='word_1_365' title='bbox 3353 1886 3476 1955; x_wconf 90' lang='lat' dir='ltr'><strong>quia</strong></span> <span class='ocrx_word' id='word_1_366' title='bbox 3503 1889 3771 1942; x_wconf 90' lang='lat' dir='ltr'><strong>neminem</strong></span> 
     </span>
    </p>
   </div>
   <div class='ocr_carea' id='block_1_49' title="bbox 2176 1979 3778 2052">
    <p class='ocr_par' dir='ltr' id='par_1_49' title="bbox 2176 1979 3778 2052">
     <span class='ocr_line' id='line_1_49' title="bbox 2176 1979 3778 2052; baseline -0.001 -14"><span class='ocrx_word' id='word_1_367' title='bbox 2176 1983 2346 2052; x_wconf 84' lang='lat' dir='ltr'><strong>magis</strong></span> <span class='ocrx_word' id='word_1_368' title='bbox 2369 1980 2574 2036; x_wconf 92' lang='lat' dir='ltr'><strong>laudari</strong></span> <span class='ocrx_word' id='word_1_369' title='bbox 2595 1981 2975 2050; x_wconf 90' lang='lat' dir='ltr'><strong>imperatorem</strong></span> <span class='ocrx_word' id='word_1_370' title='bbox 2999 1979 3155 2036; x_wconf 90' lang='lat' dir='ltr'><strong>decet</strong></span> <span class='ocrx_word' id='word_1_371' title='bbox 3180 1981 3192 2030; x_wconf 78' lang='lat' dir='ltr'><strong>J&#39;</strong></span> <span class='ocrx_word' id='word_1_372' title='bbox 3227 1995 3386 2050; x_wconf 89' lang='lat' dir='ltr'><strong>quam</strong></span> <span class='ocrx_word' id='word_1_373' title='bbox 3410 1996 3570 2052; x_wconf 89' lang='lat' dir='ltr'><strong>quem</strong></span> <span class='ocrx_word' id='word_1_374' title='bbox 3599 1982 3778 2037; x_wconf 91' lang='lat' dir='ltr'><strong>minus</strong></span> 
     </span>
    </p>
   </div>
   <div class='ocr_carea' id='block_1_50' title="bbox 2177 2085 2534 2133">
    <p class='ocr_par' dir='ltr' id='par_1_50' title="bbox 2177 2085 2534 2133">
     <span class='ocr_line' id='line_1_50' title="bbox 2177 2085 2534 2133; baseline -0.011 0"><span class='ocrx_word' id='word_1_375' title='bbox 2177 2092 2403 2133; x_wconf 88' lang='lat' dir='ltr'><strong>necesse</strong></span> <span class='ocrx_word' id='word_1_376' title='bbox 2429 2085 2534 2131; x_wconf 90' lang='lat' dir='ltr'><strong>est.</strong></span> 
     </span>
    </p>
   </div>
   <div class='ocr_carea' id='block_1_51' title="bbox 2250 2166 3775 2238">
    <p class='ocr_par' dir='ltr' id='par_1_51' title="bbox 2250 2166 3775 2238">
     <span class='ocr_line' id='line_1_51' title="bbox 2250 2166 3775 2238; baseline -0.001 -14"><span class='ocrx_word' id='word_1_377' title='bbox 2250 2170 2336 2224; x_wconf 93' lang='lat' dir='ltr'><strong>lll.</strong></span> <span class='ocrx_word' id='word_1_378' title='bbox 2371 2169 2385 2199; x_wconf 75' lang='grc'>⁸</span> <span class='ocrx_word' id='word_1_379' title='bbox 2416 2170 2489 2223; x_wconf 91' lang='lat' dir='ltr'><strong>De</strong></span> <span class='ocrx_word' id='word_1_380' title='bbox 2521 2178 2574 2223; x_wconf 90' lang='lat' dir='ltr'><strong>te</strong></span> <span class='ocrx_word' id='word_1_381' title='bbox 2625 2168 2785 2238; x_wconf 84' lang='lat' dir='ltr'><strong>igitur</strong></span> <span class='ocrx_word' id='word_1_382' title='bbox 2818 2167 2949 2222; x_wconf 92' lang='lat' dir='ltr'><strong>mihi</strong></span> <span class='ocrx_word' id='word_1_383' title='bbox 2977 2167 3244 2221; x_wconf 90' lang='lat' dir='ltr'><strong>sermonis</strong></span> <span class='ocrx_word' id='word_1_384' title='bbox 3274 2167 3430 2236; x_wconf 84' lang='lat' dir='ltr'><strong>hujus</strong></span> <span class='ocrx_word' id='word_1_385' title='bbox 3479 2166 3775 2236; x_wconf 79' lang='lat' dir='ltr'><strong>auSpicium</strong></span> 
     </span>
    </p>
   </div>
   <div class='ocr_carea' id='block_1_52' title="bbox 2177 2258 3776 2329">
    <p class='ocr_par' dir='ltr' id='par_1_52' title="bbox 2177 2258 3776 2329">
     <span class='ocr_line' id='line_1_52' title="bbox 2177 2258 3776 2329; baseline -0.003 -13"><span class='ocrx_word' id='word_1_386' title='bbox 2177 2263 2280 2316; x_wconf 88' lang='lat' dir='ltr'><strong>crit</strong></span> <span class='ocrx_word' id='word_1_387' title='bbox 2302 2261 2390 2315; x_wconf 92' lang='lat' dir='ltr'><strong>ille</strong></span> <span class='ocrx_word' id='word_1_388' title='bbox 2427 2260 2696 2315; x_wconf 78' lang='lat' dir='ltr'><strong>felicitatis</strong></span> <span class='ocrx_word' id='word_1_389' title='bbox 2726 2259 2955 2329; x_wconf 75' lang='lat' dir='ltr'><strong>publica:</strong></span> <span class='ocrx_word' id='word_1_390' title='bbox 3011 2273 3212 2326; x_wconf 82' lang='lat' dir='ltr'><strong>auspex</strong></span> <span class='ocrx_word' id='word_1_391' title='bbox 3245 2260 3264 2288; x_wconf 83' lang='lat'><strong><em>‘</em></strong></span> <span class='ocrx_word' id='word_1_392' title='bbox 3291 2258 3428 2323; x_wconf 91' lang='lat' dir='ltr'><strong>dies,</strong></span> <span class='ocrx_word' id='word_1_393' title='bbox 3461 2259 3550 2328; x_wconf 94' lang='lat' dir='ltr'><strong>qui</strong></span> <span class='ocrx_word' id='word_1_394' title='bbox 3581 2268 3633 2311; x_wconf 90' lang='lat' dir='ltr'><strong>te</strong></span> <span class='ocrx_word' id='word_1_395' title='bbox 3665 2259 3776 2328; x_wconf 79' lang='lat' dir='ltr'><strong>pri-</strong></span> 
     </span>
    </p>
   </div>
   <div class='ocr_carea' id='block_1_53' title="bbox 2178 2351 3780 2424">
    <p class='ocr_par' dir='ltr' id='par_1_53' title="bbox 2178 2351 3780 2424">
     <span class='ocr_line' id='line_1_53' title="bbox 2178 2351 3780 2424; baseline 0 -16"><span class='ocrx_word' id='word_1_396' title='bbox 2178 2371 2296 2409; x_wconf 88' lang='lat' dir='ltr'><strong>mus</strong></span> <span class='ocrx_word' id='word_1_397' title='bbox 2322 2353 2665 2424; x_wconf 88' lang='lat' dir='ltr'><strong>iuauguravit</strong></span> <span class='ocrx_word' id='word_1_398' title='bbox 2695 2353 2943 2422; x_wconf 89' lang='lat' dir='ltr'><strong>imperio.</strong></span> <span class='ocrx_word' id='word_1_399' title='bbox 2985 2351 3118 2406; x_wconf 89' lang='lat' dir='ltr'><strong>Nam</strong></span> <span class='ocrx_word' id='word_1_400' title='bbox 3144 2360 3203 2405; x_wconf 93' lang='lat' dir='ltr'><strong>ut</strong></span> <span class='ocrx_word' id='word_1_401' title='bbox 3233 2351 3428 2406; x_wconf 83' lang='lat' dir='ltr'><strong>divinis</strong></span> <span class='ocrx_word' id='word_1_402' title='bbox 3463 2351 3625 2406; x_wconf 87' lang='lat' dir='ltr'><strong>rebus</strong></span> <span class='ocrx_word' id='word_1_403' title='bbox 3651 2367 3780 2420; x_wconf 56' lang='lat' dir='ltr'><strong>ope.</strong></span> 
     </span>
    </p>
   </div>
   <div class='ocr_carea' id='block_1_54' title="bbox 2178 2445 3777 2516">
    <p class='ocr_par' dir='ltr' id='par_1_54' title="bbox 2178 2445 3777 2516">
     <span class='ocr_line' id='line_1_54' title="bbox 2178 2445 3777 2516; baseline -0.003 -12"><span class='ocrx_word' id='word_1_404' title='bbox 2178 2449 2425 2504; x_wconf 89' lang='lat' dir='ltr'><strong>rantesin</strong></span> <span class='ocrx_word' id='word_1_405' title='bbox 2450 2462 2568 2502; x_wconf 91' lang='lat' dir='ltr'><strong>eam</strong></span> <span class='ocrx_word' id='word_1_406' title='bbox 2592 2448 2712 2501; x_wconf 68' lang='lat' dir='ltr'><strong>coeli</strong></span> <span class='ocrx_word' id='word_1_407' title='bbox 2762 2447 2966 2516; x_wconf 83' lang='lat' dir='ltr'><strong>plagam</strong></span> <span class='ocrx_word' id='word_1_408' title='bbox 2988 2446 3008 2475; x_wconf 88' lang='grc'>³</span> <span class='ocrx_word' id='word_1_409' title='bbox 3029 2461 3121 2500; x_wconf 90' lang='lat' dir='ltr'><strong>ora</strong></span> <span class='ocrx_word' id='word_1_410' title='bbox 3145 2445 3554 2500; x_wconf 91' lang='lat' dir='ltr'><strong>convertimusa</strong></span> <span class='ocrx_word' id='word_1_411' title='bbox 3573 2459 3678 2515; x_wconf 90' lang='lat' dir='ltr'><strong>qua</strong></span> <span class='ocrx_word' id='word_1_412' title='bbox 3694 2445 3777 2500; x_wconf 84' lang='lat' dir='ltr'><strong>lu-</strong></span> 
     </span>
    </p>
   </div>
   <div class='ocr_carea' id='block_1_55' title="bbox 2176 2539 3779 2609">
    <p class='ocr_par' dir='ltr' id='par_1_55' title="bbox 2176 2539 3779 2609">
     <span class='ocr_line' id='line_1_55' title="bbox 2176 2539 3779 2609; baseline -0.002 -12"><span class='ocrx_word' id='word_1_413' title='bbox 2176 2541 2543 2598; x_wconf 80' lang='lat' dir='ltr'><strong>ciscxordium</strong></span> <span class='ocrx_word' id='word_1_414' title='bbox 2557 2551 2632 2595; x_wconf 92' lang='lat' dir='ltr'><strong>cst</strong></span> <span class='ocrx_word' id='word_1_415' title='bbox 2646 2540 2742 2605; x_wconf 91' lang='lat' dir='ltr'><strong>,sic</strong></span> <span class='ocrx_word' id='word_1_416' title='bbox 2755 2555 2856 2609; x_wconf 90' lang='lat' dir='ltr'><strong>ego</strong></span> <span class='ocrx_word' id='word_1_417' title='bbox 2871 2549 2986 2592; x_wconf 86' lang='lat' dir='ltr'><strong>vota</strong></span> <span class='ocrx_word' id='word_1_418' title='bbox 3001 2539 3289 2594; x_wconf 83' lang='lat' dir='ltr'><strong>verborum</strong></span> <span class='ocrx_word' id='word_1_419' title='bbox 3302 2554 3421 2609; x_wconf 60' lang='lat' dir='ltr'><strong>quae</strong></span> <span class='ocrx_word' id='word_1_420' title='bbox 3433 2539 3559 2592; x_wconf 91' lang='lat' dir='ltr'><strong>olim</strong></span> <span class='ocrx_word' id='word_1_421' title='bbox 3577 2553 3779 2593; x_wconf 87' lang='lat' dir='ltr'><strong>nuncu-</strong></span> 
     </span>
    </p>
   </div>
   <div class='ocr_carea' id='block_1_56' title="bbox 2179 2632 3779 2705">
    <p class='ocr_par' dir='ltr' id='par_1_56' title="bbox 2179 2632 3779 2705">
     <span class='ocr_line' id='line_1_56' title="bbox 2179 2632 3779 2705; baseline -0.002 -16"><span class='ocrx_word' id='word_1_422' title='bbox 2179 2650 2429 2705; x_wconf 90' lang='lat' dir='ltr'><strong>paveram</strong></span> <span class='ocrx_word' id='word_1_423' title='bbox 2458 2635 2752 2696; x_wconf 87' lang='lat' dir='ltr'><strong>soluturus,</strong></span> <span class='ocrx_word' id='word_1_424' title='bbox 2779 2633 2831 2686; x_wconf 90' lang='lat' dir='ltr'><strong>id</strong></span> <span class='ocrx_word' id='word_1_425' title='bbox 2861 2633 3106 2686; x_wconf 83' lang='lat' dir='ltr'><strong>oratione</strong></span> <span class='ocrx_word' id='word_1_426' title='bbox 3129 2647 3247 2686; x_wconf 90' lang='lat' dir='ltr'><strong>mea</strong></span> <span class='ocrx_word' id='word_1_427' title='bbox 3290 2641 3501 2700; x_wconf 89' lang='lat' dir='ltr'><strong>tempus</strong></span> <span class='ocrx_word' id='word_1_428' title='bbox 3521 2632 3779 2701; x_wconf 83' lang='lat' dir='ltr'><strong>arripiam</strong></span> 
     </span>
    </p>
   </div>
   <div class='ocr_carea' id='block_1_57' title="bbox 2177 2722 3778 2797">
    <p class='ocr_par' dir='ltr' id='par_1_57' title="bbox 2177 2722 3778 2797">
     <span class='ocr_line' id='line_1_57' title="bbox 2177 2722 3778 2797; baseline -0.002 -16"><span class='ocrx_word' id='word_1_429' title='bbox 2177 2742 2285 2797; x_wconf 90' lang='lat' dir='ltr'><strong>quo</strong></span> <span class='ocrx_word' id='word_1_430' title='bbox 2313 2726 2551 2781; x_wconf 81' lang='lat' dir='ltr'><strong>Romana</strong></span> <span class='ocrx_word' id='word_1_431' title='bbox 2568 2726 2654 2779; x_wconf 83' lang='lat' dir='ltr'><strong>lux</strong></span> <span class='ocrx_word' id='word_1_432' title='bbox 2673 2725 2857 2793; x_wconf 69' lang='lat' dir='ltr'><strong>cmpit.</strong></span> <span class='ocrx_word' id='word_1_433' title='bbox 2876 2723 3098 2778; x_wconf 84' lang='lat' dir='ltr'><strong>Jacebat</strong></span> <span class='ocrx_word' id='word_1_434' title='bbox 3121 2722 3604 2777; x_wconf 90' lang='lat' dir='ltr'><strong>innumerabilibus</strong></span> <span class='ocrx_word' id='word_1_435' title='bbox 3624 2723 3778 2778; x_wconf 88' lang='lat' dir='ltr'><strong>malis</strong></span> 
     </span>
    </p>
   </div>
   <div class='ocr_carea' id='block_1_58' title="bbox 2175 2817 3780 2892">
    <p class='ocr_par' dir='ltr' id='par_1_58' title="bbox 2175 2817 3780 2892">
     <span class='ocr_line' id='line_1_58' title="bbox 2175 2817 3780 2892; baseline -0.004 -17"><span class='ocrx_word' id='word_1_436' title='bbox 2175 2822 2425 2892; x_wconf 40' lang='lat' dir='ltr'><strong>regnave!</strong></span> <span class='ocrx_word' id='word_1_437' title='bbox 2445 2820 2619 2889; x_wconf 76' lang='lat' dir='ltr'><strong>potius</strong></span> <span class='ocrx_word' id='word_1_438' title='bbox 2633 2819 2880 2884; x_wconf 83' lang='lat' dir='ltr'><strong>dixerim,</strong></span> <span class='ocrx_word' id='word_1_439' title='bbox 2897 2817 2916 2847; x_wconf 73' lang='grc'>⁸</span> <span class='ocrx_word' id='word_1_440' title='bbox 2930 2819 3229 2872; x_wconf 81' lang='lat' dir='ltr'><strong>exanimata</strong></span> <span class='ocrx_word' id='word_1_441' title='bbox 3246 2817 3569 2886; x_wconf 85' lang='lat' dir='ltr'><strong>respublica,</strong></span> <span class='ocrx_word' id='word_1_442' title='bbox 3590 2817 3780 2870; x_wconf 81' lang='lat' dir='ltr'><strong>barba-</strong></span> 
     </span>
    </p>
   </div>
   <div class='ocr_carea' id='block_1_59' title="bbox 2177 2911 3780 2981">
    <p class='ocr_par' dir='ltr' id='par_1_59' title="bbox 2177 2911 3780 2981">
     <span class='ocr_line' id='line_1_59' title="bbox 2177 2911 3780 2981; baseline -0.002 -13"><span class='ocrx_word' id='word_1_443' title='bbox 2177 2915 2249 2968; x_wconf 92' lang='lat' dir='ltr'><strong>ris</strong></span> <span class='ocrx_word' id='word_1_444' title='bbox 2267 2914 2571 2968; x_wconf 87' lang='lat' dir='ltr'><strong>nationibus</strong></span> <span class='ocrx_word' id='word_1_445' title='bbox 2584 2913 2826 2968; x_wconf 84' lang='lat' dir='ltr'><strong>Romanu</strong></span> <span class='ocrx_word' id='word_1_446' title='bbox 2844 2912 3047 2966; x_wconf 87' lang='lat' dir='ltr'><strong>nomini</strong></span> <span class='ocrx_word' id='word_1_447' title='bbox 3063 2912 3201 2967; x_wconf 81' lang='lat' dir='ltr'><strong>velut</strong></span> <span class='ocrx_word' id='word_1_448' title='bbox 3219 2911 3451 2981; x_wconf 73' lang='lat' dir='ltr'><strong>Quodam</strong></span> <span class='ocrx_word' id='word_1_449' title='bbox 3476 2911 3677 2965; x_wconf 87' lang='lat' dir='ltr'><strong>diluvio</strong></span> <span class='ocrx_word' id='word_1_450' title='bbox 3691 2925 3780 2965; x_wconf 85' lang='lat' dir='ltr'><strong>su-</strong></span> 
     </span>
    </p>
   </div>
   <div class='ocr_carea' id='block_1_60' title="bbox 2177 3004 3780 3086">
    <p class='ocr_par' dir='ltr' id='par_1_60' title="bbox 2177 3004 3780 3086">
     <span class='ocr_line' id='line_1_60' title="bbox 2177 3004 3780 3086; baseline -0.002 -22"><span class='ocrx_word' id='word_1_451' title='bbox 2177 3009 2425 3080; x_wconf 83' lang='lat' dir='ltr'><strong>perfusis.</strong></span> <span class='ocrx_word' id='word_1_452' title='bbox 2459 3010 2478 3039; x_wconf 82' lang='grc'>¹⁵</span> <span class='ocrx_word' id='word_1_453' title='bbox 2507 3007 2611 3064; x_wconf 88' lang='lat' dir='ltr'><strong>Sed</strong></span> <span class='ocrx_word' id='word_1_454' title='bbox 2640 3023 2853 3086; x_wconf 68' lang='lat' dir='ltr'><strong>parcam</strong></span> <span class='ocrx_word' id='word_1_455' title='bbox 2879 3007 3141 3076; x_wconf 88' lang='lat' dir='ltr'><strong>replicare</strong></span> <span class='ocrx_word' id='word_1_456' title='bbox 3166 3020 3379 3071; x_wconf 83' lang='lat' dir='ltr'><strong>causas,</strong></span> <span class='ocrx_word' id='word_1_457' title='bbox 3400 3018 3450 3060; x_wconf 92' lang='lat' dir='ltr'><strong>et</strong></span> <span class='ocrx_word' id='word_1_458' title='bbox 3471 3005 3490 3035; x_wconf 85' lang='grc'><strong><em>⁶</em></strong></span> <span class='ocrx_word' id='word_1_459' title='bbox 3515 3004 3780 3074; x_wconf 87' lang='lat' dir='ltr'><strong>placatum</strong></span> 
     </span>
    </p>
   </div>
   <div class='ocr_carea' id='block_1_61' title="bbox 2174 3098 3782 3172">
    <p class='ocr_par' dir='ltr' id='par_1_61' title="bbox 2174 3098 3782 3172">
     <span class='ocr_line' id='line_1_61' title="bbox 2174 3098 3782 3172; baseline -0.004 -16"><span class='ocrx_word' id='word_1_460' title='bbox 2174 3102 2368 3172; x_wconf 77' lang='lat' dir='ltr'><strong>vulgus</strong></span> <span class='ocrx_word' id='word_1_461' title='bbox 2397 3102 2694 3158; x_wconf 79' lang='lat' dir='ltr'><strong>olTendere.</strong></span> <span class='ocrx_word' id='word_1_462' title='bbox 2721 3100 2850 3155; x_wconf 90' lang='lat' dir='ltr'><strong>Nam</strong></span> <span class='ocrx_word' id='word_1_463' title='bbox 2879 3117 3001 3154; x_wconf 92' lang='lat' dir='ltr'><strong>cum</strong></span> <span class='ocrx_word' id='word_1_464' title='bbox 3033 3114 3128 3168; x_wconf 89' lang='lat' dir='ltr'><strong>per</strong></span> <span class='ocrx_word' id='word_1_465' title='bbox 3149 3113 3206 3153; x_wconf 89' lang='lat' dir='ltr'><strong>se</strong></span> <span class='ocrx_word' id='word_1_466' title='bbox 3232 3098 3397 3152; x_wconf 80' lang='lat' dir='ltr'><strong>vivax</strong></span> <span class='ocrx_word' id='word_1_467' title='bbox 3426 3099 3496 3153; x_wconf 93' lang='lat' dir='ltr'><strong>sit</strong></span> <span class='ocrx_word' id='word_1_468' title='bbox 3526 3098 3782 3153; x_wconf 87' lang='lat' dir='ltr'><strong>recorda-</strong></span> 
     </span>
    </p>
   </div>
   <div class='ocr_carea' id='block_1_62' title="bbox 470 3186 3780 3265">
    <p class='ocr_par' dir='ltr' id='par_1_62' title="bbox 470 3186 3780 3265">
     <span class='ocr_line' id='line_1_62' title="bbox 470 3186 3780 3265; baseline 0 -22"><span class='ocrx_word' id='word_1_469' title='bbox 470 3186 608 3243; x_wconf 89' lang='lat' dir='ltr'><strong>bona</strong></span> <span class='ocrx_word' id='word_1_470' title='bbox 632 3205 751 3259; x_wconf 75' lang='lat' dir='ltr'><strong>qua:</strong></span> <span class='ocrx_word' id='word_1_471' title='bbox 777 3189 998 3245; x_wconf 86' lang='lat' dir='ltr'><strong>auribus</strong></span> <span class='ocrx_word' id='word_1_472' title='bbox 1023 3204 1276 3261; x_wconf 88' lang='lat' dir='ltr'><strong>ceperam</strong></span> <span class='ocrx_word' id='word_1_473' title='bbox 1302 3193 1463 3246; x_wconf 90' lang='lat' dir='ltr'><strong>etiam</strong></span> <span class='ocrx_word' id='word_1_474' title='bbox 1489 3193 1604 3248; x_wconf 92' lang='lat' dir='ltr'><strong>visu</strong></span> <span class='ocrx_word' id='word_1_475' title='bbox 1637 3209 1952 3265; x_wconf 86' lang='lat' dir='ltr'><strong>usurparent</strong></span> <span class='ocrx_word' id='word_1_476' title='bbox 1976 3213 1988 3248; x_wconf 93' lang='lat'>:</span> <span class='ocrx_word' id='word_1_477' title='bbox 2008 3195 2075 3248; x_wconf 84' lang='lat' dir='ltr'><strong>ti-</strong></span> <span class='ocrx_word' id='word_1_478' title='bbox 2105 3187 2150 3250; x_wconf 86' lang='lat' dir='ltr'>C</span> <span class='ocrx_word' id='word_1_479' title='bbox 2184 3195 2256 3251; x_wconf 89' lang='lat' dir='ltr'><strong>tio</strong></span> <span class='ocrx_word' id='word_1_480' title='bbox 2284 3197 2674 3262; x_wconf 79' lang='lat' dir='ltr'><strong>Calamitatum,</strong></span> <span class='ocrx_word' id='word_1_481' title='bbox 2708 3205 2820 3251; x_wconf 88' lang='lat' dir='ltr'><strong>tum</strong></span> <span class='ocrx_word' id='word_1_482' title='bbox 2856 3191 2882 3230; x_wconf 79' lang='grc' dir='ltr'><strong>¹ί</strong></span> <span class='ocrx_word' id='word_1_483' title='bbox 2933 3191 3065 3248; x_wconf 84' lang='lat' dir='ltr'><strong>inihi</strong></span> <span class='ocrx_word' id='word_1_484' title='bbox 3093 3200 3268 3247; x_wconf 89' lang='lat' dir='ltr'><strong>metus</strong></span> <span class='ocrx_word' id='word_1_485' title='bbox 3299 3191 3436 3245; x_wconf 91' lang='lat' dir='ltr'><strong>hanc</strong></span> <span class='ocrx_word' id='word_1_486' title='bbox 3468 3192 3780 3261; x_wconf 87' lang='lat' dir='ltr'><strong>gaudiorum</strong></span> 
     </span>
    </p>
   </div>
   <div class='ocr_carea' id='block_1_63' title="bbox 1844 3333 2427 3392">
    <p class='ocr_par' dir='ltr' id='par_1_63' title="bbox 1844 3333 2427 3392">
     <span class='ocr_line' id='line_1_63' title="bbox 1844 3333 2427 3392; baseline 0 -4"><span class='ocrx_word' id='word_1_487' title='bbox 1844 3333 2427 3392; x_wconf 80' lang='lat' dir='ltr'><strong>INTERPRETATIO.</strong></span> 
     </span>
    </p>
   </div>
   <div class='ocr_carea' id='block_1_64' title="bbox 545 3443 2073 3519">
    <p class='ocr_par' dir='ltr' id='par_1_64' title="bbox 545 3443 2073 3519">
     <span class='ocr_line' id='line_1_64' title="bbox 545 3443 2073 3519; baseline 0.001 -19"><span class='ocrx_word' id='word_1_488' title='bbox 545 3455 571 3482; x_wconf 72' lang='grc' dir='ltr'><strong>ει</strong></span> <span class='ocrx_word' id='word_1_489' title='bbox 602 3443 758 3519; x_wconf 82' lang='lat' dir='ltr'><strong>Nune</strong></span> <span class='ocrx_word' id='word_1_490' title='bbox 785 3461 901 3498; x_wconf 84' lang='lat' dir='ltr'><strong>cum</strong></span> <span class='ocrx_word' id='word_1_491' title='bbox 929 3456 1115 3517; x_wconf 67' lang='lat' dir='ltr'><strong>praeter</strong></span> <span class='ocrx_word' id='word_1_492' title='bbox 1152 3447 1335 3500; x_wconf 81' lang='lat' dir='ltr'><strong>laudes</strong></span> <span class='ocrx_word' id='word_1_493' title='bbox 1382 3447 1567 3519; x_wconf 90' lang='lat' dir='ltr'><strong>quibus</strong></span> <span class='ocrx_word' id='word_1_494' title='bbox 1619 3448 1742 3502; x_wconf 88' lang='lat' dir='ltr'><strong>olim</strong></span> <span class='ocrx_word' id='word_1_495' title='bbox 1792 3447 2073 3502; x_wconf 87' lang='lat' dir='ltr'><strong>celebratus</strong></span> 
     </span>
    </p>
   </div>
   <div class='ocr_carea' id='block_1_65' title="bbox 470 3518 1420 3584">
    <p class='ocr_par' dir='ltr' id='par_1_65' title="bbox 470 3518 1420 3584">
     <span class='ocr_line' id='line_1_65' title="bbox 470 3518 1420 3584; baseline 0.003 -13"><span class='ocrx_word' id='word_1_496' title='bbox 470 3533 546 3581; x_wconf 85' lang='lat' dir='ltr'><strong>es,</strong></span> <span class='ocrx_word' id='word_1_497' title='bbox 573 3518 862 3571; x_wconf 71' lang='lat' dir='ltr'><strong>laudandus</strong></span> <span class='ocrx_word' id='word_1_498' title='bbox 884 3524 953 3572; x_wconf 84' lang='lat' dir='ltr'><strong>sis</strong></span> <span class='ocrx_word' id='word_1_499' title='bbox 980 3519 1034 3572; x_wconf 88' lang='lat' dir='ltr'><strong>in</strong></span> <span class='ocrx_word' id='word_1_500' title='bbox 1056 3536 1119 3572; x_wconf 88' lang='lat' dir='ltr'><strong>ea</strong></span> <span class='ocrx_word' id='word_1_501' title='bbox 1145 3519 1264 3572; x_wconf 84' lang='lat' dir='ltr'><strong>urbe</strong></span> <span class='ocrx_word' id='word_1_502' title='bbox 1280 3562 1294 3584; x_wconf 92' lang='lat'><strong>,</strong></span> <span class='ocrx_word' id='word_1_503' title='bbox 1314 3518 1420 3574; x_wconf 78' lang='lat' dir='ltr'><strong>etC.</strong></span> 
     </span>
    </p>
   </div>
   <div class='ocr_carea' id='block_1_66' title="bbox 543 3587 2072 3663">
    <p class='ocr_par' dir='ltr' id='par_1_66' title="bbox 543 3587 2072 3663">
     <span class='ocr_line' id='line_1_66' title="bbox 543 3587 2072 3663; baseline 0.003 -24"><span class='ocrx_word' id='word_1_504' title='bbox 543 3587 570 3626; x_wconf 68' lang='grc' dir='ltr'><strong>ιδ</strong></span> <span class='ocrx_word' id='word_1_505' title='bbox 603 3587 1078 3663; x_wconf 69' lang='lat' dir='ltr'><strong>Propterinnatam</strong></span> <span class='ocrx_word' id='word_1_506' title='bbox 1111 3600 1155 3642; x_wconf 89' lang='lat' dir='ltr'><strong>et</strong></span> <span class='ocrx_word' id='word_1_507' title='bbox 1172 3607 1323 3657; x_wconf 88' lang='lat' dir='ltr'><strong>quam</strong></span> <span class='ocrx_word' id='word_1_508' title='bbox 1354 3607 1385 3643; x_wconf 93' lang='lat' dir='ltr'><strong>a</strong></span> <span class='ocrx_word' id='word_1_509' title='bbox 1418 3591 1700 3663; x_wconf 73' lang='lat' dir='ltr'><strong>majoribus</strong></span> <span class='ocrx_word' id='word_1_510' title='bbox 1731 3607 1969 3663; x_wconf 86' lang='lat' dir='ltr'><strong>accepere</strong></span> <span class='ocrx_word' id='word_1_511' title='bbox 1995 3592 2072 3661; x_wconf 78' lang='lat' dir='ltr'><strong>fa-</strong></span> 
     </span>
    </p>
   </div>
   <div class='ocr_carea' id='block_1_67' title="bbox 474 3661 2072 3734">
    <p class='ocr_par' dir='ltr' id='par_1_67' title="bbox 474 3661 2072 3734">
     <span class='ocr_line' id='line_1_67' title="bbox 474 3661 2072 3734; baseline 0.002 -20"><span class='ocrx_word' id='word_1_512' title='bbox 474 3662 737 3734; x_wconf 79' lang='lat' dir='ltr'><strong>cundiam,</strong></span> <span class='ocrx_word' id='word_1_513' title='bbox 779 3661 1049 3734; x_wconf 79' lang='lat' dir='ltr'><strong>difﬁcilius</strong></span> <span class='ocrx_word' id='word_1_514' title='bbox 1068 3671 1145 3734; x_wconf 88' lang='lat' dir='ltr'><strong>est</strong></span> <span class='ocrx_word' id='word_1_515' title='bbox 1170 3673 1221 3713; x_wconf 91' lang='lat' dir='ltr'><strong>ut</strong></span> <span class='ocrx_word' id='word_1_516' title='bbox 1245 3664 1476 3731; x_wconf 84' lang='lat' dir='ltr'><strong>impolita</strong></span> <span class='ocrx_word' id='word_1_517' title='bbox 1496 3661 1549 3715; x_wconf 83' lang='lat' dir='ltr'><strong>et</strong></span> <span class='ocrx_word' id='word_1_518' title='bbox 1573 3661 1872 3734; x_wconf 77' lang='lat' dir='ltr'><strong>imperfecta</strong></span> <span class='ocrx_word' id='word_1_519' title='bbox 1895 3662 2072 3717; x_wconf 84' lang='lat' dir='ltr'><strong>homi-</strong></span> 
     </span>
    </p>
   </div>
   <div class='ocr_carea' id='block_1_68' title="bbox 479 3731 2073 3805">
    <p class='ocr_par' dir='ltr' id='par_1_68' title="bbox 479 3731 2073 3805">
     <span class='ocr_line' id='line_1_68' title="bbox 479 3731 2073 3805; baseline 0.003 -21"><span class='ocrx_word' id='word_1_520' title='bbox 479 3732 563 3805; x_wconf 83' lang='lat' dir='ltr'><strong>nis</strong></span> <span class='ocrx_word' id='word_1_521' title='bbox 592 3741 734 3805; x_wconf 89' lang='lat' dir='ltr'><strong>trans</strong></span> <span class='ocrx_word' id='word_1_522' title='bbox 777 3731 930 3805; x_wconf 65' lang='lat' dir='ltr'><strong>Alpes</strong></span> <span class='ocrx_word' id='word_1_523' title='bbox 967 3733 1075 3786; x_wconf 90' lang='lat' dir='ltr'><strong>nati</strong></span> <span class='ocrx_word' id='word_1_524' title='bbox 1103 3734 1268 3787; x_wconf 79' lang='lat' dir='ltr'><strong>oratio</strong></span> <span class='ocrx_word' id='word_1_525' title='bbox 1310 3751 1414 3788; x_wconf 86' lang='lat' dir='ltr'><strong>non</strong></span> <span class='ocrx_word' id='word_1_526' title='bbox 1452 3735 1605 3788; x_wconf 78' lang='lat' dir='ltr'><strong>twdio</strong></span> <span class='ocrx_word' id='word_1_527' title='bbox 1635 3731 1894 3805; x_wconf 78' lang='lat' dir='ltr'><strong>sit,atque</strong></span> <span class='ocrx_word' id='word_1_528' title='bbox 1945 3735 2073 3789; x_wconf 82' lang='lat' dir='ltr'><strong>adeo</strong></span> 
     </span>
    </p>
   </div>
   <div class='ocr_carea' id='block_1_69' title="bbox 474 3803 975 3858">
    <p class='ocr_par' dir='ltr' id='par_1_69' title="bbox 474 3803 975 3858">
     <span class='ocr_line' id='line_1_69' title="bbox 474 3803 975 3858; baseline 0.006 -3"><span class='ocrx_word' id='word_1_529' title='bbox 474 3803 690 3857; x_wconf 84' lang='lat' dir='ltr'><strong>horrida</strong></span> <span class='ocrx_word' id='word_1_530' title='bbox 714 3803 975 3858; x_wconf 78' lang='lat' dir='ltr'><strong>videatur.</strong></span> 
     </span>
    </p>
   </div>
   <div class='ocr_carea' id='block_1_70' title="bbox 551 3875 1674 3946">
    <p class='ocr_par' dir='ltr' id='par_1_70' title="bbox 551 3875 1674 3946">
     <span class='ocr_line' id='line_1_70' title="bbox 551 3875 1674 3946; baseline 0.004 -20"><span class='ocrx_word' id='word_1_531' title='bbox 551 3886 572 3946; x_wconf 66' lang='grc' dir='ltr'><strong>οξ</strong></span> <span class='ocrx_word' id='word_1_532' title='bbox 601 3875 752 3946; x_wconf 80' lang='lat' dir='ltr'><strong>Quod</strong></span> <span class='ocrx_word' id='word_1_533' title='bbox 777 3878 981 3946; x_wconf 69' lang='lat' dir='ltr'><strong>quidem</strong></span> <span class='ocrx_word' id='word_1_534' title='bbox 1007 3879 1078 3930; x_wconf 89' lang='lat' dir='ltr'><strong>ita</strong></span> <span class='ocrx_word' id='word_1_535' title='bbox 1105 3894 1182 3930; x_wconf 86' lang='lat' dir='ltr'><strong>me</strong></span> <span class='ocrx_word' id='word_1_536' title='bbox 1210 3878 1429 3946; x_wconf 81' lang='lat' dir='ltr'><strong>cruciat,</strong></span> <span class='ocrx_word' id='word_1_537' title='bbox 1461 3888 1538 3943; x_wconf 89' lang='lat' dir='ltr'><strong>ut,</strong></span> <span class='ocrx_word' id='word_1_538' title='bbox 1569 3887 1674 3932; x_wconf 88' lang='lat' dir='ltr'><strong>etc.</strong></span> 
     </span>
    </p>
   </div>
   <div class='ocr_carea' id='block_1_71' title="bbox 544 3942 1340 4011">
    <p class='ocr_par' dir='ltr' id='par_1_71' title="bbox 544 3942 1340 4011">
     <span class='ocr_line' id='line_1_71' title="bbox 544 3942 1340 4011; baseline 0.006 -14"><span class='ocrx_word' id='word_1_539' title='bbox 544 3942 569 3980; x_wconf 83' lang='grc' dir='ltr'><strong>ι¹</strong></span> <span class='ocrx_word' id='word_1_540' title='bbox 602 3942 913 4011; x_wconf 68' lang='lat' dir='ltr'><strong>Repentinus</strong></span> <span class='ocrx_word' id='word_1_541' title='bbox 941 3958 1101 4001; x_wconf 88' lang='lat' dir='ltr'><strong>metus</strong></span> <span class='ocrx_word' id='word_1_542' title='bbox 1131 3949 1340 4002; x_wconf 76' lang='lat' dir='ltr'><strong>invasit.</strong></span> 
     </span>
    </p>
   </div>
   <div class='ocr_carea' id='block_1_72' title="bbox 550 4015 1120 4088">
    <p class='ocr_par' dir='ltr' id='par_1_72' title="bbox 550 4015 1120 4088">
     <span class='ocr_line' id='line_1_72' title="bbox 550 4015 1120 4088; baseline 0.005 -19"><span class='ocrx_word' id='word_1_543' title='bbox 550 4027 572 4051; x_wconf 72' lang='grc' dir='ltr'>ε</span> <span class='ocrx_word' id='word_1_544' title='bbox 603 4015 833 4083; x_wconf 87' lang='lat' dir='ltr'><strong>Utraque</strong></span> <span class='ocrx_word' id='word_1_545' title='bbox 862 4035 925 4072; x_wconf 78' lang='lat' dir='ltr'><strong>ex</strong></span> <span class='ocrx_word' id='word_1_546' title='bbox 955 4030 1120 4088; x_wconf 89' lang='lat' dir='ltr'><strong>parte.</strong></span> 
     </span>
    </p>
   </div>
   <div class='ocr_carea' id='block_1_73' title="bbox 2257 3443 3778 3518">
    <p class='ocr_par' dir='ltr' id='par_1_73' title="bbox 2257 3443 3778 3518">
     <span class='ocr_line' id='line_1_73' title="bbox 2257 3443 3778 3518; baseline -0.004 -16"><span class='ocrx_word' id='word_1_547' title='bbox 2257 3448 2275 3486; x_wconf 72' lang='grc' dir='ltr'><strong>ί</strong></span> <span class='ocrx_word' id='word_1_548' title='bbox 2308 3447 2376 3503; x_wconf 86' lang='lat' dir='ltr'><strong>Et</strong></span> <span class='ocrx_word' id='word_1_549' title='bbox 2402 3450 2642 3504; x_wconf 74' lang='lat' dir='ltr'><strong>extremis</strong></span> <span class='ocrx_word' id='word_1_550' title='bbox 2669 3449 2817 3501; x_wconf 88' lang='lat' dir='ltr'><strong>terris</strong></span> <span class='ocrx_word' id='word_1_551' title='bbox 2844 3446 3065 3518; x_wconf 80' lang='lat' dir='ltr'><strong>cingitur</strong></span> <span class='ocrx_word' id='word_1_552' title='bbox 3094 3445 3350 3510; x_wconf 82' lang='lat' dir='ltr'><strong>Oceanus,</strong></span> <span class='ocrx_word' id='word_1_553' title='bbox 3390 3444 3459 3497; x_wconf 85' lang='lat' dir='ltr'><strong>ad</strong></span> <span class='ocrx_word' id='word_1_554' title='bbox 3516 3451 3561 3498; x_wconf 88' lang='lat' dir='ltr'><strong>te</strong></span> <span class='ocrx_word' id='word_1_555' title='bbox 3601 3443 3778 3497; x_wconf 82' lang='lat' dir='ltr'><strong>viden-</strong></span> 
     </span>
    </p>
   </div>
   <div class='ocr_carea' id='block_1_74' title="bbox 2179 3521 2459 3583">
    <p class='ocr_par' dir='ltr' id='par_1_74' title="bbox 2179 3521 2459 3583">
     <span class='ocr_line' id='line_1_74' title="bbox 2179 3521 2459 3583; baseline 0 -9"><span class='ocrx_word' id='word_1_556' title='bbox 2179 3521 2324 3583; x_wconf 86' lang='lat' dir='ltr'><strong>dum,</strong></span> <span class='ocrx_word' id='word_1_557' title='bbox 2351 3533 2459 3574; x_wconf 92' lang='lat' dir='ltr'><strong>etc.</strong></span> 
     </span>
    </p>
   </div>
   <div class='ocr_carea' id='block_1_75' title="bbox 2252 3586 3778 3659">
    <p class='ocr_par' dir='ltr' id='par_1_75' title="bbox 2252 3586 3778 3659">
     <span class='ocr_line' id='line_1_75' title="bbox 2252 3586 3778 3659; baseline -0.003 -13"><span class='ocrx_word' id='word_1_558' title='bbox 2252 3603 2276 3636; x_wconf 66' lang='grc' dir='ltr'><strong><em>κ</em></strong></span> <span class='ocrx_word' id='word_1_559' title='bbox 2304 3593 2396 3646; x_wconf 84' lang='lat' dir='ltr'><strong>Sic</strong></span> <span class='ocrx_word' id='word_1_560' title='bbox 2451 3593 2574 3645; x_wconf 87' lang='lat' dir='ltr'><strong>dum</strong></span> <span class='ocrx_word' id='word_1_561' title='bbox 2617 3591 2848 3659; x_wconf 82' lang='lat' dir='ltr'><strong>obsequii</strong></span> <span class='ocrx_word' id='word_1_562' title='bbox 2906 3591 3110 3644; x_wconf 87' lang='lat' dir='ltr'><strong>nomine</strong></span> <span class='ocrx_word' id='word_1_563' title='bbox 3155 3604 3342 3643; x_wconf 73' lang='lat' dir='ltr'><strong>excuso</strong></span> <span class='ocrx_word' id='word_1_564' title='bbox 3386 3586 3778 3658; x_wconf 88' lang='lat' dir='ltr'><strong>impudentiam.</strong></span> 
     </span>
    </p>
   </div>
   <div class='ocr_carea' id='block_1_76' title="bbox 2253 3661 2909 3732">
    <p class='ocr_par' dir='ltr' id='par_1_76' title="bbox 2253 3661 2909 3732">
     <span class='ocr_line' id='line_1_76' title="bbox 2253 3661 2909 3732; baseline -0.002 -17"><span class='ocrx_word' id='word_1_565' title='bbox 2253 3661 2279 3699; x_wconf 71' lang='grc' dir='ltr'><strong>ιι</strong></span> <span class='ocrx_word' id='word_1_566' title='bbox 2309 3665 2462 3732; x_wconf 86' lang='lat' dir='ltr'><strong>Quod</strong></span> <span class='ocrx_word' id='word_1_567' title='bbox 2496 3674 2577 3716; x_wconf 88' lang='lat' dir='ltr'><strong>est</strong></span> <span class='ocrx_word' id='word_1_568' title='bbox 2608 3666 2658 3716; x_wconf 92' lang='lat' dir='ltr'><strong>in</strong></span> <span class='ocrx_word' id='word_1_569' title='bbox 2684 3663 2909 3716; x_wconf 84' lang='lat' dir='ltr'><strong>silentio.</strong></span> 
     </span>
    </p>
   </div>
   <div class='ocr_carea' id='block_1_77' title="bbox 2259 3730 3782 3804">
    <p class='ocr_par' dir='ltr' id='par_1_77' title="bbox 2259 3730 3782 3804">
     <span class='ocr_line' id='line_1_77' title="bbox 2259 3730 3782 3804; baseline -0.005 -15"><span class='ocrx_word' id='word_1_570' title='bbox 2259 3733 2273 3771; x_wconf 79' lang='grc' dir='ltr'><strong>ί</strong></span> <span class='ocrx_word' id='word_1_571' title='bbox 2307 3730 2433 3789; x_wconf 85' lang='lat' dir='ltr'><strong>Cum</strong></span> <span class='ocrx_word' id='word_1_572' title='bbox 2463 3734 2682 3804; x_wconf 88' lang='lat' dir='ltr'><strong>improbi</strong></span> <span class='ocrx_word' id='word_1_573' title='bbox 2713 3743 3050 3786; x_wconf 69' lang='lat' dir='ltr'><strong>assentatores</strong></span> <span class='ocrx_word' id='word_1_574' title='bbox 3074 3732 3353 3804; x_wconf 82' lang='lat' dir='ltr'><strong>palpabunt</strong></span> <span class='ocrx_word' id='word_1_575' title='bbox 3377 3733 3596 3795; x_wconf 80' lang='lat' dir='ltr'><strong>ferocem</strong></span> <span class='ocrx_word' id='word_1_576' title='bbox 3624 3730 3782 3799; x_wconf 60' lang='lat' dir='ltr'><strong>impeo</strong></span> 
     </span>
    </p>
   </div>
   <div class='ocr_carea' id='block_1_78' title="bbox 2179 3803 3778 3878">
    <p class='ocr_par' dir='ltr' id='par_1_78' title="bbox 2179 3803 3778 3878">
     <span class='ocr_line' id='line_1_78' title="bbox 2179 3803 3778 3878; baseline -0.004 -18"><span class='ocrx_word' id='word_1_577' title='bbox 2179 3816 2402 3860; x_wconf 84' lang='lat' dir='ltr'><strong>ratorem</strong></span> <span class='ocrx_word' id='word_1_578' title='bbox 2434 3803 2665 3878; x_wconf 85' lang='lat' dir='ltr'><strong>publicos</strong></span> <span class='ocrx_word' id='word_1_579' title='bbox 2710 3807 2926 3878; x_wconf 78' lang='lat' dir='ltr'><strong>plausus</strong></span> <span class='ocrx_word' id='word_1_580' title='bbox 2950 3806 3092 3878; x_wconf 77' lang='lat' dir='ltr'><strong>inani</strong></span> <span class='ocrx_word' id='word_1_581' title='bbox 3121 3803 3397 3878; x_wconf 76' lang='lat' dir='ltr'><strong>ambitione</strong></span> <span class='ocrx_word' id='word_1_582' title='bbox 3417 3811 3778 3878; x_wconf 49' lang='lat' dir='ltr'><strong>aucupantfm.</strong></span> 
     </span>
    </p>
   </div>
   <div class='ocr_carea' id='block_1_79' title="bbox 2253 3870 3776 3944">
    <p class='ocr_par' dir='ltr' id='par_1_79' title="bbox 2253 3870 3776 3944">
     <span class='ocr_line' id='line_1_79' title="bbox 2253 3870 3776 3944; baseline -0.003 -16"><span class='ocrx_word' id='word_1_583' title='bbox 2253 3881 2266 3928; x_wconf 80' lang='lat' dir='ltr'><strong>l</strong></span> <span class='ocrx_word' id='word_1_584' title='bbox 2311 3870 2478 3944; x_wconf 77' lang='lat' dir='ltr'><strong>Quam</strong></span> <span class='ocrx_word' id='word_1_585' title='bbox 2511 3894 2622 3930; x_wconf 84' lang='lat' dir='ltr'><strong>eum</strong></span> <span class='ocrx_word' id='word_1_586' title='bbox 2640 3870 2784 3943; x_wconf 84' lang='lat' dir='ltr'><strong>quem</strong></span> <span class='ocrx_word' id='word_1_587' title='bbox 2803 3875 3053 3928; x_wconf 82' lang='lat' dir='ltr'><strong>laudandi</strong></span> <span class='ocrx_word' id='word_1_588' title='bbox 3087 3877 3355 3929; x_wconf 82' lang='lat' dir='ltr'><strong>necessitas</strong></span> <span class='ocrx_word' id='word_1_589' title='bbox 3385 3889 3484 3925; x_wconf 87' lang='lat' dir='ltr'><strong>non</strong></span> <span class='ocrx_word' id='word_1_590' title='bbox 3511 3870 3776 3924; x_wconf 83' lang='lat' dir='ltr'><strong>incumbit.</strong></span> 
     </span>
    </p>
   </div>
   <div class='ocr_carea' id='block_1_80' title="bbox 2251 3945 3778 4020">
    <p class='ocr_par' dir='ltr' id='par_1_80' title="bbox 2251 3945 3778 4020">
     <span class='ocr_line' id='line_1_80' title="bbox 2251 3945 3778 4020; baseline -0.001 -20"><span class='ocrx_word' id='word_1_591' title='bbox 2251 3947 2274 3985; x_wconf 71' lang='grc' dir='ltr'><strong>ιε</strong></span> <span class='ocrx_word' id='word_1_592' title='bbox 2322 3948 2506 4003; x_wconf 81' lang='lat' dir='ltr'><strong>Vereor</strong></span> <span class='ocrx_word' id='word_1_593' title='bbox 2535 3965 2597 4000; x_wconf 83' lang='lat' dir='ltr'><strong>ne.</strong></span> <span class='ocrx_word' id='word_1_594' title='bbox 2626 3948 2891 4015; x_wconf 76' lang='lat' dir='ltr'><strong>prwsentis</strong></span> <span class='ocrx_word' id='word_1_595' title='bbox 2919 3948 3073 4020; x_wconf 84' lang='lat' dir='ltr'><strong>hujus</strong></span> <span class='ocrx_word' id='word_1_596' title='bbox 3104 3945 3297 4002; x_wconf 71' lang='lat' dir='ltr'><strong>la’titia:</strong></span> <span class='ocrx_word' id='word_1_597' title='bbox 3343 3960 3546 3998; x_wconf 88' lang='lat' dir='ltr'><strong>sensum</strong></span> <span class='ocrx_word' id='word_1_598' title='bbox 3595 3958 3778 3998; x_wconf 87' lang='lat' dir='ltr'><strong>rerum</strong></span> 
     </span>
    </p>
   </div>
   <div class='ocr_carea' id='block_1_81' title="bbox 2181 4019 3062 4075">
    <p class='ocr_par' dir='ltr' id='par_1_81' title="bbox 2181 4019 3062 4075">
     <span class='ocr_line' id='line_1_81' title="bbox 2181 4019 3062 4075; baseline 0 -3"><span class='ocrx_word' id='word_1_599' title='bbox 2181 4021 2402 4074; x_wconf 85' lang='lat' dir='ltr'><strong>tristium</strong></span> <span class='ocrx_word' id='word_1_600' title='bbox 2429 4019 2786 4075; x_wconf 80' lang='lat' dir='ltr'><strong>recordatione</strong></span> <span class='ocrx_word' id='word_1_601' title='bbox 2814 4019 3062 4074; x_wconf 84' lang='lat' dir='ltr'><strong>minuam.</strong></span> 
     </span>
    </p>
   </div>
   <div class='ocr_carea' id='block_1_82' title="bbox 2012 4129 2242 4187">
    <p class='ocr_par' dir='ltr' id='par_1_82' title="bbox 2012 4129 2242 4187">
     <span class='ocr_line' id='line_1_82' title="bbox 2012 4129 2242 4187; baseline 0 -2"><span class='ocrx_word' id='word_1_602' title='bbox 2012 4129 2242 4187; x_wconf 63' lang='lat' dir='ltr'><strong>NOTAE.</strong></span> 
     </span>
    </p>
   </div>
   <div class='ocr_carea' id='block_1_83' title="bbox 544 4238 2072 4316">
    <p class='ocr_par' dir='ltr' id='par_1_83' title="bbox 544 4238 2072 4316">
     <span class='ocr_line' id='line_1_83' title="bbox 544 4238 2072 4316; baseline 0.005 -25"><span class='ocrx_word' id='word_1_603' title='bbox 544 4240 566 4270; x_wconf 78' lang='grc'><strong>⁸</strong></span> <span class='ocrx_word' id='word_1_604' title='bbox 595 4238 859 4316; x_wconf 50' lang='lat' dir='ltr'><strong>Armatus.</strong></span> <span class='ocrx_word' id='word_1_605' title='bbox 882 4238 1093 4316; x_wconf 60' lang='lat' dir='ltr'><strong>Nempe</strong></span> <span class='ocrx_word' id='word_1_606' title='bbox 1121 4241 1264 4316; x_wconf 81' lang='lat' dir='ltr'><strong>victo</strong></span> <span class='ocrx_word' id='word_1_607' title='bbox 1285 4283 1301 4304; x_wconf 95' lang='lat'><strong>,</strong></span> <span class='ocrx_word' id='word_1_608' title='bbox 1321 4256 1584 4316; x_wconf 61' lang='lat' dir='ltr'><strong>caesoque</strong></span> <span class='ocrx_word' id='word_1_609' title='bbox 1624 4241 1856 4316; x_wconf 71' lang='lat' dir='ltr'><strong>Maximo</strong></span> <span class='ocrx_word' id='word_1_610' title='bbox 1889 4253 2072 4316; x_wconf 86' lang='lat' dir='ltr'><strong>tyran-</strong></span> 
     </span>
    </p>
   </div>
   <div class='ocr_carea' id='block_1_84' title="bbox 476 4310 1775 4385">
    <p class='ocr_par' dir='ltr' id='par_1_84' title="bbox 476 4310 1775 4385">
     <span class='ocr_line' id='line_1_84' title="bbox 476 4310 1775 4385; baseline 0.002 -19"><span class='ocrx_word' id='word_1_611' title='bbox 476 4325 567 4385; x_wconf 61' lang='lat' dir='ltr'><strong>no.</strong></span> <span class='ocrx_word' id='word_1_612' title='bbox 603 4310 849 4385; x_wconf 80' lang='lat' dir='ltr'><strong>Togatus,</strong></span> <span class='ocrx_word' id='word_1_613' title='bbox 881 4312 931 4366; x_wconf 91' lang='lat' dir='ltr'><strong>id</strong></span> <span class='ocrx_word' id='word_1_614' title='bbox 961 4321 1065 4375; x_wconf 80' lang='lat' dir='ltr'><strong>est,</strong></span> <span class='ocrx_word' id='word_1_615' title='bbox 1100 4310 1519 4385; x_wconf 68' lang='lat' dir='ltr'><strong>sapientissimis</strong></span> <span class='ocrx_word' id='word_1_616' title='bbox 1548 4313 1775 4385; x_wconf 85' lang='lat' dir='ltr'><strong>legibus.</strong></span> 
     </span>
    </p>
   </div>
   <div class='ocr_carea' id='block_1_85' title="bbox 547 4383 1480 4447">
    <p class='ocr_par' dir='ltr' id='par_1_85' title="bbox 547 4383 1480 4447">
     <span class='ocr_line' id='line_1_85' title="bbox 547 4383 1480 4447; baseline 0.004 -11"><span class='ocrx_word' id='word_1_617' title='bbox 547 4383 568 4414; x_wconf 86' lang='grc'><strong><em>⁸</em></strong></span> <span class='ocrx_word' id='word_1_618' title='bbox 592 4383 774 4437; x_wconf 82' lang='lat' dir='ltr'><strong>Ambo.</strong></span> <span class='ocrx_word' id='word_1_619' title='bbox 810 4384 1002 4447; x_wconf 80' lang='lat' dir='ltr'><strong>Roma,</strong></span> <span class='ocrx_word' id='word_1_620' title='bbox 1035 4393 1089 4439; x_wconf 91' lang='lat' dir='ltr'><strong>et</strong></span> <span class='ocrx_word' id='word_1_621' title='bbox 1119 4384 1480 4440; x_wconf 86' lang='lat' dir='ltr'><strong>Theodosius.</strong></span> 
     </span>
    </p>
   </div>
   <div class='ocr_carea' id='block_1_86' title="bbox 548 4455 2080 4530">
    <p class='ocr_par' dir='ltr' id='par_1_86' title="bbox 548 4455 2080 4530">
     <span class='ocr_line' id='line_1_86' title="bbox 548 4455 2080 4530; baseline 0.005 -23"><span class='ocrx_word' id='word_1_622' title='bbox 548 4455 583 4530; x_wconf 16' lang='lat' dir='ltr'><strong>‘A</strong></span> <span class='ocrx_word' id='word_1_623' title='bbox 602 4457 764 4528; x_wconf 81' lang='lat' dir='ltr'><strong>Atque</strong></span> <span class='ocrx_word' id='word_1_624' title='bbox 783 4457 1132 4515; x_wconf 59' lang='lat' dir='ltr'><strong>hereditaria.</strong></span> <span class='ocrx_word' id='word_1_625' title='bbox 1168 4456 1224 4512; x_wconf 91' lang='lat' dir='ltr'><strong>lu</strong></span> <span class='ocrx_word' id='word_1_626' title='bbox 1253 4459 1374 4513; x_wconf 89' lang='lat' dir='ltr'><strong>aliis</strong></span> <span class='ocrx_word' id='word_1_627' title='bbox 1400 4468 1503 4524; x_wconf 91' lang='lat' dir='ltr'><strong>est,</strong></span> <span class='ocrx_word' id='word_1_628' title='bbox 1527 4469 1680 4530; x_wconf 88' lang='lat' dir='ltr'><strong>atque</strong></span> <span class='ocrx_word' id='word_1_629' title='bbox 1704 4460 1831 4514; x_wconf 83' lang='lat' dir='ltr'><strong>adeo</strong></span> <span class='ocrx_word' id='word_1_630' title='bbox 1862 4460 2080 4514; x_wconf 76' lang='lat' dir='ltr'><strong>[neredi-</strong></span> 
     </span>
    </p>
   </div>
   <div class='ocr_carea' id='block_1_87' title="bbox 483 4528 638 4581">
    <p class='ocr_par' dir='ltr' id='par_1_87' title="bbox 483 4528 638 4581">
     <span class='ocr_line' id='line_1_87' title="bbox 483 4528 638 4581; baseline -0.013 0"><span class='ocrx_word' id='word_1_631' title='bbox 483 4528 638 4581; x_wconf 86' lang='lat' dir='ltr'><strong>taria.</strong></span> 
     </span>
    </p>
   </div>
   <div class='ocr_carea' id='block_1_88' title="bbox 549 4597 2078 4672">
    <p class='ocr_par' dir='ltr' id='par_1_88' title="bbox 549 4597 2078 4672">
     <span class='ocr_line' id='line_1_88' title="bbox 549 4597 2078 4672; baseline 0.007 -22"><span class='ocrx_word' id='word_1_632' title='bbox 549 4599 581 4672; x_wconf 12' lang='grc' dir='ltr'><strong>δέ</strong></span> <span class='ocrx_word' id='word_1_633' title='bbox 603 4597 666 4651; x_wconf 91' lang='lat' dir='ltr'><strong>In</strong></span> <span class='ocrx_word' id='word_1_634' title='bbox 698 4602 914 4667; x_wconf 85' lang='lat' dir='ltr'><strong>posteris</strong></span> <span class='ocrx_word' id='word_1_635' title='bbox 942 4601 1070 4654; x_wconf 82' lang='lat' dir='ltr'><strong>suis.</strong></span> <span class='ocrx_word' id='word_1_636' title='bbox 1120 4600 1280 4667; x_wconf 85' lang='lat' dir='ltr'><strong>Quasi</strong></span> <span class='ocrx_word' id='word_1_637' title='bbox 1317 4601 1477 4656; x_wconf 88' lang='lat' dir='ltr'><strong>hodie</strong></span> <span class='ocrx_word' id='word_1_638' title='bbox 1505 4602 1556 4657; x_wconf 91' lang='lat' dir='ltr'><strong>in</strong></span> <span class='ocrx_word' id='word_1_639' title='bbox 1586 4603 1817 4672; x_wconf 83' lang='lat' dir='ltr'><strong>pOSIeris</strong></span> <span class='ocrx_word' id='word_1_640' title='bbox 1847 4605 1957 4658; x_wconf 87' lang='lat' dir='ltr'><strong>suis</strong></span> <span class='ocrx_word' id='word_1_641' title='bbox 1990 4621 2078 4660; x_wconf 89' lang='lat' dir='ltr'><strong>rc-</strong></span> 
     </span>
    </p>
   </div>
   <div class='ocr_carea' id='block_1_89' title="bbox 479 4669 1888 4728">
    <p class='ocr_par' dir='ltr' id='par_1_89' title="bbox 479 4669 1888 4728">
     <span class='ocr_line' id='line_1_89' title="bbox 479 4669 1888 4728; baseline 0.004 -6"><span class='ocrx_word' id='word_1_642' title='bbox 479 4669 808 4724; x_wconf 83' lang='lat' dir='ltr'><strong>vivisceutes</strong></span> <span class='ocrx_word' id='word_1_643' title='bbox 833 4673 961 4726; x_wconf 89' lang='lat' dir='ltr'><strong>huic</strong></span> <span class='ocrx_word' id='word_1_644' title='bbox 986 4687 1119 4727; x_wconf 68' lang='lat' dir='ltr'><strong>tueze</strong></span> <span class='ocrx_word' id='word_1_645' title='bbox 1142 4675 1377 4727; x_wconf 82' lang='lat' dir='ltr'><strong>orationi</strong></span> <span class='ocrx_word' id='word_1_646' title='bbox 1407 4669 1888 4728; x_wconf 27' lang='lat' dir='ltr'><strong>coram‘intersint.</strong></span> 
     </span>
    </p>
   </div>
   <div class='ocr_carea' id='block_1_90' title="bbox 550 4739 2074 4814">
    <p class='ocr_par' dir='ltr' id='par_1_90' title="bbox 550 4739 2074 4814">
     <span class='ocr_line' id='line_1_90' title="bbox 550 4739 2074 4814; baseline 0.008 -24"><span class='ocrx_word' id='word_1_647' title='bbox 550 4739 788 4814; x_wconf 62' lang='lat' dir='ltr'><strong>f_Video_</strong></span> <span class='ocrx_word' id='word_1_648' title='bbox 805 4745 929 4808; x_wconf 85' lang='lat' dir='ltr'><strong>quid</strong></span> <span class='ocrx_word' id='word_1_649' title='bbox 967 4745 1190 4797; x_wconf 89' lang='lat' dir='ltr'><strong>timeam.</strong></span> <span class='ocrx_word' id='word_1_650' title='bbox 1227 4745 1357 4798; x_wconf 88' lang='lat' dir='ltr'><strong>Illud</strong></span> <span class='ocrx_word' id='word_1_651' title='bbox 1403 4744 1573 4806; x_wconf 82' lang='lat' dir='ltr'><strong>video,</strong></span> <span class='ocrx_word' id='word_1_652' title='bbox 1633 4745 1774 4814; x_wconf 91' lang='lat' dir='ltr'><strong>quod</strong></span> <span class='ocrx_word' id='word_1_653' title='bbox 1820 4748 1973 4800; x_wconf 88' lang='lat' dir='ltr'><strong>abest</strong></span> <span class='ocrx_word' id='word_1_654' title='bbox 2023 4748 2074 4802; x_wconf 92' lang='lat' dir='ltr'><strong>in</strong></span> 
     </span>
    </p>
   </div>
   <div class='ocr_carea' id='block_1_91' title="bbox 479 4808 2078 4876">
    <p class='ocr_par' dir='ltr' id='par_1_91' title="bbox 479 4808 2078 4876">
     <span class='ocr_line' id='line_1_91' title="bbox 479 4808 2078 4876; baseline 0.006 -12"><span class='ocrx_word' id='word_1_655' title='bbox 479 4808 717 4864; x_wconf 86' lang='lat' dir='ltr'><strong>editione</strong></span> <span class='ocrx_word' id='word_1_656' title='bbox 765 4811 1025 4876; x_wconf 81' lang='lat' dir='ltr'><strong>Putcaua,</strong></span> <span class='ocrx_word' id='word_1_657' title='bbox 1077 4815 1382 4868; x_wconf 86' lang='lat' dir='ltr'><strong>addendum</strong></span> <span class='ocrx_word' id='word_1_658' title='bbox 1407 4815 1579 4869; x_wconf 85' lang='lat' dir='ltr'><strong>visunt</strong></span> <span class='ocrx_word' id='word_1_659' title='bbox 1611 4808 1693 4870; x_wconf 71' lang='lat' dir='ltr'><strong>est</strong></span> <span class='ocrx_word' id='word_1_660' title='bbox 1721 4831 1784 4870; x_wconf 80' lang='lat' dir='ltr'><strong>ex</strong></span> <span class='ocrx_word' id='word_1_661' title='bbox 1834 4815 2078 4873; x_wconf 88' lang='lat' dir='ltr'><strong>Livineio</strong></span> 
     </span>
    </p>
   </div>
   <div class='ocr_carea' id='block_1_92' title="bbox 479 4880 2078 4956">
    <p class='ocr_par' dir='ltr' id='par_1_92' title="bbox 479 4880 2078 4956">
     <span class='ocr_line' id='line_1_92' title="bbox 479 4880 2078 4956; baseline 0.008 -24"><span class='ocrx_word' id='word_1_662' title='bbox 479 4892 532 4956; x_wconf 82' lang='lat' dir='ltr'><strong>et</strong></span> <span class='ocrx_word' id='word_1_663' title='bbox 557 4880 837 4956; x_wconf 83' lang='lat' dir='ltr'><strong>Balduino.</strong></span> <span class='ocrx_word' id='word_1_664' title='bbox 870 4883 1076 4937; x_wconf 64' lang='lat' dir='ltr'><strong>Sensus</strong></span> <span class='ocrx_word' id='word_1_665' title='bbox 1097 4900 1225 4939; x_wconf 89' lang='lat' dir='ltr'><strong>vero</strong></span> <span class='ocrx_word' id='word_1_666' title='bbox 1247 4897 1362 4948; x_wconf 88' lang='lat' dir='ltr'><strong>est,</strong></span> <span class='ocrx_word' id='word_1_667' title='bbox 1391 4889 1544 4956; x_wconf 89' lang='lat' dir='ltr'><strong>quasi</strong></span> <span class='ocrx_word' id='word_1_668' title='bbox 1569 4904 1674 4942; x_wconf 91' lang='lat' dir='ltr'><strong>non</strong></span> <span class='ocrx_word' id='word_1_669' title='bbox 1709 4887 1838 4941; x_wconf 80' lang='lat' dir='ltr'><strong>satis</strong></span> <span class='ocrx_word' id='word_1_670' title='bbox 1868 4893 2078 4945; x_wconf 84' lang='lat' dir='ltr'><strong>tuunris</strong></span> 
     </span>
    </p>
   </div>
   <div class='ocr_carea' id='block_1_93' title="bbox 480 4952 2078 5028">
    <p class='ocr_par' dir='ltr' id='par_1_93' title="bbox 480 4952 2078 5028">
     <span class='ocr_line' id='line_1_93' title="bbox 480 4952 2078 5028; baseline 0.006 -22"><span class='ocrx_word' id='word_1_671' title='bbox 480 4952 778 5028; x_wconf 80' lang='lat' dir='ltr'><strong>incutiant,</strong></span> <span class='ocrx_word' id='word_1_672' title='bbox 813 4969 932 5021; x_wconf 75' lang='lat' dir='ltr'><strong>qua:</strong></span> <span class='ocrx_word' id='word_1_673' title='bbox 966 4967 1250 5010; x_wconf 84' lang='lat' dir='ltr'><strong>versantur</strong></span> <span class='ocrx_word' id='word_1_674' title='bbox 1277 4957 1347 5010; x_wconf 93' lang='lat' dir='ltr'><strong>ob</strong></span> <span class='ocrx_word' id='word_1_675' title='bbox 1381 4952 1589 5025; x_wconf 79' lang='lat' dir='ltr'><strong>oculos,</strong></span> <span class='ocrx_word' id='word_1_676' title='bbox 1624 4974 1818 5028; x_wconf 88' lang='lat' dir='ltr'><strong>nempe</strong></span> <span class='ocrx_word' id='word_1_677' title='bbox 1857 4972 2078 5016; x_wconf 90' lang='lat' dir='ltr'><strong>senatus</strong></span> 
     </span>
    </p>
   </div>
   <div class='ocr_carea' id='block_1_94' title="bbox 479 5025 2072 5100">
    <p class='ocr_par' dir='ltr' id='par_1_94' title="bbox 479 5025 2072 5100">
     <span class='ocr_line' id='line_1_94' title="bbox 479 5025 2072 5100; baseline 0.006 -22"><span class='ocrx_word' id='word_1_678' title='bbox 479 5035 534 5078; x_wconf 86' lang='lat' dir='ltr'><strong>et</strong></span> <span class='ocrx_word' id='word_1_679' title='bbox 560 5025 876 5094; x_wconf 85' lang='lat' dir='ltr'><strong>imperator;</strong></span> <span class='ocrx_word' id='word_1_680' title='bbox 905 5035 1198 5080; x_wconf 87' lang='lat' dir='ltr'><strong>occurrunt</strong></span> <span class='ocrx_word' id='word_1_681' title='bbox 1217 5037 1478 5095; x_wconf 80' lang='lat' dir='ltr'><strong>pra-terea</strong></span> <span class='ocrx_word' id='word_1_682' title='bbox 1499 5033 1616 5086; x_wconf 71' lang='lat' dir='ltr'><strong>alite</strong></span> <span class='ocrx_word' id='word_1_683' title='bbox 1644 5025 1854 5085; x_wconf 85' lang='lat' dir='ltr'><strong>timoris</strong></span> <span class='ocrx_word' id='word_1_684' title='bbox 1873 5048 2072 5100; x_wconf 69' lang='lat' dir='ltr'><strong>causte,</strong></span> 
     </span>
    </p>
   </div>
   <div class='ocr_carea' id='block_1_95' title="bbox 477 5100 2074 5173">
    <p class='ocr_par' dir='ltr' id='par_1_95' title="bbox 477 5100 2074 5173">
     <span class='ocr_line' id='line_1_95' title="bbox 477 5100 2074 5173; baseline 0.005 -22"><span class='ocrx_word' id='word_1_685' title='bbox 477 5111 680 5173; x_wconf 79' lang='lat' dir='ltr'><strong>nempe</strong></span> <span class='ocrx_word' id='word_1_686' title='bbox 704 5105 947 5173; x_wconf 84' lang='lat' dir='ltr'><strong>veterum</strong></span> <span class='ocrx_word' id='word_1_687' title='bbox 992 5109 1266 5153; x_wconf 91' lang='lat' dir='ltr'><strong>oratorum</strong></span> <span class='ocrx_word' id='word_1_688' title='bbox 1293 5100 1568 5170; x_wconf 87' lang='lat' dir='ltr'><strong>cogitatio,</strong></span> <span class='ocrx_word' id='word_1_689' title='bbox 1601 5119 1736 5173; x_wconf 89' lang='lat' dir='ltr'><strong>quos</strong></span> <span class='ocrx_word' id='word_1_690' title='bbox 1768 5102 1855 5157; x_wconf 91' lang='lat' dir='ltr'><strong>hic</strong></span> <span class='ocrx_word' id='word_1_691' title='bbox 1881 5105 2074 5159; x_wconf 84' lang='lat' dir='ltr'><strong>intueri</strong></span> 
     </span>
    </p>
   </div>
   <div class='ocr_carea' id='block_1_96' title="bbox 479 5167 839 5223">
    <p class='ocr_par' dir='ltr' id='par_1_96' title="bbox 479 5167 839 5223">
     <span class='ocr_line' id='line_1_96' title="bbox 479 5167 839 5223; baseline 0 -2"><span class='ocrx_word' id='word_1_692' title='bbox 479 5167 610 5222; x_wconf 87' lang='lat' dir='ltr'><strong>mihi</strong></span> <span class='ocrx_word' id='word_1_693' title='bbox 635 5168 839 5223; x_wconf 90' lang='lat' dir='ltr'><strong>videor.</strong></span> 
     </span>
    </p>
   </div>
   <div class='ocr_carea' id='block_1_97' title="bbox 548 5237 2078 5310">
    <p class='ocr_par' dir='ltr' id='par_1_97' title="bbox 548 5237 2078 5310">
     <span class='ocr_line' id='line_1_97' title="bbox 548 5237 2078 5310; baseline 0.004 -15"><span class='ocrx_word' id='word_1_694' title='bbox 548 5239 709 5295; x_wconf 86' lang='grc'><strong>11.-¹</strong></span> <span class='ocrx_word' id='word_1_695' title='bbox 733 5240 808 5294; x_wconf 84' lang='lat' dir='ltr'><strong>Ab</strong></span> <span class='ocrx_word' id='word_1_696' title='bbox 827 5240 1008 5293; x_wconf 88' lang='lat' dir='ltr'><strong>ultimo</strong></span> <span class='ocrx_word' id='word_1_697' title='bbox 1022 5237 1318 5294; x_wconf 83' lang='lat' dir='ltr'><strong>Galliarum</strong></span> <span class='ocrx_word' id='word_1_698' title='bbox 1329 5259 1552 5297; x_wconf 89' lang='lat' dir='ltr'><strong>recessu.</strong></span> <span class='ocrx_word' id='word_1_699' title='bbox 1577 5244 2078 5310; x_wconf 79' lang='lat' dir='ltr'><strong>AbAquitania,ubi</strong></span> 
     </span>
    </p>
   </div>
   <div class='ocr_carea' id='block_1_98' title="bbox 475 5311 2076 5374">
    <p class='ocr_par' dir='ltr' id='par_1_98' title="bbox 475 5311 2076 5374">
     <span class='ocr_line' id='line_1_98' title="bbox 475 5311 2076 5374; baseline 0.004 -10"><span class='ocrx_word' id='word_1_700' title='bbox 475 5322 694 5374; x_wconf 85' lang='lat' dir='ltr'><strong>natum,</strong></span> <span class='ocrx_word' id='word_1_701' title='bbox 745 5322 800 5366; x_wconf 93' lang='lat' dir='ltr'><strong>et</strong></span> <span class='ocrx_word' id='word_1_702' title='bbox 834 5311 958 5366; x_wconf 91' lang='lat' dir='ltr'><strong>inde</strong></span> <span class='ocrx_word' id='word_1_703' title='bbox 992 5313 1215 5366; x_wconf 76' lang='lat' dir='ltr'><strong>Iloutatn</strong></span> <span class='ocrx_word' id='word_1_704' title='bbox 1247 5316 1474 5368; x_wconf 77' lang='lat' dir='ltr'><strong>missum</strong></span> <span class='ocrx_word' id='word_1_705' title='bbox 1507 5315 1764 5369; x_wconf 85' lang='lat' dir='ltr'><strong>Pacatutn</strong></span> <span class='ocrx_word' id='word_1_706' title='bbox 1819 5315 2076 5371; x_wconf 77' lang='lat' dir='ltr'><strong>dixuuus.</strong></span> 
     </span>
    </p>
   </div>
   <div class='ocr_carea' id='block_1_99' title="bbox 546 5381 2074 5457">
    <p class='ocr_par' dir='ltr' id='par_1_99' title="bbox 546 5381 2074 5457">
     <span class='ocr_line' id='line_1_99' title="bbox 546 5381 2074 5457; baseline 0.006 -22"><span class='ocrx_word' id='word_1_707' title='bbox 546 5383 566 5412; x_wconf 84' lang='grc'>¹</span> <span class='ocrx_word' id='word_1_708' title='bbox 600 5381 721 5457; x_wconf 59' lang='lat' dir='ltr'><strong>[Yon</strong></span> <span class='ocrx_word' id='word_1_709' title='bbox 769 5385 924 5457; x_wconf 83' lang='lat' dir='ltr'><strong>enim.</strong></span> <span class='ocrx_word' id='word_1_710' title='bbox 974 5382 1232 5452; x_wconf 81' lang='lat' dir='ltr'><strong>Respexit</strong></span> <span class='ocrx_word' id='word_1_711' title='bbox 1281 5385 1346 5439; x_wconf 88' lang='lat' dir='ltr'><strong>ad</strong></span> <span class='ocrx_word' id='word_1_712' title='bbox 1405 5387 1535 5440; x_wconf 86' lang='lat' dir='ltr'><strong>illud</strong></span> <span class='ocrx_word' id='word_1_713' title='bbox 1587 5386 1728 5441; x_wconf 82' lang='lat' dir='ltr'><strong>Plin.</strong></span> <span class='ocrx_word' id='word_1_714' title='bbox 1776 5403 1967 5457; x_wconf 88' lang='lat' dir='ltr'><strong>paueg.</strong></span> <span class='ocrx_word' id='word_1_715' title='bbox 2019 5405 2074 5444; x_wconf 94' lang='lat' dir='ltr'><strong>n.</strong></span> 
     </span>
    </p>
   </div>
   <div class='ocr_carea' id='block_1_100' title="bbox 474 5451 2078 5574">
    <p class='ocr_par' dir='ltr' id='par_1_100' title="bbox 474 5451 2078 5574">
     <span class='ocr_line' id='line_1_100' title="bbox 474 5451 2078 5574; baseline 0.006 -69"><span class='ocrx_word' id='word_1_716' title='bbox 612 5453 784 5574; x_wconf 62' lang='lat' dir='ltr'><strong>Qluare</strong></span> <span class='ocrx_word' id='word_1_717' title='bbox 834 5455 1018 5510; x_wconf 85' lang='lat' dir='ltr'><strong>abeant</strong></span> <span class='ocrx_word' id='word_1_718' title='bbox 1065 5451 1209 5511; x_wconf 83' lang='lat' dir='ltr'><strong>voces</strong></span> <span class='ocrx_word' id='word_1_719' title='bbox 1268 5457 1374 5512; x_wconf 71' lang='lat' dir='ltr'><strong>illa:</strong></span> <span class='ocrx_word' id='word_1_720' title='bbox 1403 5501 1417 5525; x_wconf 92' lang='lat'><strong>,</strong></span> <span class='ocrx_word' id='word_1_721' title='bbox 1465 5474 1591 5530; x_wconf 90' lang='lat' dir='ltr'><strong>quas</strong></span> <span class='ocrx_word' id='word_1_722' title='bbox 1631 5451 1795 5513; x_wconf 78' lang='lat' dir='ltr'><strong>metus</strong></span> <span class='ocrx_word' id='word_1_723' title='bbox 1828 5451 2078 5532; x_wconf 56' lang='lat' dir='ltr'><strong>exprime-</strong></span> 
     </span>
     <span class='ocr_line' id='line_1_101' title="bbox 509 5539 710 5574; baseline 0.005 -1"><span class='ocrx_word' id='word_1_724' title='bbox 509 5539 537 5573; x_wconf 93' lang='lat' dir='ltr'><strong>a</strong></span> <span class='ocrx_word' id='word_1_725' title='bbox 567 5562 582 5574; x_wconf 86' lang='lat'><strong>.</strong></span> <span class='ocrx_word' id='word_1_726' title='bbox 604 5539 634 5574; x_wconf 92' lang='lat' dir='ltr'><strong>e</strong></span> <span class='ocrx_word' id='word_1_727' title='bbox 662 5539 710 5574; x_wconf 91' lang='lat' dir='ltr'><strong>c.</strong></span> 
     </span>
    </p>
   </div>
   <div class='ocr_carea' id='block_1_101' title="bbox 509 5531 710 5586">
    <p class='ocr_par' dir='ltr' id='par_1_101' title="bbox 509 5531 710 5586">
     <span class='ocr_line' id='line_1_102' title="bbox 509 5531 710 5586; baseline 0.02 -13"><span class='ocrx_word' id='word_1_728' title='bbox 509 5531 582 5586; x_wconf 92' lang='lat' dir='ltr'><strong>at,</strong></span> <span class='ocrx_word' id='word_1_729' title='bbox 604 5534 710 5577; x_wconf 90' lang='lat' dir='ltr'><strong>etc.</strong></span> 
     </span>
    </p>
   </div>
   <div class='ocr_carea' id='block_1_102' title="bbox 478 5589 2076 5718">
    <p class='ocr_par' dir='ltr' id='par_1_102' title="bbox 478 5589 2076 5718">
     <span class='ocr_line' id='line_1_103' title="bbox 478 5589 2076 5718; baseline -0.001 -60"><span class='ocrx_word' id='word_1_730' title='bbox 478 5589 878 5718; x_wconf 47' lang='lat' dir='ltr'><strong>diénﬁtzcundia:</strong></span> <span class='ocrx_word' id='word_1_731' title='bbox 902 5598 1219 5654; x_wconf 80' lang='lat' dir='ltr'><strong>ancillautis.</strong></span> <span class='ocrx_word' id='word_1_732' title='bbox 1254 5599 1521 5657; x_wconf 88' lang='lat' dir='ltr'><strong>Serviletu</strong></span> <span class='ocrx_word' id='word_1_733' title='bbox 1553 5601 1607 5658; x_wconf 91' lang='lat' dir='ltr'><strong>in</strong></span> <span class='ocrx_word' id='word_1_734' title='bbox 1657 5602 1874 5658; x_wconf 88' lang='lat' dir='ltr'><strong>modum</strong></span> <span class='ocrx_word' id='word_1_735' title='bbox 1924 5602 2076 5659; x_wconf 88' lang='lat' dir='ltr'><strong>blan-</strong></span> 
     </span>
    </p>
   </div>
   <div class='ocr_carea' id='block_1_103' title="bbox 482 5723 2079 5814">
    <p class='ocr_par' dir='ltr' id='par_1_103' title="bbox 482 5723 2079 5814">
     <span class='ocr_line' id='line_1_104' title="bbox 482 5723 2079 5814; baseline 0.008 -24"><span class='ocrx_word' id='word_1_736' title='bbox 482 5780 504 5804; x_wconf 32' lang='lat' dir='ltr'><strong>H.</strong></span> <span class='ocrx_word' id='word_1_737' title='bbox 543 5735 566 5766; x_wconf 81' lang='grc'><strong>⁸</strong></span> <span class='ocrx_word' id='word_1_738' title='bbox 593 5734 817 5790; x_wconf 87' lang='lat' dir='ltr'><strong>Trucem</strong></span> <span class='ocrx_word' id='word_1_739' title='bbox 845 5729 1134 5802; x_wconf 79' lang='lat' dir='ltr'><strong>dominum.</strong></span> <span class='ocrx_word' id='word_1_740' title='bbox 1169 5742 1374 5802; x_wconf 80' lang='lat' dir='ltr'><strong>Allndit</strong></span> <span class='ocrx_word' id='word_1_741' title='bbox 1400 5745 1466 5802; x_wconf 80' lang='lat' dir='ltr'><strong>ad</strong></span> <span class='ocrx_word' id='word_1_742' title='bbox 1492 5739 1785 5814; x_wconf 76' lang='lat' dir='ltr'><strong>Neronum,</strong></span> <span class='ocrx_word' id='word_1_743' title='bbox 1819 5723 2079 5804; x_wconf 78' lang='lat' dir='ltr'><strong>Domitia-</strong></span> 
     </span>
    </p>
   </div>
   <div class='ocr_carea' id='block_1_104' title="bbox 473 5817 1066 5876">
    <p class='ocr_par' dir='ltr' id='par_1_104' title="bbox 473 5817 1066 5876">
     <span class='ocr_line' id='line_1_105' title="bbox 473 5817 1066 5876; baseline 0 -15"><span class='ocrx_word' id='word_1_744' title='bbox 473 5821 780 5876; x_wconf 85' lang='lat' dir='ltr'><strong>noruntqtte</strong></span> <span class='ocrx_word' id='word_1_745' title='bbox 803 5817 1066 5876; x_wconf 83' lang='lat' dir='ltr'><strong>tempora.</strong></span> 
     </span>
    </p>
   </div>
   <div class='ocr_carea' id='block_1_105' title="bbox 2252 4246 3784 4321">
    <p class='ocr_par' dir='ltr' id='par_1_105' title="bbox 2252 4246 3784 4321">
     <span class='ocr_line' id='line_1_106' title="bbox 2252 4246 3784 4321; baseline -0.001 -19"><span class='ocrx_word' id='word_1_746' title='bbox 2252 4247 2424 4303; x_wconf 84' lang='lat' dir='ltr'><strong>lll.-—</strong></span> <span class='ocrx_word' id='word_1_747' title='bbox 2459 4247 3165 4321; x_wconf 77' lang='lat' dir='ltr'><strong>&#39;Deteigitm&#39;.Pultnanntts</strong></span> <span class='ocrx_word' id='word_1_748' title='bbox 3197 4248 3345 4319; x_wconf 82' lang='lat' dir='ltr'><strong>legit,</strong></span> <span class='ocrx_word' id='word_1_749' title='bbox 3373 4249 3456 4302; x_wconf 87' lang='lat' dir='ltr'><strong>det</strong></span> <span class='ocrx_word' id='word_1_750' title='bbox 3481 4248 3642 4321; x_wconf 72' lang='lat' dir='ltr'><strong>igitur</strong></span> <span class='ocrx_word' id='word_1_751' title='bbox 3657 4246 3784 4321; x_wconf 82' lang='lat' dir='ltr'><strong>mihi</strong></span> 
     </span>
    </p>
   </div>
   <div class='ocr_carea' id='block_1_106' title="bbox 2179 4319 3783 4394">
    <p class='ocr_par' dir='ltr' id='par_1_106' title="bbox 2179 4319 3783 4394">
     <span class='ocr_line' id='line_1_107' title="bbox 2179 4319 3783 4394; baseline -0.001 -21"><span class='ocrx_word' id='word_1_752' title='bbox 2179 4320 2339 4394; x_wconf 81' lang='lat' dir='ltr'><strong>hujus</strong></span> <span class='ocrx_word' id='word_1_753' title='bbox 2363 4322 2607 4394; x_wconf 83' lang='lat' dir='ltr'><strong>sermonis</strong></span> <span class='ocrx_word' id='word_1_754' title='bbox 2631 4319 2832 4375; x_wconf 82' lang='lat' dir='ltr'><strong>initium</strong></span> <span class='ocrx_word' id='word_1_755' title='bbox 2853 4324 2961 4389; x_wconf 86' lang='lat' dir='ltr'><strong>ille,</strong></span> <span class='ocrx_word' id='word_1_756' title='bbox 2977 4334 3082 4379; x_wconf 88' lang='lat' dir='ltr'><strong>etc.</strong></span> <span class='ocrx_word' id='word_1_757' title='bbox 3107 4321 3181 4376; x_wconf 90' lang='lat' dir='ltr'><strong>Ita</strong></span> <span class='ocrx_word' id='word_1_758' title='bbox 3197 4323 3360 4376; x_wconf 90' lang='lat' dir='ltr'><strong>etiam</strong></span> <span class='ocrx_word' id='word_1_759' title='bbox 3381 4324 3507 4376; x_wconf 86' lang='lat' dir='ltr'><strong>Ant.</strong></span> <span class='ocrx_word' id='word_1_760' title='bbox 3535 4319 3783 4376; x_wconf 79' lang='lat' dir='ltr'><strong>Sconho-</strong></span> 
     </span>
    </p>
   </div>
   <div class='ocr_carea' id='block_1_107' title="bbox 2181 4393 2839 4447">
    <p class='ocr_par' dir='ltr' id='par_1_107' title="bbox 2181 4393 2839 4447">
     <span class='ocr_line' id='line_1_108' title="bbox 2181 4393 2839 4447; baseline -0.002 -1"><span class='ocrx_word' id='word_1_761' title='bbox 2181 4396 2301 4446; x_wconf 77' lang='lat' dir='ltr'><strong>vius</strong></span> <span class='ocrx_word' id='word_1_762' title='bbox 2331 4409 2398 4446; x_wconf 80' lang='lat' dir='ltr'><strong>ex</strong></span> <span class='ocrx_word' id='word_1_763' title='bbox 2433 4393 2604 4447; x_wconf 82' lang='lat' dir='ltr'><strong>veteri</strong></span> <span class='ocrx_word' id='word_1_764' title='bbox 2632 4393 2839 4447; x_wconf 81' lang='lat' dir='ltr'><strong>Codice.</strong></span> 
     </span>
    </p>
   </div>
   <div class='ocr_carea' id='block_1_108' title="bbox 2257 4462 3785 4535">
    <p class='ocr_par' dir='ltr' id='par_1_108' title="bbox 2257 4462 3785 4535">
     <span class='ocr_line' id='line_1_109' title="bbox 2257 4462 3785 4535; baseline -0.001 -19"><span class='ocrx_word' id='word_1_765' title='bbox 2257 4465 2277 4495; x_wconf 80' lang='grc'><strong><em>³</em></strong></span> <span class='ocrx_word' id='word_1_766' title='bbox 2311 4463 2432 4519; x_wconf 88' lang='lat' dir='ltr'><strong>Dies</strong></span> <span class='ocrx_word' id='word_1_767' title='bbox 2451 4506 2463 4526; x_wconf 93' lang='lat'><strong>,</strong></span> <span class='ocrx_word' id='word_1_768' title='bbox 2502 4464 2590 4532; x_wconf 87' lang='lat' dir='ltr'><strong>qui</strong></span> <span class='ocrx_word' id='word_1_769' title='bbox 2621 4475 2667 4516; x_wconf 90' lang='lat' dir='ltr'><strong>te</strong></span> <span class='ocrx_word' id='word_1_770' title='bbox 2696 4465 2908 4532; x_wconf 89' lang='lat' dir='ltr'><strong>primus.</strong></span> <span class='ocrx_word' id='word_1_771' title='bbox 2943 4465 3064 4520; x_wconf 84' lang='lat' dir='ltr'><strong>Dies</strong></span> <span class='ocrx_word' id='word_1_772' title='bbox 3092 4480 3199 4535; x_wconf 87' lang='lat' dir='ltr'><strong>quo</strong></span> <span class='ocrx_word' id='word_1_773' title='bbox 3227 4462 3565 4535; x_wconf 82' lang='lat' dir='ltr'><strong>Theodosius</strong></span> <span class='ocrx_word' id='word_1_774' title='bbox 3594 4477 3624 4515; x_wconf 86' lang='lat' dir='ltr'><strong>a</strong></span> <span class='ocrx_word' id='word_1_775' title='bbox 3648 4462 3785 4535; x_wconf 74' lang='lat' dir='ltr'><strong>Gra-</strong></span> 
     </span>
    </p>
   </div>
   <div class='ocr_carea' id='block_1_109' title="bbox 2186 4534 3784 4604">
    <p class='ocr_par' dir='ltr' id='par_1_109' title="bbox 2186 4534 3784 4604">
     <span class='ocr_line' id='line_1_110' title="bbox 2186 4534 3784 4604; baseline -0.001 -15"><span class='ocrx_word' id='word_1_776' title='bbox 2186 4535 2335 4590; x_wconf 85' lang='lat' dir='ltr'><strong>tiano</strong></span> <span class='ocrx_word' id='word_1_777' title='bbox 2359 4536 2589 4604; x_wconf 90' lang='lat' dir='ltr'><strong>primum</strong></span> <span class='ocrx_word' id='word_1_778' title='bbox 2616 4536 2681 4589; x_wconf 88' lang='lat' dir='ltr'><strong>ad</strong></span> <span class='ocrx_word' id='word_1_779' title='bbox 2710 4535 2921 4603; x_wconf 86' lang='lat' dir='ltr'><strong>imperii</strong></span> <span class='ocrx_word' id='word_1_780' title='bbox 2941 4534 3252 4591; x_wconf 81' lang='lat' dir='ltr'><strong>societatem</strong></span> <span class='ocrx_word' id='word_1_781' title='bbox 3283 4544 3367 4589; x_wconf 82' lang='lat' dir='ltr'><strong>est</strong></span> <span class='ocrx_word' id='word_1_782' title='bbox 3395 4534 3654 4598; x_wconf 70' lang='lat' dir='ltr'><strong>adscitus,</strong></span> <span class='ocrx_word' id='word_1_783' title='bbox 3683 4534 3784 4588; x_wconf 79' lang='lat' dir='ltr'><strong>fuit.</strong></span> 
     </span>
    </p>
   </div>
   <div class='ocr_carea' id='block_1_110' title="bbox 2188 4604 3783 4675">
    <p class='ocr_par' dir='ltr' id='par_1_110' title="bbox 2188 4604 3783 4675">
     <span class='ocr_line' id='line_1_111' title="bbox 2188 4604 3783 4675; baseline 0 -15"><span class='ocrx_word' id='word_1_784' title='bbox 2188 4607 2432 4662; x_wconf 64' lang='lat' dir='ltr'><strong>decimus</strong></span> <span class='ocrx_word' id='word_1_785' title='bbox 2463 4620 2690 4675; x_wconf 81' lang='lat' dir='ltr'><strong>quartus</strong></span> <span class='ocrx_word' id='word_1_786' title='bbox 2731 4617 2817 4659; x_wconf 92' lang='lat' dir='ltr'><strong>aut</strong></span> <span class='ocrx_word' id='word_1_787' title='bbox 2869 4610 3018 4675; x_wconf 85' lang='lat' dir='ltr'><strong>juxta</strong></span> <span class='ocrx_word' id='word_1_788' title='bbox 3067 4608 3346 4663; x_wconf 87' lang='lat' dir='ltr'><strong>Socratem</strong></span> <span class='ocrx_word' id='word_1_789' title='bbox 3386 4622 3491 4660; x_wconf 77' lang='lat' dir='ltr'><strong>xvu</strong></span> <span class='ocrx_word' id='word_1_790' title='bbox 3524 4604 3633 4660; x_wconf 79' lang='lat' dir='ltr'><strong>kal.</strong></span> <span class='ocrx_word' id='word_1_791' title='bbox 3683 4605 3783 4660; x_wconf 86' lang='lat' dir='ltr'><strong>Fe-</strong></span> 
     </span>
    </p>
   </div>
   <div class='ocr_carea' id='block_1_111' title="bbox 2112 4668 2928 4734">
    <p class='ocr_par' dir='ltr' id='par_1_111' title="bbox 2112 4668 2928 4734">
     <span class='ocr_line' id='line_1_112' title="bbox 2112 4668 2928 4734; baseline 0.004 -3"><span class='ocrx_word' id='word_1_792' title='bbox 2112 4668 2162 4731; x_wconf 83' lang='lat' dir='ltr'>D</span> <span class='ocrx_word' id='word_1_793' title='bbox 2191 4678 2393 4733; x_wconf 92' lang='lat' dir='ltr'><strong>bruarii</strong></span> <span class='ocrx_word' id='word_1_794' title='bbox 2424 4668 2550 4732; x_wconf 78' lang='lat' dir='ltr'><strong>anui</strong></span> <span class='ocrx_word' id='word_1_795' title='bbox 2579 4676 2781 4732; x_wconf 89' lang='lat' dir='ltr'><strong>Christi</strong></span> <span class='ocrx_word' id='word_1_796' title='bbox 2805 4668 2928 4734; x_wconf 45' lang='lat'><strong>37-9.</strong></span> 
     </span>
    </p>
   </div>
   <div class='ocr_carea' id='block_1_112' title="bbox 2257 4769 3784 4840">
    <p class='ocr_par' dir='ltr' id='par_1_112' title="bbox 2257 4769 3784 4840">
     <span class='ocr_line' id='line_1_113' title="bbox 2257 4769 3784 4840; baseline -0.004 -13"><span class='ocrx_word' id='word_1_797' title='bbox 2257 4773 2276 4804; x_wconf 86' lang='grc'>³</span> <span class='ocrx_word' id='word_1_798' title='bbox 2318 4773 2424 4827; x_wconf 89' lang='lat' dir='ltr'><strong>Ora</strong></span> <span class='ocrx_word' id='word_1_799' title='bbox 2464 4773 2825 4826; x_wconf 84' lang='lat' dir='ltr'><strong>convertimus.</strong></span> <span class='ocrx_word' id='word_1_800' title='bbox 2866 4773 2989 4829; x_wconf 87' lang='lat' dir='ltr'><strong>Fuit</strong></span> <span class='ocrx_word' id='word_1_801' title='bbox 3027 4774 3140 4828; x_wconf 68' lang='lat' dir='ltr'><strong>lucc</strong></span> <span class='ocrx_word' id='word_1_802' title='bbox 3168 4772 3298 4826; x_wconf 91' lang='lat' dir='ltr'><strong>olim</strong></span> <span class='ocrx_word' id='word_1_803' title='bbox 3331 4785 3662 4840; x_wconf 81' lang='lat' dir='ltr'><strong>paganorum</strong></span> <span class='ocrx_word' id='word_1_804' title='bbox 3698 4769 3784 4822; x_wconf 86' lang='lat' dir='ltr'><strong>iti-</strong></span> 
     </span>
    </p>
   </div>
   <div class='ocr_carea' id='block_1_113' title="bbox 2183 4842 3781 4906">
    <p class='ocr_par' dir='ltr' id='par_1_113' title="bbox 2183 4842 3781 4906">
     <span class='ocr_line' id='line_1_114' title="bbox 2183 4842 3781 4906; baseline -0.004 -8"><span class='ocrx_word' id='word_1_805' title='bbox 2183 4845 2305 4899; x_wconf 92' lang='lat' dir='ltr'><strong>dem</strong></span> <span class='ocrx_word' id='word_1_806' title='bbox 2345 4858 2396 4900; x_wconf 89' lang='lat' dir='ltr'><strong>et</strong></span> <span class='ocrx_word' id='word_1_807' title='bbox 2437 4845 2866 4899; x_wconf 76' lang='lat' dir='ltr'><strong>Christianorum</strong></span> <span class='ocrx_word' id='word_1_808' title='bbox 2911 4845 3268 4906; x_wconf 80' lang='lat' dir='ltr'><strong>consuetudo,</strong></span> <span class='ocrx_word' id='word_1_809' title='bbox 3305 4855 3361 4896; x_wconf 94' lang='lat' dir='ltr'><strong>ut</strong></span> <span class='ocrx_word' id='word_1_810' title='bbox 3403 4842 3468 4896; x_wconf 82' lang='lat' dir='ltr'><strong>ad</strong></span> <span class='ocrx_word' id='word_1_811' title='bbox 3516 4845 3781 4896; x_wconf 89' lang='lat' dir='ltr'><strong>orientem</strong></span> 
     </span>
    </p>
   </div>
   <div class='ocr_carea' id='block_1_114' title="bbox 2183 4913 3785 4984">
    <p class='ocr_par' dir='ltr' id='par_1_114' title="bbox 2183 4913 3785 4984">
     <span class='ocr_line' id='line_1_115' title="bbox 2183 4913 3785 4984; baseline -0.003 -16"><span class='ocrx_word' id='word_1_812' title='bbox 2183 4918 2354 4971; x_wconf 88' lang='lat' dir='ltr'><strong>solem</strong></span> <span class='ocrx_word' id='word_1_813' title='bbox 2384 4918 2628 4970; x_wconf 78' lang='lat' dir='ltr'><strong>conversi</strong></span> <span class='ocrx_word' id='word_1_814' title='bbox 2661 4931 2847 4984; x_wconf 83' lang='lat' dir='ltr'><strong>preces</strong></span> <span class='ocrx_word' id='word_1_815' title='bbox 2874 4931 2999 4971; x_wconf 84' lang='lat' dir='ltr'><strong>suas</strong></span> <span class='ocrx_word' id='word_1_816' title='bbox 3033 4916 3336 4969; x_wconf 76' lang='lat' dir='ltr'><strong>fttudcrcnl.</strong></span> <span class='ocrx_word' id='word_1_817' title='bbox 3375 4913 3604 4967; x_wconf 87' lang='lat' dir='ltr'><strong>Tertull.</strong></span> <span class='ocrx_word' id='word_1_818' title='bbox 3643 4917 3785 4981; x_wconf 74' lang='lat' dir='ltr'><strong>Apo-</strong></span> 
     </span>
    </p>
   </div>
   <div class='ocr_carea' id='block_1_115' title="bbox 2185 4984 3779 5057">
    <p class='ocr_par' dir='ltr' id='par_1_115' title="bbox 2185 4984 3779 5057">
     <span class='ocr_line' id='line_1_116' title="bbox 2185 4984 3779 5057; baseline -0.003 -16"><span class='ocrx_word' id='word_1_819' title='bbox 2185 4987 2350 5057; x_wconf 73' lang='lat' dir='ltr'><strong>luget.</strong></span> <span class='ocrx_word' id='word_1_820' title='bbox 2383 4988 2449 5041; x_wconf 88' lang='lat' dir='ltr'><strong>ad</strong></span> <span class='ocrx_word' id='word_1_821' title='bbox 2473 4997 2663 5057; x_wconf 88' lang='lat' dir='ltr'><strong>gentes</strong></span> <span class='ocrx_word' id='word_1_822' title='bbox 2694 4987 2762 5041; x_wconf 92' lang='lat' dir='ltr'><strong>de</strong></span> <span class='ocrx_word' id='word_1_823' title='bbox 2785 4986 3107 5042; x_wconf 83' lang='lat' dir='ltr'><strong>Christianis</strong></span> <span class='ocrx_word' id='word_1_824' title='bbox 3144 5005 3154 5039; x_wconf 94' lang='lat'>:</span> <span class='ocrx_word' id='word_1_825' title='bbox 3190 4987 3434 5054; x_wconf 74' lang='lat' dir='ltr'><strong>Suspicio</strong></span> <span class='ocrx_word' id='word_1_826' title='bbox 3461 4994 3554 5042; x_wconf 87' lang='lat' dir='ltr'><strong>est.</strong></span> <span class='ocrx_word' id='word_1_827' title='bbox 3590 4984 3779 5057; x_wconf 89' lang='lat' dir='ltr'><strong>inquit,</strong></span> 
     </span>
    </p>
   </div>
   <div class='ocr_carea' id='block_1_116' title="bbox 2182 5056 3788 5129">
    <p class='ocr_par' dir='ltr' id='par_1_116' title="bbox 2182 5056 3788 5129">
     <span class='ocr_line' id='line_1_117' title="bbox 2182 5056 3788 5129; baseline -0.003 -17"><span class='ocrx_word' id='word_1_828' title='bbox 2182 5056 2340 5113; x_wconf 88' lang='lat' dir='ltr'><strong>solem</strong></span> <span class='ocrx_word' id='word_1_829' title='bbox 2361 5076 2452 5113; x_wconf 86' lang='lat' dir='ltr'><strong>nos</strong></span> <span class='ocrx_word' id='word_1_830' title='bbox 2474 5056 2715 5121; x_wconf 82' lang='lat' dir='ltr'><strong>adorare,</strong></span> <span class='ocrx_word' id='word_1_831' title='bbox 2743 5062 2881 5129; x_wconf 82' lang='lat' dir='ltr'><strong>quod</strong></span> <span class='ocrx_word' id='word_1_832' title='bbox 2926 5061 3201 5114; x_wconf 87' lang='lat' dir='ltr'><strong>innotuerit</strong></span> <span class='ocrx_word' id='word_1_833' title='bbox 3249 5062 3316 5110; x_wconf 88' lang='lat' dir='ltr'><strong>ad</strong></span> <span class='ocrx_word' id='word_1_834' title='bbox 3353 5057 3579 5129; x_wconf 83' lang='lat' dir='ltr'><strong>Orientis</strong></span> <span class='ocrx_word' id='word_1_835' title='bbox 3617 5056 3788 5129; x_wconf 80' lang='lat' dir='ltr'><strong>regio-</strong></span> 
     </span>
    </p>
   </div>
   <div class='ocr_carea' id='block_1_117' title="bbox 2185 5127 3787 5202">
    <p class='ocr_par' dir='ltr' id='par_1_117' title="bbox 2185 5127 3787 5202">
     <span class='ocr_line' id='line_1_118' title="bbox 2185 5127 3787 5202; baseline -0.004 -18"><span class='ocrx_word' id='word_1_836' title='bbox 2185 5147 2300 5184; x_wconf 86' lang='lat' dir='ltr'><strong>nem</strong></span> <span class='ocrx_word' id='word_1_837' title='bbox 2336 5131 2536 5202; x_wconf 86' lang='lat' dir='ltr'><strong>precari</strong></span> <span class='ocrx_word' id='word_1_838' title='bbox 2566 5146 2584 5183; x_wconf 90' lang='lat'><strong><em>:</em></strong></span> <span class='ocrx_word' id='word_1_839' title='bbox 2615 5131 2702 5184; x_wconf 87' lang='lat' dir='ltr'><strong>sed</strong></span> <span class='ocrx_word' id='word_1_840' title='bbox 2741 5127 2790 5183; x_wconf 83' lang='lat' dir='ltr'><strong>et</strong></span> <span class='ocrx_word' id='word_1_841' title='bbox 2817 5131 3044 5202; x_wconf 80' lang='lat' dir='ltr'><strong>plerique</strong></span> <span class='ocrx_word' id='word_1_842' title='bbox 3081 5129 3405 5202; x_wconf 64' lang='lat' dir='ltr'><strong>aﬁertatione</strong></span> <span class='ocrx_word' id='word_1_843' title='bbox 3428 5127 3712 5202; x_wconf 78' lang='lat' dir='ltr'><strong>aliquando</strong></span> <span class='ocrx_word' id='word_1_844' title='bbox 3737 5135 3787 5178; x_wconf 88' lang='lat' dir='ltr'><strong>et</strong></span> 
     </span>
    </p>
   </div>
   <div class='ocr_carea' id='block_1_118' title="bbox 2184 5201 3565 5263">
    <p class='ocr_par' dir='ltr' id='par_1_118' title="bbox 2184 5201 3565 5263">
     <span class='ocr_line' id='line_1_119' title="bbox 2184 5201 3565 5263; baseline -0.004 -8"><span class='ocrx_word' id='word_1_845' title='bbox 2184 5201 2406 5256; x_wconf 71' lang='lat' dir='ltr'><strong>caelestia</strong></span> <span class='ocrx_word' id='word_1_846' title='bbox 2433 5202 2709 5263; x_wconf 85' lang='lat' dir='ltr'><strong>adorandi,</strong></span> <span class='ocrx_word' id='word_1_847' title='bbox 2736 5203 2801 5253; x_wconf 88' lang='lat' dir='ltr'><strong>ad</strong></span> <span class='ocrx_word' id='word_1_848' title='bbox 2827 5201 3145 5256; x_wconf 33' lang='lat' dir='ltr'><strong>solis&#39;ortuin</strong></span> <span class='ocrx_word' id='word_1_849' title='bbox 3172 5201 3310 5255; x_wconf 89' lang='lat' dir='ltr'><strong>labia</strong></span> <span class='ocrx_word' id='word_1_850' title='bbox 3337 5201 3565 5254; x_wconf 86' lang='lat' dir='ltr'><strong>vibratis.</strong></span> 
     </span>
    </p>
   </div>
   <div class='ocr_carea' id='block_1_119' title="bbox 2256 5268 3784 5338">
    <p class='ocr_par' dir='ltr' id='par_1_119' title="bbox 2256 5268 3784 5338">
     <span class='ocr_line' id='line_1_120' title="bbox 2256 5268 3784 5338; baseline -0.001 -12"><span class='ocrx_word' id='word_1_851' title='bbox 2256 5273 2278 5303; x_wconf 68' lang='grc'><strong>⁸</strong></span> <span class='ocrx_word' id='word_1_852' title='bbox 2308 5273 2614 5326; x_wconf 75' lang='lat' dir='ltr'><strong>Exanimata</strong></span> <span class='ocrx_word' id='word_1_853' title='bbox 2643 5273 2951 5335; x_wconf 82' lang='lat' dir='ltr'><strong>respublica.</strong></span> <span class='ocrx_word' id='word_1_854' title='bbox 2974 5274 3019 5327; x_wconf 83' lang='lat' dir='ltr'><strong>A</strong></span> <span class='ocrx_word' id='word_1_855' title='bbox 3063 5274 3370 5338; x_wconf 81' lang='lat' dir='ltr'><strong>Germanis,</strong></span> <span class='ocrx_word' id='word_1_856' title='bbox 3399 5268 3784 5337; x_wconf 75' lang='lat' dir='ltr'><strong>Gotthis,SCy-</strong></span> 
     </span>
    </p>
   </div>
   <div class='ocr_carea' id='block_1_120' title="bbox 2184 5343 2973 5414">
    <p class='ocr_par' dir='ltr' id='par_1_120' title="bbox 2184 5343 2973 5414">
     <span class='ocr_line' id='line_1_121' title="bbox 2184 5343 2973 5414; baseline 0 -16"><span class='ocrx_word' id='word_1_857' title='bbox 2184 5343 2400 5414; x_wconf 88' lang='lat' dir='ltr'><strong>thisque</strong></span> <span class='ocrx_word' id='word_1_858' title='bbox 2421 5346 2740 5414; x_wconf 79' lang='lat' dir='ltr'><strong>gravissime</strong></span> <span class='ocrx_word' id='word_1_859' title='bbox 2765 5355 2973 5399; x_wconf 77' lang='lat' dir='ltr'><strong>vexata.</strong></span> 
     </span>
    </p>
   </div>
   <div class='ocr_carea' id='block_1_121' title="bbox 2256 5432 3772 5508">
    <p class='ocr_par' dir='ltr' id='par_1_121' title="bbox 2256 5432 3772 5508">
     <span class='ocr_line' id='line_1_122' title="bbox 2256 5432 3772 5508; baseline -0.003 -18"><span class='ocrx_word' id='word_1_860' title='bbox 2256 5440 2276 5468; x_wconf 80' lang='grc'><strong><em>⁵</em></strong></span> <span class='ocrx_word' id='word_1_861' title='bbox 2309 5438 2414 5492; x_wconf 82' lang='lat' dir='ltr'><strong>Sed</strong></span> <span class='ocrx_word' id='word_1_862' title='bbox 2467 5453 2699 5508; x_wconf 87' lang='lat' dir='ltr'><strong>parcam.</strong></span> <span class='ocrx_word' id='word_1_863' title='bbox 2741 5436 2795 5492; x_wconf 92' lang='lat' dir='ltr'><strong>Id</strong></span> <span class='ocrx_word' id='word_1_864' title='bbox 2823 5447 2925 5502; x_wconf 87' lang='lat' dir='ltr'><strong>est,</strong></span> <span class='ocrx_word' id='word_1_865' title='bbox 2973 5437 3068 5493; x_wconf 89' lang='lat' dir='ltr'><strong>sed</strong></span> <span class='ocrx_word' id='word_1_866' title='bbox 3115 5437 3400 5494; x_wconf 89' lang='lat' dir='ltr'><strong>abstinebo</strong></span> <span class='ocrx_word' id='word_1_867' title='bbox 3449 5451 3477 5489; x_wconf 93' lang='lat' dir='ltr'><strong>a</strong></span> <span class='ocrx_word' id='word_1_868' title='bbox 3525 5432 3772 5505; x_wconf 74' lang='lat' dir='ltr'><strong>pervesti~</strong></span> 
     </span>
    </p>
   </div>
   <div class='ocr_carea' id='block_1_122' title="bbox 2183 5509 3784 5581">
    <p class='ocr_par' dir='ltr' id='par_1_122' title="bbox 2183 5509 3784 5581">
     <span class='ocr_line' id='line_1_123' title="bbox 2183 5509 3784 5581; baseline -0.005 -17"><span class='ocrx_word' id='word_1_869' title='bbox 2183 5509 2374 5581; x_wconf 84' lang='lat' dir='ltr'><strong>gandis</strong></span> <span class='ocrx_word' id='word_1_870' title='bbox 2401 5519 2479 5565; x_wconf 82' lang='lat' dir='ltr'><strong>tot</strong></span> <span class='ocrx_word' id='word_1_871' title='bbox 2509 5511 2774 5564; x_wconf 84' lang='lat' dir='ltr'><strong>malorum</strong></span> <span class='ocrx_word' id='word_1_872' title='bbox 2801 5511 2998 5566; x_wconf 86' lang='lat' dir='ltr'><strong>causis.</strong></span> <span class='ocrx_word' id='word_1_873' title='bbox 3031 5510 3175 5565; x_wconf 80' lang='lat' dir='ltr'><strong>Infra</strong></span> <span class='ocrx_word' id='word_1_874' title='bbox 3213 5528 3266 5564; x_wconf 91' lang='lat' dir='ltr'><strong>n.</strong></span> <span class='ocrx_word' id='word_1_875' title='bbox 3298 5509 3353 5575; x_wconf 89' lang='lat'><strong>6,</strong></span> <span class='ocrx_word' id='word_1_876' title='bbox 3384 5523 3595 5580; x_wconf 86' lang='lat' dir='ltr'><strong>parcam</strong></span> <span class='ocrx_word' id='word_1_877' title='bbox 3631 5519 3784 5558; x_wconf 82' lang='lat' dir='ltr'><strong>area-</strong></span> 
     </span>
    </p>
   </div>
   <div class='ocr_carea' id='block_1_123' title="bbox 2187 5583 2754 5637">
    <p class='ocr_par' dir='ltr' id='par_1_123' title="bbox 2187 5583 2754 5637">
     <span class='ocr_line' id='line_1_124' title="bbox 2187 5583 2754 5637; baseline 0 -1"><span class='ocrx_word' id='word_1_878' title='bbox 2187 5599 2308 5636; x_wconf 87' lang='lat' dir='ltr'><strong>num</strong></span> <span class='ocrx_word' id='word_1_879' title='bbox 2332 5583 2530 5637; x_wconf 70' lang='lat' dir='ltr'><strong>caeleste</strong></span> <span class='ocrx_word' id='word_1_880' title='bbox 2554 5583 2754 5636; x_wconf 85' lang='lat' dir='ltr'><strong>rimari.</strong></span> 
     </span>
    </p>
   </div>
   <div class='ocr_carea' id='block_1_124' title="bbox 2261 5671 3790 5748">
    <p class='ocr_par' dir='ltr' id='par_1_124' title="bbox 2261 5671 3790 5748">
     <span class='ocr_line' id='line_1_125' title="bbox 2261 5671 3790 5748; baseline -0.005 -20"><span class='ocrx_word' id='word_1_881' title='bbox 2261 5675 2281 5706; x_wconf 83' lang='lat'><strong>‘</strong></span> <span class='ocrx_word' id='word_1_882' title='bbox 2312 5674 2588 5748; x_wconf 76' lang='lat' dir='ltr'><strong>Placatunt</strong></span> <span class='ocrx_word' id='word_1_883' title='bbox 2644 5675 2843 5748; x_wconf 74' lang='lat' dir='ltr'><strong>uulgus.</strong></span> <span class='ocrx_word' id='word_1_884' title='bbox 2883 5675 3202 5748; x_wconf 38' lang='lat' dir='ltr'><strong>Aliiflegunt</strong></span> <span class='ocrx_word' id='word_1_885' title='bbox 3233 5674 3495 5748; x_wconf 72' lang='lat' dir='ltr'><strong>placatum</strong></span> <span class='ocrx_word' id='word_1_886' title='bbox 3517 5671 3696 5735; x_wconf 85' lang='lat' dir='ltr'><strong>ulcus,</strong></span> <span class='ocrx_word' id='word_1_887' title='bbox 3730 5677 3790 5722; x_wconf 83' lang='lat' dir='ltr'><strong>ut</strong></span> 
     </span>
    </p>
   </div>
   <div class='ocr_carea' id='block_1_125' title="bbox 2186 5746 3790 5870">
    <p class='ocr_par' dir='ltr' id='par_1_125' title="bbox 2186 5746 3790 5870">
     <span class='ocr_line' id='line_1_126' title="bbox 2186 5746 3790 5870; baseline -0.002 -70"><span class='ocrx_word' id='word_1_888' title='bbox 2186 5746 2330 5870; x_wconf 42' lang='lat' dir='ltr'><strong>qli&#39;cat</strong></span> <span class='ocrx_word' id='word_1_889' title='bbox 2358 5747 2501 5802; x_wconf 85' lang='lat' dir='ltr'><strong>nolle</strong></span> <span class='ocrx_word' id='word_1_890' title='bbox 2551 5761 2612 5804; x_wconf 88' lang='lat' dir='ltr'><strong>se</strong></span> <span class='ocrx_word' id='word_1_891' title='bbox 2656 5746 2851 5803; x_wconf 84' lang='lat' dir='ltr'><strong>vulnus</strong></span> <span class='ocrx_word' id='word_1_892' title='bbox 2881 5746 3012 5803; x_wconf 87' lang='lat' dir='ltr'><strong>illud</strong></span> <span class='ocrx_word' id='word_1_893' title='bbox 3051 5746 3262 5818; x_wconf 89' lang='lat' dir='ltr'><strong>imperii</strong></span> <span class='ocrx_word' id='word_1_894' title='bbox 3289 5746 3401 5814; x_wconf 72' lang='lat' dir='ltr'><strong>iam</strong></span> <span class='ocrx_word' id='word_1_895' title='bbox 3431 5752 3679 5800; x_wconf 86' lang='lat' dir='ltr'><strong>sanatum</strong></span> <span class='ocrx_word' id='word_1_896' title='bbox 3704 5749 3790 5796; x_wconf 56' lang='lat' dir='ltr'><strong>re</strong></span> 
     </span>
     <span class='ocr_line' id='line_1_127' title="bbox 2210 5831 2399 5870; baseline -0.016 0"><span class='ocrx_word' id='word_1_897' title='bbox 2210 5831 2399 5870; x_wconf 81' lang='lat' dir='ltr'><strong>mare.</strong></span> 
     </span>
    </p>
   </div>
   <div class='ocr_carea' id='block_1_126' title="bbox 2210 5831 2399 5872">
    <p class='ocr_par' dir='ltr' id='par_1_126' title="bbox 2210 5831 2399 5872">
     <span class='ocr_line' id='line_1_128' title="bbox 2210 5831 2399 5872; baseline -0.016 -2"><span class='ocrx_word' id='word_1_898' title='bbox 2210 5831 2399 5872; x_wconf 73' lang='lat' dir='ltr'><strong>flCﬂl&#39;e.</strong></span> 
     </span>
    </p>
   </div>
  </div>
