4200 6178
454 271 574 330 455.

1653 259 2086 322 THEODOSIUS
2124 260 2212 322 ET
2253 258 2589 321 ρΑεΑτυε.

3658 264 3769 325 Αει

454 385 585 439 tanti
617 392 835 453 priestet
870 390 1019 453 gesta
1048 382 1102 437 ln
1134 396 1399 437 summam
1433 378 1639 435 referre
1664 420 1677 443 .
1728 394 1888 447 quam
1919 393 2053 434 enn-
2081 390 2136 452 Α
2160 393 2262 447 qtte
2290 378 2501 446 species
2533 375 2817 445 plurimum
2845 372 3089 431 creditur
3112 374 3329 432 trahere
3352 374 3423 431 de
3446 373 3605 433 calo.
3631 377 3760 433 Sire

455 476 715 533 merando
747 484 993 530 tenuare.
1041 474 1252 530 Dixisse
1293 471 1527 527 sufficiat
1571 487 1734 526 unum
1783 471 1933 525 illum
1976 470 2058 525 di-

454 573 653 627 vinitus
674 574 944 626 exstitisse
968 570 1019 624 in
1048 584 1155 638 quo
1179 570 1407 625 virtutes
1422 566 1580 621 simul
1604 581 1793 620 omnes
1814 565 2060 631 vigerent

454 680 575 735 qum
620 664 845 732 singulae
893 663 947 717 in
983 662 1236 716 omnibus
1288 661 1670 730 praedicantur.
1722 655 1802 711 An
1850 656 1896 711 si
1939 656 2059 726 ejus

450 759 653 813 smcqu
684 772 802 811 mes
833 757 923 811 ille
949 756 1172 810 vixisset
1215 771 1324 825 quo
1355 754 1582 807 Romani
1630 750 1800 806 duces
1832 750 1853 780 ‘
1881 750 2059 804 Mace-

454 851 666 913 donici,
697 850 717 882 ⁸
746 850 978 915 Cretici,
1019 849 1041 880 ⁸
1071 848 1379 902 Numantini
1413 848 1479 901 de
1511 845 1788 901 vocabulis
1814 845 2057 913 gentium

454 945 797 1000 subactarum
847 943 1159 1012 adoptivum
1212 943 1422 1011 insigne
1475 940 1764 997 sumebant
1807 957 1819 992 :
1862 951 2059 1010 pienne

452 1038 615 1095 hodie
644 1038 894 1107 pauciora
925 1037 977 1092 in
1013 1038 1291 1091 annalium
1322 1037 1540 1090 scriniis
1578 1048 1739 1105 quam
1767 1036 1820 1089 in
1863 1043 2057 1089 vestra:

454 1132 648 1185 domus
696 1131 868 1184 titulis
913 1138 1273 1200 cognomenta
1333 1130 1696 1199 legerentur;
1764 1143 1886 1183 cum
1941 1128 2059 1198 ipse

454 1224 777 1287 Saxonicus,
804 1223 919 1291 ipse
948 1222 1308 1286 Sarmaticus,
1342 1222 1457 1291 ipse
1486 1221 1878 1276 Alamannicus
1904 1222 2055 1277 dice-

456 1324 642 1382 retur,
697 1323 752 1369 et
793 1324 1051 1384 quantum
1098 1322 1205 1368 tota
1249 1314 1556 1382 respublica
1591 1313 1756 1368 habet
1796 1314 2055 1378 hostium,

452 1413 660 1460 tantum
693 1422 795 1459 una
826 1406 1027 1459 familia
1056 1405 1366 1460 oSIenderet
1392 1413 1448 1460 et
1489 1404 1928 1474 triumphorum?

528 1497 612 1553 Vl.
658 1506 685 1535 ι
714 1497 819 1552 Sed
863 1498 990 1568 quid
1033 1512 1255 1553 necesse
1299 1507 1384 1553 est
1424 1496 1565 1553 mitti
1609 1498 1663 1551 in
1719 1497 2054 1566 praeteritum

453 1588 788 1658 diligentiam
817 1589 1132 1645 curiosam?
1177 1592 1412 1655 Patrem,
1446 1588 1770 1656 Imperator,
1806 1597 1954 1643 tttunt
1986 1587 2058 1643 de

459 1692 511 1737 te
556 1681 912 1737 watitneutus.
973 1681 1083 1736 Nec
1126 1680 1364 1737 difficilis
1408 1681 1735 1750 eottjeclatio
1774 1690 1878 1736 est.
1924 1680 2056 1735 Nam

2161 474 2305 529 enim
2333 473 2551 528 divinus
2581 472 2673 527 ille
2701 472 2914 527 animus
2942 482 3205 527 venturus
3236 473 3289 529 in
3311 486 3512 540 corpus
3541 472 3755 542 dignum

2164 567 2312 634 prius
2340 567 2361 597 ²
2392 574 2627 619 metatur
2658 564 2985 633 hospitium;
3017 564 3152 631 sive,
3180 578 3305 617 cum
3338 564 3581 628 venerit,
3616 562 3763 633 lingit

2164 659 2530 715 habitaculum
2564 674 2660 729 pro
2690 658 2873 713 habitu
2925 672 3066 722 suo;
3118 659 3233 712 sire
3274 655 3425 713 aliud
3469 673 3535 713 ea
3592 657 3764 713 altero

2160 752 2377 814 crescit,
2409 762 2485 817 et,
2513 766 2635 805 cum
2668 750 2741 805 ae'
2759 749 2908 820 paria
2936 749 3271 820 junxerunt,
3299 764 3533 821 utraque
3560 750 3767 819 majora

2160 855 2326 911 sunt,
2379 860 2592 915 parcam
2638 859 2894 899 arcanum
2926 847 3151 899 caeleste
3195 844 3401 899 rimari.
3457 843 3579 898 Tibi
3622 840 3770 897 istud

2160 940 2258 994 soli
2293 947 2493 1009 pateat,
2521 940 2838 1004 imperator.
2864 937 2885 973 ⁸
2906 952 3028 991 cum
3062 937 3165 992 deo
3187 947 3442 993 consorte
3466 948 3767 993 secretum.

2160 1032 2294 1088 Illud
2327 1032 2503 1087 dicam
2532 1031 2675 1103 quod
2706 1031 3050 1088 intellexisse
3097 1030 3370 1085 hominem
3398 1072 3412 1096 ,
3461 1039 3518 1084 et
3555 1029 3769 1086 dixisse
3860 1020 3863 1023 ’

2163 1126 2243 1180 fas
2272 1135 2391 1181 est:
2434 1127 2595 1181 talem
2626 1139 2751 1181 esse
2780 1124 2985 1180 debere
3014 1123 3104 1192 qui
3150 1139 3181 1179 a
3208 1124 3456 1194 gentibus
3481 1123 3759 1189 adoretur;

2160 1223 2244 1277 cui
2294 1233 2408 1277 toto
2437 1223 2569 1279 orbe
2607 1232 2873 1278 terrarum
2924 1221 3131 1292 privata
3160 1263 3176 1288 ,
3232 1222 3317 1279 vel
3373 1223 3585 1293 publica
3634 1236 3759 1277 vota

2162 1316 2496 1382 redduntur;
2528 1330 2559 1369 a
2588 1330 2695 1386 quo
2724 1314 2859 1387 petit
2888 1315 3235 1385 navigaturus
3265 1330 3521 1370 serenum
3543 1356 3556 1374 .
3604 1328 3764 1383 pcre-

2160 1410 2474 1479 grinaturus
2506 1408 2765 1474 reditum,
2804 1416 3140 1479 pugnaturus
3170 1408 3495 1474 auspicium.

2234 1499 2346 1555 Vll.
2384 1501 2616 1565 Dudum,
2650 1511 2706 1555 ut
2752 1501 2930 1565 video,
2963 1500 3273 1570 dedignarls
3309 1501 3451 1556 hanc
3492 1498 3765 1571 gloriam;

2161 1596 2256 1651 scd
2290 1608 2473 1665 patere
2502 1597 2517 1628 ⁸
2553 1610 2615 1649 ea
2646 1610 2674 1649 a
2706 1610 2791 1649 me
2830 1594 2883 1650 in
2913 1593 3128 1649 laudum
3178 1603 3391 1649 tuarum
3449 1602 3600 1664 parte
3636 1607 3768 1649 cen-

2161 1692 2331 1753 stitui,
2362 1705 2482 1759 qum
2513 1688 2761 1745 Solebant
2793 1690 2845 1741 in
2877 1688 2997 1741 allis
3028 1687 3142 1743 sola
3187 1687 3417 1743 laudari.
3460 1686 3648 1742 Virtus
3675 1696 3766 1741 tua

460 1791 582 1830 cum
624 1776 734 1830 duo
764 1777 873 1831 sint
903 1791 1021 1845 qua:
1050 1777 1227 1829 claros
1256 1774 1423 1830 duces
1450 1775 1650 1829 faciant
1675 1792 1686 1827 :
1710 1789 1924 1829 sununa
1956 1774 2063 1829 vir-
2097 1785 2137 1847 Β
2171 1782 2368 1837 meruit
2408 1782 2714 1849 imperium,
2760 1780 2855 1837 sed
2884 1780 3066 1835 virtuti
3114 1780 3325 1835 addidit
3353 1783 3522 1837 forma
3574 1778 3771 1834 suﬂ‘ra-

461 1881 567 1934 tus,
599 1884 917 1935 summaque
950 1867 1177 1921 felicitas
1204 1884 1217 1932 ;
1251 1868 1391 1922 scire
1424 1868 1642 1921 obvium
1675 1876 1889 1935 estque
1927 1880 2064 1935 pra:-

456 1962 599 2025 ditus
627 1962 788 2017 fuerit
816 1962 1053 2016 virtute‘
1087 1960 1181 2031 qui
1214 1970 1265 2016 te
1293 1960 1477 2015 docuit
1501 2004 1514 2027 ,
1564 1975 1666 2029 qua
1700 1959 1858 2015 fuerit
1892 1959 2064 2013 felici-

457 2067 565 2113 tate
616 2055 871 2125 [DriBllllllS
919 2055 1012 2125 qui
1066 2063 1118 2108 te
1167 2055 1373 2123 genuit.
1424 2056 1468 2107 υ
1514 2054 1677 2124 digna
1731 2055 2060 2123 imperatore

456 2151 729 2214 nobilitas,
762 2148 790 2187 ι)
816 2149 933 2220 ejus
964 2163 1086 2204 esse
1117 2149 1287 2202 lilium
1320 2147 1641 2215 ptiucipem,
1676 2149 1767 2217 qui
1800 2149 2055 2217 princeps

457 2258 578 2300 esse
610 2244 893 2305 debuerit,
925 2243 1015 2310 qui
1046 2243 1188 2294 hunc
1216 2240 1442 2294 Romani
1480 2240 1677 2309 fastigii
1705 2244 1914 2309 apicem
1951 2256 2058 2295 non

458 2337 633 2389 solum
668 2336 981 2390 fortitudine
1010 2345 1171 2403 atque
1203 2333 1500 2401 sapientia,
1544 2333 1638 2387 scd
1669 2333 1867 2388 decore
1892 2334 2057 2389 etiam

456 2432 707 2501 corporis
732 2440 785 2483 et
813 2429 1075 2498 dignitate
1108 2430 1344 2498 potuerit
1366 2428 1615 2498 a-quarel
1645 2428 1799 2483 Velut
1833 2438 1918 2482 tua
1943 2427 2061 2484 hmo

458 2526 631 2579 forma
661 2522 1009 2587 venerabilis,
1035 2539 1192 2588 quatn
1224 2521 1454 2575 fortuna:
1481 2535 1595 2574 sua:
1625 2535 1720 2589 par
1744 2520 1863 2574 estl
1896 2535 2058 2587 quam

456 2618 616 2689 longe
661 2618 873 2687 lateque
912 2617 1205 2685 conspicua
1235 2615 1581 2671 commendat
1620 2615 1947 2685 imperium!
1990 2615 2060 2671 Ut

459 2713 617 2782 plane
648 2711 699 2764 in
728 2710 983 2780 ambiguo
1011 2709 1082 2764 sit
1112 2716 1367 2764 utrumne
1396 2718 1447 2763 te
1480 2710 1649 2778 magis
1676 2710 1876 2763 nostris
1904 2724 2056 2763 men.

459 2807 602 2863 libus
652 2806 853 2867 virtus.
905 2820 973 2859 an
1016 2805 1295 2859 obtutibus
1344 2803 1526 2859 vultus
1573 2805 1830 2858 insinuet.
1864 2814 1887 2843 ε
1936 2802 2053 2859 Νοη

457 2901 654 2957 frustra
703 2900 863 2970 plane
907 2898 1164 2967 Opinione
1212 2897 1537 2968 sapientium
1583 2898 1673 2968 qui
1729 2896 2053 2952 naturalium

457 3004 725 3057 momenta
756 3008 1040 3049 causarum
1074 2993 1322 3047 subtilius
1353 2992 1608 3047 sciscitati
1638 3033 1652 3059 ,
1697 2993 1913 3046 arcanis
1941 3006 2056 3047 cte—

456 3091 681 3148 lestibus
708 3088 915 3146 nobiles
943 3101 1102 3142 curas
1130 3085 1453 3153 intulerunt,
1486 3084 1872 3156 augustissima
1902 3099 2057 3155 qum-

2167 1875 2337 1943 gium.
2373 1873 2463 1928 Illa
2499 1873 2749 1944 pnestitit
2788 1884 2845 1927 ut
2876 1880 3156 1942 oporteret
3185 1882 3238 1927 te
3284 1872 3585 1942 principem
3620 1870 3767 1936 fleri,

2168 1968 2283 2023 lucc
2314 1976 2371 2021 ιιι
2395 1967 2637 2023 deceret.
2674 1969 2754 2021 An
2782 1982 2913 2021 vero
2939 1965 3234 2036 quidquam
3287 1977 3541 2035 putamus
3571 1964 3625 2019 in
3665 1964 3768 2018 im-

2170 2061 2303 2130 perii
2334 2059 2411 2113 tui
2443 2057 2813 2129 declarations
2854 2058 3217 2128 praeteritum,
3244 2074 3369 2114 cum
3400 2058 3616 2113 ductam
3641 2071 3767 2114 esse

2162 2155 2428 2207 rati0nem
2480 2153 2718 2220 ipsorum
2769 2151 2932 2205 etiam
2966 2150 3247 2206 videamus
3270 2152 3292 2185 ⁸
3321 2151 3631 2206 annorum!
3659 2149 3771 2206 (Συε-

2159 2249 2250 2317 jus
2275 2246 2494 2318 quidem
2539 2248 2616 2301 rei
2650 2255 2797 2300 tanta
2825 2244 2922 2303 fuit
2951 2260 3079 2300 cura
3109 2245 3424 2317 majoribus,
3455 2256 3513 2301 ut
3538 2262 3644 2301 non
3676 2260 3765 2301 80'-

2159 2340 2270 2396 lum
2299 2340 2319 2371 ³
2352 2339 2403 2393 in
2434 2338 2785 2408 amplissimis
2815 2337 3219 2408 magistratibus
3257 2338 3642 2409 adipiscendis,
3668 2336 3766 2393 scd

2162 2435 2215 2489 in
2267 2432 2516 2503 prmturis
2570 2447 2811 2503 quoque.
2871 2439 2967 2486 aut
3022 2431 3373 2487 aedilitatibus
3416 2430 3767 2502 capessendis

2161 2536 2294 2582 tetas
2334 2538 2576 2595 spectata
2615 2527 2687 2579 slt
2714 2524 3032 2595 petitorum,
3083 2538 3183 2579 nec
3221 2523 3505 2595 quisquam
3554 2535 3764 2581 tantum

2162 2620 2401 2674 Valucl‘il
2443 2618 2748 2683 nobilitate,
2786 2618 2871 2673 vel
2915 2618 3112 2688 gratia,
3148 2618 3232 2672 Vel
3266 2616 3513 2688 pecunia,
3551 2617 3639 2688 qui
3668 2633 3767 2673 an-

2163 2704 2260 2769 nos
2296 2714 2317 2745 δ
2342 2714 2601 2769 Comitiali
2632 2713 2751 2783 lege
2796 2711 3143 2783 praescriptos
3170 2712 3438 2767 festinatis
3466 2712 3767 2767 honoribus

2161 2809 2458 2878 occuparit.
2484 2805 2593 2861 Nec
2618 2805 2816 2874 injuria
2850 2805 2900 2860 id
2929 2805 3171 2873 quidem.
3212 2804 3346 2861 Nam
3385 2802 3487 2860 etd
3513 2808 3606 2876 qui
3633 2819 3765 2858 ven-

2162 2900 2267 2955 turi
2306 2909 2431 2954 sunt
2460 2900 2513 2954 in
2552 2900 2769 2953 virtutis
2797 2898 3167 2967 adeptionem,
3200 2899 3296 2955 illo
3327 2908 3507 2955 tamen
3550 2897 3765 2953 adoles-

2160 2992 2352 3047 centia:
2387 2991 2614 3057 lubrico,
2651 2999 2673 3027 ε
2718 2998 2775 3044 ut
2820 3005 2926 3045 non
2973 2980 3191 3059 cadant,
3238 2991 3487 3046 titubant.
3522 2991 3604 3047 An
3654 3005 3763 3045 non

2158 3086 2493 3140 clarissimos
2521 3083 2755 3140 nominis
2781 3084 3010 3140 Romani
3038 3086 3182 3142 viros
3204 3086 3227 3121 ⁸
3256 3086 3437 3143 Sullas
3457 3128 3471 3154 ,
3501 3084 3724 3147 Catulos
3743 3124 3761 3153 ,

1817 3205 2401 3262 INTERPRETATIO.

529 3315 555 3345 ι
584 3304 691 3361 Sed
739 3303 867 3373 quid
910 3318 1046 3372 opus
1092 3300 1404 3371 diligentius
1448 3308 1505 3356 et
1539 3298 1810 3355 curiosius
1842 3296 2049 3357 versari
2076 3295 2121 3359 C
2153 3297 2258 3373 qui
2285 3312 2466 3351 rerum
2496 3296 2843 3359 ,naturalium
2874 3311 3065 3351 causas
3092 3296 3361 3373 curiosius
3383 3294 3759 3373 perscrutati,

453 3378 597 3431 circa
633 3376 681 3430 id
714 3375 856 3443 quod
889 3374 1226 3445 praeteritum
1259 3373 1383 3427 est?

527 3447 554 3485 δ
589 3447 717 3510 Ejus
735 3440 865 3499 esse
891 3440 1072 3499 lilium
1100 3486 1115 3509 ,
1158 3448 1246 3513 qui
1293 3446 1587 3511 imperator
1616 3458 1737 3499 esse
1766 3440 2047 3506 debuerit“,

454 3519 657 3589 quique
686 3532 996 3597 supremam
1027 3518 1165 3571 hanc
1198 3516 1455 3571 Βυηιυιιω
1482 3517 1793 3586 reipublicae
1820 3515 2054 3584 dignita-

456 3600 562 3645 tem
590 3601 873 3647 meruerit.
904 3604 1009 3641 ttou
1042 3599 1274 3652 tantum,
1301 3602 1407 3642 etc.

533 3670 554 3700 ε
586 3659 706 3721 Non
741 3671 943 3716 temere
972 3660 1218 3716 creditur
1255 3662 1405 3730 juxta
1444 3667 1681 3715 mentem
1730 3656 2055 3727 sapientium

2158 3369 2400 3425 cmlestia
2430 3383 2626 3423 arcana
2660 3384 2848 3438 magna
2877 3383 3000 3423 cum
3028 3382 3156 3424 enra
3203 3369 3562 3437 investigent,
3618 3383 3761 3437 pne-

2157 3440 2549 3522 stantissimam
2589 3454 2860 3511 quamque
2902 3440 3131 3496 formam
3162 3455 3194 3495 e
3219 3440 3360 3496 etelo
3399 3440 3601 3498 ducere
3643 3439 3760 3495 eri-

2157 3527 2429 3650 gntaeillntt'os
2461 3582 2635 3638 virtus
2661 3582 2763 3637 sibi
2795 3582 3168 3653 mancipatum
3192 3593 3301 3639 est.

2237 3666 2259 3691 ε
2287 3656 2401 3710 Etsi
2434 3669 2542 3709 non
2572 3655 2826 3710 labuntur
2861 3655 2913 3709 in
2947 3655 3147 3711 scelus.

1992 3768 2223 3829 NOTAE.

528 3875 543 3904 ¹
590 3872 933 3927 Macedonici.
987 3871 1265 3942 Philippus
1315 3869 1606 3926 Alexandri
1640 3869 1819 3940 magni
1893 3877 2046 3937 pater

364 3976 377 3983 -
453 3961 550 4000 rex
584 3945 956 3998 Macrdouttm.

525 4018 544 4046 ²
577 4013 781 4067 Cretici.
832 4013 968 4068 Puta
1000 4014 1270 4068 Metellum
1292 4053 1307 4078 ,
1361 4012 1432 4067 ob
1457 4009 1774 4065 Cretensem
1814 4008 2045 4063 insulam

454 4101 543 4155 an.
580 4085 643 4138 U.
674 4084 733 4138 C.
791 4084 894 4138 637
925 4094 1281 4151 expugnatam
1302 4084 1546 4155 ,Adictum
1577 4081 1873 4138 Creticum.
1909 4079 2047 4137 Vide

454 4153 672 4211 Florum
702 4157 739 4209 l.
769 4155 828 4208 Ill
852 4197 865 4215 ,
898 4172 943 4209 c.
979 4157 1033 4217 7,
1064 4155 1125 4208 de
1150 4155 1281 4208 bello
1312 4152 1533 4207 ('Iretice.

524 4227 543 4258 ³
577 4224 911 4281 Numantini.
969 4225 1172 4289 Nempe
1202 4226 1509 4286 Scipioni-tn
1556 4222 1759 4277 dictum
1793 4223 2044 4277 .Etttilia-

453 4314 581 4353 num
621 4306 716 4353 aut
759 4298 1039 4354 Juniorem
1073 4296 1584 4356 Africanum.Panli
1616 4294 1822 4350 tEmilii
1849 4295 2042 4359 lilimn,

451 4388 481 4425 a
510 4373 763 4442 Scipione
794 4372 1046 4426 Africmto
1076 4370 1390 4442 adoptatum
1411 4409 1425 4432 ,
1474 4368 1566 4442 qui
1597 4370 1667 4422 eli
1698 4367 2046 4424 Numantiam

450 4462 536 4498 an.
574 4440 636 4499 U.
666 4441 727 4497 C.
753 4444 850 4499 62l
889 4457 1133 4498 ever~am
1166 4440 1340 4495 dit-tus
1368 4450 1454 4495 est
1483 4440 1857 4495 Numantinus.

525 4516 609 4570 Vl.
631 4545 701 4557 —-
720 4517 734 4546 ¹
773 4517 875 4583 Qui
893 4526 939 4569 te
962 4513 1158 4569 docuit.
1175 4513 1230 4567 ld
1252 4523 1357 4579 est,
1374 4527 1568 4583 parens
1598 4514 1690 4583 qui
1720 4524 1771 4567 te
1786 4511 1851 4567 ad
1874 4520 2046 4567 artem

450 4588 700 4643 bellicam
742 4587 919 4643 erudit
936 4587 995 4640 it.

525 4682 544 4711 ²
570 4678 796 4732 Metatur
841 4678 1143 4741 hospitium.
1195 4676 1453 4745 Respexit
1489 4675 1555 4729 ad
1587 4675 1761 4728 locum
1797 4673 2041 4745 Eumcnii

451 4754 610 4818 plane
650 4751 881 4801 similem
917 4770 969 4801 n.
1004 4750 1067 4801 l7
1095 4744 1391 4801 Gratiarum
1435 4747 1651 4799 actionis
1680 4761 1698 4798 .'
1733 4763 1752 4796 ι
1785 4744 2043 4818 Naturam

449 4815 620 4889 ipsam
665 4821 870 4889 magnis
923 4821 1195 4874 mentibus
1244 4818 1515 4872 domicilia
1556 4832 1844 4889 corporum
1886 4815 2045 4883 digna

452 4888 662 4946 metari.
698 4909 717 4942 ι
756 4888 817 4943 Et
862 4907 989 4944 vero
1032 4900 1216 4942 notum
1251 4898 1334 4942 est
1369 4889 1655 4959 [Ethiopas
1705 4896 1761 4942 et
1792 4888 1949 4941 Indos
1994 4889 2044 4941 in

449 4980 575 5027 rege
600 4961 885 5031 deligendo
908 4962 956 5015 id
987 4962 1222 5029 primum
1261 4961 1554 5015 observare
1586 4961 1800 5025 solitos,
1843 4970 1900 5012 ut
1926 4960 2047 5014 aliis

448 5034 700 5105 regendis
727 5034 813 5099 qui
847 5044 1309 5105 prmponcrentur,
1355 5033 1552 5105 insigni
1590 5044 1641 5105 et
1677 5033 1892 5086 excelsa
1923 5046 2046 5105 egr-

447 5100 593 5177 poris
642 5100 857 5160 Statura
903 5102 1298 5176 praecellerent.
1343 5103 1681 5176 (Aristoteles
1717 5104 1755 5158 ι.
1812 5117 1885 5156 vu
1945 5100 2050 5155 Ρο-

445 5180 571 5235 litic.
590 5180 633 5250 ).

523 5269 687 5326 'Cum
734 5269 829 5324 deo
876 5275 1132 5325 consorte.
1166 5266 1300 5321 Cum
1343 5280 1409 5319 eo
1453 5265 1633 5335 genio,
1664 5266 1755 5335 qui
1803 5263 2048 5321 consiliis

450 5342 550 5397 tuis
586 5354 796 5406 prmest.
823 5340 1047 5397 Veteres
1074 5351 1221 5394 erant
1258 5342 1305 5392 in
1337 5354 1396 5393 ea
1430 5337 1709 5404 Opinione,
1743 5352 1896 5405 suum
1928 5336 2045 5390 uni-

448 5417 657 5484 cuique,
695 5416 745 5468 in
776 5415 965 5483 primis
989 5428 1116 5466 vero
1150 5413 1565 5480 imperatoribus
1587 5411 1806 5481 genium
1828 5407 2038 5462 adesse.

518 5505 631 5562 Vll.
663 5505 878 5561 —‘Ea
927 5525 958 5559 a
1010 5524 1107 5560 me.
1158 5506 1247 5561 Fr.
1306 5504 1552 5565 Baldutni
1608 5502 2040 5561 emendationem

447 5594 666 5649 sequor,
697 5593 819 5637 cum
852 5578 903 5633 in
938 5578 1174 5634 Puteaua
1196 5575 1433 5649 editione
1463 5578 1554 5637 sit.
1601 5574 1902 5649 sedpatere
1931 5590 2043 5649 corn

444 5652 501 5705 in
530 5645 742 5719 laudum
775 5661 978 5707 tuarum
1001 5658 1143 5719 parte
1160 5648 1423 5712 constitui.
1447 5664 1560 5718 qua:
1586 5646 1819 5704 solebant
1841 5646 1894 5719 in
1925 5645 2044 5719 aliis

446 5722 557 5778 sola
585 5718 813 5790 laudari.
845 5716 1151 5785 Quod'ferri
1182 5735 1288 5775 non
1314 5716 1518 5790 potest,
1550 5720 1654 5776 nisi
1690 5733 1786 5789 pro
1811 5716 2044 5773 solebant

446 5792 654 5864 legatur
684 5788 898 5843 solebat.

2225 3867 2243 3896 ¹
2273 3864 2563 3919 Annorum.
2588 3862 2934 3922 Theodosius
2962 3865 3157 3940 agebat
3176 3882 3380 3923 annum
3407 3868 3481 3925 35
3500 3881 3623 3923 cum
3650 3866 3761 3924 fac-

2152 3947 2239 3990 tus
2272 3945 2355 3990 est
2390 3940 2687 3999 Angustus.

2222 4005 2335 4079 A'Ign
2358 4008 2689 4078 aniplisaimis
2718 4009 3122 4079 magistratibus.
3154 4008 3210 4066 In
3242 4011 3549 4067 consulatu.

2222 4077 2242 4153 ἦ
2267 4076 2528 4137 Comitiali
2560 4085 2688 4153 tege.
2722 4076 2919 4153 Legem
2962 4082 3225 4138 Annalem
3253 4083 3504 4153 intelligit
3526 4098 3632 4153 qua
3660 4082 3757 4138 dc-

2153 4151 2363 4204 linitnm
2410 4162 2493 4204 est
2536 4152 2598 4224 ab
2643 4149 2706 4206 L.
2748 4150 2909 4208 Villio
2956 4154 3159 4208 tribuno
3202 4154 3387 4224 plebis,
3430 4149 3558 4220 liuet
3594 4170 3760 4210 annos

2149 4237 2399 4291 quemque
2437 4222 2796 4295 magistratum
2827 4234 3077 4295 peterent,
3110 4222 3469 4294 caperentque.
3507 4225 3637 4281 Inde
3672 4242 3758 4278 co-

2151 4310 2367 4367 gnomen
2385 4294 2863 4367 fantiltwinditum,
2893 4306 2945 4350 ut
2975 4297 3201 4351 Annales
3221 4297 3630 4367 appellarentur.
3664 4297 3723 4350 Li
3742 4326 3756 4341 ο

2154 4368 2294 4426 vius.
2321 4365 2355 4419 ι.
2390 4382 2478 4429 χι..
2511 4383 2559 4419 c.
2581 4366 2669 4422 43.
2698 4366 3032 4435 Quamquam
3056 4367 3106 4423 id
3126 4365 3346 4435 quidem
3381 4369 3557 4423 fuerat
3584 4370 3760 4423 multo

2156 4446 2282 4489 ante
2310 4436 2615 4501 deﬁnitum,
2644 4449 2698 4490 ut
2730 4453 2794 4491 es
2827 4438 2975 4492 Livio
2999 4441 3137 4505 ipso,
3167 4449 3224 4495 et
3252 4438 3375 4495 aliis
3396 4440 3759 4505 scriptoribus

2157 4507 2312 4562 facile
2334 4508 2629 4578 colligitur.
2661 4511 2731 4563 At
2766 4508 2952 4563 Villius
2983 4509 3089 4566 dici
3120 4521 3294 4578 potest
3326 4527 3444 4566 eam
3474 4512 3647 4575 legem
3666 4519 3758 4565 aut

2078 4596 2133 4656 D
2160 4594 2471 4635 renovasse.
2506 4590 2598 4656 aut
2641 4595 2779 4634 novo
2822 4581 3003 4656 edicto
3041 4583 3397 4656 sanxisge,ut
3448 4583 3759 4656 religiosius

2158 4661 2495 4707 servitretur.
2524 4652 2680 4721 Saepe
2708 4663 2887 4707 autem
2918 4652 3182 4721 gloriatur
3209 4654 3422 4710 Tullius
3470 4669 3530 4709 se
3556 4652 3758 4720 magis-

2156 4731 2329 4775 tratus
2356 4738 2545 4777 omnes
2574 4738 2716 4777 anno
2742 4726 2929 4783 suo.id
2956 4735 3038 4777 est
3069 4725 3277 4791 legibus
3304 4726 3529 4780 definito
3558 4739 3758 4781 conse-

2152 4805 2361 4848 cutum.
2404 4794 2581 4862 Atque
2636 4795 2681 4850 is
2726 4795 2946 4863 quidem
2992 4796 3243 4861 Quaestor
3292 4798 3344 4851 in
3385 4796 3627 4853 Siciliam
3664 4796 3758 4850 ivit

2154 4880 2297 4919 anno
2319 4864 2495 4920 anatis
2523 4880 2635 4920 sum
2665 4865 2753 4920 ⁸51.
2789 4865 2986 4923 Αειιὶιὶδ
3012 4867 3219 4923 curulis
3245 4868 3343 4924 fuit
3372 4884 3462 4923 an.
3492 4869 3585 4930 37,
3614 4882 3758 4932 inra-

2155 4947 2240 4990 tor
2265 4953 2353 4995 an.
2381 4936 2476 5001 l0,
2504 4953 2567 4991 ac
2586 4936 2803 4993 domum
2833 4938 3024 4994 consul
3055 4954 3145 4994 an.
3176 4938 3269 4995 43.
3299 4938 3693 4999 ldern'l‘ulliua.
3722 4938 3759 4995 8

2156 5008 2479 5075 Philippica,
2528 5024 2581 5062 η.
2614 5008 2711 5078 48,
2744 5008 3111 5071 Alexandrum
3155 5013 3285 5069 dicit
3330 5013 3481 5073 tertio
3518 5023 3565 5067 et
3596 5010 3752 5077 trige-

2156 5079 2286 5153 simo
2315 5095 2452 5153 anno
2474 5092 2686 5153 mortem
2716 5080 2900 5137 abiisse
2925 5096 2944 5135 :
2978 5080 3106 5146 Qua:
3127 5094 3220 5148 est,
3250 5083 3443 5153 inquit,
3476 5094 3601 5136 tetas
3661 5098 3755 5137 no-

2155 5150 2499 5225 strisjegibus
2520 5151 2690 5225 decem
2719 5153 2869 5225 annis
2897 5156 3083 5218 minor,
3108 5171 3260 5225 quam
3282 5150 3589 5225 consularis.

2227 5221 2248 5251 '
2273 5221 2484 5297 Sullas,
2532 5222 2775 5297 Catulos.
2811 5221 3133 5297 Scipiones.‘
3165 5227 3270 5279 llos
3322 5228 3493 5297 tangit
3536 5223 3754 5297 Tullius

2153 5292 2395 5365 oratione
2425 5307 2519 5360 pro
2551 5292 2717 5347 leio
2751 5310 2804 5346 n.
2834 5292 2945 5349 28‘:
2979 5293 3234 5365 Equidem
3263 5292 3453 5350 multo}
3492 5308 3537 5352 rt
3568 5296 3671 5349 vidi
3697 5297 3751 5351 ita

2153 5364 2250 5416 huc
2279 5363 2504 5423 civitate,
2533 5375 2577 5417 et
2606 5366 2802 5439 audivi,
2830 5383 2929 5419 non
2956 5363 3109 5420 modo
3137 5369 3226 5439 qui
3253 5368 3562 5439 primoribus
3590 5367 3751 5439 labris

2148 5445 2432 5503 gustassent
2458 5453 2620 5506 genus
2644 5435 2743 5491 hoc
2771 5439 2905 5501 ritur,
2940 5449 2987 5491 et
3014 5435 3275 5501 extremis,
3322 5449 3376 5493 ut
3406 5440 3621 5503 dicitur,
3653 5438 3751 5491 di-

2147 5508 2267 5576 gitis
2295 5508 2600 5575 attigissent,
2632 5509 2719 5563 sed
2737 5510 2824 5575 qui
2854 5520 3013 5564 totam
3038 5511 3440 5567 adolescentiam
3468 5510 3750 5576 voluptati-

2150 5578 2238 5653 bus
2277 5579 2610 5653 dedidissent,
2643 5580 2903 5638 emersisse
2944 5583 3247 5650 aliquando,
3278 5594 3326 5639 ct
3365 5601 3421 5643 se
3448 5583 3517 5637 ad
3547 5586 3753 5653 fruge.

2146 5647 2351 5738 bon-om.
2378 5650 2656 5738 indicitur,
2686 5653 2956 5738 recepisse,
2975 5647 3251 5738 gravesque
3264 5647 3675 5738 totumfac”)
3686 5653 3751 5709 εις

2147 5721 2555 5847 {us‘tlrescjgissm
2620 5724 2694 5783 De
2750 5721 2837 5782 bis
2885 5721 3059 5782 fusius
3108 5721 3219 5798 agit
3264 5724 3448 5784 Valer.
3486 5721 3749 5782 ﬂeximus

2172 5807 2294 5860 .Vl,
2329 5810 2376 5848 c.
2406 5807 2460 5847 tt.
