4200 6178
413 238 519 302 tali

1306 243 1790 306 PANEGYRICUS
1825 242 2078 304 PACATI
2116 240 2509 305 τιΙΕΟῡΟΒΙΟ
2546 243 2820 311 οιατυε.

3604 224 3712 304 in

406 356 693 427 Scipiones
718 356 936 428 loquor,
968 357 1361 431 aliquantisper
1397 362 1499 416 sibi
1532 363 1739 416 luxuria
1771 361 2011 417 vindica-
2041 365 2087 424 Α
2118 364 2379 434 implevit.
2411 365 2557 431 Quns
2588 365 2688 420 (ςιεὶ
2728 362 2959 434 plurima
2991 360 3151 417 laude
3180 360 3452 417 dotaverlt
3483 374 3587 427 anu
3612 360 3715 413 liii-

411 451 526 506 vitl
547 452 694 517 Quos
712 452 813 507 etsi
844 452 909 505 ad
940 461 1154 521 portum
1181 456 1369 507 mtttati
1403 455 1455 508 in
1482 456 1675 509 melius
1701 456 2015 510 rcvexerint

407 544 588 607 tlatus,
622 544 713 598 diu
747 554 923 600 tamen
950 546 1206 601 vitiorum
1238 548 1398 602 turbo
1423 548 1670 617 jactavit,
1703 561 1757 603 et
1801 548 2015 602 naufra-

406 652 503 713 gos
533 645 699 705 atque
748 637 1094 699 fluctuantes,
1142 638 1213 693 ab
1252 639 1361 696 illis
1401 641 1597 708 quibus
1639 641 2016 696 inersabantur

407 730 687 783 erroribus
739 746 881 797 :egre
940 742 1074 785 mtas
1134 735 1359 801 recepit.
1413 733 1556 789 Bene
1601 734 1763 805 igitur
1816 742 2010 789 cuiu-ta

406 823 764 895 quadrarnnt,
786 836 840 880 et
866 827 1105 889 caeteris,
1129 842 1253 897 qua:
1286 830 1567 884 innumera
1611 830 2010 897 congruebant,

409 925 436 953 α
459 918 584 970 anni
614 932 832 987 quoque
862 935 1017 972 suum
1043 920 1273 989 iunxere
1322 921 1659 992 suffragium,
1692 927 1781 993 qui
1828 923 1926 977 soli
1958 924 2009 978 in

408 1008 631 1065 homine
681 1011 912 1077 perfecti
964 1014 1105 1068 bono
1151 1014 1378 1069 duarum
1438 1018 1717 1086 poliuntur
1767 1022 2009 1083 :ctatum‘,

407 1104 609 1158 virtute
632 1103 918 1173 juvenum,
949 1115 1003 1161 et
1046 1110 1360 1165 maturitate
1386 1112 1682 1165 seniorum.
1715 1111 1874 1167 Prius
1904 1112 2012 1167 lor-

403 1194 550 1251 fasse
573 1195 858 1266 imperium
888 1197 1023 1255 inire
1048 1200 1325 1267 debueris,
1362 1211 1419 1257 ut
1440 1204 1644 1259 diutius
1669 1206 1967 1273 imperares
1993 1223 2007 1259 :

401 1285 499 1342 sed
540 1288 562 1320 ⁸
593 1288 713 1344 sine
767 1291 1003 1359 exempli
1057 1293 1299 1360 periculo
1338 1295 1711 1363 ριονίἁυιιίιιιι·
1761 1312 1830 1351 ne
1879 1296 2009 1367 quid

404 1379 678 1435 amiseris.
718 1381 830 1435 Vita
863 1382 1105 1453 longiore
1138 1385 1477 1454 pensandum
1516 1387 1657 1456 quod
1705 1402 1769 1441 ex
1816 1399 2011 1457 pra-te-

403 1470 513 1525 rito
542 1471 844 1539 perdidisti.
878 1473 1071 1528 Parum
1104 1476 1335 1532 interest
1360 1477 1577 1548 quando
1604 1481 1831 1548 cmperit
1862 1480 2008 1545 quod

405 1566 696 1619 terminum
733 1582 840 1621 non
872 1568 1111 1623 habebit.

480 1655 619 1712 Vill.
672 1657 946 1714 Hactenus
989 1660 1041 1713 in
1092 1670 1144 1715 te
1175 1659 1458 1730 pra-dicata
1509 1662 1649 1727 sint,
1686 1660 2010 1732 Imperator,

2118 457 2290 511 catrix
2325 458 2435 511 veri
2479 466 2739 523 vetustus,
2780 456 2909 511 lllllll
2948 457 3065 523 plus
3096 466 3274 509 tamen
3308 454 3542 509 blandita
3579 467 3717 522 pne-

2117 552 2251 605 stitit
2275 567 2434 622 quam
2484 562 2539 607 ιιι
2563 568 2656 607 ρος
2705 552 2754 605 in
2788 552 2870 605 his
2920 550 3077 604 annis
3121 560 3338 604 secutos
3372 564 3580 618 regum,
3624 554 3717 601 aut

2115 644 2311 699 dticttnt
2338 655 2512 700 castra
2546 647 2810 715 vulgaret,
2833 648 2884 698 in
2915 646 3109 714 quibus
3135 653 3187 698 tu
3214 642 3286 697 ita
3316 642 3527 696 fortiter
3550 642 3715 696 multa

2116 739 2355 809 gessisti,
2386 748 2441 792 ιιι
2464 755 2523 791 ea
2557 754 2659 792 ιιοιι
2688 746 2892 793 tantum
2922 738 3249 801 AlBXdllllel',
3277 748 3367 790 aut
3399 735 3712 800 Africanus,

2117 842 2209 885 aut
2243 831 2473 886 Annibal
2506 832 2691 886 videre
2725 833 2851 886 dum
2892 831 3187 897 discerent,
3222 830 3316 884 sed
3352 840 3600 899 parentes
3629 837 3713 882 at-

2116 938 2220 993 que
2264 925 2601 977 institutores
2643 939 2831 977 eorum
2870 930 3149 992 optassent
3175 923 3354 976 facere
3397 922 3523 975 dum
3555 920 3716 976 doce-

2116 1025 2253 1069 rent.

2185 1108 2277 1163 IX.
2323 1120 2345 1147 ο
2378 1109 2550 1176 Quam
2594 1119 2735 1163 tecta
2771 1119 2897 1163 sunt
2936 1124 3151 1176 semper
3188 1108 3416 1163 consilia
3453 1106 3713 1161 fortnam!

2112 1202 2245 1269 Quis
2268 1245 2280 1265 ,
2317 1218 2503 1271 qmeso
2526 1246 2539 1268 ,
2574 1213 2682 1257 tum
2722 1204 2953 1274 publicis
2982 1204 3141 1256 rebus
3171 1218 3273 1255 non
3306 1210 3581 1270 putasset,
3613 1202 3718 1277 ini-

2116 1296 2313 1348 micum
2346 1298 2362 1326 ί
2394 1303 2543 1349 tuum
2575 1296 2723 1349 illum
2756 1314 2781 1347 ιι
2814 1296 3044 1350 statione
3074 1296 3340 1349 ca~trensi
3377 1294 3441 1349 ad
3474 1294 3713 1364 quietem

2115 1390 2437 1457 receptum?
2480 1391 2769 1444 Enimvero
2805 1390 2891 1445 illa
2928 1390 3163 1443 futurum
3191 1386 3217 1426 δ
3257 1390 3554 1459 principem
3578 1391 3598 1421 ¹
3628 1404 3720 1443 co-

2114 1497 2289 1545 mens,
2324 1482 2525 1537 idcirco
2549 1484 2823 1553 paulisper
2848 1483 3015 1538 voluit
3042 1499 3162 1537 esse
3194 1484 3484 1549 privatum,
3514 1491 3569 1537 ιιι
3593 1484 3719 1553 quia

2107 1576 2218 1646 jam
2252 1577 2316 1629 ad
2350 1578 2565 1647 plemnn
2602 1578 2809 1632 bellicis
2835 1581 3042 1631 artibus
3081 1576 3397 1632 abundabas
3426 1620 3438 1637 ,
3482 1592 3611 1631 usus
3642 1578 3721 1631 ci-

2113 1668 2234 1722 vilis
2261 1670 2546 1737 esperiens
2580 1670 2678 1723 sub
2700 1669 2792 1722 otii
2820 1678 3061 1737 tempore
3088 1669 3418 1723 reddercris.
3444 1669 3593 1734 Quod
3618 1683 3719 1739 ego

399 1746 547 1803 dona
578 1748 849 1815 fatorum;
877 1766 1017 1805 nunc
1043 1750 1109 1805 ad
1137 1766 1198 1805 ea
1246 1751 1590 1820 pmferatnus
1629 1760 1854 1823 gradum
1887 1770 2001 1823 quae

2117 1771 2265 1815 tnutn
2298 1764 2467 1817 otium
2498 1763 2725 1816 aliorum
2761 1763 2989 1833 negotiis
3015 1770 3316 1817 anteverto.
3348 1760 3465 1816 Non
3492 1760 3634 1817 enim
3667 1771 3719 1818 te

404 1838 501 1893 tibi
532 1840 717 1894 debes.
765 1840 953 1911 Neque
980 1842 1127 1896 enim
1160 1852 1247 1896 tua
1276 1843 1361 1896 illa
1392 1844 1661 1913 prmterita
1694 1844 1903 1898 bellica!
1928 1846 2005 1899 rei

400 1932 600 2002 gloria,
630 1949 788 2003 quant
814 1950 912 2005 per
941 1943 1025 1989 tot
1067 1935 1311 1991 laborum
1341 1939 1713 2005 experimenta
1738 1939 2003 2006 tpnesisti,

399 2025 759 2081 adscribeuda
789 2027 1019 2083 fortunae
1050 2038 1153 2082 est.
1192 2029 1287 2082 (lui
1323 2028 1424 2084 ltoc
1453 2030 1669 2084 nomine
1696 2030 1857 2085 etiam
1883 2045 2006 2085 suc-

402 2118 615 2174 censeri
645 2127 844 2188 potest,
875 2121 1014 2189 quod
1042 2137 1202 2190 quem
1246 2132 1463 2191 sceptro
1493 2134 1543 2178 et
1587 2125 1725 2178 solio
1764 2124 2007 2179 destina-

398 2222 583 2275 verat,
615 2213 629 2241 ¹
651 2226 942 2281 numquam
986 2212 1331 2281 indulgenter
1359 2214 1564 2269 habuit.
1601 2215 1705 2271 Sed
1738 2225 1795 2269 nt
1828 2216 2005 2272 severi

405 2314 589 2373 patres
618 2304 700 2359 liis
747 2321 885 2374 quos
923 2306 1041 2374 plus
1065 2306 1297 2376 diligunt
1326 2308 1453 2361 liliis
1478 2305 1505 2344 ι)
1536 2307 1807 2364 tristiores
1855 2318 2000 2374 sunt,

400 2396 481 2451 ita
516 2397 605 2452 illa
639 2407 687 2453 te
731 2396 978 2468 plurimis
1006 2398 1184 2465 bellis,
1231 2410 1284 2454 et
1328 2399 1664 2454 difficillimis
1696 2402 2004 2467 reipublic:

400 2492 742 2559 temporibus
792 2494 1056 2557 exercuit,
1096 2494 1222 2546 dum
1258 2504 1409 2562 aptat
1450 2495 1698 2565 imperio.
1751 2495 1818 2550 Et
1854 2497 2005 2565 prius

395 2586 617 2654 quidem
655 2601 814 2654 quam
858 2585 925 2640 ad
976 2586 1067 2640 illa
1109 2588 1347 2654 veniam,
1396 2602 1517 2656 quae
1556 2588 1577 2619 ¹
1620 2589 1721 2642 wvi
1760 2600 2005 2645 maturus

402 2682 585 2751 egisti,
615 2684 924 2737 summatim
951 2693 1098 2737 tuum
1129 2683 1259 2739 illud
1287 2684 1547 2754 attingam
1582 2701 1704 2739 cum
1736 2696 1886 2754 patre
1921 2686 2006 2741 di-

401 2774 533 2826 vino
562 2782 845 2828 castrense
874 2775 1184 2845 collegium,
1209 2786 1358 2829 actas
1387 2778 1487 2831 sub
1520 2777 1744 2844 pellibus
1771 2777 2000 2845 hiemes,

406 2874 627 2920 {estates
673 2869 813 2921 inter
866 2867 1005 2922 bella
1052 2867 1293 2934 sudatus,
1345 2868 1463 2924 dies
1511 2880 1805 2939 noctesque
1864 2888 2002 2939 prte-

393 2958 579 3014 liando
627 2972 722 3014 aut
781 2959 1050 3030 vigilando
1096 2972 1468 3030 consumptas,
1510 2964 1860 3032 gravissimas
1902 2982 1999 3032 pu-

393 3067 533 3122 gnas
558 3062 697 3106 terr
722 3055 968 3119 marique
998 3063 1280 3123 pugnatas.
1308 3053 1424 3107 Non
1452 3065 1557 3108 tam
1585 3054 1793 3123 patiens
1816 3056 1836 3087 ³
1858 3055 2004 3111 Afri-

2114 1866 2327 1909 amcena
2351 1854 2553 1915 littora.
2579 1868 2677 1909 nec
2708 1854 2991 1925 dispo.~itie
3012 1854 3075 1906 ad
3107 1863 3411 1922 temporum
3444 1855 3588 1908 vices
3616 1853 3715 1905 ba-

2114 1950 2280 2004 bnere
2309 1964 2557 2005 secessus
2580 1992 2593 2015 ,
2631 1949 2727 2003 sed
2759 1951 2871 2004 sive
2901 1955 2953 2002 tu
2989 1949 3162 2019 agris,
3195 1950 3309 2003 sive
3332 1948 3547 2016 oppidis
3580 1958 3715 2001 tem-

2113 2059 2214 2115 pus
2242 2043 2409 2097 dabas
2429 2089 2442 2111 ,
2476 2060 2589 2098 rem
2620 2054 2673 2097 et
2702 2043 2896 2097 famam
2928 2043 3128 2111 pariter
3157 2043 3411 2111 augebas.
3444 2041 3513 2096 Et
3543 2043 3596 2095 in
3628 2058 3719 2096 ur-

2113 2136 2273 2190 bibus
2304 2135 2521 2203 qnidetn
2557 2135 2799 2189 omnium
2825 2145 3041 2188 aetatum
3074 2133 3433 2200 ordinumque
3468 2132 3716 2187 homines

2115 2228 2227 2286 his.
2264 2235 2355 2281 aut
2389 2229 2491 2282 illis
2530 2226 2807 2281 beneﬁciis
2839 2224 2859 2264 ί
2908 2224 3392 2294 apprelteudebas,
3422 2224 3720 2279 amicorum

2112 2322 2395 2377 commoda
2420 2365 2433 2388 ,
2464 2322 2772 2377 absentium
2806 2322 3017 2389 nego-ia
3048 2319 3365 2372 assiduitate
3390 2362 3403 2385 ,
3439 2317 3669 2372 consilio
3694 2357 3711 2381 ,

2114 2432 2172 2471 re
2204 2417 2450 2485 juvabas.
2488 2416 2606 2471 Jam
2640 2416 2683 2468 si
2714 2415 3009 2483 placuisset
3039 2412 3061 2446 ³
3086 2412 3282 2482 ιιρρίιίει
3312 2426 3439 2467 rure
3472 2421 3711 2478 mutare,

2113 2519 2167 2563 ut
2218 2519 2271 2562 tu
2298 2509 2418 2562 vitae
2457 2508 2661 2561 oblitus
2692 2509 2914 2561 urbanae
2946 2506 3334 2574 exsequebaris
3372 2504 3666 2575 agricolam
3691 2504 3717 2557 Ὺ

2113 2601 2288 2655 Audio
2314 2602 2478 2655 etiam
2505 2643 2519 2663 ,
2555 2601 2883 2669 imperatur,
2917 2608 2967 2653 et
3004 2599 3171 2653 credo
3201 2613 3347 2668 sat-pe
3379 2608 3403 2645 Β
3448 2599 3623 2667 aliqua
3661 2608 3713 2654 te

2111 2696 2357 2749 laborum
2394 2695 2488 2747 tibi
2523 2694 2830 2762 injnnxisse
2852 2735 2865 2755 ,
2898 2703 2951 2747 et
2995 2708 3060 2746 ne
3088 2693 3441 2745 centralteres
3472 2692 3720 2760 eurporis

2111 2795 2395 2841 veternum
2416 2826 2429 2848 ,
2457 2785 2824 2852 cujuseemndi
2849 2799 3066 2851 semper
3093 2798 3257 2851 opere
3290 2782 3594 2836 insidiantis
3623 2782 3722 2838 otii

2113 2884 2333 2933 tersisse
2364 2878 2683 2945 rubiginem.
2720 2878 2812 2931 Sic
2851 2886 3094 2945 agrestes
3122 2876 3141 2908 ⁸
3171 2876 3353 2939 Curii,
3390 2877 3472 2932 sic
3506 2887 3720 2933 veteres

2111 2972 2133 3002 ⁸
2160 2970 2487 3035 Coruncani,
2531 2972 2613 3023 sic
2644 2970 2859 3023 nomina
2886 2968 3180 3023 reverenda
3230 2967 3252 2999 ⁸
3296 2968 3560 3031 Fabricii,
3595 2983 3719 3022 cum

2113 3064 2343 3118 llldUCliB
2374 3065 2511 3119 bella
2546 3063 2987 3133 suspenderunt,
3038 3066 3179 3116 inter
3214 3072 3394 3118 aratra
3424 3062 3712 3127 vivebant;

392 3160 566 3201 canus
594 3147 761 3215 prima
794 3145 1100 3199 rudimenta
1132 3146 1337 3201 militiaa
1368 3149 1466 3201 sub
1492 3147 1655 3203 Paulo
1687 3160 1837 3219 patre
1861 3150 1998 3205 tole-
2024 3142 2070 3204 C
2109 3167 2164 3211 et
2204 3172 2271 3211 ne
2302 3158 2468 3211 virtus
2496 3152 2523 3192 ¹ι
2550 3157 2733 3225 quiete
2761 3157 3135 3227 languesceret
3155 3196 3170 3221 ,
3216 3155 3479 3224 depositis
3511 3155 3561 3209 iu
3587 3170 3717 3226 gre-

393 3237 558 3302 ravit,
610 3253 709 3292 ncc
759 3239 872 3306 pari
925 3237 1152 3291 indole"
1184 3238 1419 3293 Annibal
1469 3256 1603 3309 puer
1662 3242 1713 3294 itt
1762 3243 1994 3298 tentoria

395 3332 633 3403 llispana
674 3334 959 3401 successit,
1002 3350 1105 3389 nec
1136 3322 1439 3389 futurarum
1476 3351 1572 3405 spe
1614 3336 1848 3393 certiore
1888 3340 1998 3394 vir-

390 3437 573 3481 tutum
600 3425 892 3501 Philippica
932 3436 1110 3483 castra
1145 3428 1452 3485 Alexander
1493 3428 1732 3485 nondum
1773 3430 1997 3501 Magnus

2112 3250 2223 3302 iniu
2252 3248 2538 3318 Capitolini
2578 3248 2726 3303 Jovis
2756 3249 2952 3301 laureis
2980 3290 2991 3310 ,
3033 3246 3383 3317 triumphales
3414 3246 3515 3300 viri
3556 3246 3719 3301 rusti-

2111 3340 2396 3394 cabuntur.
2434 3340 2561 3393 Inde
2590 3349 2671 3393 cst
2706 3340 2846 3409 quod
2877 3343 3187 3409 accepimus
3220 3338 3375 3393 datos
3404 3339 3716 3394 serentibus

2112 3432 2310 3495 fasces,
2338 3442 2394 3487 et
2419 3434 2611 3489 missas
2639 3446 2761 3485 cum
2784 3432 3063 3486 curulibus
3088 3431 3199 3485 suis
3232 3446 3326 3500 per
3361 3446 3485 3487 rura
3534 3432 3553 3465 ν
3596 3432 3714 3503 pal-

1765 3544 2357 3605 INTERPRETA'I‘IO.

467 3648 494 3676 ⁸
517 3636 674 3696 ιΕιειε
698 3639 859 3694 etiam
902 3639 1196 3695 convenit:
1226 3656 1347 3713 qure
1394 3658 1494 3698 una
1535 3642 1589 3698 in
1628 3642 1850 3699 homine
1878 3659 1995 3714 per-

396 3713 541 3766 fecta
572 3719 676 3766 est.

463 3779 493 3821 ι)
514 3782 838 3852 Asperiores
862 3793 1014 3838 sunt.

468 3864 489 3891 τ
532 3853 703 3921 Quam
740 3856 948 3909 occulta
974 3857 988 3909 l

463 3922 491 3963 ά
532 3925 919 3997 imperatorem
949 3926 1139 3983 sedulo
1162 3942 1453 3987 exornans.

2190 3655 2214 3681 ο
2256 3645 2362 3699 Pro
2394 3645 2557 3697 variis
2596 3645 3032 3713 tempestatibus.

2190 3714 2209 3753 τ
2253 3716 2369 3771 Tibi
2401 3715 2802 3786 obstringebas.

2183 3797 2208 3835 ε
2252 3787 2465 3858 Aliquid
2498 3788 2697 3843 laboris
2723 3788 2816 3842 tibi
2846 3789 3165 3857 sumpsisse.

2180 3859 2208 3895 ιι
2247 3859 2564 3916 Cessatione
2592 3868 2973 3917 enervaretur.

1931 4020 2158 4081 NOTIE.

467 4113 487 4143 '
508 4110 881 4191 Sine_r_xempli
907 4112 1158 4191 periculo.
1189 4115 1407 4187 Absque
1438 4130 1503 4172 eo
1530 4116 1674 4187 quod
1706 4118 1991 4191 quisquam

386 4200 617 4254 Sperare
647 4184 787 4238 idem
818 4186 1007 4254 po~sit.

470 4253 602 4310 VIII.
626 4285 695 4296 —-
718 4258 735 4286 ¹
766 4253 1061 4327 Nummium
1096 4258 1438 4325 indulgenter.
1474 4258 1811 4317 Theodosius
1843 4261 1989 4315 enim

389 4336 516 4398 post
557 4336 760 4394 patrem
793 4330 1132 4395 imperatoris
1156 4330 1311 4398 jussu
1353 4331 1691 4385 interfecmm
1723 4332 1905 4395 fugere
1937 4334 1992 4386 in

391 4398 707 4469 Hispaniam
753 4414 977 4453 necesse
1018 4400 1225 4466 habuit,
1256 4410 1311 4454 ut
1343 4402 1584 4469 perieulo
1614 4418 1673 4456 se
1713 4403 1989 4457 subducu-

390 4479 499 4541 ret,
535 4468 715 4534 ibique
740 4469 955 4525 delituit
983 4471 1158 4525 donec
1199 4473 1262 4525 ad
1296 4468 1582 4541 imperium
1614 4486 1991 4527 revocaretur.

386 4540 519 4596 Fuit
560 4551 615 4595 et
644 4543 769 4596 aliis
795 4541 1037 4597 adversa:
1069 4544 1297 4596 for-tuine
1340 4540 1556 4599 casibus
1604 4544 1899 4609 exercitus,
1934 4556 1996 4600 ut

392 4629 506 4665 non
536 4612 808 4664 immerito
837 4613 904 4665 de
946 4630 1011 4664 eo
1044 4614 1361 4668 Ambrosius
1408 4616 1457 4669 itt
1504 4618 1749 4671 uratimie
1778 4616 1994 4671 funebri

386 4682 593 4759 dixerit
617 4700 632 4759 ς
658 4682 894 4759 Portovit
914 4688 1095 4755 iugum
1115 4702 1266 4759 graue
1295 4683 1614 4741 Theodosius
1644 4706 1675 4741 a
1696 4691 1991 4759 juventam,

383 4755 595 4837 quando
618 4756 994 4837 insidiabantur
1016 4760 1125 4827 ejus
1150 4757 1330 4821 soluti,
1344 4760 1431 4826 qui
1454 4772 1651 4828 patrem
1672 4755 1785 4832 ejus
1804 4762 1996 4813 trium-

387 4831 663 4895 phatorcm
682 4826 999 4882 occiderant.
1036 4826 1045 4827 ί
1454 4826 1462 4828 “
1692 4826 1708 4832 ⁷

466 4899 485 4927 ³
507 4895 634 4951 (Evt
664 4906 919 4951 moturus.
947 4898 1164 4953 Eneid.
1194 4915 1248 4959 ν.
1274 4898 1343 4953 73
1373 4916 1386 4951 :
1417 4898 1543 4953 λΕιιί
1574 4910 1808 4956 moturus
1865 4904 1998 4958 Ace-

384 4976 513 5032 stes;
544 4980 593 5022 et
630 4970 665 5022 Ι.
698 4983 774 5034 lx,
804 4967 913 5024 266
944 4987 957 5022 :
988 4971 1163 5024 Animi
1186 4980 1417 5023 maturus
1442 4970 1667 5026 Alahea.

470 5038 491 5069 ³
512 5039 811 5113 Africanus.
839 5042 1020 5111 Scipio
1052 5046 1229 5096 minor
1259 5040 1606 5106 Ettiilianns,
1645 5044 1792 5098 Pauli
1824 5044 1990 5113 lilius,

383 5112 493 5183 sub
522 5122 673 5177 patre
706 5112 904 5168 bellum
930 5114 1100 5178 gessit
1130 5116 1182 5167 in
1213 5114 1468 5183 Hispania
1507 5130 1597 5169 an.
1636 5115 1699 5169 U.
1724 5116 1786 5170 (Β.
1821 5116 1950 5173 605.

461 5180 749 5237 ⁸Ακιὶὸαι.
808 5185 1083 5239 Amilcaria
1128 5180 1514 5255 ﬂliufnouem
1554 5202 1718 5240 annos
1745 5199 1920 5246 uiuus,
1956 5206 1994 5242 ιι

386 5264 540 5334 patre
577 5256 686 5334 aris
718 5254 982 5334 adoratas,
1014 5256 1271 5334 adiuerit:
1308 5255 1989 5334 Romanosperemtejura-

386 5328 479 5383 vit.
508 5326 703 5399 exinde
733 5330 901 5380 socias
933 5339 978 5381 et
1008 5328 1154 5382 miles
1192 5328 1248 5381 in
1291 5330 1471 5382 castris
1511 5330 1629 5399 fuit.
1664 5326 1844 5385 l‘lttra'
1867 5332 1995 5385 vide

382 5395 532 5468 apud
564 5402 629 5453 Α.
663 5396 962 5468 Vigorem.

460 5465 659 5544 lX._-—_
690 5470 703 5499 ³
735 5466 905 5544 Tuum
926 5476 1203 5538 receptum.
1240 5468 1480 5544 intelligo
1509 5471 1592 5544 de
1611 5480 1853 5544 tempore
1878 5488 1993 5544 quo

387 5538 731 5612 Theodosius
762 5542 946 5596 statim
984 5556 1014 5594 a
1042 5541 1287 5612 parentis
1312 5538 1450 5598 nece
1488 5544 1544 5596 in
1579 5538 1911 5612 Hispaniain
1929 5561 1992 5600 se

387 5611 599 5683 recepit
624 5628 638 5664 :
679 5612 775 5683 tibi
802 5625 1005 5673 am
1040 5611 1207 5668 ferme
1228 5613 1502 5683 integrat-
1531 5617 1774 5683 privatus
1806 5615 1944 5669 vixit
1971 5656 1991 5682 ,

380 5682 562 5738 donec
590 5698 627 5739 a
665 5680 925 5741 Gratiano
954 5682 1081 5744 inde
1119 5684 1189 5743 ad
1214 5680 1432 5753 imperii
1474 5680 1791 5749 animum
1822 5680 1981 5742 reon

384 5761 541 5809 αιιισ
571 5762 669 5809 ιιι

2171 4117 2193 4147 ⁸
2233 4114 2468 4170 Camena.
2518 4113 2601 4169 An
2644 4128 2865 4177 conatu,
2908 4122 2965 4167 ut
3006 4113 3118 4169 vult
3150 4113 3402 4169 Barthius
3430 4114 3709 4171 adversar.

2103 4189 2142 4243 L
2173 4190 2601 4329 :‘gppidazrure
2641 4266 2855 4310 mutare.
2889 4256 3071 4311 llorat.
3097 4257 3143 4329 _l.
3178 4273 3229 4313 ι.
3262 4257 3355 4329 od;
3390 4259 3452 4311 l7
3492 4277 3504 4314 :
3546 4259 3713 4315 Velox

2102 4326 2358 4384 amoenum
2381 4345 2517 4397 sirpe
2547 4328 2860 4382 Lucretilem
2892 4338 3052 4381 mutat
3085 4327 3268 4397 Lyram
3310 4326 3525 4385 Faunus
3545 4372 3559 4395 ,
3600 4343 3707 4384 t-tc.

2176 4402 2197 4435 δ
2234 4400 2399 4455 Curii.
2452 4399 2703 4467 Intellige
2746 4398 2813 4451 de
2868 4400 3044 4470 Marco
3090 4401 3253 4451 tiuriu
3298 4400 3564 4461 υιιιιιιιιιι,
3613 4403 3709 4470 qui

2106 4484 2226 4540 post
2254 4472 2557 4530 Siiuuites,
2590 4470 2629 4524 Β
2651 4470 2827 4523 ιιιὶιιος
2854 4484 2903 4523 et
2944 4469 3187 4521 Lucanus
3216 4470 3378 4523 variis
3397 4472 3552 4525 bellis
3580 4469 3709 4525 sub-

2023 4529 2077 4590 D
2102 4529 2253 4598 actm
2288 4559 2378 4593 rtts
2408 4529 2705 4598 concessit,
2740 4551 2791 4590 ιιι
2826 4552 3065 4607 privatus
3094 4544 3319 4592 viveret.

2185 4615 2207 4646 ⁸
2250 4612 2561 4667 Coruncani.
2595 4610 2643 4664 Is
2668 4628 2906 4663 omnium
2935 4614 3137 4677 primus
3167 4612 3233 4662 tle
3262 4612 3414 4675 plebe
3442 4628 3470 4666 a
3503 4613 3709 4667 Roma-

2104 4687 2376 4743 nisl'actus
2408 4681 2671 4745 pontifex,
2706 4697 2828 4735 cum
2862 4684 2936 4755 ad
2960 4681 3193 4755 Tetti-ain
3225 4682 3529 4753 Illyriorum
3565 4687 3707 4755 regi-

2107 4776 2229 4813 nam
2260 4769 2407 4810 esset
2439 4756 2667 4823 legatus,
2701 4764 2896 4822 prmter
2922 4752 3006 4821 ius
3030 4752 3215 4821 fasque
3249 4756 3568 4810 interfectus
3600 4752 3705 4812 est.

2108 4832 2242 4885 Huic
2272 4844 2300 4879 ιι
2334 4828 2533 4894 υθριιιιι
2565 4825 2811 4879 Romanu
2844 4836 3076 4878 statuam
3110 4825 3412 4881 dedicatam
3439 4843 3565 4883 esse
3597 4841 3706 4883 tra.

2103 4903 2181 4956 dit
2216 4900 2418 4954 Plinius
2442 4900 2477 4950 l.
2506 4913 2689 4963 xxuv,
2717 4913 2766 4951 c.
2792 4897 2845 4951 6.
2873 4897 3041 4963 llujus
3067 4900 3455 4959 continentiam
3484 4900 3710 4956 laudant

2108 4974 2342 5041 ΤιιΙΙιιις,
2370 4986 2463 5041 pro
2497 4967 2685 5041 Domo,
2716 4983 2767 5023 et
2796 4968 2998 5041 Livius.
3056 5040 3061 5041 ν
3684 5028 3689 5035 .

2181 5046 2202 5077 ⁸
2242 5039 2496 5095 Ειισίεἱὶ.
2533 5042 2607 5093 De
2643 5039 2875 5109 Fabricii
2925 5040 3256 5095 abstinentia
3280 5056 3441 5109 supra
3473 5042 3699 5096 dictum.

2108 5115 2291 5169 Vidvri
2320 5112 2483 5167 etiam
2520 5120 2694 5174 potest
2721 5108 2917 5166 Cicero
2951 5112 3003 5166 in
3034 5112 3240 5167 Catone
3264 5154 3277 5170 .
3327 5123 3382 5169 et
3415 5128 3510 5180 pro
3540 5113 3702 5166 Rosc.

2102 5187 2323 5249 Amen;
2356 5184 2563 5236 Plinius
2591 5182 2627 5235 l.
2662 5198 2812 5247 mit,
2842 5200 2887 5237 c.
2924 5185 2997 5243 8;
3030 5181 3314 5237 Columella
3344 5185 3379 5236 l.
3416 5201 3452 5243 ι,
3484 5185 3536 5235 in
3565 5198 3703 5252 pra-

2099 5260 2339 5326 ]utione;
2366 5256 2563 5310 Seneca
2590 5255 2788 5308 consul.
2818 5255 2887 5308 ad
2920 5253 3198 5316 Helviam;
3240 5254 3411 5326 Valer.

2183 5331 2202 5361 ⁷
2248 5328 2530 5382 Palmatas.
2564 5327 2737 5381 Vestis
2764 5327 3020 5396 palmata,
3064 5342 3161 5379 seu
3180 5323 3706 5396 trintnplialisdice-

2106 5403 2267 5455 batur
2294 5415 2396 5470 qua
2431 5394 2867 5478 triumphantes,
2908 5406 3187 5478 uecente
3210 5394 3559 5478 gill'Pilllnam
3594 5411 3708 5451 me-

2102 5466 2351 5535 ruerant,
2384 5472 2460 5525 uti
2493 5473 2749 5523 solerent.
2785 5469 2919 5521 Hinc
2960 5466 3092 5539 illud
3135 5466 3342 5539 Sidonii
3384 5468 3434 5519 in
3466 5482 3701 5539 paneg.:

2118 5543 2240 5597 Post
2271 5546 2496 5611 palmam
2527 5540 2753 5609 palmata
2777 5539 2929 5593 υσιιὶι.
2968 5537 3191 5591 Videtur
3219 5538 3382 5611 etiam
3408 5538 3473 5592 ad
3500 5537 3704 5595 consu-

2110 5616 2215 5669 lem
2250 5608 2572 5684 pertinuiSse
2602 5625 2616 5675 ;
2665 5612 3040 5684 nam__Ausoa.
3076 5624 3269 5684 paneg.
3299 5626 3319 5684 ι
3348 5608 3590 5664 Palmum
3620 5627 3705 5667 uel»

2106 5688 2200 5741 stis
2246 5680 2302 5739 ut
2346 5686 2401 5737 in
2454 5698 2577 5753 pace
2625 5681 2852 5736 consulis
2895 5689 2989 5741 est,
3042 5680 3117 5733 sic
3162 5682 3218 5734 in
3258 5683 3476 5743 uictoria
3518 5687 3707 5738 trium-

2108 5758 2341 5827 planitia.
