4200 6178
483 221 596 281 487

1677 215 2112 280 THEODOSIUS
2149 218 2239 280 ET
2281 218 2619 280 PACATUS.

3689 225 3795 283 488

497 345 672 392 malas
695 376 712 402 ,
751 335 891 407 quod
921 335 1187 409 agricolas
1215 335 1532 394 consulares
1553 377 1567 401 ,
1600 345 1953 408 pastoresque
1980 344 2090 390 tra-
2116 346 2169 405 Α
2195 335 2245 392 in
2263 336 2507 406 praelium
2525 333 3047 406 primnsire,praelio
3062 341 3372 406 postremus
3385 336 3793 403 excedere,dus

493 429 706 495 beatos,
739 439 795 486 et
830 429 1124 486 dictatores
1169 433 1312 486 inter
1351 439 1600 487 armenta
1629 431 1651 461 ⁸
1691 431 1938 485 vestitos.
1982 429 2090 485 Sed

493 521 616 579 illos
648 523 863 593 quidem
887 532 1113 594 angusta
1147 539 1236 580 res
1262 524 1541 580 familiaris
1571 523 1854 580 addicebat
1884 524 2092 592 labori,

491 624 551 670 ut
570 617 764 686 quibus
793 616 892 686 ipsi
927 617 1222 673 suburbani
1251 618 1430 682 horti,
1461 633 1811 689 praecepsque
1831 621 1850 650 ⁹
1874 617 2093 674 lanicu-

495 707 640 773 lum,
676 721 729 764 et
751 710 936 781 jugera
977 723 1181 766 aretata
1215 712 1479 782 pommrio
1507 727 1726 766 vomere
1780 719 1968 767 essr-nt
2007 722 2102 767 aut

495 801 676 872 ligone
705 802 993 867 versanda,
1029 804 1070 834 ¹⁰
1102 819 1202 859 nec
1233 804 1426 872 injuria
1474 819 1610 873 opus
1640 813 2001 859 reverteretur
2029 801 2097 858 ad

495 893 768 958 dominos,
799 912 922 952 cum
949 898 1170 953 deerant
1191 898 1386 968 quibus
1409 897 1680 967 juberent.
1718 898 1961 954 Detrahit
1992 899 2100 952 lano

493 989 617 1047 dem
666 990 936 1060 patientiae
986 993 1205 1063 inopia:
1253 992 1477 1064 majoris
1524 993 1757 1064 exempli
1810 1002 1894 1049 est
1942 992 2099 1049 labor

445 1158 447 1161 ι
497 1086 616 1142 sine
669 1088 1013 1143 necessitate.

567 1176 635 1234 X.
680 1179 929 1236 Gaudent
974 1181 1220 1252 profecto
1254 1181 1434 1237 divina
1477 1193 1501 1220 ιι
1534 1192 1798 1252 perpetuo
1832 1191 2012 1247 motu,
2043 1189 2101 1238 et

499 1267 612 1340 jugi
645 1272 939 1340 agitatione
967 1289 1026 1328 se
1059 1283 1273 1345 vegetat
1299 1275 1603 1340 mternitas,
1636 1285 1688 1328 ct
1715 1275 1970 1342 quidquid
2001 1273 2102 1328 ho-

497 1365 674 1418 mines
698 1380 956 1420 vocamus
989 1365 1233 1421 laborem
1253 1408 1266 1430 ,
1303 1376 1482 1421 vestra
1506 1377 1694 1420 natura
1719 1376 1822 1420 est.
1859 1365 1930 1422 Ut
1952 1365 2102 1421 inde-

499 1455 645 1512 fessa
685 1459 892 1528 vertigo
923 1459 1118 1514 coelum
1142 1469 1304 1524 rotat,
1340 1467 1398 1512 ιιι
1425 1461 1591 1513 maria
1614 1458 1838 1514 aestibus
1861 1457 2100 1528 inquieta

500 1560 643 1614 sunt,
681 1561 736 1604 ut
759 1559 902 1606 stare
932 1552 1010 1606 sol
1036 1551 1230 1618 nesrit,
1264 1553 1336 1606 ita
1359 1561 1437 1619 tu,
1471 1554 1786 1622 imperator,
1815 1554 2101 1608 contiona-

501 1644 570 1700 tis
619 1645 874 1718 negOtiis,
909 1643 935 1682 δ
980 1655 1035 1701 et
1081 1645 1132 1700 in
1176 1662 1234 1699 se
1281 1647 1512 1715 quodam
1564 1646 1696 1700 orbe
1750 1646 2103 1702 redeuntibus

2197 429 2426 484 consilio
2450 444 2603 495 esse,
2635 430 2792 485 miles
2819 428 3103 499 exemplo:
3137 439 3195 484 ut
3217 429 3328 500 jam
3360 440 3470 485 tum
3504 443 3684 500 posset
3709 434 3795 488 in-

2195 521 2362 590 telligi
2393 522 2528 577 alios
2558 523 2868 593 imperatori
2913 537 3171 593 pugnare,
3208 533 3261 579 te
3291 523 3410 578 tibi.
3453 523 3587 580 Illud
3619 537 3791 582 tamen

2197 636 2308 691 prae
2337 621 2548 676 caeteris
2578 619 2796 685 mirum,
2820 619 2962 692 quod
2995 634 3118 676 cum
3151 622 3331 675 omnia
3365 620 3579 677 faceres
3603 631 3661 676 ut
3691 623 3793 677 im-

2198 729 2388 784 perare
2417 713 2680 778 deberes,
2721 714 2854 769 nihil
2897 725 3076 770 tamen
3105 714 3343 771 faciebas
3373 726 3431 770 ut
3475 717 3799 787 imperares.

2274 804 2363 860 XI.
2406 805 2741 876 Argnmento
2784 815 2870 862 est
2909 807 3024 863 dies
3056 807 3150 864 ille
3178 809 3489 864 communis
3518 810 3648 866 boni
3671 825 3804 866 auc-

2200 905 2308 963 tor,
2334 914 2441 969 quo
2467 907 2520 952 tu
2547 915 2667 954 cum
2694 898 2760 953 ad
2793 898 3194 969 suscipiendam
3225 901 3618 971 rempublicam
3645 916 3806 956 voca-

2201 991 2371 1057 baris,
2397 992 2637 1046 oblatum
2684 992 2972 1062 imperium
3007 993 3334 1064 deprecatus
3363 1011 3421 1050 es
3457 1013 3468 1048 :
3502 1011 3604 1051 nec
3649 994 3704 1050 id
3738 993 3806 1050 ad

2202 1086 2444 1157 speciem
2479 1094 2708 1152 tantum,
2741 1097 2800 1141 ut
2829 1088 2948 1157 cogi
2999 1086 3286 1147 videreris.
3320 1088 3411 1143 sed
3463 1089 3663 1143 obnixe
3690 1129 3704 1154 ,
3750 1095 3808 1143 et

2203 1179 2319 1245 diu,
2349 1189 2404 1235 et
2429 1179 2578 1235 velut
2601 1179 2992 1248 impetraturus
3011 1180 3191 1250 egisti.
3211 1180 3423 1250 Quippe
3442 1179 3803 1235 aberatcausa

2203 1274 2462 1345 ﬁngendi.
2495 1272 2613 1328 Non
2644 1275 2784 1327 enim
2811 1284 2864 1328 te
2893 1273 3147 1343 princeps
3175 1273 3322 1327 solus
3345 1281 3400 1327 et
3420 1273 3660 1336 domi,ct
3681 1281 3802 1326 tan-

2205 1385 2368 1437 quam
2398 1376 2630 1423 tentaret
2659 1367 2921 1433 ambibat,
2946 1367 3038 1422 sed
3062 1368 3272 1438 publice
3323 1375 3379 1422 et
3409 1368 3424 1397 ί
3460 1367 3510 1420 in
3543 1366 3763 1421 comitio
3788 1406 3804 1432 ,

2207 1471 2262 1517 et
2292 1471 2352 1516 ut
2376 1461 2519 1516 aliud
2547 1460 2658 1532 jam
2693 1460 2869 1517 facere
2899 1476 3008 1516 non
3043 1469 3246 1530 posset.
3276 1459 3508 1514 Prorsus
3534 1468 3556 1496 ε
3590 1467 3668 1523 ut,
3703 1459 3805 1514 nisi

2207 1556 2492 1626 imperium
2539 1555 2735 1611 affectu
2777 1556 3009 1625 simplici
3052 1555 3322 1610 noluisses
3348 1597 3362 1618 ,
3393 1553 3636 1622 potueris
3664 1552 3806 1608 velle

2209 1667 2456 1709 securus.
2487 1650 2833 1722 Expostulari
2863 1650 2964 1705 hoc
3005 1651 3124 1706 loco
3155 1661 3329 1705 tecum
3356 1649 3670 1720 reipublicae
3693 1664 3812 1704 ver-

499 1751 716 1806 semper
747 1737 1019 1793 exercitus
1049 1753 1128 1792 es.
1171 1749 1192 1776 ο
1219 1736 1321 1792 Vix
1347 1739 1361 1768 ¹
1395 1748 1531 1793 lecta
1557 1737 1790 1807 Hispana
1819 1753 2098 1794 successe-
2127 1741 2176 1802 B
2204 1746 2285 1800 bis
2317 1760 2546 1800 necesse
2577 1754 2683 1809 est,
2703 1761 2824 1814 qua:
2849 1743 2900 1798 in
2925 1759 3190 1798 summam
3226 1753 3310 1797 tua
3335 1743 3681 1798 cunctatione
3707 1742 3814 1797 for-

501 1846 592 1888 ras
612 1873 628 1898 ,
647 1831 758 1902 jam
786 1831 1101 1888 Sarmaticis
1127 1833 1489 1888 tabernaculis
1513 1833 1801 1902 tegebaris.
1830 1832 1925 1887 Vix
1951 1847 2098 1888 eme-

504 1924 608 1979 rita
634 1941 784 1979 arma
813 1925 1178 1996 suspenderas
1200 1967 1213 1991 ,
1247 1925 1358 1996 jam
1395 1925 1534 1980 hosti
1564 1936 1806 1982 armatus
1837 1927 2093 1982 instabas.

503 2015 607 2072 Vix
647 2018 860 2073 Iberum
890 2029 1037 2074 tuum
1078 2019 1294 2073 videras
1319 2061 1333 2085 ,
1383 2018 1492 2087 jam
1542 2017 1675 2073 Istro
1707 2020 2100 2089 praetendebas.

501 2107 581 2164 Ne
609 2119 719 2164 tum
749 2111 966 2181 quidem
997 2113 1016 2142 ¹
1046 2127 1168 2166 cum
1189 2112 1243 2166 in
1267 2111 1514 2166 altiorem
1547 2121 1829 2182 provei-tus
1853 2113 2101 2184 gradum,

496 2204 693 2276 jubere
724 2215 930 2261 tantum
958 2246 972 2267 .
1003 2218 1058 2262 et
1089 2206 1110 2238 ⁸
1137 2205 1379 2260 dividere
1396 2221 1517 2260 cum
1552 2207 1781 2277 negotiis
1809 2209 1976 2263 otium
2004 2250 2018 2275 ,
2051 2216 2107 2263 et

505 2309 654 2369 parta
678 2301 847 2371 gloria
877 2298 902 2336 ἀ
927 2300 1073 2355 velut
1093 2300 1112 2330 ⁸³
1131 2300 1370 2368 reposito
1398 2299 1499 2355 frui
1519 2316 1706 2370 posses
1728 2302 2104 2372 honore,ope-

502 2404 616 2444 ram
643 2390 919 2457 remisisti,
947 2393 1074 2463 quin
1104 2393 1343 2446 omnium
1374 2394 1736 2449 castrensium
1768 2395 1787 2425 ³
1820 2410 2102 2450 munerum

505 2497 761 2538 numeros
790 2485 993 2553 primus
1019 2527 1034 2551 ,
1073 2496 1166 2541 aut
1195 2503 1316 2542 cum
1358 2487 1548 2558 primis
1570 2489 1751 2544 obircs
1779 2532 1793 2554 ,
1829 2500 1975 2545 stare
2009 2507 2104 2558 pro

506 2576 700 2646 signis,
733 2578 993 2634 excubias
1018 2588 1165 2635 sorte
1205 2595 1400 2651 agere,
1440 2582 1460 2612 ⁸
1489 2581 1683 2637 vallum
1715 2580 1893 2644 ferre,
1927 2583 2102 2638 locum

503 2667 648 2724 bello
673 2680 996 2743 antecapere
1018 2715 1034 2742 ,
1065 2673 1401 2745 Speculatum
1425 2674 1642 2745 egredi,
1671 2686 1846 2731 castra
1875 2678 2096 2745 metari,

2207 1837 2467 1892 midinem
2498 1854 2526 1889 a
2571 1835 2747 1891 media
2792 1852 2889 1904 spe
2923 1821 3170 1906 relapsa,
3209 1833 3227 1873 ί
3261 1834 3353 1890 tali
3383 1836 3560 1906 aliqtta
3604 1844 3655 1890 te
3686 1849 3811 1906 pro-

2204 1933 2384 2000 fecto,
2435 1932 2530 1989 sed
2589 1948 2746 2003 quam
2809 1933 2960 1987 Solus
3000 1932 3216 1987 audires
3247 1972 3260 1993 .
3319 1947 3455 1988 voce
3506 1933 3812 1987 convenit:

2208 2028 2483 2083 Parumne
2515 2043 2621 2088 me.
2667 2026 2964 2088 Theodosi.
2999 2026 3261 2082 hactenus
3291 2025 3555 2081 distulere
3603 2026 3731 2090 fata,
3757 2033 3815 2079 ut

2211 2130 2266 2176 ttt
2301 2123 2520 2188 insuper
2549 2132 2724 2175 tentes
2768 2135 2946 2174 moras
2971 2136 3168 2189 augere
3196 2121 3476 2174 fatorum?
3518 2119 3599 2173 An
3639 2119 3815 2173 nescis

2211 2229 2328 2270 rem
2361 2227 2505 2269 tuam
2541 2231 2638 2284 per
2665 2225 2936 2269 momenta
2967 2214 3251 2270 consumi?
3282 2215 3468 2270 Nescis
3510 2230 3598 2270 me
3637 2213 3769 2280 tibi,
3795 2215 3815 2244 '

2211 2310 2423 2376 tuisque
2452 2309 2814 2363 decrescere?
2842 2308 3111 2378 Quidquid
3145 2310 3327 2362 atterit
3350 2309 3371 2340 ³
3404 2307 3635 2371 Gothus,
3659 2306 3814 2378 quid-

2206 2401 2333 2470 quid
2357 2401 2494 2470 rapit
2524 2401 2544 2432 ⁸
2575 2401 2828 2465 Hunnus,
2864 2401 3121 2470 quidquid
3168 2402 3344 2456 aufert
3385 2402 3406 2432 ⁸
3449 2402 3672 2465 Alanus,
3714 2401 3734 2431 °
3767 2399 3816 2454 id

2207 2495 2335 2550 Olim
2371 2495 2702 2550 desiderabit
2729 2493 3015 2550 Arcadius.
3049 2496 3067 2524 ⁷
3091 2494 3304 2549 Perdidi
3331 2494 3656 2548 infortunata
3681 2491 3817 2547 Pan-

2207 2589 2432 2652 nonias;
2485 2589 2506 2620 ⁸
2547 2589 2704 2659 lugeo
2755 2588 2912 2642 funus
2958 2587 3200 2659 Illyrici;
3239 2591 3259 2621 θ
3306 2595 3492 2657 Specto
3544 2586 3814 2642 excidium

2207 2681 2528 2737 Galliarum.
2577 2683 2619 2714 ¹⁰
2650 2682 2958 2752 Principum
2993 2681 3175 2737 senior
3223 2682 3275 2736 in
3325 2692 3470 2736 tanta
3523 2679 3665 2736 bella
3711 2693 3814 2734 non

1868 2789 2454 2850 INTERPRETATIO.

579 2891 606 2920 λ
643 2881 911 2938 Contintta
935 2885 1169 2939 actione.

577 2952 607 2992 ι»
649 2955 713 3009 Ει
762 2971 861 3025 per
908 2955 1143 3025 aliquem
1185 2955 1446 3011 circulum
1496 2953 1600 3010 sibi
1649 2955 2106 3026 succedentibus,

510 3039 727 3094 semper
753 3035 806 3082 le
838 3041 1085 3081 exerces.

585 3109 606 3135 ο
651 3097 746 3153 Vix
779 3100 830 3152 in
859 3097 1172 3166 Hispaniam
1195 3097 1496 3153 adveneras
1521 3113 1535 3150 :
1565 3107 1621 3153 et
1647 3098 1757 3167 jam
1785 3107 1960 3153 castra
1993 3116 2108 3156 me-

507 3167 712 3252 tabaris
758 3168 813 3224 itt
863 3169 1152 3237 Sarmatia;
1195 3172 1286 3224 vix
1325 3168 1605 3240 abjeeeras
1651 3186 1800 3225 arma
1841 3170 2104 3240 victricia,

502 3255 640 3311 jam,
684 3252 792 3298 etc.

2288 2886 2314 2925 ιι
2357 2890 2642 2959 Tanquam
2674 2889 2923 2955 deposito
2948 2889 3148 2944 militia'
3175 2905 3360 2945 onere.

2293 2970 2316 2997 ο
2361 2961 2447 3021 Ut,
2481 2961 2584 3015 nisi
2607 2961 3006 3030 imperatoriam
3041 2961 3354 3028 dignitatem
3384 2977 3510 3017 vere
3535 2971 3590 3018 et
3609 2977 3674 3018 ex
3700 2963 3816 3018 ani-

2215 3047 2308 3088 mo
2340 3048 2675 3097 t-ecnsasses,
2710 3033 2949 3098 potnt-ris
2979 3040 3094 3087 toto
3125 3033 3272 3087 illam
3296 3035 3602 3088 admittere.

2301 3103 2318 3141 ί
2361 3104 2439 3160 Te
2467 3119 2599 3158 sane
2631 3104 2942 3172 hnjnsmodi
2985 3105 3189 3171 verbis,
3219 3105 3313 3161 sed
3343 3121 3461 3176 qua:
3492 3107 3644 3163 solus
3665 3105 3820 3161 audi-

2218 3175 2366 3244 visti,
2395 3176 2767 3247 compellavit.

2049 3335 2282 3394 ΝΟΤᾸΕ.

587 3429 608 3456 ⁸
634 3424 897 3499 _Vestitos.
925 3425 1146 3499 lndutos
1173 3427 1458 3484 consulum
1488 3426 1815 3499 insignibus.
1848 3428 2012 3486 Forte
2039 3430 2116 3485 Ie-

510 3496 743 3624 ge‘ndut‘p
773 3502 1016 3626 (Quantos
1041 3512 1096 3554 ut
1116 3497 1400 3555 Claudian.
1433 3499 1500 3555 de
1526 3496 1738 3556 consul.
1774 3500 1938 3556 Mallii
1967 3501 2110 3557 The-

512 3585 546 3626 o
588 3585 668 3624 or.
742 3611 755 3624 .
846 3589 858 3624 :

512 3585 668 3626 0001³.
701 3585 755 3624 ν.
785 3585 819 3626 3
846 3589 858 3624 ;

700 3661 754 3711 In
780 3661 957 3711 mediis
978 3660 1143 3712 consul
1168 3664 1405 3726 quaesitus
1426 3663 1618 3715 aratris.

587 3752 608 3782 ⁹
645 3746 962 3804 laniculum.
985 3746 1151 3821 Collis
1181 3758 1280 3821 est,
1329 3753 1421 3821 qui
1467 3749 1863 3805 transtiberina:
1904 3750 2112 3817 regioni

514 3821 784 3884 imminet,
816 3838 844 3874 a
874 3821 1010 3876 lano
1035 3820 1230 3876 dii-tus.
1260 3820 1448 3875 Ruina!
1479 3823 1720 3891 adjectus
1751 3833 1833 3876 est
1865 3821 1932 3876 ab
1964 3827 2114 3875 Anco

517 3893 732 3959 Martio,
763 3893 1013 3960 huncque
1036 3909 1141 3948 non
1173 3909 1327 3946 muro
1347 3893 1547 3957 stilum,
1576 3895 1668 3946 sed
1699 3894 1860 3947 etiam
1886 3894 2115 3947 sublicio

513 3975 702 4089 pirnte,
743 3975 854 4018 tum
901 3966 1130 4033 primum
1175 3963 1356 4019 Tiberi
1391 3964 1665 4034 imposito,
1710 3964 1965 4034 conjungi
1993 3963 2114 4019 urbi

517 4045 738 4089 liacuu.

535 4037 738 4090 ilacuit.

535 4055 550 4088 )
677 4052 738 4088 Il.

515 4052 791 4159 “a‘guNec
832 4107 1050 4178 injuria.
1081 4105 1214 4171 Quia
1243 4105 1388 4160 enim
1412 4105 1639 4161 deerant
1665 4105 1862 4175 quibus
1890 4105 2006 4176 agri
2030 4107 2111 4160 sui

517 4177 734 4233 colendi
769 4177 953 4232 curam
985 4178 1429 4245 committerent,
1470 4191 1693 4233 necesse
1723 4189 1841 4231 erat
1869 4186 1930 4231 ut
1972 4178 2115 4233 hunc

515 4247 623 4319 ipsi
655 4249 892 4303 laborem
923 4249 1280 4314 susciperent.

591 4319 663 4376 Χ.
692 4349 764 4360 -
796 4321 810 4350 ¹
846 4319 1000 4374 Tecla
1033 4319 1289 4388 Hispana.
1323 4318 1517 4391 Tangit
1542 4327 1758 4391 tempus
1785 4335 1907 4391 cum
1936 4319 2114 4374 Theo-

517 4391 705 4448 dosius
725 4391 793 4447 ad
828 4391 1067 4449 Valentis
1090 4394 1327 4447 furorem
1354 4390 1668 4447 evitandum
1693 4390 1888 4447 sesein
1923 4391 2114 4461 Hispa-

518 4465 662 4521 niam
694 4477 900 4534 recepit
928 4482 1014 4518 an.
1044 4461 1244 4518 Christi
1275 4466 1489 4520 circiter
1513 4464 1641 4518 570.

592 4538 612 4566 ²
651 4534 777 4590 Cum
811 4537 862 4590 in
882 4537 1116 4591 altiorem
1138 4545 1402 4604 provectus
1424 4538 1665 4608 gradum.
1693 4534 1830 4590 Cum
1860 4534 2032 4589 factus
2053 4549 2114 4590 es

519 4607 834 4664 imperatur.

653 4678 894 4734 Diuidere
954 4695 1071 4734 cum
1116 4679 1330 4742 negotiis
1372 4679 1551 4731 otium.
1603 4676 1737 4732 Tale
1778 4676 1908 4730 illud
1952 4676 2110 4732 Plinii

520 4749 560 4804 l.
589 4765 678 4804 \‘III
705 4751 771 4803 ad
796 4752 1082 4805 Arrianum
1107 4765 1122 4804 ε
1143 4737 1394 4820 Graviora
1423 4766 1583 4819 opera
1605 4749 1804 4802 lusibus
1823 4788 1838 4813 ,
1877 4750 2114 4820 jocisque

2149 3435 2196 3498 C
2228 3432 2280 3486 in
2330 3430 2610 3504 Scythiam
2659 3430 2784 3486 inde
2829 3433 3173 3504 transgressi,
3209 3430 3368 3502 paulo
3414 3440 3535 3502 post
3561 3431 3614 3488 in
3651 3439 3818 3487 totam

2229 3504 2502 3568 Europam
2528 3504 2897 3558 exundarunt.

2292 3575 2312 3606 ⁸
2335 3574 2577 3628 Hunnus.
2631 3577 2806 3629 lluntti
2839 3575 3125 3630 Sarmatiae
3155 3575 3438 3646 Europam
3468 3575 3822 3645 pepulijuxta

2218 3647 2513 3703 Mmoticam
2545 3648 2792 3716 paludem
2823 3648 2952 3704 olim
2986 3647 3312 3718 inoolentes,
3351 3648 3491 3702 unde
3519 3648 3724 3718 egressi
3771 3652 3820 3702 in

2219 3720 2526 3775 Pannonias
2559 3722 2817 3786 primum,
2852 3732 2963 3774 tum
3013 3719 3064 3771 in
3111 3717 3316 3774 Gallias
3351 3717 3692 3788 migrarnnt;
3736 3719 3824 3773 tibi

2220 3793 2271 3845 in
2297 3790 2662 3845 Catalaunieis
2689 3792 2898 3859 campis
2954 3790 3022 3845 ab
3063 3789 3223 3846 Aetio
3249 3806 3296 3845 et
3330 3790 3596 3845 Μετονωο
3623 3791 3828 3860 junctis

2221 3861 2651 3933 Wisigqthorum
2697 3862 3246 3933 Burgumlionumqne
3277 3862 3502 3917 ducibus
3559 3863 3682 3917 victi
3731 3880 3819 3915 an.

2216 3933 2345 3988 Cbr.
2384 3932 2510 3988 451.
2563 3932 2858 4002 (Jornande
2909 3935 2972 3987 de
3021 3935 3172 3987 rebus
3219 3933 3410 3988 Geticis
3437 3951 3484 3987 c.
3509 3933 3602 4001 24,
3632 3944 3678 3988 et
3701 3934 3824 3988 Am-

2219 4005 2356 4058 mian
2389 4015 2426 4058 t.
2461 4005 2564 4060 ιιι).
3773 4021 3776 4025 ’

2293 4003 2564 4131 Eubulida):
2603 4078 2761 4133 Alani
2787 4077 2967 4148 populi
3002 4077 3240 4148 Scythia:
3263 4075 3545 4148 Europam
3569 4077 3634 4132 ad
3663 4078 3826 4133 Mmo-

2221 4146 2362 4203 tidas
2390 4149 2635 4216 paludes,
2666 4169 2692 4200 a
2719 4146 2883 4205 ﬂuvio
2909 4146 3238 4219 cognomine
3267 4146 3463 4204 ttonten
3495 4162 3730 4204 traxere.

2292 4221 2312 4251 ⁶
2335 4221 2398 4273 Id
2453 4220 2575 4275 olim
2597 4221 2907 4276 desiderabit
2934 4221 3206 4275 Arcadius.
3244 4220 3391 4275 Haud
3417 4220 3667 4276 absimile
3695 4220 3825 4276 illttd

2217 4293 2359 4363 quod
2387 4291 2590 4348 Encas
2623 4294 2688 4348 de
2733 4293 2969 4349 Ascanio
3003 4294 3136 4358 lilio,
3166 4290 3385 4347 1Eneid.
3424 4307 3497 4355 tv,
3523 4293 3626 4348 55:
3657 4311 3667 4344 :

2345 4386 2424 4435 Me
2451 4400 2574 4449 puer
2590 4386 2844 4449 Ascanius,
2862 4386 3138 4449 capitisque
3157 4387 3333 4447 injuria
3357 4385 3512 4449 chori,

2344 4448 2503 4507 Quem
2530 4463 2685 4512 regno
2711 4448 2969 4513 aestuaria!
2994 4448 3167 4498 fraudo
3185 4457 3238 4498 et
3260 4448 3487 4498 fatalibus
3505 4451 3670 4498 armis.

2217 4533 2481 4616 Arcadius
2505 4543 2683 4589 autem
2708 4533 2810 4588 fuit
2833 4531 3124 4590 Theodosii
3163 4532 3340 4604 magni
3378 4532 3672 4588 liberorum
3700 4542 3826 4588 natu

2219 4620 2510 4660 maxnnus.

2293 4678 2310 4707 ⁷
2346 4675 2564 4746 Perdidi
2627 4674 2951 4731 Pannonias.
2994 4679 3254 4746 Apparet,
3287 4677 3460 4744 inquit
3497 4675 3824 4742 Rhenanus,

2217 4747 2321 4802 ltoc
2342 4745 2589 4817 tempore
2615 4748 2948 4803 Pannoniam
2979 4745 3312 4808 interiorem,
3339 4763 3458 4812 quae
3489 4748 3651 4803 hodie
3677 4748 3828 4804 Hun-

519 4820 804 4895 d_is_tir_iguo.
854 4821 1087 4895 Velleius
1134 4822 1170 4895 ιτ
1214 4837 1268 4874 ι;
1317 4819 1498 4895 Neque
1535 4821 1667 4895 enim
1709 4819 1978 4895 quisquam
2019 4822 2114 4895 [ioc
2145 4836 2192 4895 ι)
2217 4821 2366 4895 garia
2390 4822 2721 4895 nominatur,
2745 4821 2812 4895 ab
2839 4821 3043 4895 ll‘unnis
3067 4833 3406 4895 occupatam.
3433 4819 3574 4895 Quid
3605 4821 3830 4895 siintelo

522 4891 772 4955 Scipione
820 4892 1102 4962 elegantius
1152 4891 1424 4946 intervalla
1475 4892 1800 4963 negotiorum
1847 4891 1952 4946 otio
2001 4892 2112 4946 dis-

521 4971 903 5107 purxl'l‘eposito
921 5033 1133 5089 honore.
1161 5032 1316 5107 Velut
1343 5035 1588 5107 deposita
1610 5035 1676 5090 ad
1705 5046 1916 5104 tempus
1942 5033 2118 5107 digni—

517 5114 649 5232 tatltla.
697 5105 803 5162 Alii
833 5120 932 5178 pro
959 5109 1154 5160 honore
1185 5106 1368 5177 legunt
1413 5105 1588 5172 onere,
1635 5117 1692 5162 ut
1739 5120 1819 5161 est
1847 5105 1989 5176 apud
2018 5105 2122 5160 Ca-

519 5186 576 5232 tu
625 5195 734 5231 ttttt.
1731 5187 1736 5191 ·

519 5186 734 5233 ῑυΙΙιιιιι.
1731 5187 1736 5191 ·

589 5249 613 5281 ⁸
653 5248 929 5304 Munerum
957 5265 1212 5304 numeros.
1245 5247 1301 5304 Id
1325 5258 1429 5315 est,
1459 5260 1644 5320 partes
1665 5257 1721 5303 et
1743 5247 1940 5302 officia.
1970 5246 2120 5320 llaud

516 5320 766 5377 absimile
797 5323 929 5378 illud
963 5321 1144 5377 Plinii.
1170 5337 1342 5375 omnes
1369 5319 1623 5376 comitatis
1650 5335 1887 5372 numeros
1915 5319 2109 5373 abibas.

593 5395 612 5424 ⁸
664 5390 868 5447 Vallum
901 5397 1054 5463 ferre.
1087 5391 1312 5448 Terram
1347 5394 1490 5448 ferre
1522 5391 1661 5445 vallo
1687 5389 2040 5444 exstruendo.

592 5464 684 5520 XI.
717 5495 787 5506 —
812 5468 826 5497 ⁸
859 5465 926 5518 In
971 5464 1196 5518 comitio.
1247 5464 1535 5519 Comitium
1585 5464 1666 5517 vel
1720 5476 1816 5531 pro
1857 5475 2118 5531 con~essu

518 5534 638 5606 ipso
662 5537 915 5600 sumitur,
951 5537 1034 5590 vel
1067 5552 1163 5604 pro
1191 5537 1312 5591 loco
1331 5579 1346 5604 ,
1380 5538 1431 5590 in
1458 5549 1565 5606 quo
1593 5534 1660 5588 ad
1693 5530 1975 5604 eligendos
2003 5548 2119 5587 ma-

517 5605 776 5676 gistratus
801 5623 905 5663 con
917 5607 1254 5662 veniebatur.

591 5677 613 5708 ²
647 5674 891 5746 Iuisque.
919 5675 1152 5734 Liberis.

594 5745 860 5802 l'Gothus.
919 5748 1080 5805 ϐοιὺί
1137 5750 1318 5820 populi
1369 5765 1435 5807 ex
1491 5748 1849 5809 Scandinavia
1880 5747 2119 5819 oriundi,

2244 4897 2450 4956 igatnus
2481 4892 2612 4945 illud
2641 4893 2711 4945 de
2737 4892 3052 4960 Quadorum
3081 4889 3317 4945 motibus
3347 4893 3396 4945 in
3432 4891 3731 4953 Pannonia,
3757 4893 3828 4946 ob

2223 4962 2508 5018 Gabinium
2536 4979 2723 5017 eorum
2751 4979 2932 5034 regem
2966 4978 2994 5016 a
3029 4963 3289 5016 Ilotoanis
3318 4961 3680 5028 interfectum,
3705 4977 3829 5017 cum

2227 5034 2296 5088 ita
2329 5043 2652 5090 Cllll'rel‘llltl
2678 5048 2732 5087 ut
2777 5035 3082 5089 Danubium
3117 5035 3464 5104 transgressi.
3506 5047 3827 5102 occupatam

2224 5108 2370 5160 circa
2406 5121 2614 5160 messes
2641 5119 2909 5174 agreStem
2935 5105 3148 5175 plebem
3170 5106 3511 5171 trucidarint,
3533 5121 3830 5174 parumque

2227 5177 2518 5230 obfuerunt
2567 5177 2696 5246 quin
2736 5177 3037 5230 L'OItstatttti
3090 5177 3250 5230 filiam
3281 5175 3540 5232 Gratiano
3586 5178 3830 5247 Angusto

2229 5263 2353 5302 mox
2370 5260 2669 5318 nupturam
2699 5247 3026 5302 abduxerint
3057 5249 3337 5318 (Ammian.
3373 5250 3411 5301 ι.
3444 5264 3592 5308 xxrx,
3625 5263 3656 5303 c
3709 5248 3827 5317 35).

2303 5320 2324 5350 ⁸
2352 5317 2712 5390 Lugeoifunus
2745 5318 2970 5390 Illyrici.
3007 5317 3264 5390 Intelligit
3310 5323 3575 5374 lunestam
3615 5320 3827 5374 cladem

2225 5406 2348 5459 quae
2375 5406 2464 5464 an.
2512 5389 2645 5444 Cnr.
2672 5389 2780 5444 ’574
2809 5389 2909 5447 sub
2943 5389 3322 5446 Valentiniano
3374 5396 3626 5464 contigit.
3684 5392 3832 5462 (Ant-

2226 5466 2386 5516 mian.
2420 5462 2458 5514 l.
2488 5477 2568 5528 Ill,
2592 5479 2640 5515 ε.
2677 5465 2760 5531 8.)

2299 5537 2321 5568 ⁹
2364 5533 2556 5604 Specto
2588 5534 2844 5589 excidium
2891 5533 3202 5589 Galliarum.
3237 5535 3682 5590 Transrhenanis
3724 5547 3825 5604 po-

2229 5606 2370 5680 pulis
2387 5606 2689 5680 ittrGallias
2720 5607 3144 5680 irrumpentibus
3209 5605 3580 5680 (Ammianus)

2305 5678 2348 5709 ¹⁰
2376 5675 2684 5750 Principum
2721 5675 2913 5735 senior.
2941 5675 3237 5737 Gratianus
3267 5691 3380 5736 tum
3407 5689 3526 5737 erat
3557 5675 3631 5735 20
3659 5691 3832 5734 anno-

2234 5764 2378 5808 rum.

3627 5810 3682 5825 5..-
