4200 6178
372 210 482 268 489

1269 210 1754 272 PANEGYRICUS
1790 212 2041 273 PACATI
2078 212 2471 277 THEODOSIO
2512 218 2777 280 DICTUS.

3561 227 3666 284 490

370 326 604 390 sufﬁcit;
635 326 774 381 alter
799 326 900 382 etsi
943 326 1154 384 futurus
1184 329 1254 384 sit
1296 330 1587 401 aliquando
1612 331 1957 399 fortissimus,
1991 333 2040 393 Α
2067 334 2174 388 vita
2195 335 2446 402 delectat,
2465 353 2694 408 quorum
2717 335 3014 393 crudelitas
3039 336 3382 393 indamnatus
3405 340 3663 403 necandi,

375 420 416 450 ¹¹
450 419 625 475 adhuc
653 429 835 476 tamen
862 436 1063 492 parvus
1090 432 1194 478 est.
1217 423 1295 478 Tu
1328 425 1541 479 dubitas
1571 428 1831 497 excipere
1854 427 1968 482 col-

370 510 672 581 lapsam,et
694 523 719 550 α
742 523 800 568 ιιι
826 515 960 570 nihil
986 515 1231 581 differas,
1260 531 1384 572 sero
1406 519 1795 588 reparandam?
1817 519 1967 575 Hanc

369 606 498 660 mihi
530 608 759 677 gratiam
792 606 962 664 refers
991 610 1136 680 quod
1169 618 1221 665 te
1248 611 1411 665 etiam
1457 610 1585 664 felix
1617 610 1968 667 desideravi?

367 697 510 768 quod
542 714 666 754 cum
698 715 784 755 me
826 699 1000 756 Nerva
1045 702 1392 771 tranquillus,
1448 717 1601 757 amor
1624 705 1840 773 generis
1866 704 1968 759 hu-

367 791 510 844 mani
544 791 718 859 Titus,
747 793 949 862 pietate
989 793 1357 849 memorabilis
1385 793 1688 851 Antoninus
1713 805 1920 852 teneret
1947 814 1961 863 ;

365 899 488 938 cum
532 885 572 916 ¹²
620 885 892 940 ῐηωηὶὺυε
920 885 1191 957 Augustus
1232 870 1712 958 ernaret,‘legibus
1738 873 1966 945 Hadria.-

368 991 472 1030 nus
499 976 792 1045 imbueret,
835 978 1031 1034 finibus
1051 978 1317 1049 Trajanus
1345 990 1588 1050 augeret,
1619 995 1808 1050 parum
1834 980 1964 1036 mihi

371 1070 598 1127 videbar
625 1071 806 1139 beata,
833 1073 957 1144 quia
995 1088 1100 1127 non
1133 1088 1282 1128 eram
1309 1073 1434 1128 tua?
1459 1073 1596 1142 Quid
1630 1084 1682 1129 tu
1712 1074 1846 1129 mihi
1882 1074 1963 1129 fa-

368 1178 520 1218 ceres
567 1165 612 1218 si
655 1165 794 1234 juris
842 1165 918 1219 tui
958 1168 1146 1221 esses?
1199 1165 1331 1221 Orat
1382 1182 1509 1222 ecce
1555 1167 1600 1198 ¹³
1630 1176 1680 1222 te
1710 1167 1964 1223 dominus

365 1270 543 1319 meus,
565 1266 682 1310 orat
702 1272 826 1312 ecce
853 1266 904 1313 te
923 1257 1176 1313 dominus
1197 1258 1373 1314 adhuc
1396 1267 1542 1327 tuus,
1565 1271 1640 1325 et,
1662 1261 1750 1328 qui
1781 1269 1966 1331 posset

275 1377 280 1381 -
365 1365 588 1422 cogere,
623 1351 828 1407 mavult
856 1352 1167 1421 impetrare.
1205 1353 1494 1424 Imperium
1526 1353 1668 1424 quod
1701 1355 1769 1408 ab
1796 1354 1966 1423 impe-

370 1453 554 1500 ratore
583 1443 849 1509 defertur,
885 1455 990 1500 tam
1025 1447 1119 1500 tibi
1149 1447 1292 1502 nolle
1313 1447 1427 1517 jam
1456 1462 1566 1502 non
1597 1447 1722 1503 licet
1748 1488 1762 1512 ,
1803 1463 1961 1518 quam

365 1536 510 1592 velle
541 1552 646 1591 non
682 1538 856 1593 licuit.

440 1629 557 1684 XII.
600 1630 760 1685 Solus
788 1631 970 1702 igitur,
1005 1632 1265 1703 Auguste,
1300 1631 1449 1689 solus
1474 1633 1690 1703 inquam
1721 1632 1961 1689 omnium

2071 427 2338 496 cupiditas
2369 429 2575 497 privata
2625 429 2870 500 rapiendi
2899 471 2912 495 ,
2946 430 3114 485 libido
3146 429 3378 485 honesta
3427 430 3664 486 ftedandi

2065 517 2154 587 jus
2183 527 2342 589 atque
2375 520 2747 592 impunitatem
2776 523 3083 593 requirunt.
3115 523 3253 591 Quid
3286 533 3374 578 tua
3407 524 3669 580 intererat

2070 619 2122 666 te
2149 613 2445 683 principem
2490 614 2606 670 ﬁeri
2631 657 2644 680 ,
2668 616 2757 687 qui
2805 616 3012 671 futurus
3042 632 3165 672 eras
3189 619 3210 649 ⁸
3233 618 3286 672 in
3339 617 3666 685 imperatore

2070 706 2348 776 privatus?
2373 712 2392 740 ο
2420 708 2533 764 Nisi
2563 708 2704 765 forte
2731 710 2782 763 in
2811 718 2863 765 te
2887 710 3048 765 hodie
3073 720 3164 765 aut
3186 711 3455 780 pudicitia:
3476 711 3665 766 remis-

2069 799 2182 854 sior
2210 801 2405 867 cultus,
2438 811 2530 856 aut
2561 802 2738 857 minor
2766 803 3044 873 sanguinis
3078 805 3297 858 humani
3344 813 3542 869 metus,
3575 813 3667 859 aut

2069 891 2261 947 aliena:
2288 893 2364 947 rei
2397 893 2571 963 major
2607 904 2691 949 est
2717 895 3010 965 appetitus.
3042 895 3185 951 Idem
3217 911 3277 951 es
3301 896 3391 963 qui
3414 897 3582 961 fuisti,
3611 906 3666 952 et

2071 993 2276 1039 tantum
2306 985 2396 1041 tibi
2443 1001 2541 1056 per
2585 995 2635 1040 te
2675 986 2802 1041 licet
2845 995 3100 1055 quantum
3132 1002 3228 1055 per
3259 987 3405 1057 leges
3437 988 3655 1041 licebat.

2068 1074 2164 1130 Jus
2193 1091 2461 1131 summum
2494 1077 2746 1132 facultate
2794 1087 2847 1133 et
2885 1079 3039 1148 copia
3083 1078 3505 1141 commodandi,
3556 1095 3664 1133 non

2069 1167 2361 1222 securitate
2392 1169 2647 1238 peccandi
2687 1168 2973 1239 experiris.
3030 1168 3210 1225 Unum
3261 1170 3355 1224 tibi
3409 1171 3668 1240 praestitit

2070 1260 2426 1329 principatus,
2455 1273 2513 1316 ut
2546 1271 2752 1318 certum
2785 1263 3109 1318 haberemus
3139 1279 3350 1329 omnes,
3381 1265 3540 1319 etiam
3567 1266 3669 1319 sub

2069 1352 2484 1421 imperatoribus
2537 1354 2660 1409 aliis
2703 1353 2905 1408 vixisse
2934 1364 2984 1410 te
3028 1357 3238 1426 legibus
3264 1357 3388 1410 tuis.
3416 1355 3546 1411 Nam
3576 1357 3667 1427 qui

2064 1444 2203 1501 nihil
2233 1444 2358 1502 facit
2388 1447 2614 1502 licenter
2638 1462 2759 1502 cum
2796 1456 2997 1515 potest,
3023 1462 3299 1518 nunquam
3326 1447 3517 1503 voluit.

2140 1537 2278 1593 XIII.
2306 1538 2446 1606 Quin
2478 1540 2566 1594 ubi
2591 1540 2821 1608 primum
2849 1548 2902 1593 te
2944 1540 3171 1608 imperio
3207 1539 3528 1608 praestitisti,
3557 1554 3666 1594 non

2067 1640 2353 1689 contentus
2393 1634 2510 1704 ipse
2536 1646 2558 1672 α
2589 1635 2730 1689 ultra
2770 1634 2897 1688 vitia
2948 1634 3261 1700 recessisse,
3308 1635 3502 1690 alienis
3526 1635 3670 1690 vitiis

365 1725 454 1795 qui
489 1723 664 1779 adhuc
712 1724 1116 1794 imperaverunt
1162 1728 1175 1757 ¹
1207 1736 1264 1782 ut
1290 1727 1542 1798 princeps
1565 1742 1715 1783 esses
1750 1729 1962 1798 praesti-
1993 1737 2042 1798 Β
2068 1725 2404 1795 corrigendis
2422 1741 2606 1781 curam
2635 1725 2877 1796 adiecisti
2905 1742 2918 1790 ;
2953 1725 3110 1797 idque
3139 1726 3441 1793 moderate,
3464 1737 3521 1781 ut
3544 1743 3671 1782 sua-

367 1817 501 1870 tisti.
559 1816 711 1872 Alios
743 1828 924 1888 empta
958 1819 1228 1890 legionum
1277 1820 1530 1892 suffragia
1553 1863 1566 1885 ,
1597 1822 1732 1877 alios
1766 1836 1964 1878 vacans

365 1908 513 1974 aula,
541 1907 676 1963 alios
700 1908 936 1965 aftiuitas
987 1911 1132 1982 regia
1187 1913 1495 1980 imposuere
1538 1913 1886 1984 reipublicae:
1915 1924 1965 1971 te

366 2016 470 2056 nec
497 1995 755 2068 anibitus,
774 2018 875 2058 nec
896 2004 1132 2071 occasio,
1158 2021 1256 2060 nec
1280 2006 1650 2076 propinquitas
1665 2007 1963 2076 principem

365 2109 707 2154 creaverunt.
758 2099 891 2154 Nam
918 2111 970 2156 et
1002 2117 1124 2157 eras
1148 2119 1176 2156 a
1210 2102 1408 2158 familia
1458 2104 1803 2173 imperatoris
1830 2104 1965 2159 alie-

368 2207 505 2257 nus,
556 2201 610 2246 et
640 2194 660 2222 ³
690 2191 1046 2250 asciscebaris
1074 2198 1284 2256 tertius.
1314 2204 1370 2251 et
1397 2197 1682 2268 cogebaris
1723 2199 1926 2253 invitus
1949 2239 1964 2266 ,

369 2283 574 2340 invitus
621 2285 859 2357 inquam.
891 2286 1091 2342 Audite
1123 2289 1226 2344 hoc
1256 2289 1275 2320 ³
1305 2289 1506 2360 publici
1541 2290 1845 2360 parricidae,
1875 2290 1964 2360 qui

369 2377 392 2409 ⁸
417 2378 580 2433 oblita
609 2379 733 2447 fide,
763 2380 1104 2436 dominorum
1129 2392 1342 2452 sceptra
1375 2383 1616 2451 cepisus,
1647 2391 1703 2440 et
1727 2383 1968 2453 periculo

373 2486 483 2527 non
512 2472 724 2528 minore
751 2489 912 2543 quam
953 2475 1163 2530 scelere
1190 2516 1204 2539 ,
1238 2475 1527 2545 imperium
1551 2479 1661 2531 vita
1687 2476 1970 2545 paciscen-

375 2572 477 2629 tes,
505 2566 783 2636 sanguinis
797 2567 974 2637 pretio
989 2569 1198 2638 regium
1224 2583 1419 2624 nomen
1434 2568 1644 2624 emistis
1660 2587 1674 2630 ;
1693 2570 1966 2639 repulsam

374 2658 576 2728 patitur
619 2660 985 2729 principatus},
1019 2668 1074 2715 et
1102 2676 1240 2716 unus
1279 2671 1365 2717 est
1385 2663 1406 2692 ⁸
1431 2661 1669 2716 ambitus
1695 2661 1968 2716 candidati

372 2764 444 2804 ne
465 2749 789 2805 declaretur.
819 2750 1091 2807 Credetne
1122 2751 1224 2808 hoc
1244 2753 1375 2808 olim
1399 2761 1622 2808 ventura
1656 2752 1965 2823 posteritas,

372 2850 431 2895 et
479 2843 754 2910 praestabit
791 2842 948 2898 nobis
973 2852 1077 2897 tam
1103 2844 1399 2912 gloriosam
1429 2844 1613 2912 ﬁdem,
1638 2843 1666 2882 ι)
1700 2854 1758 2899 ut
1780 2855 1969 2899 nostro

371 2932 593 2988 demum
633 2935 832 2988 saeculo
859 2944 1062 2990 annuat
1090 2936 1288 2991 factum
1313 2936 1456 3007 quod
1500 2939 1666 2991 tantis
1711 2936 1850 2990 infra
1878 2950 1970 2991 su-

370 3041 580 3096 praque
611 3028 946 3097 temporibus
970 3044 1073 3085 nec
1112 3029 1384 3086 invenerit
1411 3030 1668 3086 aemulum
1687 3072 1700 3096 ,
1746 3047 1847 3088 nec
1873 3030 1970 3085 ha-

2069 1818 2200 1874 dere
2251 1820 2428 1887 potius
2457 1818 2681 1874 honesta
2723 1835 2881 1888 quam
2911 1834 3106 1889 cogere
3136 1819 3416 1876 videreris.
3450 1819 3518 1874 Et
3545 1821 3671 1891 quia

2068 1913 2156 1968 vel
2188 1915 2201 1944 '
2228 1913 2389 1982 longo
2421 1912 2661 1969 Orientis
2690 1927 2809 1975 usu,
2838 1911 2924 1967 vel
2975 1911 3266 1966 multorum
3296 1920 3446 1966 retro
3469 1913 3674 1981 princi-

2070 2019 2194 2075 pum
2225 2004 2566 2070 remissione,
2604 2012 2784 2058 tantus
2813 2001 3074 2072 quosdam
3108 2003 3266 2057 luxus
3298 2002 3590 2068 infecerat,
3613 2009 3674 2057 ut

2069 2099 2251 2154 adulta
2279 2097 2617 2154 consuetudo
2641 2097 2879 2152 lasciviat
2935 2098 3076 2151 haud
3110 2113 3376 2168 quaquam
3407 2099 3565 2154 facile
3593 2099 3671 2152 vi-

2070 2191 2288 2246 deretur
2322 2193 2760 2262 obtemperatura
2807 2189 3130 2253 medicines,
3181 2205 3247 2244 ne
3292 2191 3412 2258 quis
3456 2205 3514 2245 se
3563 2192 3673 2260 pati

2071 2283 2321 2353 injuriatn
2365 2293 2618 2354 putaret,
2671 2299 2699 2336 a
2734 2293 2785 2338 te
2805 2282 3023 2337 voluisti
3073 2283 3313 2352 incipere
3363 2297 3672 2351 censuram,

2069 2385 2126 2432 et
2151 2379 2172 2409 ⁸
2202 2376 2476 2446 impendia
2522 2375 2757 2445 palatina
2806 2374 3118 2439 minuendo,
3168 2389 3267 2429 nec
3297 2373 3472 2429 solum
3505 2375 3678 2431 abun-

2070 2470 2289 2525 dantem
2344 2468 2644 2539 rejicieudo
2695 2477 2994 2537 sumptum.
3030 2467 3126 2522 sed
3175 2467 3263 2522 vix
3306 2470 3675 2524 necessarium

2071 2561 2382 2633 usurpando
2410 2562 2431 2593 ³
2459 2562 2775 2617 demensum
2797 2603 2811 2628 ,
2864 2560 3006 2631 quod
3066 2571 3258 2616 natura
3293 2561 3672 2617 difﬁcillimum

2070 2666 2174 2722 εει,
2207 2652 2509 2709 emendasti
2557 2652 2822 2708 volentes.
2877 2655 2957 2705 An
3008 2652 3128 2721 quis
3155 2651 3323 2707 ferret
3349 2653 3579 2709 moleste
3607 2655 3673 2708 ad

2073 2748 2333 2819 principis
2370 2758 2543 2802 semet
2590 2746 2810 2800 modum
2852 2746 3140 2801 coerceri?
3193 2756 3282 2800 aut
3338 2748 3675 2803 subtractum

2071 2841 2174 2895 sibi
2197 2840 2404 2894 doleret
2433 2839 2501 2893 de
2559 2839 2761 2908 privata
2792 2840 3025 2904 luxuria,
3050 2855 3170 2895 cum
3196 2841 3403 2898 videret
3453 2843 3678 2913 impera-

2073 2940 2269 2999 torem,
2300 2947 2480 2987 rerum
2527 2941 2824 3000 potentem,
2864 2940 3131 2988 terrarttm
3165 2933 3552 3005 hominumque
3580 2938 3678 2989 do-

2073 3026 2299 3092 minum,
2355 3038 2516 3095 parce
2560 3033 2926 3095 contenteque
2975 3027 3288 3095 viventem,
3333 3028 3550 3083 modico
3575 3037 3630 3083 et
3658 3027 3675 3057 ⁵

368 3121 552 3179 buerit
586 3123 933 3192 exemplum?
964 3123 1071 3180 Sed
1098 3125 1188 3195 qui
1233 3125 1253 3155 θ
1281 3125 1404 3179 vim:
1429 3132 1536 3180 tua:
1561 3135 1767 3182 sectam
1801 3125 1968 3181 ratio-
1996 3117 2041 3180 C
2075 3118 2340 3174 castrensi
2363 3117 2484 3174 cibo
2506 3116 2710 3188 jejunia
2748 3117 2904 3188 longa
2943 3119 3206 3176 solantem
3231 3121 3254 3174 ἲ
3275 3121 3341 3175 ad
3369 3123 3471 3177 hoc
3496 3123 3677 3177 aulam

369 3232 581 3288 nesque
607 3219 944 3289 cognoverit,
992 3218 1116 3274 lldei
1162 3218 1545 3275 incunctanter
1587 3219 1832 3286 accedet,
1871 3234 1972 3275 nec

370 3309 631 3366 abnuisse
661 3311 931 3368 dubitabit
970 3311 1257 3383 imperium
1289 3313 1406 3367 sic7
1440 3312 1852 3382 imperaturum.
1887 3311 1971 3366 llli

368 3396 539 3472 enim,
563 3403 642 3459 illi
667 3403 822 3461 avide
843 3419 1007 3478 regna
1037 3404 1370 3472 desiderent,
1394 3419 1531 3476 quos
1553 3403 1728 3461 soluta
1758 3404 1970 3476 legibus

2081 3229 2298 3269 omnem
2327 3213 2350 3244 ⁸
2398 3212 2679 3284 Spartanis
2720 3214 3022 3285 gymnasiis
3082 3214 3356 3270 duriorem
3383 3256 3397 3281 ,
3453 3215 3675 3280 laboris,

2075 3309 2370 3380 patientiae,
2402 3306 2725 3378 frugalitatis
2754 3307 3021 3378 exemplis
3072 3308 3437 3364 abundantem
3462 3308 3485 3361 ?
3509 3307 3680 3364 nemi-

2074 3419 2198 3459 nem
2227 3418 2394 3458 unum
2437 3401 2688 3468 inveniri,
2717 3403 2808 3472 qui
2861 3399 3090 3457 auderet
3128 3401 3196 3457 ad
3237 3416 3438 3473 penum
3465 3403 3675 3474 regium

1730 3538 2314 3598 INTERPRETATIO.

367 3651 471 3769 ml;
513 3639 698 3698 Serius
726 3640 1162 3708 instaurandum,
1195 3641 1282 3697 vel
1311 3641 1356 3698 si
1401 3656 1613 3699 moram
1639 3641 1846 3698 nullam
1875 3640 1972 3698 ad-

413 3731 426 3769 l
469 3727 580 3769 eas.

413 3727 580 3770 meas.

2148 3637 2177 3676 ι)
2190 3637 2458 3711 mnos-im
2469 3635 2684 3711 tandem
2700 3641 2856 3690 tritate
2870 3632 3405 3711 fateaturcontigisse
3415 3639 3558 3711 quod
3570 3648 3677 3698 etc.

2155 3721 2177 3748 ο
2207 3709 2290 3765 Ab
2315 3709 2462 3765 omni
2489 3708 2618 3763 vitio
2649 3706 2945 3762 immunem
2979 3717 3029 3762 te
3044 3706 3380 3777 praestitisse.

1904 3823 2136 3884 NOTAE.

448 3923 484 3954 “
519 3922 700 3977 Adhuc
728 3939 915 3994 parvus
945 3933 1038 3980 est.
1085 3923 1495 3979 Valentinianus
1521 3921 1711 3994 Junior
1758 3935 1962 3994 nonum

368 4003 580 4049 tantum
608 3993 799 4065 agebat
825 4011 1048 4060 annum,
1084 4004 1220 4051 teste
1242 3994 1548 4060 Ammiano,
1582 3993 1775 4059 ldatio,
1798 3993 1964 4050 Chro'

365 4065 495 4121 nico
521 4065 814 4120 Alexandr.
831 4107 844 4130 ,
870 4078 978 4123 etc.

447 4138 487 4167 ¹²
535 4135 787 4192 Manibus
815 4148 1042 4192 ornaret.
1079 4137 1372 4192 Balduinus
1395 4153 1489 4208 pro
1521 4137 1766 4191 nttcnibus
1797 4135 1962 4191 resti-

361 4207 474 4266 tuit
499 4210 748 4263 moribus.
783 4208 941 4263 Juxta
970 4209 1099 4265 illud
1128 4209 1332 4265 Horatii
1363 4207 1484 4276 Litt,
1516 4225 1604 4278 ep.
1640 4209 1662 4262 l
1699 4225 1711 4262 :

496 4300 594 4351 Res
616 4301 758 4352 ltalas
778 4303 925 4351 armis
943 4304 1138 4362 tuteris,
1163 4303 1379 4352 moribus
1401 4315 1566 4352 ornes.

448 4384 490 4415 ιδ
525 4383 775 4439 Dominus
822 4403 985 4440 meus.
1018 4385 1326 4442 Gratianus.

445 4455 554 4509 Xll.
585 4487 656 4497 -
679 4458 697 4528 ¹ν
735 4455 802 4511 Ut
824 4458 1058 4528 princeps
1087 4473 1219 4511 esses
1247 4456 1550 4528 praestitisti.
1586 4457 1668 4510 An
1701 4464 1757 4510 ut
1791 4453 1967 4524 placet

361 4527 609 4582 Acidalio
637 4527 942 4582 addendum
979 4527 1246 4582 restitisti?

444 4601 463 4628 ³
496 4599 832 4654 Asciscebaris
883 4600 1079 4653 tertius.
1110 4599 1244 4654 Tum
1279 4600 1422 4654 enim
1451 4598 1745 4654 Gratianus
1773 4605 1829 4654 ct
1857 4596 1965 4652 Va-

362 4670 693 4725 lentinianus
723 4671 1008 4738 imperium
1034 4670 1371 4725 obtinebant.

443 4741 462 4769 ⁸
494 4739 698 4794 Publici
728 4743 1019 4808 ραντὶσὶάιε.
1039 4741 1104 4796 Ει
1128 4743 1170 4795 si
1199 4741 1302 4796 hoc
1321 4742 1373 4796 in
1398 4741 1595 4797 multos
1616 4741 1810 4797 cadere
1834 4755 1954 4807 pos-

361 4809 462 4875 sit,
493 4822 670 4866 tameu
701 4814 942 4868 alludere
975 4813 1103 4866 tnihi
1141 4813 1350 4867 videtur
1380 4814 1720 4883 potissimum
1753 4811 1820 4867 ad
1852 4811 1958 4882 Ty-

360 4898 598 4937 rannqu
633 4884 943 4947 Maximum,
984 4885 1225 4940 Gratiani
1269 4885 1694 4941 interfectorem.
1748 4883 1961 4938 Recens

362 4956 512 5008 cnim
537 4964 656 5008 erat
687 4957 904 5009 factum.
1519 5009 1530 5022 ,

444 5024 461 5054 "
494 5025 664 5079 Ubtita
702 5028 827 5094 ﬁde.
878 5027 1054 5082 Oblita
1102 5031 1390 5091 παθητικῶς
1440 5027 1672 5083 sumitur
1718 5037 1774 5080 ut
1821 5022 1964 5094 apud

365 5095 517 5167 Virg.
547 5096 660 5151 Ecl.
692 5113 768 5168 ix,
793 5098 864 5152 55
889 5116 900 5152 :

491 5188 634 5239 Nunc
655 5191 804 5240 oblita
825 5192 944 5241 mihi
971 5197 1043 5242 tot
1067 5193 1296 5243 carmina.

361 5273 469 5330 Alii
503 5274 685 5340 legunt
714 5273 859 5328 obliti
901 5275 1067 5339 corde,
1095 5275 1145 5329 id
1178 5286 1280 5339 est,
1309 5272 1681 5328 contaminati.

443 5346 463 5376 ‘
495 5344 727 5397 Ambitus
757 5345 1038 5399 candidati.
1073 5346 1221 5400 Nova
1248 5345 1458 5416 species
1479 5345 1824 5416 candidatus.
1870 5342 1970 5396 Ne-

365 5432 475 5486 que
503 5417 648 5471 enim
682 5417 984 5486 postulabat
1010 5427 1068 5472 ut
1095 5415 1395 5485 ﬁeret,’sed
1427 5426 1481 5471 ut
1510 5432 1578 5470 ne
1611 5416 1762 5471 fleret
1793 5415 1963 5483 impe-

363 5501 540 5544 ratur.

437 5583 457 5613 ⁸
514 5580 643 5658 fita?
670 5591 1008 5658 tutcsectam.
1042 5582 1301 5658 Respexit
1324 5581 1389 5658 ad
1420 5579 1549 5636 illud
1575 5578 1730 5634 Plinii
1762 5592 1967 5658 pan..n.

362 5652 435 5708 84
461 5669 475 5704 :
507 5653 614 5707 Sed
635 5655 720 5722 qui
741 5655 854 5709 vita:
871 5666 972 5709 tute
990 5656 1239 5718 instituta,
1261 5654 1611 5723 rationemque
1638 5652 1968 5721 cognoverit,

366 5725 530 5799 facile
555 5724 749 5795 [autent
775 5728 940 5798 copia:
961 5728 1116 5799 hujus
1139 5726 1379 5780 inveniet.

902 5821 1177 5883 PATROL.
1225 5819 1408 5881 XIII.

2148 3919 2166 3949 ⁷
2197 3917 2600 3989 Impe'raturum.
2633 3913 2690 3969 ld
2720 3922 2849 3989 est,
2878 3927 3002 3989 eum
3044 3913 3135 3984 qui
3178 3921 3325 3970 tanta
3355 3929 3478 3971 cum
3512 3917 3672 3976 laude

2073 3998 2192 4046 erat
2220 3986 2695 4042 ad’ministraturus
2719 3986 3024 4053 imperium.

2146 4062 2167 4090 ⁸
2196 4059 2262 4114 1η
2282 4063 2586 4128 imperatore
2614 4060 2860 4127 privatus.
2893 4056 2992 4125 Qui
3018 4056 3070 4110 itt
3107 4057 3336 4129 imperio
3360 4061 3552 4130 privati
3575 4062 3672 4119 ho-

2074 4131 2235 4187 minis
2259 4131 2576 4186 modestiam
2607 4139 2920 4184 servaturus
2950 4143 3123 4184 esses.

2147 4201 2320 4278 ξ-έΎ-ἱεὶ
2351 4205 2502 4278 forte.
2534 4203 2818 4278 Εὶρρνςκῶςς
2845 4200 2972 4254 illud
3009 4200 3238 4278 accipio.

2153 4270 2386 4346 Xlll.—¥‘
2411 4270 2602 4345 Longo'
2619 4271 2842 4327 Orientis
2867 4288 2982 4325 usu.
3011 4270 3235 4340 Pr0pter
3257 4282 3408 4342 gesta
3433 4273 3484 4328 in
3516 4276 3669 4346 Syria

2075 4343 2461 4481 ΙΠΞΞΙῗὶηιυεηιιεα
2501 4413 2731 4483 palatina
2767 4411 3063 4466 minuendo.
3120 4411 3193 4483 tu;
3227 4412 3370 4481 quod
3400 4413 3550 4467 aiunt
3577 4416 3666 4470 alii

2073 4485 2471 4541 Theodosiante
2501 4481 2624 4537 vitae
2654 4484 2948 4554 scriptores
2976 4490 3136 4554 negat
3160 4481 3409 4536 Zozimus
3438 4484 3664 4554 Histor.,

2073 4558 2172 4613 lib.
2214 4573 2286 4610 tv.
2311 4555 2450 4622 Quin
2476 4555 2652 4624 potius
2677 4564 2880 4607 tantum
2910 4552 3307 4624 impendiorum
3343 4556 3392 4606 in
3425 4552 3667 4612 mensam

2071 4629 2274 4696 regiam
2314 4629 2388 4681 ‘ait
2416 4623 2685 4681 invectum
2709 4642 2739 4680 a
2767 4623 3096 4681 Theodosio.
3124 4631 3181 4678 ut
3202 4639 3310 4692 prta
3333 4626 3666 4685 multitudine

1988 4678 2042 4738 D
2317 4678 2388 4752 "ei
2418 4678 2664 4770 lautitia,
2674 4678 2682 4680 ⁷
2712 4678 2978 4770 populosa:
3002 4678 3281 4770 coqnoritni
3306 4713 3367 4770 ac
3397 4678 3667 4770 proci—flata:

2063 4787 2181 4825 rum
2229 4769 2466 4824 cohortes
2515 4769 2618 4823 sint
2675 4765 2944 4823 institutis.
2997 4765 3103 4821 Sed
3163 4783 3283 4836 qua:
3338 4768 3470 4823 fides
3539 4774 3665 4828 huic

2065 4841 2434 4946 scriptori9iu
2488 4841 2553 4894 iis
2608 4856 2727 4910 quae
2792 4839 2858 4892 ad
2923 4839 3279 4908 imperatores
3330 4839 3668 4901 Christianos

2069 4922 2309 4946 cnnnlnnl

2067 4922 2346 4984 spectant!

2144 5007 2164 5037 ³
2187 5005 2512 5060 Demensum.
2541 5005 2878 5077 Demensumr
2920 5005 3137 5074 preprie
3183 5005 3493 5070 dicebatur,
3523 5007 3668 5077 quod

2072 5077 2241 5135 servis
2295 5078 2348 5131 in
2392 5077 2646 5131 alimenta
2687 5076 2915 5147 singulis
2957 5077 3234 5131 mensibus
3263 5078 3510 5131 dabatur.
3559 5079 3667 5132 'l‘e-

2074 5161 2215 5206 rent.
2237 5149 2457 5203 Phorm.
2492 5149 2613 5204 Act.
2646 5164 2683 5214 l,
2716 5162 2794 5202 sc.
2828 5165 2844 5203 ι
2880 5165 2891 5199 :
2929 5148 3079 5215 Quod
3110 5148 3198 5202 ille
3240 5149 3481 5200 unciatim
3504 5147 3587 5200 via:
3607 5148 3671 5201 de

2075 5221 2313 5275 demenso
2370 5237 2463 5274 suo
2508 5220 2679 5276 Suum
2728 5219 3042 5291 defraudans
3094 5219 3340 5288 genium,
3391 5219 3669 5291 comparsit

2076 5291 2383 5375 miser..Hic
2431 5291 2592 5349 latius
2637 5287 2864 5347 sumitur
2890 5307 2988 5362 pro
3016 5287 3359 5359 quocumque
3385 5287 3527 5342 victu
3571 5304 3666 5344 ne-

2073 5377 2224 5418 cessa
2233 5379 2333 5418 I'IO.

2147 5432 2453 5488 "Castrensi
2509 5436 2640 5488 cibo.
2694 5433 2749 5487 Id
2799 5441 2899 5491 est,
2935 5431 3126 5492 larido,
3171 5444 3338 5492 cnseo,
3400 5438 3448 5483 et
3490 5446 3667 5499 posca,

2075 5505 2246 5575 inquit
2291 5507 2607 5573 Spartianus
2644 5505 2694 5557 in
2729 5503 3018 5555 Hadriano.
3066 5502 3243 5575 Locus
3273 5509 3450 5554 autem
3482 5502 3570 5555 ille
3601 5504 3669 5559 de

2077 5572 2367 5631 Theodosii
2391 5575 2696 5646 frugalitate
2724 5582 2778 5628 et
2801 5572 3155 5640 temperantia
3184 5581 3432 5646 sumptus
3460 5575 3669 5630 videtur

2079 5662 2143 5704 ex
2185 5642 2566 5703 Mamertini'in
2595 5645 2864 5701 Iulianum
2913 5658 3106 5713 paneg.
3139 5661 3190 5696 n.
3223 5642 3309 5696 ll.

2154 5719 2472 5790 l‘Spartanis
2525 5717 2806 5793 gymnasiis
2852 5715 3132 5772 duriorem.
3181 5713 3480 5786 Spartanos
3527 5716 3670 5774 enim

3122 5813 3198 5876 16
