4200 6178
530 221 635 281 491

1712 213 2152 277 THEODOSIUS
2187 214 2277 277 ET
2316 206 2656 276 PACATUS.

3729 212 3836 275 ιοι

531 338 775 408 flagitare
824 342 1156 392 remotorum
1181 334 1417 388 littorum
1443 332 1668 402 piscem,
1697 334 1963 405 peregrini
1988 334 2130 389 aeris
2157 338 2207 395 Α
2236 332 2399 400 diam,
2431 333 2627 403 quibus
2655 328 2905 387 militaris
2928 328 3008 386 rei
3030 342 3324 395 summam,
3352 328 3551 401 quibus
3578 331 3834 387 consilio-

535 431 834 491 volucrem,
858 429 1017 482 alieni
1051 427 1310 495 temporis
1337 426 1523 480 florem
1553 426 1575 478 ?

613 520 903 577 XlV.Nam
937 520 1152 576 delicati
1186 521 1263 574 illi
1290 534 1354 574 ac
1378 520 1393 549 ί
1421 518 1673 588 ﬂuentes,
1698 529 1753 575 ct
1799 519 1988 590 quales
2012 519 2136 575 tulit

534 630 681 685 szepe
726 613 1029 683 respublica
1060 655 1076 681 ,
1130 628 1320 683 parum
1368 628 1428 667 se
1475 613 1652 667 lautos
1695 613 1974 682 putabant,
2030 613 2134 668 nisi

538 706 754 761 luxuria
778 714 803 741 ι
832 706 1089 760 vertisset
1110 720 1331 767 annum,
1357 704 1457 759 nisi
1490 704 1743 775 liyliernre
1766 704 1974 774 poculis
1996 718 2137 759 rosae

542 802 908 863 innatassent,
933 798 1033 853 nisi
1066 799 1251 853 aestiva
1272 795 1367 851 1’in
1398 799 1623 867 gemmis
1652 798 1939 867 capacibus
1966 797 2140 868 glacie

539 890 746 946 falerna
768 890 1070 960 fregissent.
1100 890 1300 944 Horum
1334 889 1475 960 gulae
1507 902 1765 960 angustus
1792 900 1909 945 erat
1954 898 2138 945 noster

540 986 713 1042 orbis.
757 985 998 1056 Namque
1053 987 1327 1055 appositas
1385 984 1552 1055 dapes
1599 1002 1705 1040 non
1750 1000 1989 1055 sapore,
2042 986 2139 1043 sed

541 1086 758 1148 sumptu
786 1080 1142 1142 aestimantes,
1177 1079 1281 1134 illis
1298 1079 1514 1134 demum
1538 1080 1675 1134 cibis
1697 1080 2135 1150 acquiescebant,

538 1187 675 1241 quos
705 1183 982 1226 extremus
1012 1169 1226 1237 Oriens,
1270 1180 1365 1225 aut
1416 1172 1622 1241 positus
1647 1181 1799 1226 extra
1830 1172 2138 1227 Romanum

540 1266 774 1324 Colchus
843 1268 1169 1337 imperium,
1231 1275 1328 1322 aut
1371 1267 1575 1321 famosa
1630 1266 1925 1335 naufragiis
1971 1268 2138 1323 maria

541 1361 841 1425 misissent,
894 1374 1030 1427 quos
1084 1359 1265 1413 invita:
1312 1357 1714 1428 quodammodo
1744 1358 2140 1429 reluctantique

539 1461 747 1507 natura:
780 1448 1061 1506 hominum
1119 1450 1319 1520 pericla
1364 1452 1691 1519 rapuissent.
1722 1449 1791 1506 Ut
1823 1459 2030 1505 taceam
2058 1450 2141 1504 in-

538 1542 670 1600 fami
712 1557 856 1612 saepe
895 1542 1105 1597 dilectu-
1150 1541 1382 1610 scriptos
1438 1542 1490 1595 in
1539 1542 1829 1612 provinciis
1882 1556 2135 1609 aucupes,

540 1634 840 1702 ductasque
870 1633 971 1688 sub
1001 1632 1169 1703 signis
1207 1642 1522 1688 venatorum
1575 1633 1829 1689 cohortes
1877 1634 2141 1689 militasse

2235 443 2352 481 rum
2384 436 2594 481 tuorum
2620 440 2813 480 arcana
2835 423 3205 480 committeres
3230 424 3252 476 ἰ
3282 422 3427 494 Ergo
3471 438 3595 479 cum
3631 421 3849 497 duplex

2237 517 2399 574 fuerit
2429 519 2530 573 iste
2571 516 2825 583 dilectus,
2875 530 3015 571 unus
3053 531 3118 570 ex
3162 514 3391 584 judicio,
3424 516 3564 570 alter
3600 532 3663 573 ex
3697 518 3830 583 fato,

2236 612 2501 667 incertum
2552 610 2806 666 meliores
2838 610 2988 664 virus
3036 607 3302 678 sapientia
3340 617 3456 673 tua,
3504 623 3573 663 an
3618 608 3833 665 fortuna

2238 704 2572 774 quaesiverit,
2625 717 2750 758 cum
2805 702 2940 757 tales
2969 700 3058 757 vel
3090 702 3106 732 ⁸
3165 706 3423 767 acceptos
3477 700 3703 767 habeas,
3754 702 3840 757 vel

2240 806 2507 868 repertos,
2542 804 2683 852 utet
2728 794 2813 850 illi
2854 794 3155 851 meruerint
3184 792 3379 863 teneri,
3410 803 3468 851 et
3512 794 3608 850 isti
3634 793 3841 851 debue-

2242 890 2351 945 rint
2374 888 2637 958 cooptari.

2314 982 2455 1037 XVI.
2504 982 2704 1051 Ecquis
2752 980 3139 1051 imperatorum
3200 992 3432 1049 unquam
3466 978 3678 1051 putavit
3707 979 3847 1033 ami-

2242 1074 2381 1130 citia
2406 1074 2611 1130 cultum
2644 1074 2697 1128 in
2722 1074 2867 1142 regia
2896 1072 3059 1127 laude
3086 1072 3395 1142 ponendum
3416 1072 3439 1124 ‘i
3460 1071 3695 1127 Humilis
3724 1071 3847 1127 hac

2243 1170 2439 1237 virtus,
2470 1168 2804 1238 dubiumque
2830 1183 2897 1222 an
2952 1167 3128 1221 virtus
3174 1165 3533 1237 indicabatur,
3560 1180 3660 1221 nec
3688 1165 3847 1235 pala-

2248 1264 2335 1319 tiis
2365 1263 2546 1332 digna,
2595 1261 2694 1319 sed
2722 1260 2979 1331 periculis
3027 1260 3391 1315 habebatur.‘
3449 1259 3579 1315 Inde
3630 1260 3845 1315 facilius

2244 1356 2538 1420 inveneris,
2595 1354 2687 1426 qui
2736 1354 3018 1425 pecuniam
3074 1370 3141 1409 ex
3170 1355 3384 1421 terario,
3431 1368 3592 1424 quam
3650 1356 3742 1425 qui
3768 1368 3843 1409 ex

2244 1450 2425 1505 animo
2476 1448 2633 1503 fidem
2688 1448 3073 1517 prompserim.
3103 1446 3405 1515 'Optimus
3461 1445 3556 1500 ille
3610 1445 3841 1513 (litabat,

2244 1558 2351 1597 non
2384 1540 2548 1596 etiam
2570 1540 2844 1611 diligebat,
2876 1539 3134 1610 prodesse
3157 1551 3402 1606 noverat,
3426 1553 3610 1595 amare
3638 1540 3845 1596 nescie-

2244 1636 2357 1691 bat.
2384 1633 2405 1665 ³
2435 1634 2512 1688 Tn
2545 1633 2857 1696 amicitiam,
2892 1648 3091 1688 nomen
3118 1643 3246 1688 ante
3295 1635 3585 1702 privatum,
3621 1650 3725 1687 non
3756 1649 3845 1689 so-

540 1727 825 1794 conviviis,
855 1742 1035 1780 nonne
1061 1728 1412 1797 cognovimus
1441 1726 1721 1796 cujusdam
1750 1736 1897 1781 retro
1924 1727 2141 1796 princi-
2171 1722 2220 1784 B
2246 1726 2354 1781 lum
2388 1727 2527 1781 intra
2556 1726 2735 1780 aulam
2768 1727 2993 1792 vocasti,
3042 1725 3137 1779 sed
3162 1724 3691 1796 indutampurpura,
3710 1739 3846 1781 auro

541 1823 624 1894 pis
651 1838 758 1877 non
790 1820 1013 1891 prandia
1042 1836 1207 1887 SaBpe,
1242 1821 1337 1874 sed
1392 1820 1595 1876 fercula
1620 1822 1639 1850 '
1664 1820 1972 1876 sestertium
2020 1819 2143 1873 mil-
2172 1850 2183 1867 κ

539 1916 642 1970 lies
698 1913 1004 1978 mstimata,
1056 1913 1503 1983 patrimoniorum
1569 1914 1903 1981 equestrium
1964 1910 2141 1981 pretia

542 2006 817 2063 traxisse?
847 2005 995 2071 Tum,
1026 2005 1344 2075 imperator,
1386 2006 1583 2073 epulae,
1615 2004 1816 2059 mensis
1844 2002 2145 2057 communi-

541 2098 646 2153 bus
681 2097 981 2165 parciores,
1026 2096 1269 2149 locorum
1298 2110 1360 2148 ac
1405 2104 1711 2162 temporum
1766 2092 2029 2147 fructibus
2058 2093 2145 2148 in-

541 2202 845 2249 struuntur.
881 2189 1018 2244 ilinc
1059 2190 1306 2242 certatim
1337 2199 1357 2225 ο
1390 2188 1444 2242 in
1476 2203 1666 2243 omnes
1705 2188 1927 2241 luxuria:
1951 2186 2144 2257 pudor,

544 2282 895 2354 parcimonize
940 2280 1117 2334 cultus
1142 2278 1387 2344 inolevit,
1415 2291 1468 2332 et
1517 2278 1917 2348 quiescentibus
1968 2277 2145 2348 legum

542 2373 728 2438 minis,
763 2372 925 2427 subiit
950 2386 1222 2443 quemque
1274 2371 1522 2440 privatim
1550 2373 1631 2425 sui
1685 2371 2026 2443 pmnitentia.
2054 2370 2148 2425 Sic

542 2475 626 2523 est
645 2467 812 2527 enim,
844 2463 925 2518 sic
952 2474 1057 2527 est,
1086 2471 1373 2530 exasperat
1402 2462 1648 2516 homines
1677 2454 1703 2497 δ
1732 2461 1998 2531 imperata
2026 2476 2149 2517 cor-

542 2558 735 2624 rectio,
758 2555 1107 2610 blandissime
1128 2555 1347 2624 iubetur
1368 2554 1641 2622 exemplo.

611 2649 727 2705 XV.
770 2648 876 2704 Sed
917 2663 1037 2703 cum
1070 2647 1210 2713 haec,
1260 2657 1315 2702 et
1359 2646 1427 2701 ad
1479 2646 1622 2702 liunc
1671 2645 1889 2702 modum
1942 2655 2146 2702 czetera

540 2757 723 2799 mores
764 2728 1045 2795 hominum
1092 2750 1149 2794 et
1200 2738 1444 2795 inSIituta
1493 2738 1819 2805 formarint,
1870 2746 1982 2792 tum
2014 2737 2151 2792 nihil

543 2834 860 2891 abdicandis
889 2832 1055 2895 vitiis,
1085 2830 1515 2901 adoptandisque
1538 2829 1826 2903 virtutibus
1853 2830 2150 2898 impensius

539 2928 719 2985 sentio
748 2925 1034 2997 profuisse,
1064 2939 1223 2994 quam
1270 2923 1414 2993 quod
1461 2922 1542 2977 liis
1588 2934 1637 2976 te
1669 2923 1798 2976 viris
1821 2936 2037 2991 semper
2064 2921 2154 2976 de-

540 3024 668 3080 disti
702 3032 750 3092 ,θ
776 3038 912 3092 quos
940 3020 1198 3074 affectare
1245 3019 1454 3087 publica
1483 3017 1706 3073 deberet
1747 3018 2003 3085 imitatio,
2034 3016 2149 3087 qui,

2244 1818 2587 1889 gemmisque
2612 1818 2940 1884 redimitam,
2995 1818 3133 1873 solio
3172 1818 3462 1887 recepisti,
3492 1832 3681 1889 reque,
3734 1833 3844 1875 non

2250 1912 2431 1967 verbis
2476 1910 2782 1976 asseruisti,
2831 1911 3092 1982 principis
3138 1920 3375 1966 mentem
3415 1920 3566 1965 tanto
3610 1912 3664 1965 in
3719 1925 3848 1968 sues

2244 2005 2619 2074 benigniorem
2653 2019 2777 2061 esse
2816 2004 3044 2071 debere,
3100 2014 3304 2075 quanto
3354 2004 3427 2058 sit
3454 2003 3665 2058 fortuna
3706 2018 3848 2073 prie-

2246 2100 2502 2163 stantior,
2534 2095 2563 2134 ¹ι
2590 2112 2715 2152 cum
2752 2096 2858 2153 fide
2883 2112 2948 2153 ac
2988 2096 3238 2151 facultate
3266 2095 3485 2165 paribus
3509 2110 3657 2166 agas,
3689 2104 3749 2149 et
3774 2095 3852 2151 fa-

2248 2191 2550 2246 miliaribus
2596 2190 2703 2245 tuis
2754 2190 3051 2259 imperator
3107 2190 3313 2244 tribuas
3343 2228 3359 2255 ,
3410 2188 3555 2257 Quod
3609 2190 3850 2259 privatus

2249 2292 2490 2353 Optaras.
2536 2283 2855 2353 Quanquam
2910 2280 3077 2351 iquin
3120 2294 3316 2351 capere
3369 2291 3492 2334 vota
3536 2289 3849 2350 potuerunt,

2249 2377 2394 2449 quod
2426 2378 2669 2447 plerique
2718 2386 2773 2432 te
2801 2376 3043 2447 principe
3065 2375 3345 2431 consecuti
3366 2383 3495 2429 sunt
3516 2374 3540 2424 ἰ
3563 2372 3675 2429 Nec
3708 2386 3853 2428 nunc

2250 2468 2319 2525 de
2367 2468 2452 2524 bis
2507 2468 2812 2524 honeribus
2856 2468 3088 2538 loquor,
3144 2456 3281 2537 quos
3328 2466 3381 2521 in
3454 2481 3854 2537 quemcumque

2251 2560 2502 2617 conferre
2530 2559 2845 2629 imperatori
2895 2573 3122 2615 necesse
3163 2566 3267 2614 est.
3299 2558 3416 2613 Dux
3441 2557 3636 2628 aliquis
3665 2556 3856 2613 evehi-

2254 2663 2342 2710 tur
2358 2654 2381 2707 ?
2397 2653 2578 2724 Exigit
2595 2652 2881 2721 disciplina
2904 2662 3231 2725 castrorum.
3249 2650 3544 2707 Praefectus
3564 2650 3857 2705 attollitur?

2254 2747 2642 2817 Imponendum
2668 2752 2755 2800 est
2784 2745 3081 2816 provincia:
3115 2753 3295 2814 caput.
3351 2740 3550 2798 Consul
3596 2744 3859 2799 creatur?

2258 2842 2273 2893 J'
2314 2841 2606 2897 Habitnrus
2633 2850 2717 2896 est
2758 2854 2956 2894 nomen
2978 2853 3174 2895 annus.
3236 2838 3310 2893 Ita
3374 2838 3430 2893 in
3473 2839 3701 2892 summis
3754 2837 3860 2893 illis

2255 2933 2745 3003 pulclierrimisque
2792 2932 3093 2994 beneficiis,
3126 2931 3153 2970 ¹ί
3186 2940 3273 2987 est
3318 2929 3498 2999 aliqua
3548 2931 3860 3000 prastantis

2259 3025 2481 3079 utilitas.
2506 3024 2551 3078 A
2579 3036 2651 3090 te,
2685 3039 2823 3079 nova
2854 3023 3206 3093 benignitate,
3242 3024 3287 3077 is
3326 3022 3520 3077 amicis
3559 3021 3735 3077 honos
3764 3023 3860 3076 hac

543 3134 707 3189 quam
754 3116 912 3172 facile
965 3115 1058 3169 tibi
1107 3112 1338 3169 fuissent
1369 3110 1387 3149 τ
1440 3127 1811 3183 sequacesque
1873 3113 2151 3184 discipuli,
2182 3101 2229 3167 C
2260 3118 2402 3173 bitus
2428 3128 2534 3183 est,
2558 3118 2653 3187 qui
2685 3126 2831 3173 totus
2850 3117 3255 3180 essetillorum,
3279 3117 3474 3188 quibus
3489 3116 3859 3186 deferebatur,

538 3221 646 3267 tam
676 3210 889 3266 caeteris
918 3208 1208 3281 expetendi
1237 3218 1421 3264 essent
1461 3206 1726 3277 magistri.
1760 3206 1828 3263 Ut
1855 3207 1923 3261 de
1962 3206 2051 3262 his
2076 3207 2150 3262 si-

540 3303 708 3369 leam,
741 3312 764 3350 s
794 3302 1049 3373 quostibi
1100 3300 1305 3369 primus
1346 3299 1437 3355 ille
1479 3299 1752 3355 nascentis
1792 3299 2005 3370 imperii
2033 3299 2151 3354 dies

545 3392 763 3461 obtulit,
796 3396 958 3448 tantis
996 3392 1289 3448 virtutibus
1321 3390 1603 3461 pra~ditos,
1628 3401 1682 3446 ut
1734 3407 1842 3446 non
1870 3407 1967 3463 pro
1994 3392 2153 3462 copia

544 3487 771 3555 sumpti,
823 3484 917 3541 sed
974 3501 1037 3540 ex
1086 3486 1239 3555 copia
1286 3484 1597 3540 viderentur
1644 3486 1846 3554 optati,
1913 3495 2046 3557 quot
2096 3496 2151 3540 tu

545 3589 732 3651 postea
759 3578 1053 3649 qualesque
1075 3577 1276 3648 legisti,
1302 3579 1496 3647 quibus
1537 3578 1936 3648 provinciarum
1968 3588 2151 3635 custo-

2259 3212 2506 3280 nitiilque
2537 3226 2609 3267 ex
2637 3225 2706 3265 eo
2736 3210 2803 3265 ad
2834 3220 2888 3265 te
2910 3209 3241 3267 redundaret
3269 3210 3373 3266 nisi
3400 3209 3564 3265 dandi
3587 3211 3857 3280 voluptas.

2258 3302 2356 3359 Cui
2385 3318 2505 3358 cum
2546 3312 2732 3358 essent
2758 3302 2909 3358 domi
2937 3302 2957 3333 ⁸
2992 3302 3111 3369 lilii,
3136 3303 3374 3372 gentium
3411 3302 3521 3358 in:
3565 3317 3694 3372 spes
3718 3316 3859 3356 ocu-

2259 3396 2406 3467 lique
2468 3394 2833 3466 reipublicze,
2897 3394 3082 3451 dilatis
3130 3409 3322 3453 eorum
3406 3393 3809 3465 magistratibus
3840 3394 3865 3426 ⁵

2261 3490 2465 3544 amicos
2541 3488 2824 3544 consulatu
2872 3488 3104 3542 ornavit.
3153 3486 3209 3543 Si
3277 3487 3589 3543 mehercule
3633 3488 3715 3542 vir
3769 3485 3866 3542 ille

2260 3579 2482 3636 divinus
2511 3621 2527 3648 ,
2582 3579 2855 3635 felicitatis
2904 3578 3135 3649 publica:
3182 3578 3445 3645 auctor,“
3487 3593 3685 3650 parens
3739 3587 3866 3635 tuus

1912 3684 2501 3752 lNTERPRETATIO.

622 3798 646 3826 ε
677 3787 1082 3857 Tempestatum
1103 3785 1334 3841 ordinem
1358 3786 1733 3854 pervertisset.

620 3859 648 3897 ι)
682 3860 736 3913 ln
767 3860 974 3927 poculis
1006 3874 1034 3912 e
1074 3861 1303 3928 gemmis
1330 3857 1648 3926 grandibus.

624 3944 643 3967 υ
671 3930 831 3999 Αριιά
852 3945 1041 3984 omnes
1074 3927 1301 3983 luxuriae
1335 3929 1517 3982 odium
1545 3937 1600 3983 et
1631 3927 1979 3996 parcimoniz
2001 3940 2155 3988 amor

554 4002 805 4058 invaluit.

623 4069 650 4109 ά
688 4068 970 4125 Correctio
996 4084 1113 4121 cum
1143 4068 1368 4136 imperio
1395 4068 1711 4137 conjuncta.

626 4152 649 4215 εξ
681 4140 829 4215 Quos
860 4138 1041 4207 populi
1071 4138 1334 4195 deberent
1368 4138 1660 4196 imitandos
1686 4142 1789 4199 sibi
1822 4158 2151 4215 proponere.

633 4212 650 4249 ί
682 4212 1077 4279 Obsequentes.

2333 3798 2358 3836 ε
2390 3788 2490 3855 Qui
2514 3789 2859 3859 magistratus
2881 3787 3163 3858 gerebant,
3182 3801 3305 3842 cum
3328 3786 3616 3859 imperium
3638 3786 3865 3859 adeptus

2262 3872 2345 3914 es.

2334 3930 2362 3969 ιι
2391 3930 2526 3984 Cum
2556 3940 2645 3983 tua
2670 3929 2805 3984 fides
2835 3931 2910 3985 sit
2938 3944 3031 3999 pur
3061 3940 3163 3984 me
3190 3928 3521 3985 liberalitati.

2341 4000 2361 4084 ξ
2384 4001 2646 4069 Quasnam
2678 4010 2797 4084 vota
2826 4002 3095 4072 attingere
3113 4014 3359 4070 umquam
3388 4010 3700 4072 potuerunt,
3719 3999 3865 4073 quod

2269 4081 2321 4127 te
2350 4081 2670 4141 imperante,
2701 4082 2807 4128 etc.

2339 4149 2353 4215 ι
2389 4143 2625 4199 Necesse
2653 4154 2738 4199 est
2768 4152 2828 4199 ut
2856 4144 2926 4199 ab
2950 4159 3018 4199 eo
3068 4156 3265 4200 nomen
3288 4144 3602 4215 imponatur
3624 4156 3791 4201 anno.

2337 4214 2361 4253 ¹ι
2394 4216 2625 4287 Aliquod
2637 4215 2983 4274 commodum
3002 4216 3224 4274 reditad
3237 4214 3609 4288 eumquiiuad
3622 4225 3865 4289 prestat.

2101 4340 2328 4398 ΝΟΤιλΕ.

556 4446 757 4507 pueros
786 4429 853 4486 ad
882 4430 1087 4507 Dianae
1107 4442 1255 4484 aram
1286 4430 1429 4507 loris
1456 4430 1717 4507 ﬂagellari
1738 4434 1951 4499 solitos,
1982 4450 2157 4505 usque
2182 4438 2238 4499 D
2262 4435 2361 4492 lies
2400 4438 2733 4493 sestertium.
2768 4436 2939 4493 Porro
2982 4451 3195 4493 summa
3229 4432 3316 4493 illa

556 4500 683 4564 dum
714 4506 933 4573 sanguis
956 4500 1265 4572 proflueret,
1292 4504 1491 4559 nemini
1513 4500 1708 4569 opinor
1733 4522 1841 4560 non
1870 4500 2081 4561 notum:

632 4576 771 4633 XIV.
807 4577 821 4607 ¹
853 4574 1114 4628 Fluenles.
1149 4573 1299 4629 Luxu
1330 4574 1655 4631 difﬂuentes.
1679 4578 1937 4642 Velleius,
1964 4578 2159 4632 Fluens

560 4648 793 4703 mallit-iis
820 4646 1235 4715 Sardanapalus.
1262 4645 1392 4700 Item
1419 4649 1523 4699 otia
1542 4665 1602 4701 ac
1620 4650 1848 4701 mollitiis
1877 4667 2002 4715 pene
2022 4650 2163 4703 ultra

567 4722 823 4787 {annnam
850 4719 1039 4787 ﬂuens.
1085 4716 1449 4782 Quintilianus
1473 4734 1674 4787 pueros
1701 4720 1892 4773 molles
1937 4737 1999 4775 ac
2024 4722 2161 4774 deli-

568 4786 742 4851 catos,
769 4788 961 4840 solutos
981 4788 1111 4841 diuit
1138 4804 1211 4858 ne
1245 4788 1482 4855 ﬂuentes.
1526 4786 1678 4842 Plura
1728 4790 2161 4858 intemperantiae

565 4858 814 4933 exempla
843 4858 965 4910 vide
1004 4857 1148 4933 apud
1175 4856 1541 4933 Capitolinum
1578 4861 1630 4913 in
1653 4860 1794 4915 {Elin
1822 4856 1981 4926 Vci‘o,
2008 4862 2162 4933 cujus

569 4928 873 4985 convivium
899 4930 1223 4999 mstiiitatnni
1255 4929 1452 4982 dicitur
1476 4933 1721 4999 seXagies
1746 4934 1891 4988 LLS.
1917 4946 1970 4988 et
1998 4928 2163 4987 Vitel-

568 5003 675 5075 lius
700 5002 885 5075 novies
910 4997 1107 5075 millies
1130 5002 1437 5075 sestertium
1460 4997 1634 5070 epulis
1650 5005 1949 5075 absumpsit
1967 5005 2160 5065 (Tarii.

577 5070 718 5127 Hist.
767 5072 804 5126 ι.
835 5072 913 5134 ιι).
968 5070 1095 5135 Qun!
1145 5073 1409 5137 posterior
1454 5088 1663 5129 Summa
1714 5070 1879 5132 libras
1932 5076 2167 5133 Gallicas

573 5142 792 5203 COnlicit
822 5142 911 5205 59,
938 5138 1062 5201 375,
1089 5141 1213 5197 0ll0.

648 5217 669 5245 ²
701 5213 997 5287 Sestrrlinm
1031 5212 1236 5267 millies.
1262 5211 1429 5287 Hunc;
1458 5213 1509 5270 in
1532 5215 1706 5270 locum
1737 5220 1953 5287 irrepsit
1996 5218 2167 5273 mani-

580 5284 773 5341 festum
830 5282 1105 5344 mendum,
1135 5300 1254 5339 cum
1296 5302 1358 5339 ex
1394 5285 1632 5349 lloratin,
1666 5282 1943 5351 Juvennle,
1968 5287 2165 5354 Plinio,

578 5358 896 5423 Caeterisque
924 5364 1135 5409 COnsIet
1186 5372 1404 5409 censum
1429 5368 1735 5424 equestrem
1769 5356 1931 5412 fuisse
1957 5368 2163 5414 tantum

577 5429 1089 5499 quadring-ntorum
1142 5428 1471 5499 sestertium.
1520 5428 1697 5494 Quare
1747 5426 2030 5499 legendum
2079 5432 2166 5485 hic

582 5499 846 5570 scSteriiis
871 5498 1278 5570 quadringentis
1296 5540 1309 5564 ,
1338 5515 1401 5570 eo
1426 5499 1679 5554 libentius
1702 5498 1851 5570 puto,
1876 5500 2016 5570 quod
2044 5517 2166 5557 cum

582 5566 635 5619 in
688 5566 921 5641 antiquis
944 5568 1357 5641 exemplaribus
1380 5569 1683 5641 haberetur;
1703 5566 1931 5627 fortasse
1958 5588 2043 5628 cn.
2078 5590 2165 5631 LL.

580 5638 985 5709 quadringentis
1036 5642 1303 5709 sestertiis
1371 5638 1681 5696 facillimum
1728 5642 1889 5699 fuerit
1938 5644 2172 5701 librariis

586 5717 805 5777 propter
860 5717 1109 5765 notarum
1152 5708 1471 5770 affinitatem
1497 5712 1803 5785 exscribere
1827 5729 1912 5774 tuo
1937 5730 2023 5774 LL.
2050 5714 2173 5773 mil-

2266 4435 2361 4492 lies
2400 4438 2733 4519 sestertium.
2768 4436 2939 4493 Porro
2982 4451 3195 4493 summa
3229 4434 3316 4493 illa
3345 4434 3867 4565 quadringentorum

2266 4518 2575 4564 sestertium
2598 4509 2665 4563 ad
2699 4508 2860 4563 libras
2888 4516 3156 4564 nostrates
3182 4509 3345 4570 17,50
3423 4509 3721 4577 reducuur,
3745 4524 3868 4566 cum

2268 4581 2575 4635 sestertium
2596 4579 2790 4639 millies
2803 4581 2868 4634 ad
2890 4578 3193 4647 4,375,000
3212 4580 3375 4636 libras
3392 4580 3629 4637 Gallicas
3651 4596 3873 4637 excres«

2268 4663 2372 4705 cat.
2417 4649 2551 4705 Nota
2586 4661 2764 4705 autem
2809 4649 3035 4717 fercula,
3067 4654 3167 4707 etsi
3209 4662 3267 4706 ut
3295 4652 3581 4719 plurimum
3608 4668 3706 4720 pro
3729 4652 3872 4708 cibis

2270 4734 2576 4795 sumuntur,
2608 4721 2877 4795 interdum
2927 4725 3089 4795 etiam
3122 4739 3219 4792 pro
3257 4724 3521 4795 machinis
3548 4724 3871 4793 quibusdam

2270 4794 2464 4865 accipi,
2495 4794 2547 4848 in
2570 4792 2763 4863 quibus
2795 4793 2977 4865 plures
3004 4791 3355 4850 cibi’mensas
3413 4791 3867 4865 impohebantur.

2274 4876 2331 4919 ut
2364 4864 2548 4919 videre
2574 4875 2660 4920 est
2684 4866 2827 4934 apud
2850 4863 3185 4920 Petronium.

2345 4956 2485 5011 XV.‘
2504 4956 2748 5027 Acceptos
2773 4956 3051 5011 habeast
3074 4968 3158 5013 est
3177 4973 3208 5012 a
3231 4957 3361 5013 fato.
3384 4956 3505 5013 llox
3523 4958 3605 5013 vel
3619 4968 3873 5028 repertos,

2272 5028 2324 5084 id
2349 5040 2453 5091 est,
2489 5029 2747 5083 industria
2778 5040 2889 5083 tua.

2343 5127 2483 5181 XVI.
2507 5129 2521 5157 ι
2541 5126 2671 5180 Inde
2694 5128 2918 5197 facilius.
2954 5127 3012 5181 In
3045 5126 3374 5195 principibus
3396 5126 3604 5184 facilius
3632 5134 3716 5183 est
3736 5127 3877 5183 libe-

2272 5198 2523 5263 ralitatis,
2553 5214 2710 5266 quam
2746 5198 2864 5252 fidei
2896 5209 2948 5253 et
2981 5198 3238 5253 amicitia:
3267 5201 3512 5267 exempla
3537 5201 3796 5267 reperire.

2273 5338 2316 5395 ϐ
2344 5271 2363 5299 ²
2387 5267 2654 5391 ιρριὶιηιιιδ
2679 5270 2792 5325 ille.
2844 5269 3097 5326 Fortasse
3131 5271 3371 5341 Optimos.
3404 5271 3526 5326 M0!
3553 5272 3664 5339 ille.
3694 5270 3746 5326 id
3767 5280 3875 5338 8³³,

2324 5355 2376 5394 ra
2410 5354 2581 5394 ianus.

2344 5431 2472 5559 ’ἐκ
2512 5434 2814 5489 amicitiam.
2857 5432 3140 5505 Sumptum
3200 5434 3332 5491 illud
3378 5450 3446 5491 ex
3496 5433 3694 5492 Iuliani
3744 5448 3878 5508 pan.

2276 5522 2329 5559 Ι).
2358 5522 2449 5559 ΖΟ.

2347 5575 2367 5605 δ
2396 5573 2544 5631 Filii.
2571 5577 2834 5633 Arcadius
2854 5587 2911 5635 et
2940 5576 3232 5633 Honorius.

2349 5648 2371 5679 '
2397 5649 2621 5704 Amicos.
2654 5649 2861 5711 Nempe
2888 5649 3270 5711 Mamertinum
3302 5658 3365 5708 et
3390 5649 3660 5709 Nevihn.

2352 5718 2372 5749 ⁸
2400 5717 2599 5775 Parens
2627 5730 2769 5777 tuus.
2792 5717 3152 5779 Theodosius.
