4200 6178
419 226 525 287 L93

1298 226 1790 289 PANEGYRICUS
1828 227 2078 292 PACATI
2113 226 2507 295 THEODOSIO
2544 234 2816 297 DICTUS.
2872 301 2881 310 _

3611 235 3722 294 494

416 345 649 410 viveret,
685 341 816 415 quid
860 342 1005 401 aliud
1027 354 1400 417 exspectasset
1426 364 1456 403 a
1485 348 1618 413 ﬁlio,
1645 364 1807 420 quam
1834 358 1897 405 ut
1926 364 2019 405 ne-
2046 361 2094 420 Α
2123 353 2288 408 mium
2337 354 2653 426 spondetur,
2684 364 2743 412 et
2793 353 3060 411 redditur.
3107 352 3221 411 Sibi
3272 351 3636 409 humilitatem
3666 363 3723 409 et

358 438 363 443 ’
415 440 635 511 potibus
687 438 1054 495 anteferretur
1082 441 1105 494 ?
1137 442 1443 499 Praestitisti
1471 443 1633 514 igitur
1665 444 1879 510 amicis,
1907 458 2017 515 quo

415 533 537 603 plus
566 548 666 588 nec
697 533 835 603 patri
875 544 1137 603 praestare
1192 536 1485 606 potuisses.
1519 536 1565 592 Ο
1619 536 2018 592 benevolentiae

418 634 523 680 tua;
552 626 825 696 singulare
843 626 1167 682 consilium!
1196 627 1378 697 Auges
1407 637 1653 699 tempore
1675 627 2015 699 dignitatem,

414 734 537 791 quae
595 719 993 776 incrementum
1043 737 1111 778 ex
1164 722 1535 793 magnitudine
1590 739 1697 778 non
1762 722 2015 779 habebat.

416 813 817 870 Renuntiantur
842 815 1003 871 amici
1047 823 1171 872 ante
1204 816 1344 871 [Ilios
1370 826 1492 872 tuos
1533 815 1807 887 consules,
1840 817 1861 848 '
1892 819 2018 888 quia

417 924 527 965 non
559 917 807 978 poterant
833 909 955 980 plus
992 924 1137 977 esse,
1160 926 1320 981 quam
1351 912 1623 973 consules.

490 1005 652 1061 XVII.
679 1006 781 1061 Eat
832 1021 979 1063 nunc
1007 1007 1091 1062 sui
1152 1007 1473 1065 ostentatrix
1531 1015 1797 1073 vetustas,
1826 1014 1882 1062 et
1926 1003 2020 1061 illa

417 1098 715 1157 innumeris
792 1101 1105 1157 litterarum
1155 1101 1370 1173 vulgata
1438 1100 1807 1157 monumentis
1856 1100 2024 1170 jactet

416 1194 691 1264 exempla.
715 1203 741 1232 ι
763 1190 991 1248 Pirithoi
1036 1192 1199 1249 ﬁdem
1250 1194 1544 1265 praedicet,
1588 1202 1645 1249 et
1675 1193 2020 1248 decantatum

416 1287 679 1343 omnibus
704 1286 882 1342 scenis
907 1283 1122 1342 Phocaei
1151 1287 1367 1357 juvenis
1398 1285 1582 1341 laudet
1602 1285 1881 1351 ofﬁcium;
1916 1285 2021 1355 Py-

417 1380 588 1437 thiam
612 1381 797 1449 etiam,
830 1379 877 1435 si
921 1379 1155 1448 videtur,
1215 1380 1360 1436 dicat
1399 1388 1455 1437 et
1500 1380 1764 1445 Damone,
1791 1393 2021 1448 quorum

415 1476 558 1531 alter
584 1474 638 1529 in
665 1474 823 1530 amici
854 1481 1030 1530 morte
1056 1487 1116 1531 se
1147 1473 1337 1530 vadem
1365 1472 1583 1539 obtulit,
1615 1473 1752 1528 alter
1781 1472 1846 1527 ad
1872 1471 2021 1526 diem

419 1568 625 1623 vadatte
654 1567 848 1622 mortis
874 1567 1132 1623 occurrit.
1160 1565 1231 1624 llt
1262 1566 1381 1623 haec
1410 1580 1532 1623 esse
1557 1582 1684 1622 vera
1713 1562 2017 1630 credamus,

415 1676 537 1733 quae
569 1659 867 1716 mendaciis
883 1659 1142 1716 vatumin
1170 1661 1396 1732 plausus
1420 1669 1598 1731 aptata
1633 1659 1655 1694 ί
1690 1672 1981 1733 cavearum
2005 1698 2020 1723 ,

417 1730 450 1794 ί
470 1755 635 1811 ﬁdem
657 1756 890 1825 tempori
906 1753 1106 1811 debent
1128 1766 1141 1808 ξ
1166 1730 1294 1810 num
1325 1764 1589 1848 praestare
1607 1750 1882 1848 credendo
1904 1730 2024 1820 plus
2050 1786 2100 1848 Β

415 1860 732 1919 possumus,
774 1862 937 1918 quam
986 1856 1046 1902 ut
1088 1846 1245 1915 istos,
1290 1848 1380 1918 qui
1432 1844 1684 1901 amicitiae
1712 1843 1871 1900 laude
1893 1857 2024 1901 cene

416 1931 607 1997 senior
656 1941 953 1996 amicorum
995 1938 1186 2007 fuisse,
1211 1956 1371 2011 quam
1397 1939 1481 2001 sui
1512 1937 1887 2011 diligentiores
1920 1952 2024 2007 pu-

418 2041 597 2088 temus
625 2032 649 2085 ?
677 2031 784 2089 Sed
813 2047 937 2089 cum
970 2033 1288 2089 instituente
1344 2039 1534 2089 natura
1566 2034 1688 2104 plus
1717 2031 1830 2087 fere
1859 2030 2023 2096 ﬁlios,

416 2139 582 2194 quam
614 2124 980 2193 nosmetipsos
1008 2124 1321 2196 diligamus,
1355 2140 1515 2180 omne
1535 2127 1664 2181 vicit
1687 2124 2019 2195 exemplum,

417 2217 508 2287 qui
548 2216 758 2270 amicos
788 2214 874 2271 his
924 2216 1182 2286 prmtuiit,
1211 2233 1348 2289 quos
1376 2218 1475 2275 sibi
1501 2218 1847 2289 pr:cferebat.
1870 2218 1891 2250 ³
1912 2216 2023 2274 Sed

420 2315 479 2363 tu
513 2308 755 2378 quidem,
787 2307 817 2347 ι’
845 2308 911 2363 ad
965 2310 1365 2365 exonerandam
1416 2311 1730 2367 debentium
1760 2326 2027 2369 verecun-

417 2401 587 2468 diam,
620 2418 741 2473 qute
766 2403 820 2457 in
871 2412 991 2459 tuos
1019 2404 1257 2471 confers,
1282 2421 1389 2460 non
1429 2407 1511 2462 vis
1535 2407 1705 2463 videri
1734 2419 2022 2480 priestare,

2124 446 2375 502 tenebras
2421 463 2547 504 suas
2596 449 2827 519 imputet
2869 447 3058 518 jacens
3084 446 3288 511 virtus,
3320 462 3441 517 quae
3493 461 3599 501 non
3623 446 3724 501 ob-

2124 537 2249 592 tulit
2273 552 2332 594 se
2356 540 2708 609 probandam.
2739 540 2760 572 ⁴
2783 540 2938 609 Quod
2968 539 3322 596 conscientiae
3351 546 3458 594 tua:
3494 538 3722 606 sufﬁcit,

2124 631 2418 689 honoratus
2448 643 2530 691 est
2570 636 2660 706 qui
2686 635 2965 706 probatus.

2194 728 2381 784 XVIII.
2418 727 2588 784 Velim
2620 737 2799 785 tamen
2827 729 2977 784 dicas
3005 727 3169 795 unde,
3198 742 3321 784 cum
3349 728 3367 760 ¹
3398 727 3565 784 tantis
3594 742 3722 799 pro-

2122 822 2284 876 missa
2329 821 2626 890 persolvas,
2675 821 2803 893 quid
2831 820 2918 876 cui
2964 821 3279 890 promiseris
3304 821 3469 887 scias,
3519 836 3619 876 nec
3663 829 3719 876 to

2123 913 2209 968 vel
2231 914 2547 981 reipublicae
2595 928 2748 977 cura,
2784 914 2865 969 vel
2894 913 3008 981 ipsa
3058 912 3147 967 illa
3182 923 3396 969 tuorum
3431 914 3725 970 beneﬁcio-

2125 1023 2244 1064 rum
2263 1007 2420 1062 turba
2444 1006 2760 1071 confundat,
2778 1008 2797 1038 ⁸
2820 1014 2880 1060 ιιι
2904 1006 3135 1075 parcior,
3153 1005 3449 1069 tardiorve,
3474 1016 3721 1077 tempore

2124 1115 2307 1170 quem,
2341 1099 2571 1155 modove
2599 1098 2859 1169 decipias.
2883 1096 3015 1165 Quis
3041 1096 3255 1152 debitor
3284 1096 3624 1152 verecundus
3652 1097 3725 1152 ita

2125 1201 2369 1248 mutuum
2410 1191 2477 1246 ad
2508 1191 2649 1247 diem
2681 1188 2894 1255 reddit,
2928 1199 2987 1245 ut
3041 1200 3116 1257 tu,
3143 1190 3288 1261 quod
3318 1188 3728 1259 promittis,ap-

2128 1287 2365 1357 pendis?
2392 1286 2413 1317 '
2439 1284 2551 1341 Nec
2576 1286 2782 1356 imponi
2827 1284 3227 1356 negligentibus
3253 1284 3560 1340 arbitreris.
3580 1284 3727 1350 Quo-

2128 1377 2309 1435 tldied
2366 1380 2420 1435 in
2468 1378 2727 1435 beneﬁcia
2759 1386 2848 1433 tuo
2898 1379 3239 1449 quaerimus,
3293 1387 3349 1433 et
3402 1375 3726 1432 memoriam

2127 1476 2503 1541 convenimus,
2526 1485 2579 1529 et
2607 1489 2675 1529 ne
2727 1473 2956 1543 singulis
2984 1473 3267 1527 insidietur
3317 1472 3557 1539 oblivio“,
3602 1485 3728 1527 eum

2128 1567 2303 1623 altero
2327 1568 2555 1636 quisque
2584 1565 2944 1621 conferimus.
2969 1547 3148 1621 Unum
3192 1566 3437 1621 invenire
3465 1580 3573 1619 non
3602 1576 3731 1634 pos-

2130 1674 2338 1725 sumus,
2369 1659 2524 1728 cujus
2543 1674 2693 1729 spem
2720 1667 2882 1728 atque
2922 1659 3385 1728 exspectationem
3416 1672 3522 1712 non
3551 1656 3729 1711 dicam

2128 1751 2409 1819 felelleris,
2437 1752 2553 1816 sed,
2577 1766 2699 1822 qua:
2718 1750 2741 1782 ⁵
2780 1760 2803 1788 θ
2832 1749 3121 1805 delicatior
3167 1757 3253 1803 est
3286 1749 3529 1820 querela,
3558 1747 3736 1803 distu-

2129 1846 2279 1902 leris.
2315 1845 2571 1901 Solamne
2602 1859 2711 1912 me,
2759 1846 3075 1914 imperator,
3108 1844 3545 1900 benevolentiam
3585 1851 3733 1897 tuam

2128 1940 2313 1996 mirari
2338 1949 2497 2009 putas
2522 1940 2545 1993 ’ἱ
2574 1940 2643 1994 At
2696 1952 2798 2010 ego
2836 1938 3006 1993 miror
3031 1936 3194 1993 etiam
3226 1938 3569 1992 memoriam.
3594 1936 3730 1991 Nam

2126 2032 2260 2090 cui‘
2289 2034 2602 2101 Hortensio,
2646 2032 2968 2097 Lucullove,
3026 2032 3110 2088 vel
3157 2032 3357 2087 Caesari
3398 2040 3507 2087 tam
3545 2038 3735 2101 parata

2127 2110 2381 2199 umquam
2404 2127 2578 2183 adfuit
2605 2127 2935 2193 recordatio,
2966 2140 3125 2197 quam
3151 2126 3245 2181 tibi
3269 2141 3421 2181 sacra
3462 2140 3617 2181 mens
3644 2136 3737 2180 tua

2127 2220 2250 2276 loco
2277 2230 2683 2291 momentoque,
2720 2234 2829 2289 quo
2856 2219 3111 2289 iusseris,
3155 2218 3336 2273 reddit
3368 2233 3534 2274 omne
3561 2217 3737 2288 depo-

2128 2317 2291 2371 situm
2315 2316 2339 2370 ?
2372 2315 2394 2347 ⁸
2418 2314 2612 2372 Utrum
2656 2324 2709 2369 te
2738 2323 2919 2369 tamen
2976 2313 3093 2381 ipse
3140 2312 3447 2367 admones?
3484 2327 3551 2365 an
3580 2320 3638 2364 ut
3656 2310 3739 2365 illi

2131 2409 2433 2481 majestatis
2462 2418 2571 2464 tua:
2600 2406 2851 2479 participi
2878 2406 2901 2439 '
2923 2406 3049 2470 deo,
3068 2404 3319 2461 feruntur
3350 2405 3609 2459 assistere
3633 2402 3743 2457 fata

416 2494 513 2550 sed
546 2494 802 2550 reddere.
834 2494 1098 2552 Geramus
1126 2496 1220 2551 tibi
1252 2512 1483 2567 morem,
1510 2508 1531 2539 ε
1558 2507 1614 2555 et
1636 2501 2023 2558 beneﬁciorum
2131 2518 2254 2558 cum
2279 2502 2499 2568 tabulis,
2529 2501 2609 2557 sic
2637 2501 2737 2556 tibi
2764 2501 2943 2572 aliqua
2966 2498 3049 2554 vis
3077 2499 3264 2554 divina
3294 2496 3592 2561 subservit,
3618 2510 3742 2568 qua

418 2602 662 2645 summas
685 2599 899 2645 tuorum
937 2604 1037 2660 pro
1088 2599 1175 2644 tua
1224 2591 1505 2647 voluntate
1562 2593 1845 2662 ducentes,
1873 2595 2031 2665 quid-
2134 2598 2277 2669 quod
2301 2597 2528 2659 dixeris,
2546 2598 2773 2663 scribat,
2806 2603 2861 2651 et
2886 2593 3189 2666 suggerat?
3212 2593 3357 2648 Nihil
3386 2594 3457 2647 ita
3490 2590 3741 2662 primori-

416 2682 544 2753 quid
576 2681 930 2739 familiaribus
957 2684 1062 2739 tuis
1094 2684 1285 2741 tribuis
1314 2699 1420 2741 non
1445 2687 1675 2756 expendi
1704 2690 1906 2758 potius,
1932 2688 2029 2745 sed
2134 2690 2237 2746 bus
2262 2689 2433 2744 labris
2479 2689 2778 2758 polliceris,
2825 2687 2954 2760 quin
2988 2686 3257 2756 promisso
3308 2685 3468 2740 ﬁdem
3518 2684 3744 2750 subdas,

419 2774 647 2845 rependi
695 2784 949 2847 putemus
978 2793 994 2843 ;
1048 2777 1326 2833 enimvero
1374 2793 1494 2833 cum
1545 2779 1738 2834 leviter
1764 2782 2029 2851 cognitos,
2137 2790 2192 2838 et
2222 2782 2389 2837 verba
2414 2797 2472 2837 re
2496 2782 2729 2836 sancias.
2764 2779 2942 2835 Nemo
2957 2779 3091 2849 jam,
3116 2793 3278 2832 nemo
3300 2776 3587 2839 beneﬁcia,
3619 2791 3742 2846 quas

421 2878 515 2924 aut
540 2870 704 2924 etiam
734 2870 905 2927 semel
927 2870 1074 2927 visos
1106 2871 1172 2927 iis
1202 2871 1501 2928 honoribus
1523 2873 1682 2929 simul
1712 2873 1879 2942 ditas,
1911 2877 2032 2945 qui-
2137 2875 2376 2941 dederis,
2411 2874 2479 2931 ab
2508 2889 2575 2930 eo
2601 2873 2775 2930 credit
2818 2883 3067 2943 tempore
3095 2870 3479 2942 computanda,
3510 2885 3617 2942 quo
3650 2870 3746 2926 de-

422 2958 525 3014 bus
566 2966 624 3015 et
670 2961 831 3017 amici
878 2972 1101 3033 possent
1122 2978 1243 3019 esse
1271 2966 1537 3031 contenti,
1573 2980 1752 3023 nonne
1777 2970 2035 3025 omnibus
2137 2969 2309 3037 deris,
2364 2968 2489 3039 quia
2518 2969 2541 3001 ⁸
2567 2979 2675 3023 tam
2727 2968 2835 3022 sint
2884 2976 3053 3035 certa,
3081 2981 3202 3037 qua:
3250 2963 3508 3037 spondes,
3539 2971 3600 3019 ut
3628 2970 3745 3018 tum

423 3055 507 3110 vis
537 3055 766 3139 probare
814 3056 1047 3111 amicum
1100 3058 1197 3112 tibi
1248 3073 1370 3114 esse
1416 3060 1507 3130 qui
1554 3059 1732 3116 bonus
1773 3058 2035 3116 sit?Cui-

421 3160 657 3218 cumque
701 3148 829 3218 quid
882 3147 1085 3220 publici
1134 3150 1447 3206 mandatum
1480 3150 1640 3207 fuerit
1671 3150 1861 3218 ofﬁcii,
1888 3168 2028 3223 prte-

2137 3061 2428 3118 videantur
2458 3070 2707 3131 accepta,
2735 3076 2857 3117 cum
2887 3060 3145 3132 spondes.

2210 3151 2355 3211 XIX.
2388 3153 2507 3211 Iam
2552 3154 2819 3226 idip'mm,
2849 3152 2995 3228 quod
3014 3153 3036 3186 ¹
3065 3160 3191 3208 ante
3217 3150 3525 3223 promittis,
3563 3164 3745 3206 nonne

1787 3262 2375 3326 INTERPRETATIO.

499 3388 527 3450 ξι
555 3376 1053 3450 Vetustatidebeut
1073 3379 1211 3450 quod
1240 3377 1401 3435 ﬁdem
1432 3382 1649 3450 faciant.

494 3447 525 3487 ιι
557 3447 628 3524 I_Jt
652 3447 901 3503 consulas
932 3448 1129 3524 pudori
1144 3465 1331 3524 eorum
1361 3447 1499 3521 quos
1530 3449 1850 3524 obstringis.

501 3529 526 3559 α
558 3518 629 3573 Et
648 3533 864 3575 summa
898 3518 987 3576 tua
1015 3518 1281 3577 beneﬁcia
1306 3518 1640 3579 ex'arbitrio.

496 3588 817 3648 dBeneﬁcia
863 3600 952 3648 tua
978 3593 1161 3650 animo
1194 3605 1596 3665 computamus,
1651 3604 1709 3652 et
1767 3595 2032 3654 memoria

2058 3383 2104 3447 C
2136 3385 2431 3454 repetimus
2459 3399 2523 3440 ac
2550 3399 2620 3441 ne
2640 3385 2763 3454 quis
2791 3383 2937 3440 ullus
2980 3397 3167 3439 eorum
3196 3383 3572 3454 obliviscatur,
3597 3385 3741 3445 inter

2138 3470 2241 3511 nos
2264 3455 2338 3529 _de
2365 3456 2431 3511 iis
2456 3455 2609 3529 quasi
2640 3471 2707 3512 ea
2735 3465 3093 3528 comparantes
3117 3454 3497 3529 colIOquimur.

2212 3534 2239 3564 θ
2263 3525 2447 3599 Longe
2472 3525 2670 3584 minor.

1970 3706 2205 3768 ΝΟΤΕ.

500 3798 540 3876 ἶ,
562 3797 699 3864 Quid
734 3816 838 3876 min
902 3810 1158 3876 poterant.
1188 3803 1518 3860 Beneﬁcium
1568 3806 1882 3862 consulatus
1918 3819 2029 3876 quo

428 3870 667 3947 nullum_
695 3872 868 3947 majus
902 3870 1160 3947 conferre
1187 3877 1375 3930 amicis
1409 3886 1649 3944 poteras,
1678 3877 1726 3932 si
1752 3870 2030 3947 spectetur

428 3943 671 4010 supremi
711 3941 855 3997 illius
881 3945 1227 4018 magistratus
1270 3941 1526 4018 dignitas,
1552 3948 1729 4004 fecisti
1762 3941 1822 4003 ut
1850 3949 2029 4018 majus

428 4021 603 4138 isset;
628 4027 751 4067 cum
780 4024 841 4069 ut.
886 4017 997 4072 tn'to
1025 4016 1454 4084 conferrem—eos
1496 4021 1622 4075 ﬁliis
1646 4022 1816 4076 etiam
1872 4016 2029 4075 ante-

461 4100 490 4137 ιι
520 4101 563 4137 is
594 4101 629 4136 ι.

461 4093 629 4137 ulistt.

503 4152 667 4230 _XV_ll.
695 4157 811 4230 —_‘
845 4156 1066 4213 Pirithoi
1096 4160 1271 4230 ﬁdem.
1314 4161 1389 4216 De
1428 4161 1652 4217 Pirithoi
1696 4174 1745 4218 et
1780 4162 1977 4217 Thesei
2014 4202 2029 4226 ,

431 4226 650 4308 Pyladi;
674 4226 999 4308 et__Qre§tis,
1027 4226 1285 4308 Damonis
1313 4244 1367 4286 et
1392 4232 1598 4305 Pythiae
1650 4249 1747 4289 seu
1776 4233 2029 4299 Pinthite,

430 4297 668 4373 amicitia
697 4297 832 4353 nihil
853 4298 995 4373 dico,
1015 4305 1269 4373 quoniam
1298 4319 1389 4359 res
1416 4297 1544 4359 uota
1567 4312 1670 4359 est.

504 4370 525 4400 ³
553 4365 858 4444 Causarum.
890 4365 1067 4429 Cavea
1089 4373 1306 4444 proprie
1332 4385 1414 4431 est
1438 4390 1563 4431 area
1594 4375 1647 4431 in
1676 4373 1854 4431 medio
1880 4374 2031 4430 thea-

432 4448 540 4505 tro,
570 4438 625 4496 in
650 4456 753 4512 qua
771 4443 1012 4512 equitum
1041 4438 1303 4501 subsellia
1333 4448 1629 4503 constituta
1652 4462 1776 4503 esse
1798 4462 2033 4502 consue-

432 4518 628 4583 verant
657 4553 671 4577 ,
718 4513 861 4583 quod
906 4514 1040 4570 velis
1098 4525 1241 4572 tecta
1294 4533 1474 4573 cavem
1502 4518 1912 4573 similitudinem
1947 4533 2026 4573 re.

433 4580 663 4664 ferrent.
696 4580 1055 4664 Siepe_tan_ien
1082 4588 1158 4664 uti
1184 4588 1297 4664 bo_c_
1318 4590 1371 4664 in
1395 4590 1514 4646 loco
1537 4606 1641 4663 pro
1673 4600 1787 4647 toto
1818 4589 2033 4646 theatro

435 4656 691 4720 sumitur,
727 4664 784 4710 ut
814 4656 1123 4725 1Eneid.,l.
1156 4675 1209 4725 ν,
1235 4659 1343 4716 540
1374 4677 1389 4717 :

561 4745 655 4798 Hic
679 4753 834 4799 totum
855 4762 1020 4800 cavea:
1038 4763 1321 4801 consessum
1337 4754 1573 4816 ingentis,
1603 4760 1700 4805 etc.

510 4826 661 4907 {Sed
681 4838 736 4885 tu
764 4831 1282 4907 quidem._Fortasse
1327 4845 1376 4891 et
1423 4847 1476 4890 tu
1500 4839 1730 4907 quidem,
1783 4847 1841 4893 ut
1889 4846 2040 4893 notat

438 4896 718 4981 Acidalius
751 4896 1180 4981 {inconcinnum
1213 4908 1357 4963 enim
1388 4896 1647 4980 quiddam
1689 4896 1851 4965 habet
1878 4926 2036 4981 repe-

442 4974 539 5045 tito
563 4974 843 5045 particula:
870 4976 982 5030 sed.

513 5039 714 5122 {Quod
741 5047 1086 5122 _conscietttit2
1131 5060 1254 5122 tute.
1289 5049 1571 5122 Respexit
1624 5051 1688 5108 ad
1738 5050 2039 5105 Gratiarum

440 5116 691 5195 actionem
740 5116 1004 5195 Ettmenii,
1041 5138 1094 5173 ιι.
1123 5121 1193 5178 20
1225 5139 1237 5177 :
1265 5121 1380 5195 Sibi
1420 5116 1635 5195 imputet
1688 5124 1917 5195 quisquis
1962 5123 2036 5177 uti

439 5182 607 5238 noluit
633 5185 878 5267 (tene/icio
904 5182 1011 5267 tuo,
1060 5207 1152 5245 nec
1182 5210 1234 5267 se
1263 5182 1897 5267 dignam'vitajudicat'tit,
1922 5211 2038 5248 cum

442 5256 815 5340 per‘tegiiceret
865 5271 918 5313 ut
946 5262 1133 5340 viveret
1175 5263 1253 5335 (tu
1303 5256 1441 5340 quod
1470 5256 1667 5340 sufﬁcit
1709 5256 2036 5321 conscientia:

444 5326 572 5451 tut?
596 5330 748 5383 etiam
776 5346 877 5383 non
900 5326 1209 5388 merwntibus
1231 5326 1522 5407 pepercisti.

577 5391 703 5451 VI".
729 5432 800 5442 —-
822 5402 840 5433 ⁸
863 5400 1066 5451 Tantis-
1095 5406 1197 5451 ΡΠ)
1217 5416 1310 5451 tot-

577 5391 703 5455 VIII.
729 5432 800 5442 —-
822 5402 840 5433 ‘
863 5400 1066 5459 Tantis.
1094 5406 1197 5459 Pro
1217 5391 1310 5460 ιόιί

517 5468 888 5556 ξριρᾳγείωξ.
923 5474 999 5528 lta
1029 5477 1284 5556 ut_alicui
1337 5489 1429 5533 aut
1481 5479 1532 5535 id
1588 5494 1692 5537 non
1734 5479 1845 5556 _des
1895 5474 2038 5549 quod

790 5555 881 5599 aut
924 5562 1035 5605 non
1067 5548 1163 5605 des
1191 5565 1258 5605 eo
1308 5558 1552 5622 tempore
1582 5562 1689 5622 quo
1716 5548 1966 5605 daturum
1991 5561 2043 5613 te

444 5624 763 5680 prmnmsti.

520 5681 541 5711 ³
570 5682 681 5765 tVec
704 5687 927 5766 imponi.
955 5688 1044 5745 Sic
1074 5692 1351 5766 agiscum
1380 5695 1447 5750 iis
1485 5693 1680 5766 quibus
1722 5691 2041 5766 ριόῐηὶδίειῖ,

445 5755 601 5823 quasi
631 5755 909 5814 existimes
954 5776 1049 5818 eos
1074 5755 1150 5819 lt'a
1178 5763 1468 5837 diligenter
1496 5755 1792 5822 observare
1820 5755 2047 5836 promis-

2059 4627 2115 4688 D

2130 3814 2314 3924 soritm
2348 3798 2567 3854 modum
2611 3807 2960 3872 tempusque,
2986 3811 3043 3858 ut
3068 3802 3231 3861 facile
3252 3803 3433 3879 decipi
3462 3822 3571 3866 non
3618 3818 3747 3884 pos-

2134 3888 2218 3924 sm
2254 3912 2266 3924 .

2134 3888 2266 3927 Sil“.

2205 3942 2227 3973 δ
2263 3940 2544 4023 ρριξσαείον
2568 3943 3083 4023 est._Delicat_i_orem
3125 3957 3285 4023 vocat
3338 3950 3531 4017 dilati,
3572 3968 3737 4023 quam

2136 4029 2245 4094 non
2273 4013 2383 4067 dati
2433 4013 2659 4094 omnino
2686 4014 3283 4094 beneliciiquerelam;
3317 4024 3442 4093 quia
3475 4013 3742 4094 prornissa

2137 4083 2692 4166 denegareoboniinis
2740 4095 2824 4140 est
2873 4083 3071 4166 nullius
3114 4092 3238 4166 ﬁdei
3270 4083 3535 4151 idtﬁ‘er're
3567 4083 3734 4166 vero,

2139 4156 2487 4280 negligenéite
2499 4155 2775 4226 cujusdam
2789 4173 2907 4228 qum
2921 4160 2972 4214 in
2989 4160 3262 4219 hominem
3280 4168 3521 4235 quemvis
3542 4155 3739 4227 cadere

2144 4242 2302 4280 noss-e
2334 4244 2381 4280 ιι
2424 4238 2597 4280 eatur.
2682 4270 2687 4273 .

2144 4242 2305 4298 posse
2334 4238 2630 4298 videatur:
2682 4270 2687 4273 .

2210 4296 2564 4365 'Hortensio,
2596 4296 2900 4377 pacatiore.
2930 4300 3285 4377 Praestantem
3334 4307 3495 4377 hujus
3536 4326 3743 4368 memo-

2140 4370 2277 4425 riam
2326 4372 2669 4425 commendat
2709 4371 2918 4427 Tullius
2968 4372 3177 4428 Tuscul.
3210 4379 3262 4441 I,
3295 4387 3347 4432 et
3390 4370 3636 4436 extremo
3678 4385 3743 4439 de

2143 4441 2361 4495 Oratore
2390 4441 2427 4493 1.
2458 4455 2536 4504 ιιι,
2568 4442 2657 4510 ulti
2684 4450 2739 4495 et
2766 4442 3039 4498 Hortensii
3064 4448 3310 4501 meminit
3334 4490 3347 4505 .
3374 4449 3563 4505 itidem
3592 4462 3647 4507 et
3687 4454 3744 4510 in

2138 4512 2321 4585 Bruto,
2353 4527 2406 4585 η,
2441 4510 2567 4565 δοι.
2596 4508 2866 4585 Cmsarem
2895 4529 3022 4585 vero
3049 4516 3214 4570 tradit
3244 4517 3451 4574 Plinius
3481 4521 3516 4575 l.
3552 4538 3653 4585 vn.
3685 4508 3738 4582 δέ

2138 4583 2245 4650 25,
2279 4583 2497 4636 scribere
2522 4591 2569 4636 et
2614 4583 2780 4654 legere
2824 4584 3011 4653 simul,
3065 4587 3259 4642 dictare
3302 4600 3348 4642 et
3392 4592 3577 4647 audire
3613 4583 3739 4650 soli-

2142 4665 2250 4736 tam
2270 4696 2282 4713 ,
2310 4654 2554 4736 epistolas
2585 4670 2701 4708 vero
2732 4663 3204 4736 tantarum-rerum
3228 4672 3507 4730 quaternas
3543 4669 3738 4736 pariter

2142 4726 2366 4809 librariis
2410 4726 2605 4779 dictare
2634 4734 2769 4808 {aut
2807 4727 2853 4781 si
2883 4726 3013 4809 nitri!
3052 4729 3204 4785 aliud
3236 4726 3736 4809 aggerenseptenas.

2143 4800 2219 4924 ἕρ
2237 4797 2365 4920 |aliis
2397 4798 2701 4922 piseatautis
2732 4798 3004 4854 memoria:
3034 4797 3303 4874 exemplis
3329 4820 3360 4860 a
3384 4797 3548 4865 nutris
3578 4825 3742 4882 supra

2184 4885 2231 4923 ιο
2257 4884 2345 4921 um
2376 4884 2435 4922 es
2467 4908 2479 4922 .

2184 4884 2345 4923 IClllm
2376 4884 2479 4922 εει.

2216 4941 2236 4971 ⁶
2266 4938 2455 4994 Utrum
2481 4948 2529 4995 te
2557 4949 2747 4995 tamen.
2783 4941 2887 4997 Alii
2910 4952 3083 4999 utrum
3110 4956 3283 5002 autem
3308 4949 3421 5019 ipse
3447 4961 3518 5008 te.

2214 5030 2235 5062 ⁷
2267 5028 2395 5083 Deo.
2421 5029 2611 5085 Utrum
2640 5046 2769 5085 vero
2800 5032 2909 5087 Deo
2938 5049 3005 5088 att
3030 5034 3197 5091 Iovi?
3227 5038 3439 5094 Etenim
3480 5056 3547 5095 an
3574 5041 3741 5096 Paca-

2144 5110 2230 5157 tus
2257 5102 2585 5157 christianos
2613 5102 2775 5158 fuerit
2815 5103 3079 5160 incertum
3110 5118 3214 5163 est.
3242 5109 3361 5164 .Iovi
3389 5123 3564 5165 autem
3596 5112 3739 5166 Mar-

2145 5172 2324 5248 tianus
2369 5173 2584 5239 Capella
2613 5176 2647 5229 l.
2683 5192 2696 5227 I
2729 5192 2741 5227 :
2776 5173 2972 5231 Parcas
3016 5196 3257 5248 superum
3301 5182 3539 5235 librarios
3578 5184 3739 5238 assis-

2141 5255 2246 5299 tere
2270 5246 2370 5311 ait,
2400 5249 2612 5320 ejusqtte
2638 5249 2913 5320 sententias
2941 5246 3197 5320 excipere.
3226 5252 3376 5320 Quod
3407 5260 3462 5307 et
3481 5253 3615 5307 scite
3639 5270 3739 5309 suo

2144 5332 2301 5395 more
2329 5317 2492 5395 refert
2543 5317 2836 5395 I_.uciauus,
2865 5319 2989 5373 366.
3010 5319 3206 5395 Poeta:
3232 5317 3401 5395 Graeci
3440 5334 3494 5378 et
3521 5329 3739 5395 mytho-

2143 5387 2303 5457 logici
2333 5389 2518 5444 dicunt
2546 5390 2741 5445 Parcas
2767 5404 2888 5445 esse
2918 5392 3121 5444 scribas
3147 5391 3316 5446 Jovis.

2222 5481 2243 5511 ⁸
2276 5479 2400 5536 Tam
2442 5482 2543 5534 sint
2588 5491 2744 5535 certa.
2792 5479 3045 5535 Fortasse
3092 5491 3195 5535 tam
3240 5494 3360 5537 sunt
3404 5494 3544 5540 certa
3588 5496 3646 5543 ut
3675 5489 3745 5545 ad

2151 5566 2300 5678 32mm
2330 5552 2585 5608 editionis
2616 5567 2728 5608 sure
2756 5559 2909 5606 notat
2938 5552 3215 5609 Livineius
3234 5569 3299 5610 ex
3332 5553 3623 5615 Viennensi
3655 5574 3747 5617 co—

2211 5636 2292 5677 ce.

2229 5690 2445 5775 liix.—
2467 5695 2639 5775 ‘__Ante
2686 5694 2959 5775 promittis.
2990 5690 3272 5754 Promittis
3295 5741 3311 5769 ,
3343 5711 3629 5775 antequam
3658 5705 3755 5761 be-

2159 5766 2407 5823 neﬁcium
2439 5767 2609 5824 ullum
2638 5766 2903 5824 conferas.
