4200 6178
467 203 574 261 495

1643 203 2078 262 THEODOSIUS
2117 180 2204 262 Er
2246 203 2585 263 pacarus.

3664 208 3771 266 £96

463 315 534 371 de
563 330 774 370 summo
818 315 1121 385 purissima:
1163 316 1361 370 mentis
1386 313 1624 372 candore
1654 315 2058 385 proﬁciscitur?
2088 320 2134 377 Α
2165 330 2283 371 sum
2311 325 2395 372 est
2418 362 2432 385 ,
2466 326 2523 372 ut
2547 318 2851 389 graviorem
2903 330 3121 386 semper
3151 316 3458 386 putaverint
3507 319 3768 376 servitute

462 423 587 463 nam
618 409 769 478 cujus
798 417 882 463 est
909 408 1075 461 animi
1109 409 1129 438 ²
1161 422 1261 463 nec
1301 415 1423 461 vota
1467 406 1743 461 hominum
1790 407 2016 478 fatigare
2037 450 2052 476 ,

462 519 565 560 nec
590 504 849 558 adhibere
880 502 1192 558 muneribus
1222 512 1395 556 artem
1420 500 1759 556 difficultatis
1784 543 1798 568 ,
1829 501 1928 556 sed
1960 501 2057 557 de-

460 598 713 654 nuntiare
743 595 1042 666 prazstanda
1073 638 1086 659 ,
1129 604 1186 648 ut
1214 605 1267 649 et
1298 594 1556 665 prolixior
1583 595 1653 649 sit
1674 609 1866 649 sensus
1889 594 2058 649 bono-

458 706 578 746 rum
601 731 615 754 ,
651 703 751 743 nec
794 687 1077 757 repentina
1109 687 1336 743 felicitas
1376 686 1540 742 faciat
1565 686 1826 741 attonitos
1850 728 1865 751 ,
1895 695 1951 741 et
1976 688 2055 740 si-

456 783 617 839 miles
647 780 838 837 reddat
869 780 1129 852 ingratis?
1160 781 1375 835 animos
1405 780 1548 834 enim
1580 787 1828 845 nostros,
1860 779 2056 834 subitis

455 874 740 931 affectibus
790 874 1055 944 impares,
1086 871 1311 943 proinde
1359 872 1542 926 laetitia
1574 885 1637 925 ac
1666 870 1821 926 dolor
1844 912 1858 937 ,
1887 870 1934 925 si
1960 870 2056 925 de-

453 966 795 1038 prehendat,
830 967 850 997 ³
876 974 1140 1022 extentat.
1179 969 1259 1019 An
1303 979 1409 1020 non
1440 965 1531 1020 illa
1558 964 1800 1018 Romana
1833 963 1853 993 "
1883 963 2054 1033 pieta-

454 1061 525 1113 tis
569 1059 867 1114 notissimae
907 1068 1079 1113 mater
1100 1100 1113 1124 ,
1147 1059 1337 1113 nuntio
1370 1048 1497 1112 mali
1540 1056 1840 1112 Cannensis
1868 1065 2050 1112 exter-

452 1152 579 1215 rita,
608 1151 718 1205 ﬁlio
746 1150 970 1217 reduce,
995 1166 1157 1221 quem
1180 1150 1345 1205 ﬁebat
1364 1191 1379 1216 ,
1410 1159 1436 1186 ει
1461 1150 1681 1220 diriguit
1716 1150 1770 1204 in
1796 1159 2049 1213 mortem,

450 1259 555 1299 nec
587 1260 681 1311 par
710 1259 831 1299 esse
861 1243 1057 1315 gaudio
1087 1245 1261 1313 potuit
1282 1260 1403 1313 quae
1428 1242 1771 1313 superfuerat
1798 1244 2051 1299 orbitati?

449 1338 714 1393 Conscius
727 1338 890 1409 igitur
909 1339 1147 1393 caelestis
1178 1338 1380 1403 arcani,
1410 1348 1462 1394 et
1488 1338 1812 1393 naturalium
1837 1339 1857 1369 ⁸
1882 1338 2051 1409 depo-

446 1432 676 1487 sitorum
697 1473 712 1498 ,
746 1433 917 1487 mavis
942 1432 1247 1486 hominibus
1270 1441 1485 1501 sperata
1519 1432 1814 1501 procedere
1838 1473 1852 1497 ,
1885 1446 2047 1501 quam

447 1524 722 1595 insperata
750 1524 1098 1595 supervenire
1126 1523 1406 1579 beneficia.
1430 1523 1541 1579 Nec
1565 1523 1857 1580 immerito.
1885 1522 2045 1579 Nam-

447 1635 553 1690 que
595 1619 812 1691 fugitiva
843 1633 1188 1675 successuum
1214 1619 1621 1685 repentinorum
1662 1619 1911 1687 voluptas
1937 1617 1958 1647 ⁸
1988 1625 2047 1671 ιιι

2162 418 2565 480 contemptum,
2595 410 2818 481 ejusque
2865 407 3193 478 impatientia
3235 409 3344 464 sint
3387 412 3559 466 coacti
3601 416 3762 482 post‘

2161 502 2453 559 bellatores
2502 503 2687 560 Tullos
2708 544 2723 571 ,
2749 504 2769 534 ³
2799 502 3108 573 Nomasque
3143 504 3418 559 sacrilicos
3448 545 3463 571 ,
3492 514 3547 559 et
3586 504 3605 535 δ
3651 505 3761 561 Ro-

2161 597 2338 653 mulus
2380 597 2690 654 conditores
2730 612 2953 668 regnum
2985 611 3155 666 usque
3202 596 3272 652 ad
3320 612 3519 653 nomen
3562 598 3755 654 odisse.

2162 689 2403 760 Denique
2450 690 2622 759 ipsum
2670 690 2818 745 illum
2850 688 3206 759 Tarquinium
3242 690 3597 747 execratione
3637 705 3765 761 pos-

2161 791 2329 837 trema
2359 783 2460 837 hoc
2484 782 2871 839 damnaverunt
2904 781 3225 848 meledicto;
3258 792 3312 838 et
3337 782 3613 840 hominem
3644 783 3769 839 libi-

2157 873 2285 930 dine
2313 875 2644 945 prtecipitem
2667 916 2681 941 ,
2715 873 2937 929 avaritia
2968 890 3173 930 caecum
3195 916 3208 940 ,
3241 874 3531 932 immanem
3573 877 3768 933 crude-

2156 966 2347 1033 litate,
2396 968 2573 1023 furore
2625 967 2913 1023 vecordem
2960 976 3291 1022 vocaverunt
3335 970 3665 1040 superbum,
3710 977 3768 1024 et

2155 1069 2479 1131 putaverunt
2518 1059 2770 1115 sufﬁcere
2807 1058 3134 1115 convicium.
3176 1059 3329 1124 Quod
3367 1060 3409 1115 si
3450 1075 3545 1129 per
3577 1076 3762 1115 rerum

2155 1162 2401 1205 naturam
2429 1151 2634 1218 liceret,
2662 1162 2722 1206 ut
2761 1151 2852 1206 ille
2882 1150 3138 1205 Romana:
3183 1150 3448 1207 libertatis
3475 1162 3715 1209 assertor
3739 1194 3755 1219 ,

2153 1243 2283 1312 regii
2316 1242 2549 1296 nominis
2574 1242 2595 1272 ³
2626 1241 2821 1297 Brutus
2852 1257 3019 1308 osor,
3054 1252 3075 1277 ο
3111 1242 3370 1311 preCarite
3399 1242 3640 1297 redditus
3677 1244 3759 1298 vi-

2154 1340 2242 1398 taz,
2270 1334 2530 1387 saeculum
2563 1342 2710 1388 tuum
2749 1342 2998 1389 cerneret
3039 1333 3233 1388 studiis
3282 1333 3535 1401 virtutis,
3580 1335 3758 1403 parci-

2150 1426 2350 1480 monite
2370 1466 2385 1493 ,
2420 1425 2770 1481 humanitatis
2814 1425 3077 1481 imbutum
3119 1440 3182 1479 ac
3207 1424 3470 1480 refertum
3500 1442 3517 1492 ;
3549 1427 3758 1482 nullum

2152 1529 2265 1575 toto
2290 1522 2445 1577 .orhe
2490 1530 2758 1577 terrarum
2786 1521 3079 1592 superbiae,
3113 1520 3353 1575 libidinis
3375 1561 3390 1586 ,
3422 1520 3759 1578 crudelitatis

2149 1624 2366 1671 exstare
2392 1615 2711 1685 vestigium;
2735 1614 2846 1684 jam
2896 1623 2950 1669 te
2997 1615 3170 1684 ipsum
3219 1630 3321 1685 qua
3371 1615 3620 1684 publice,
3652 1630 3755 1685 qua

446 1722 697 1782 occupat,
726 1711 806 1767 sic
834 1711 1129 1781 relinquit;
1193 1711 1421 1766 felicitas
1453 1710 1667 1780 longior
1695 1720 1801 1776 est,
1830 1711 1849 1741 ⁷
1881 1726 2044 1780 expe-
2074 1733 2122 1793 Β
2149 1708 2400 1779 privatim
2432 1708 2643 1763 videret
2670 1708 2971 1777 priscorum
3012 1706 3210 1762 duritia
3241 1706 3441 1762 ducum
3466 1749 3481 1775 ,
3512 1708 3757 1764 castitate

444 1816 596 1860 ctare
626 1819 897 1860 securum.
931 1804 1120 1875 Itaque
1151 1819 1273 1859 cum
1303 1803 1568 1859 hactenus
1595 1821 1625 1859 a
1658 1814 1852 1858 natura
1896 1814 2041 1860 esset

443 1906 740 1963 statutum,
772 1906 830 1952 ut
884 1897 1025 1953 bona
1064 1912 1162 1953 sua
1212 1896 1461 1953 homines
1503 1898 1817 1964 nescirent,
1845 1906 1898 1952 et
1928 1905 2037 1952 tum

440 1992 676 2061 primum
727 1992 1027 2063 inciperent
1071 1992 1331 2048 felicitate
1376 1992 1648 2063 gaudere,
1683 2007 1807 2048 cum
1837 1993 2038 2062 coepis-

437 2093 563 2140 sent
606 2098 727 2139 esse
770 2084 987 2150 felices,
1027 2095 1079 2139 tu
1130 2085 1495 2155 promittendo
1542 2087 1842 2155 prtestanda
1886 2086 2037 2141 inve-

438 2178 565 2233 nisti
597 2187 828 2248 tempus,
854 2178 996 2249 quod
1023 2178 1177 2233 nobis
1204 2188 1393 2233 natura
1422 2178 1795 2244 subtraxerat,
1822 2189 1879 2234 ut
1903 2195 2038 2250 quos

438 2272 632 2339 adepta
667 2271 841 2325 solum
863 2271 1125 2340 juvahant
1143 2312 1157 2337 ,
1179 2271 1339 2325 etiam
1368 2269 1716 2339 adipiscenda
1739 2271 2030 2327 delectent.

510 2362 631 2417 XX.
662 2363 784 2417 Pari
812 2363 1147 2434 benignitate
1191 2379 1315 2419 cum
1345 2366 1532 2434 plures
1562 2364 1779 2421 afﬁcere
1810 2366 2032 2421 honori-

432 2455 536 2513 bus
578 2455 777 2522 velles,
818 2472 976 2526 quam
1010 2458 1023 2487 ¹
1056 2457 1321 2511 honorum
1372 2456 1487 2512 loca
1549 2457 1941 2523 admitterent,
1981 2468 2037 2513 et

431 2548 714 2617 angustior
738 2556 884 2603 esset
914 2547 1139 2603 materia
1168 2548 1468 2614 voluntate,
1490 2563 1591 2603 nec
1619 2556 1856 2604 mentem
1888 2558 2031 2604 tuam

431 2641 681 2712 quamvis
711 2639 964 2695 diffusum
992 2650 1211 2711 caperet
1241 2640 1567 2710 imperium,
1599 2657 1759 2712 quem
1791 2642 2029 2697 nondum

431 2730 615 2802 aliquo
642 2733 937 2801 provexisti
968 2733 1169 2802 gradu,
1202 2742 1381 2788 tamen
1404 2732 1433 2772 δ
1454 2732 1766 2804 dignatione
1792 2748 1852 2789 es
1891 2735 2031 2789 sola-

428 2835 537 2881 tus.
568 2827 745 2896 Atque
789 2826 928 2881 haud
967 2828 1081 2882 scio
1101 2867 1114 2890 ,
1148 2843 1216 2881 an
1245 2827 1563 2898 quibusdam
1592 2827 1891 2883 consolatio
1928 2828 2029 2882 ista

426 2918 724 2974 suffecerit.
749 2920 845 2975 llle
873 2920 1256 2975 cohonestatus
1276 2919 1460 2985 affatu,
1495 2921 1583 2976 ille
1605 2937 1789 2977 mensa
1816 2921 2026 2987 beatus,

425 3012 521 3067 ille
548 3014 731 3068 osculo
757 3022 1106 3069 consecratus
1129 3024 1230 3069 est.
1260 3015 1337 3069 ita
1367 3014 1615 3070 omnibus
1634 3057 1647 3081 ,
1681 3016 1773 3085 qui
1799 3026 1850 3070 te
1880 3016 2028 3086 prin-

2148 1803 2500 1873 pontiﬁcum,
2525 1802 2807 1857 consulum
2858 1800 3252 1865 moderatione,
3280 1801 3300 1831 ⁶
3327 1801 3615 1871 petitorum
3658 1817 3753 1856 co-

2145 1899 2334 1952 mitate
2358 1897 2626 1952 viventem
2654 1914 2667 1962 ;
2700 1904 2935 1951 mutaret
2965 1896 3211 1967 profecto
3238 1896 3563 1951 sententiam
3600 1906 3751 1952 tanto

2144 2000 2269 2063 post
2293 2008 2482 2048 suam:
2512 2002 2708 2047 etcum
2739 1990 3039 2045 Romanam
3092 1991 3406 2067 dignitatem
3440 2006 3504 2046 ac
3534 1991 3753 2047 liberta-

2144 2095 2251 2141 tem
2284 2084 2555 2155 probaret,
2592 2084 2814 2139 meliore
2855 2089 2906 2137 in
2956 2090 3097 2136 statu
3150 2083 3477 2152 imperatore
3529 2092 3581 2139 te
3627 2098 3750 2139 esse

2141 2193 2302 2249 quam
2349 2180 2571 2234 consule
2617 2193 2677 2234 se
2718 2177 2943 2244 fuisset,
2976 2178 3284 2232 necessario
3308 2176 3582 2245 ifateretur
3614 2178 3747 2233 Tar-

2145 2272 2386 2343 quinium
2419 2271 2727 2327 submoveri
2756 2270 3027 2335 debuisse,
3060 2286 3166 2325 non
3197 2286 3444 2340 regnum.

2213 2362 2353 2418 XXI.
2381 2362 2487 2419 Sed
2517 2362 2661 2434 quod
2690 2362 2868 2419 facere
2904 2378 3127 2433 magnas
3156 2362 3317 2418 urbes
3339 2363 3574 2434 ingressi
3600 2363 3745 2420 sole-

2139 2474 2278 2522 mus,
2314 2467 2371 2512 nt
2406 2457 2634 2527 primum
2663 2472 2847 2513 sacras
2873 2456 3041 2522 tedes,
3072 2465 3129 2511 et
3157 2456 3335 2512 dicata
3360 2457 3565 2511 numini
3596 2472 3744 2512 sum-

2136 2566 2228 2606 mo
2268 2551 2489 2606 delubra
2539 2551 2806 2617 visamus,
2840 2560 2950 2605 tum
2977 2548 3124 2615 fora,
3162 2560 3324 2621 atque
3349 2551 3660 2622 gymnasia,
3689 2560 3745 2607 et

2136 2660 2235 2715 pro
2264 2646 2376 2700 suis
2420 2653 2635 2700 extenta
2677 2645 2972 2715 porticibus
2998 2645 3307 2700 ambulaera
3336 2644 3600 2700 miremur
3619 2685 3634 2711 ,
3666 2646 3738 2701 ita

2134 2737 2188 2790 in
2221 2737 2467 2792 laudibus
2492 2736 2597 2791 tuis
2618 2747 2835 2792 sanctos
2858 2737 3038 2806 palatii
3062 2737 3219 2803 ritus,
3235 2744 3290 2791 et
3309 2736 3503 2807 priscis
3515 2753 3738 2808 arquan-

2135 2826 2202 2881 da
2231 2828 2541 2882 cerimoniis
2571 2828 2815 2883 instituta
2847 2828 3110 2893 venerati,
3142 2826 3367 2897 gradum
3392 2827 3460 2882 ad
3484 2827 3574 2883 illa
3606 2842 3725 2898 pro-

2132 2918 2380 2986 ferimus,
2411 2935 2529 2989 qua:
2551 2919 2604 2973 in
2629 2919 2808 2974 medio
2833 2920 3150 2987 constituta,
3182 2930 3234 2974 et
3254 2919 3319 2974 ad
3343 2919 3589 2989 publicos
3615 2934 3743 2975 usus

2131 3010 2404 3078 facientia,
2436 3013 2451 3042 ί
2486 3027 2591 3066 non
2625 3013 2844 3082 partim,
2876 3012 2974 3067 sed
3005 3013 3056 3066 in
3088 3027 3376 3069 commune
3404 3013 3736 3079 conducunt,

428 3105 548 3176 cipe
575 3105 676 3159 sibi
703 3106 825 3176 jure
853 3105 1207 3173 conliderent,
1237 3118 1328 3163 aut
1353 3109 1618 3177 processit
1645 3108 1905 3179 dignitas,
1932 3118 2025 3164 aut

2138 3116 2231 3156 nec
2261 3102 2590 3172 parietibus,
2633 3102 2728 3158 sed
2759 3103 2891 3158 orbe
2919 3101 3269 3170 clauduntur,
3301 3118 3400 3159 nec
3430 3114 3592 3169 tecto,
3634 3105 3732 3160 sed

423 3196 690 3253 satisfecit
733 3197 1042 3254 humanitas
1066 3242 1079 3265 ,
1111 3198 1415 3254 humanitas
1460 3201 1677 3269 inquam
1702 3243 1715 3267 ,
1748 3216 1871 3271 quae
1921 3211 2029 3257 tam

424 3289 572 3345 clara
620 3289 674 3345 in
723 3291 1054 3361 imperatore
1083 3307 1243 3362 quam
1297 3306 1420 3347 rara
1450 3300 1553 3347 est.
1584 3304 1605 3330 ε
1634 3292 1765 3346 Nam
1793 3307 1914 3347 cum
1949 3293 2032 3347 in-

422 3383 658 3439 discreta
704 3382 940 3440 felicium
989 3385 1309 3456 pedissequa
1356 3385 1425 3440 sit
1473 3386 1760 3455 superbia,
1790 3386 1879 3441 vix
1908 3386 2028 3442 cui-

421 3491 585 3544 quam
612 3477 836 3547 contigit
866 3487 919 3532 et
949 3478 1225 3534 abundare
1256 3480 1469 3533 fortuna
1488 3519 1502 3544 ,
1527 3476 1554 3514 ιί
1589 3488 1643 3533 et
1672 3478 1915 3549 indigere
1944 3494 2027 3533 ar-

422 3568 688 3640 rogantia.
720 3568 885 3639 Cujus
913 3569 1130 3641 quidem
1173 3571 1242 3625 ita
1282 3570 1519 3641 majores
1567 3578 1786 3627 nostros
1828 3579 2028 3642 pertae-

2134 3194 2274 3250 coelo
2304 3196 2643 3265 operiuntur.
2681 3195 2839 3251 Velut
2870 3199 3099 3267 primum
3140 3197 3271 3253 illud
3308 3206 3423 3266 est,
3460 3213 3529 3254 ne
3553 3197 3737 3253 statim

2135 3308 2344 3349 summa
2366 3303 2669 3364 captemus,
2710 3293 2854 3365 quod
2900 3292 2919 3331 ί
2953 3294 3145 3350 creber
3171 3309 3394 3365 egressu
3416 3303 3737 3365 exspectan-

2134 3386 2276 3441 tibtts
2305 3397 2329 3434 ις
2360 3388 2571 3458 populis
2605 3399 2655 3443 te
2694 3386 2912 3454 fateris,
2959 3403 3060 3443 nee
3090 3388 3265 3444 videri
3292 3388 3455 3444 modo
3485 3391 3732 3459 patiens,

2134 3478 2234 3534 sed
2262 3481 2281 3510 ²
2334 3479 2505 3535 facilis
2538 3479 2713 3546 adiri,
2743 3495 2774 3534 e
2804 3480 3051 3551 proximo
3078 3480 3280 3550 accipis
3307 3493 3428 3538 vota
3452 3482 3733 3539 hominum

2136 3580 2352 3627 tuorum
2391 3589 2404 3626 :
2438 3570 2469 3609 ιι
2510 3580 2603 3641 ιιι,
2652 3573 2898 3645 quisquis
2931 3573 3023 3630 ille
3069 3575 3348 3632 consultor
3376 3584 3489 3645 est,
3522 3576 3734 3634 etiamsi

1777 3680 2365 3741 INTERPRETATIO.

494 3792 518 3819 ει
544 3781 733 3838 Mortis
758 3781 955 3852 frigore
981 3781 1234 3852 rigefacta
1264 3790 1367 3838 est.

493 3852 519 3891 δ
550 3855 806 3924 Dignatus
835 3868 897 3909 es
926 3854 1059 3907 hunc
1089 3853 1273 3908 solari.

494 3936 515 3963 ε
538 3918 671 3979 Nain
704 3940 825 3979 cum
861 3926 1113 3993 superbia
1139 3937 1329 3980 eorum
1351 3923 1443 3994 qui
1472 3922 1618 3979 beati
1643 3928 1768 3979 sunt
1794 3918 2026 3976 indisso-

412 3996 631 4050 mbilis
659 4010 845 4049 comes
874 3997 963 4047 sit.

492 4062 518 4100 ά
545 4064 614 4119 Ει
642 4079 830 4119 carere
860 4065 1130 4133 superbia.

2205 3790 2231 3851 ἦ
2255 3779 2548 3851 Impetrato
2574 3778 2921 3851 precibusilﬁ
2951 3781 3115 3836 vitam
3146 3780 3343 3838 reditu.

2210 3848 2232 3886 ί
2262 3850 2468 3922 Crebro
2497 3852 2550 3905 in
2572 3848 2835 3922 publicum
2858 3851 3062 3921 prodis.

2209 3930 2234 3993 β
2261 3920 2581 3993 intuendum
2607 3932 2659 3978 te
2683 3920 2895 3992 prtebes
2921 3934 2975 3978 et
2996 3923 3416 3993 agnoscendum.

2207 3990 2237 4029 ιι
2268 3992 2338 4050 Ut
2366 3995 2611 4065 quisquis
2639 3990 2708 4050 ad
2735 4004 2787 4050 te
2813 3993 2880 4051 de
2910 3990 3125 4067 negotio
3147 3996 3329 4068 aliquo
3354 3996 3541 4053 refert.

1955 4151 2186 4212 NOTAE.

490 4253 509 4283 ²
541 4250 652 4305 Nec
678 4262 792 4305 vota
824 4251 1090 4326 hominum
1110 4325 1114 4326 ν
1134 4253 1369 4326 fatigare.
1400 4251 1457 4326 ld
1485 4259 1590 4326 est,
1621 4249 1729 4326 cito
1752 4250 2020 4326 votis__lto-

417 4325 624 4379 minum
652 4338 911 4387 annuerc,
940 4325 1023 4378 vel
1047 4323 1208 4380 etiam
1233 4323 1369 4381 'vota
1399 4323 1751 4381 beneficentia
1792 4333 1846 4377 et
1882 4323 2018 4378 libeo

416 4396 629 4450 ralitatc
659 4405 1017 4451 anteVertere.

2196 4248 2217 4279 ³
2243 4244 2529 4301 Bellatores
2556 4242 2763 4301 Tullos.
2813 4243 2956 4301 Tulli
2988 4243 3202 4300 Hostilii
3238 4245 3291 4301 in
3321 4243 3537 4301 Sabinis
3564 4245 3729 4303 Alba-

2123 4319 2316 4389 nisque
2340 4318 2656 4389 subigendis
2685 4324 2827 4389 nota‘
2843 4316 3123 4371 fortitudo.

2196 4387 2450 4469 8‘Numas
2472 4387 2759 4469 sacrificos.
2784 4387 2971 4469 Numa:
2999 4387 3253 4469 Pompilii
3276 4389 3498 4469 secundi
3525 4388 3722 4469 Roma-

490 4467 510 4497 ³
543 4465 814 4521 Exiet-nat.
846 4470 1087 4522 Attonat.
1108 4467 1282 4524 Catul.
1314 4468 1369 4523 in
1402 4469 1606 4537 Argon.
1641 4464 1745 4537 Alt!
1775 4466 2013 4521 miseram
2038 4458 2091 4519 D
2118 4477 2309 4537 norum
2341 4462 2481 4531 regis
2508 4460 2778 4537 celebrata
2810 4469 2893 4515 est
2923 4459 3149 4530 insignis
3171 4459 3591 4517 ininstituendis
3628 4476 3718 4516 sa-

413 4538 637 4591 assiduis
665 4555 820 4609 quam
850 4540 1068 4593 luctibus
1095 4541 1374 4596 externavt't
1402 4539 1651 4609 Spinouu
1675 4536 1901 4607 Erycina
1935 4554 2015 4592 se-

415 4624 531 4662 rens
554 4610 606 4662 in
634 4619 837 4680 pectore
863 4611 1048 4665 curas!

491 4696 508 4727 λ
544 4698 758 4754 Pietatis
788 4703 1068 4757 notissima:
1107 4714 1291 4757 mater.
1323 4703 1396 4757 lta
1444 4700 1687 4757 referunt
1731 4699 1937 4755 Plinius
1970 4700 2006 4755 l.

412 4772 727 4895 11:23.35;
756 4774 823 4827 A.
853 4773 1063 4828 Gellius
1106 4774 1142 4827 l.
1174 4790 1252 4839 ιιι,
1282 4788 1333 4829 e.
1367 4774 1469 4836 15;
1506 4770 1684 4827 Valer.
1716 4772 1939 4829 Maxim.
1970 4773 2009 4827 Ι.

439 4857 492 4895 x.
554 4879 566 4892 .
633 4850 651 4869 υ
672 4881 685 4894 .

480 4883 492 4907 ,
519 4855 566 4895 c.
598 4855 685 4895 12.

491 4936 510 4963 ⁵
540 4933 926 5011 Depositorum.
979 4936 1333 5011 Arcauorum,
1381 4955 1500 5011 quae
1549 4954 1839 5009 paucorum
1888 4936 2009 4993 ﬁdei

415 5008 704 5078 commissa
729 5020 857 5078 sunt
883 5049 897 5072 ,
926 5019 1087 5078 atque
1117 5021 1173 5062 ιιι
1202 5010 1271 5064 ita
1302 5008 1476 5066 dicam
1512 5012 1563 5064 in
1600 5027 1786 5067 eorum
1822 5024 2012 5064 manus

416 5076 680 5151 deposita.
710 5077 973 5134 Gruterus
1003 5076 1221 5135 'mavnlt
1266 5084 1649 5151 repositorum,
1680 5092 1741 5137 ut
1766 5083 1898 5135 infra
1951 5095 2009 5134 n.

413 5147 505 5212 21,
540 5150 636 5202 nisi
667 5166 749 5205 eos
779 5152 915 5205 intra
940 5154 1240 5221 repositum,
1274 5147 1377 5209 etc.
1414 5154 1543 5209 Vide
1570 5154 1711 5207 hunc
1740 5155 1937 5206 locum.

413 5311 447 5366 r
489 5244 508 5273 °
637 5255 875 5315 occupat.
908 5248 1079 5312 Quam
1112 5257 1333 5317 repente
1360 5256 1619 5318 occupat,
1646 5258 1752 5300 tam
1782 5247 1891 5300 cito
1919 5262 2009 5301 rc-

439 5329 581 5367 mnui
615 5354 627 5367 .

439 5329 627 5383 inquit.

488 5406 507 5433 "
538 5404 855 5477 Exspectare
886 5425 1140 5463 securum.
1159 5409 1488 5481 Exspectare
1516 5409 1715 5480 aliquid
1743 5411 1900 5464 certi.

489 5494 723 5573 XX.—_‘
760 5499 1050 5573 Honorum.
1083 5501 1159 5556 lta
1187 5517 1377 5558 sensus
1406 5503 1677 5573 postulare
1700 5500 1830 5556 mihi
1860 5501 2010 5573 vide:

418 5572 525 5629 tnr,
553 5570 951 5644 nrrabonorum.
984 5572 1168 5642 Itaque
1194 5570 1497 5644 suspicatur
1521 5573 1810 5640 Puteanus,
1852 5583 1907 5627 ut
1943 5572 2011 5628 ad

409 5651 569 5762 32:3:
597 5638 848 5701 editionis
874 5638 1204 5702 Livineianae
1230 5638 1506 5704 annotavit
1540 5655 1663 5716 post
1697 5638 2007 5703 Rittershu-

2118 4535 2225 4588 cris
2258 4532 2426 4601 pietas
2450 4541 2503 4585 et
2534 4531 2743 4600 religio.

2193 4603 2213 4634 ⁸
2247 4604 2494 4658 Romulos
2522 4604 2834 4657 conditores.
2864 4602 2964 4659 Cui
2994 4620 3100 4659 non
3149 4612 3310 4660 notus
3338 4602 3597 4659 Romanas
3631 4618 3722 4659 ur-

2117 4676 2201 4731 bis
2229 4674 2477 4730 conditor
2498 4674 2760 4729 Romulus
2782 4674 2805 4727 ?

2190 4770 2210 4801 ⁵
2233 4767 2449 4822 Brutus.
2491 4766 2750 4835 Respexit
2787 4767 2855 4822 ad
2884 4766 3014 4822 illud
3056 4768 3318 4823 Martialis
3367 4767 3409 4821 ι.
3439 4783 3499 4834 ιι,
3526 4782 3614 4837 ep.
3647 4767 3680 4822 5
3702 4808 3717 4833 ,

2117 4839 2186 4912 de
2212 4840 2446 4912 Trajano
2470 4854 2488 4891 :
2514 4837 2575 4893 Si
2598 4842 2805 4912 redeant
2828 4849 3018 4894 veteres
3044 4840 3272 4912 ingentia
3294 4840 3505 4912 nomina
3524 4850 3717 4912 patres,

2118 4910 2355 4981 Elysium
2407 4910 2557 4981 liceat
2600 4911 2643 4963 si
2683 4926 2896 4964 vacuare
2948 4908 3146 4964 nemus.
3178 4910 3252 4964 Te
3299 4911 3430 4963 duce
3475 4908 3717 4981 gaudebit

2114 4980 2404 5036 Brutus...
2433 4980 2457 5033 Ι
2468 4996 2555 5047 pse
2581 4997 2780 5050 quoque
2811 4982 3027 5050 infernis
3057 4992 3321 5035 revocatus
3350 4980 3487 5034 Ditis
3515 4983 3576 5033 ab
3602 4996 3718 5033 um-

2116 5053 2241 5118 bris,
2269 5054 2328 5108 Si
2357 5051 2484 5106 Cato
2512 5053 2778 5117 reddatur,
2810 5052 3137 5107 Ctesarianus
3163 5055 3278 5107 erit.

2189 5146 2209 5175 ⁶
2235 5145 2523 5199 Petitarum
2551 5144 2809 5217 comitate.
2838 5149 2917 5200 An
2943 5147 3226 5217 legendum
3254 5129 3532 5215 pratorum
3554 5145 3714 5200 conti-

2117 5227 2247 5281 tate,
2283 5227 2338 5269 ιιι
2384 5216 2648 5288 Bzildtiino
2696 5216 3076 5286 placet‘ISa’tis
3120 5222 3245 5288 apte
3291 5220 3356 5273 ad
3391 5219 3516 5273 illttd
3551 5217 3712 5272 Plinii

2059 5325 2069 5334 ι
2115 5303 2308 5359 paueg.
2343 5305 2395 5339 ιι.
2425 5287 2457 5341 9
2488 5304 2501 5338 :
2538 5284 2640 5360 V_os
2663 5284 2866 5342 niihifn
2888 5284 3376 5360 tribunatu'quietis,
3403 5291 3456 5342 in
3484 5299 3713 5358 pratum

2115 5357 2398 5483 inodjerzjtt'te.
2428 5365 2533 5412 etc.
2561 5357 2815 5414 Fortasse
2854 5363 3014 5414 etiam
3040 5357 3276 5429 petitores
3297 5357 3587 5417 sumuntur
3616 5374 3713 5430 pro

2115 5444 2213 5483 can
2256 5445 2270 5482 ι
2311 5439 2433 5483 atts.

2458 5502 2473 5531 ί
2503 5499 2627 5574 Νοη
2662 5502 2869 5574 partim.
2894 5502 2950 5558 Id
2977 5510 3077 5568 est,
3105 5520 3208 5559 non
3238 5504 3509 5574 privatim,
3540 5501 3715 5574 inquit

2113 5573 2406 5656 Puteanus.
2453 5573 2636 5644 Aliqui
2664 5572 2869 5645 legunt
2910 5576 3136 5645 patentia
3202 5572 3293 5632 alii
3333 5576 3581 5643 valentia,
3618 5572 3711 5628 alii

2112 5654 2429 5773 pag-"Ii‘acilis
2456 5716 2609 5773 adiri.
2642 5717 2747 5776 Pro
2769 5718 2938 5789 facilis
2965 5716 3135 5777 aditu.
