4200 6178
410 315 517 374 497

1316 319 1795 381 PANEGYRICUS
1834 321 2084 381 PACATI
2120 325 2512 386 THEODOSIO
2554 328 2820 388 DlCTUS.

3607 338 3713 395 498

407 436 708 503 meruerit,
744 436 886 505 quod
926 446 1011 492 est
1039 452 1241 503 rarum,
1274 438 1573 509 repulsam,
1612 449 1637 476 ο
1662 438 1797 495 ferat
1826 450 2005 497 tamen
2033 444 2088 504 Α
2115 451 2321 497 tantum
2362 445 2854 514 gentes'tremunt,
2897 459 3030 517 quas
3059 446 3126 502 ab
3155 449 3287 503 orbe
3328 456 3514 504 nostra
3545 450 3714 507 silva-

406 530 506 585 visi
553 529 792 585 numinis
827 530 1234 607 conscientiam.
1280 534 1351 586 At
1378 530 1405 569 ι’
1434 547 1593 601 quam
1625 531 1763 587 alter
1794 532 2007 588 illorum

406 621 733 691 principium
762 636 878 676 mos
907 621 1036 687 fuit,
1063 637 1198 691 quos
1226 622 1416 692 loquar
1446 631 1632 677 natum
1657 632 1760 687 est,
1784 625 1872 692 qui
1896 639 2009 678 ina-

400 714 653 785 jestatem
683 716 884 784 regiam
908 715 1153 769 imminui
1178 723 1233 770 et
1256 716 1460 785 vulgari
1483 716 1761 785 putabant,
1787 716 1886 770 nisi
1910 732 2005 772 eos

408 816 431 844 ε
465 805 603 860 intra
650 807 950 877 repositum
989 807 1241 876 palatinas
1289 808 1423 862 cedis
1465 808 1703 862 inclusos
1750 818 2000 879 tauquam

403 899 621 971 aliquod
644 900 663 931 ³
693 900 914 957 Vestale
954 909 1224 956 secretum
1264 902 1541 957 veneratio
1567 902 1775 956 occulta
1807 917 2003 957 consu-

406 992 627 1055 luisset,
658 988 684 1027 ά
738 992 841 1047 nisi
892 992 1031 1046 intra
1076 991 1426 1047 domesticam
1471 995 1713 1049 umbram
1758 995 2000 1064 jacentes

402 1084 636 1139 solitudo
665 1085 880 1154 provisa
929 1094 982 1140 et
1004 1085 1215 1141 silentia
1242 1086 1349 1141 late
1373 1086 1660 1141 conciliata
1681 1087 1995 1141 valtassent.

400 1175 538 1244 Quin
570 1176 836 1247 siquando
863 1176 916 1231 in
945 1177 1121 1232 lucem
1175 1177 1358 1233 venire
1384 1188 1435 1232 et
1461 1178 1602 1233 diem
1627 1178 1766 1233 ferre
1792 1179 1998 1248 potuis-

396 1277 557 1333 sent,
587 1269 609 1298 ’δ
658 1269 863 1326 lecticis
891 1270 911 1300 ⁸
968 1268 1243 1340 tensisque
1284 1269 1556 1337 subvecti,
1592 1278 1647 1325 et
1673 1269 1992 1325 densissima

394 1361 601 1415 circum
648 1376 913 1431 supraque
953 1361 1194 1431 cooperti
1221 1362 1460 1415 virorum
1506 1376 1888 1432 armorumque
1916 1370 1995 1417 te-

392 1453 611 1507 studine
640 1455 841 1508 sensim
872 1461 1033 1523 atque
1063 1452 1417 1507 adnumerum
1447 1453 1822 1508 movebantur.
1855 1451 1989 1507 Tum

392 1544 553 1614 longe
584 1543 815 1613 papulus
847 1544 1163 1614 abigebatur
1183 1586 1198 1608 ,
1235 1560 1333 1600 nec
1370 1544 1543 1600 otiosa
1570 1545 1589 1575 ⁶
1623 1545 1844 1599 viatoris
1875 1560 1989 1600 ma-

391 1649 495 1690 nus
539 1636 751 1705 plebem
784 1636 1013 1692 verbere
1042 1636 1397 1692 submovebat
1427 1654 1440 1691 :
1476 1645 1532 1691 ut
1563 1645 1829 1692 secretum
1862 1638 1880 1667 ⁷
1904 1652 1988 1693 es-

387 1739 472 1784 set
507 1729 560 1784 in
603 1729 839 1800 publica.
887 1730 958 1785 At
1006 1741 1189 1786 noster
1234 1730 1318 1786 hic
1367 1731 1617 1787 omnibus
1661 1730 1987 1801 spectandus

2114 549 2232 590 rum
2282 535 2561 591 intervalla
2590 578 2604 603 ,
2638 537 2719 591 vel
2754 536 3004 603 flumina,
3035 548 3313 595 montesve
3342 540 3712 613 distinguunt,

2113 627 2207 682 sed
2240 638 2374 697 quas
2396 628 2615 683 aeternis
2656 628 2939 684 ardoribus
2971 630 3308 699 inaccessas,
3343 642 3435 687 aut
3458 635 3716 691 continua

2112 718 2306 789 hyeme
2347 729 2647 789 separatas,
2676 730 2767 775 aut
2799 721 3076 777 interfusis
3099 725 3406 793 a'qtturibus
3429 725 3712 796 abjunctas

2108 821 2299 865 natura
2329 812 2683 867 disterminat.
2717 813 2832 868 Non
2863 829 3070 869 oceano
3096 814 3290 881 Indus,
3324 832 3429 871 non
3459 819 3475 850 ¹
3508 818 3709 892 frigore

2107 901 2509 970 Basphoranus,
2542 902 2561 933 ¹
2592 919 2696 957 non
2717 902 2893 959 Arabs
2916 905 3094 960 medio
3120 908 3236 961 sole
3262 922 3487 964 securus
3508 923 3619 976 est;
3653 922 3711 969 et

2103 1009 2210 1064 quo
2248 994 2335 1049 vix
2378 1004 2699 1065 pervenerat
2744 1012 2941 1052 nomen
2995 1007 3119 1054 ante
3145 1000 3468 1068 Romanum,
3500 1006 3711 1060 accedit

2102 1087 2414 1157 imperium.
2443 1087 2699 1143 Dicamne
2729 1104 2828 1157 ego
2852 1099 3102 1158 receptos
3127 1091 3193 1145 ad
3225 1093 3499 1147 servitium
3528 1093 3549 1125 ⁸
3578 1094 3709 1150 Gut-

2102 1178 2243 1242 thos,
2284 1179 2478 1233 castris
2513 1181 2619 1234 tuis
2649 1180 2894 1247 militem,
2941 1183 3098 1236 terris
3126 1182 3376 1239 sufﬁcere
3399 1184 3710 1241 cultorem?

2099 1273 2280 1328 Dicam
2310 1288 2339 1326 a
2378 1273 2671 1328 rebellibus
2702 1274 2721 1304 '*
2749 1274 3033 1330 Saracenis
3065 1291 3252 1345 poenas
3275 1277 3461 1347 polluti
3487 1277 3708 1335 foederis

2097 1368 2403 1437 expetitas?
2447 1367 2627 1421 Dicam
2660 1369 2679 1398 ⁵
2721 1368 3063 1423 interdictum
3108 1369 3323 1441 Scythis
3364 1370 3616 1439 Tanaim,
3653 1381 3710 1427 et

2095 1459 2341 1515 imbelles
2382 1475 2539 1515 arcus
2558 1461 2726 1527 etiam
2751 1460 3000 1528 fugientis
3028 1461 3048 1493 ⁸
3076 1462 3311 1517 Albani?
3340 1464 3706 1534 Quaecumque

2092 1556 2239 1610 natio
2269 1555 2622 1609 barbarorum
2647 1555 2861 1619 robore,
2898 1554 3121 1620 ferocia,
3143 1571 3372 1612 numero
3398 1559 3579 1627 gravis
3604 1573 3704 1611 un-

2090 1663 2250 1720 quam
2288 1647 2446 1702 nobis
2474 1646 2593 1712 fuit,
2628 1648 2646 1677 ⁷
2668 1656 2757 1701 aut
2786 1644 2804 1683 ί
2832 1646 2957 1700 boni
2982 1647 3214 1701 consulit
3242 1658 3301 1701 ut
3322 1650 3584 1717 quiescat,
3613 1657 3709 1703 aut

2088 1743 2325 1807 laetatur,
2345 1744 2496 1811 quasi
2522 1741 2716 1805 amica,
2734 1739 2779 1794 si
2793 1741 3013 1795 serviat.
3032 1740 3214 1795 Persis
3233 1742 3366 1810 ipsa,
3387 1742 3701 1813 reipublicae

387 1822 647 1888 θσεΐῑιιτν
695 1839 797 1879 nec
847 1824 1019 1893 magis
1063 1838 1404 1879 communem
1454 1823 1597 1879 hunc
1643 1824 1785 1878 diem
1830 1834 1990 1895 atque
2020 1828 2068 1888 B
2095 1843 2293 1890 nostra:
2334 1842 2479 1888 retro
2524 1832 2747 1898 temula,
2794 1842 2850 1887 et
2884 1833 3066 1886 multis
3100 1832 3461 1888 Romanorum
3498 1833 3699 1890 dueum

387 1917 557 1973 solem
586 1932 743 1986 quam
775 1925 1016 1973 nostrum
1046 1917 1424 1985 imperatorem
1454 1917 1620 1972 videri
1656 1915 1981 1983 licet.Quin,

384 2026 508 2065 eum
543 2010 777 2065 vicinum
811 2011 1045 2065 habeant
1075 2011 1333 2080 permissa
1365 2010 1657 2077 fastidium,
1692 2025 1983 2079 numquam

385 2104 489 2159 iste
532 2105 796 2159 mirantes
836 2102 1015 2173 explet
1055 2105 1262 2159 oculos.
1311 2102 1478 2173 Magis
1521 2105 1798 2173 magisque
1837 2103 1985 2158 visus

384 2199 685 2268 expetitur,
719 2208 809 2263 et,
838 2213 1036 2252 novum
1061 2198 1247 2262 dictu,
1283 2212 1524 2266 prmsens
1548 2197 1908 2252 desideratur.

455 2292 625 2348 XXII.
678 2292 937 2348 Miremur
974 2293 1026 2346 in
1059 2292 1281 2346 urbibus
1321 2290 1428 2345 tuis
1448 2332 1462 2356 ,
1493 2298 1548 2346 et
1573 2306 1604 2344 a
1633 2291 1743 2346 tuis
1774 2289 1986 2360 populis

386 2392 438 2439 te
476 2384 688 2451 videri,
734 2398 892 2452 quem
924 2383 1036 2438 fere
1078 2382 1219 2437 nulla
1249 2383 1299 2436 in
1328 2382 1444 2436 solo
1467 2396 1565 2435 suo
1591 2382 1736 2436 natio
1764 2390 1987 2437 externa

383 2494 491 2534 non
538 2478 705 2542 vidit,
744 2476 902 2547 idque
949 2478 1020 2531 ita
1066 2477 1289 2541 crebro,
1323 2487 1379 2531 ut
1423 2491 1561 2546 pene
1592 2486 1698 2531 tam
1732 2485 1890 2531 notus
1918 2477 1989 2530 sit

382 2570 629 2627 barbaris
669 2569 847 2624 vultus
890 2570 989 2624 iste
1032 2585 1192 2633 quam
1234 2568 1557 2624 nobis?Nec
1589 2568 1817 2633 frustra,
1863 2580 1986 2621 cum

385 2671 604 2717 testatas
643 2674 832 2716 omnes
869 2660 1001 2716 foris
1026 2704 1040 2727 ,
1070 2663 1291 2732 hyemes
1331 2659 1479 2715 domi
1505 2660 1745 2725 ducens,
1779 2658 1986 2715 civibus

386 2754 743 2823 hostibusque
795 2755 914 2825 pari
965 2762 1112 2810 sorte
1153 2755 1279 2809 anui
1328 2754 1498 2823 spatia
1530 2754 1817 2808 diviseris:
1857 2760 1911 2808 et
1941 2752 1984 2805 si

386 2847 476 2918 qui
516 2848 653 2901 forte
679 2856 804 2902 sunt
828 2847 1142 2913 barbarum,
1162 2847 1253 2918 qui
1278 2863 1383 2901 non
1410 2847 1623 2901 virtutis
1652 2856 1754 2901 tua:
1786 2845 1985 2900 fulmen

386 2940 735 3010 exceperint,
773 2940 1007 2995 nominis
1058 2951 1278 2997 terrore
1300 2941 1532 3011 perculsi
1563 2952 1617 2995 et
1646 2941 1792 2995 velut
1818 2938 1983 2994 amati

385 3031 685 3102 quiescant.
732 3040 755 3068 θ
785 3030 897 3087 Tua
926 3033 1069 3088 enim
1090 3075 1105 3099 ,
1145 3033 1456 3103 imperator,
1489 3034 1727 3104 auspicia
1760 3048 1864 3086 non
1900 3032 1983 3086 ha:

2088 1925 2293 1980 famosa
2308 1924 2605 1991 funeribus,
2620 1922 2839 1994 quiquid
2860 1938 3091 1994 unquam
3106 1924 3155 1978 in
3187 1925 3458 1995 principes
3480 1936 3697 1982 nostros

2090 2018 2462 2073 inclementius
2515 2015 2663 2079 fecit,
2696 2025 2920 2070 excusat
2949 2016 3228 2085 obsequio.
3268 2015 3508 2085 Denique
3530 2018 3551 2049 ⁸
3578 2017 3695 2085 ipse

2090 2109 2179 2163 ille
2210 2124 2305 2163 rex
2335 2111 2473 2176 ejus,
2495 2106 2821 2177 dedignatus
2837 2116 2991 2161 antea
3008 2106 3252 2161 conﬁteri
3271 2106 3569 2171 hominem,
3581 2108 3695 2177 jam

2088 2201 2287 2258 fatetur
2314 2203 2599 2265 timorem,
2617 2211 2671 2256 et
2700 2202 2752 2256 in
2792 2200 2876 2255 his
2907 2210 2959 2255 te
2984 2200 3114 2255 colit
3143 2201 3380 2270 templis,
3409 2202 3461 2255 in
3492 2203 3692 2271 quibus

2091 2292 2285 2349 colitur
2316 2311 2327 2345 :
2361 2301 2477 2347 tum
2500 2292 2767 2361 legatione
2800 2290 3057 2346 mittenda
3082 2333 3097 2357 ,
3133 2292 3382 2361 gemmis,
3409 2293 3692 2361 sericoque

2093 2385 2407 2457 praebendo,
2439 2383 2506 2439 ad
2528 2384 2630 2439 hoc
2648 2382 3065 2454 triumphalibus
3089 2382 3284 2437 belluis
3311 2383 3364 2437 in
3395 2392 3479 2437 tua
3496 2384 3691 2439 esseda

2090 2477 2478 2548 suggerendis;
2530 2478 2633 2531 etsi
2680 2475 2857 2531 adhuc
2882 2478 2902 2508 θ
2952 2492 3059 2530 non
3091 2484 3175 2532 est
3209 2475 3505 2532 foederatus
3529 2518 3544 2542 ,
3573 2478 3687 2547 jam

2094 2579 2273 2623 tamen
2305 2568 2413 2623 tuis
2438 2568 2670 2623 cultibus
2702 2567 3016 2623 tributarius
3045 2576 3151 2623 est.

2164 2660 2354 2715 XXIII.
2396 2661 2473 2716 Ne
2530 2670 2739 2725 tamen,
2794 2660 3119 2729 imperator,
3165 2660 3447 2716 existimes
3492 2669 3688 2716 cuncta

2088 2768 2176 2809 me
2204 2755 2218 2783 ¹
2250 2754 2315 2807 ad
2340 2752 2549 2807 aurium
2581 2752 2806 2823 gratiam
2840 2752 3146 2807 locuturum
3166 2793 3181 2818 ,
3212 2754 3232 2784 ²
3266 2753 3554 2822 triumphis
3583 2754 3689 2808 tuis

2089 2845 2340 2909 Gallicis,
2366 2854 2584 2914 stupeas
2625 2843 2831 2910 licebit,
2860 2843 3165 2898 irascimur.
3197 2844 3328 2898 Dum
3353 2844 3374 2874 ³
3396 2844 3449 2898 in
3478 2856 3685 2900 remota

2087 2945 2352 2993 terrarum
2384 2935 2650 2991 vincendo
2678 2934 2942 3006 procedis,
2977 2935 3105 2990 dum
3138 2935 3276 2991 ultra
3310 2937 3568 2992 terminos
3599 2952 3685 2992 re-

2088 3048 2231 3098 rum,
2252 3040 2532 3101 metasque
2550 3039 2756 3086 natura:
2771 3028 2969 3101 ‘regna
2992 3028 3232 3086 Orientis
3258 3030 3527 3099 extendis,
3552 3029 3682 3087 dum

1738 3124 2320 3183 INTERPRETATIO.

459 3229 485 3256 ⁸
514 3219 718 3275 Saltem
744 3221 992 3277 conscius
1021 3222 1123 3278 sibi
1155 3223 1226 3278 sit
1255 3222 1353 3278 visi
1377 3222 1631 3278 numinis.

460 3290 486 3328 δ
513 3289 683 3358 Quam
706 3290 1006 3348 dissimilis.

463 3373 485 3433 ς
515 3362 661 3433 Intra
691 3364 984 3433 penetralia
1017 3379 1185 3420 sacrae
1214 3364 1364 3420 aedis.

458 3430 486 3469 ά
514 3431 629 3488 Nisi
672 3430 813 3491 intra
860 3436 1191 3493 domesticos
1248 3437 1482 3508 parietes
1540 3434 1778 3491 solitudo
1831 3450 1980 3506 qure-

2006 3220 2052 3283 C
2085 3222 2209 3288 sita,
2243 3231 2346 3278 etc.

2161 3293 2181 3314 ⁴
2209 3293 2502 3348 Fortunam
2533 3300 2701 3347 tuam.

2162 3362 2185 3403 ί
2217 3366 2485 3421 Praeclare
2508 3378 2694 3420 secum
2722 3363 2807 3433 agi
2838 3370 3011 3433 putat,
3041 3359 3185 3433 quod
3212 3360 3421 3417 fruatur
3448 3375 3608 3434 pace.

1222 3576 1225 3579 ,
1926 3522 2155 3579 NOTAE.

1222 3576 1225 3579 ,
2068 3523 2155 3578 ᾸΕ.

459 3623 481 3655 ³
514 3620 718 3678 Vestalé
756 3633 1023 3679 secretum.
1058 3623 1261 3678 Alludit
1285 3622 1352 3677 ad
1383 3621 1559 3692 ignem
1600 3620 1750 3675 illum
1770 3662 1784 3686 ,
1808 3620 1897 3689 qui
1926 3523 2063 3674 ἔξω.
2088 3632 2137 3692 c_.
2185 3616 2275 3692 5i,
2306 3622 2361 3669 et
2388 3613 2710 3692 Zonaras)"
2742 3620 2889 3692 torno
2917 3611 3566 3692 Annal..Duplex_autem
3598 3622 3685 3692 est

386 3694 593 3765 intimis
626 3692 805 3750 Vestae
850 3695 1218 3765 penetralibus
1262 3708 1469 3749 summa
1500 3708 1621 3747 cum
1660 3692 1921 3763 religione
1950 3706 1980 3746 a

389 3764 693 3819 Vestalibus
722 3764 1143 3821 custodiebatur.

458 3836 481 3866 ⁸
510 3835 746 3891 Lecticis.
764 3837 1006 3893 Lecticas
1022 3849 1147 3891 ante
1169 3836 1448 3891 Ciceronis
1473 3843 1575 3888 tein
1587 3848 1710 3902 pora
1736 3835 1786 3887 in
1813 3834 1976 3903 agris,

387 3923 494 3962 non
529 3909 580 3961 in
615 3908 782 3963 urbe:
812 3908 878 3963 ad
912 3911 1016 3963 iter
1046 3917 1275 3970 tantum,
1308 3922 1413 3960 non
1443 3908 1505 3959 ad
1529 3906 1790 3959 desidiam
1818 3905 1980 3960 urba-

385 3994 509 4034 nam
552 3979 800 4034 adhiberi
828 3980 1014 4033 solitas
1039 3989 1187 4033 natat
1207 3977 1418 4046 Lipsius
1449 3995 1461 4029 :
1490 3986 1671 4046 postea
1702 3991 1830 4031 vero
1859 3991 1979 4030 eas-

387 4050 508 4104 dem
560 4050 631 4104 ila
675 4065 992 4105 communes
1036 4049 1203 4104 factas
1225 4091 1237 4111 .
1271 4058 1328 4102 ut
1372 4048 1436 4101 ad
1464 4060 1639 4101 certas
1674 4062 1933 4115 personas
1959 4089 1972 4112 ,

387 4129 601 4175 :rtatcm
671 4137 735 4176 ac
779 4131 957 4175 certos
1026 4122 1141 4175 dies
1187 4120 1437 4187 restringi
1491 4119 1609 4171 illas
1650 4118 1974 4185 oportuerit.

388 4190 523 4245 Vide
554 4191 785 4264 Lipsium
826 4192 988 4246 Elect.
1024 4193 1060 4245 ι.
1094 4206 1133 4253 ιτ
1167 4208 1212 4243 c.
1248 4193 1334 4252 l9.
1362 4191 1448 4244 ubi
1482 4191 1627 4258 plura
1669 4191 1735 4243 de
1765 4189 1978 4243 lectica-

386 4278 505 4317 rum
540 4265 682 4316 varia
716 4264 907 4317 forma.

461 4336 481 4363 ⁵
510 4332 803 4405 Tensisque.
839 4335 1029 4389 Tensze
1054 4376 1067 4399 ,
1098 4349 1191 4388 sou
1240 4342 1301 4405 ut
1346 4332 1436 4405 alii
1468 4330 1730 4405 scribunt,
1772 4329 1979 4405 thensa:

388 4413 545 4458 erant
569 4401 710 4459 sacri
743 4420 954 4468 currus,
990 4407 1259 4473 quibusin
1291 4403 1432 4458 ludis
1463 4404 1797 4457 circensibus
1850 4401 1981 4454 deu-

388 4490 506 4530 rurn
534 4477 819 4530 simulacra
852 4477 1207 4531 vehebantur.

461 4571 481 4600 ⁸³
518 4570 765 4625 Victoris.
794 4572 870 4625 De
897 4571 979 4624 his
1002 4570 1126 4625 vide
1152 4569 1542 4640 Panegyricum
1570 4566 1727 4622 Plinii
1752 4566 1983 4636 Trojano

388 4641 617 4707 dictum,
652 4659 704 4694 ιι.
739 4644 827 4706 Ἱϋ,
858 4653 971 4695 not.
1004 4642 1058 4696 8.

461 4736 479 4764 ⁷
512 4733 659 4787 Esset
687 4736 738 4787 in
773 4736 995 4804 publica.
1024 4733 1079 4789 Id
1108 4744 1207 4798 est,
1238 4744 1295 4788 ut
1319 4733 1621 4804 etiamtum
1648 4747 1769 4786 cum
1804 4731 1857 4785 in
1889 4747 1987 4802 pu-

390 4804 531 4858 blico
558 4803 929 4869 versabantur,
962 4808 1012 4859 in
1037 4815 1254 4860 secreto
1276 4818 1397 4859 esse
1420 4803 1750 4858 viderentur.

460 4896 579 4951 Xll.
608 4927 681 4939 ——-
727 4899 742 4929 ¹
780 4897 994 4970 Frigore
1014 4898 1403 4970 Barspharanys.
1430 4897 1669 4970 Populus
1706 4896 1987 4970 sarmatite

396 4970 671 5037 Europzute
710 4968 895 5023 versus
937 4969 1272 5038 Bosphorum
1304 4968 1677 5028 Cimmerium,
1707 4968 1795 5020 ubi
1836 4982 1987 5038 nunc

393 5054 519 5109 pars
557 5039 817 5094 Tartarim
843 5037 1217 5110 Precopeusis.
1259 5041 1332 5094 De
1375 5039 1533 5106 hujus
1562 5038 1797 5110 regionis
1826 5037 1990 5106 frigo-

391 5112 541 5165 ribus
567 5127 686 5163 cum
710 5109 1026 5178 Geographi
1044 5125 1253 5175 omnes,
1282 5121 1391 5164 tum
1418 5111 1467 5163 in
1494 5109 1680 5178 primis
1703 5110 1866 5162 multa
1890 5113 1987 5162 ha-

391 5183 481 5235 bet
508 5182 733 5236 Ovidius
762 5183 855 5235 lib.
883 5182 950 5235 de
976 5181 1167 5237 Ponto.

463 5275 484 5305 ¹
519 5271 641 5326 Non
684 5273 847 5326 Arabs
888 5273 1012 5326 sale.
1058 5272 1136 5326 Ex
1182 5273 1300 5341 ipso
1328 5271 1566 5325 Arabum
1593 5271 1774 5326 colore
1803 5272 1989 5341 nigro,

391 5343 538 5398 unde
571 5347 620 5398 in
652 5344 819 5399 sacris
857 5345 1050 5397 litteris
1077 5342 1362 5412 Ethiopes
1387 5343 1657 5408 dicuntur,
1688 5343 1818 5397 Satis
1849 5350 1997 5413 patet

390 5424 597 5487 quanto
628 5414 839 5469 fervore
862 5414 990 5468 solis
1018 5416 1166 5483 regio
1194 5414 1281 5467 illa
1311 5412 1515 5467 ardeat.

465 5508 487 5538 ³
514 5505 751 5561 Gatthas.
784 5508 884 5573 Qui
933 5506 1261 5560 Athanarico
1308 5520 1432 5573 rege
1478 5519 1576 5558 suo
1603 5514 1833 5568 mortuo,
1872 5518 1991 5557 sese

391 5579 643 5633 Romano
689 5580 915 5648 imperio
946 5577 1286 5633 dediderunt.
1322 5575 1584 5648 (Marcell.
1618 5577 1672 5628 in
1706 5574 1989 5639 Chronica,

395 5649 551 5704 Oras.
583 5651 620 5702 ι.
648 5664 741 5713 vn,
773 5666 819 5702 c.
845 5648 960 5717 54.)

464 5743 488 5772 ⁴⁵
523 5742 818 5796 Saracenis.
856 5742 1112 5796 Saraceni
1142 5740 1320 5810 populi
1357 5739 1569 5810 Arabia;
1601 5737 1815 5810 Felicis.

474 5814 493 5843 '
528 5810 868 5865 luterdictum
898 5808 1449 5881 ScythisTaum'mJta
1471 5809 1639 5866 refert
1657 5809 1812 5864 Oros.
1841 5808 1878 5865 l.
1904 5821 1997 5874 vn,

2088 3687 2284 3742 Tanais
2309 3703 2322 3738 :
2352 3685 2491 3739 alter
2517 3685 2570 3737 in
2599 3683 2894 3749 Moscavia,
2927 3684 3016 3753 qui
3048 3682 3231 3738 Asiam
3258 3684 3326 3735 ab
3350 3684 3562 3752 Europa
3593 3683 3680 3739 di-

2086 3759 2274 3812 videns
2306 3758 2358 3810 in
2406 3754 2653 3824 paludem
2692 3753 2995 3808 Maeotidem
3026 3767 3085 3807 se
3112 3763 3379 3808 exonerat
3410 3771 3423 3806 :
3467 3755 3604 3808 alter
3629 3758 3680 3808 in

2086 3829 2305 3900 Scythia
2337 3826 2619 3900 Orientali,
2651 3827 2739 3900 qui
2772 3840 2835 3879 ex
2866 3824 3210 3900 Parapamiso
3237 3834 3419 3900 monte
3446 3824 3503 3878 in
3536 3840 3684 3881 mare

2084 3894 2336 3969 Caspium
2390 3896 2625 3969 proﬂuit.
2674 3896 2849 3969 Atque
2889 3898 2931 3969 i_s
2978 3894 3195 3969 quidem
3249 3894 3517 3969 Jaxartesi
3560 3910 3685 3966 pro-

2086 3965 2208 4041 prie'
2248 3965 2445 4025 dicitur
2468 4010 2483 4035 ,
2521 3967 2615 4023 sed
2648 3982 2679 4022 a
2731 3966 3114 4021 Macedonibus
3149 3965 3348 4021 Tanais
3376 3965 3686 4023 nominatus

2082 4050 2186 4143 em“.
2222 4112 2429 4166 Albani.
2484 4110 2669 4181 Populi
2724 4117 2850 4164 sunt
2899 4107 3135 4181 Orientis
3184 4109 3326 4181 inter
3371 4109 3599 4164 lberiam
3629 4118 3685 4164 et

2086 4198 2234 4266 mare
2268 4185 2560 4266 _Caspium,
2597 4195 2729 4251 quos
2761 4181 2957 4237 Strabo
2981 4180 3255 4250 jaculaudi
3285 4182 3489 4250 peritos
3521 4182 3686 4236 fuisse

2082 4255 2466 4379 ’Ντδῖξιξὲῗὸηε
2509 4324 2746 4377 consulit.
2794 4320 3073 4390 Frequens
3117 4321 3254 4391 apud
3303 4320 3540 4375 Tullium
3594 4322 3679 4376 lo-

2085 4395 2287 4464 quendi
2318 4394 2529 4449 modus.
2560 4393 2691 4447 Boni
2728 4393 2993 4446 consulere
3039 4406 3135 4447 seu
3156 4392 3291 4461 ωηιιί
3319 4391 3533 4462 bonique
3554 4407 3682 4446 can-

2082 4466 2332 4606 “dfrfpse
2360 4534 2448 4587 ille
2476 4550 2584 4606 rear.
2616 4534 2961 4599 Artaxerxes,
2997 4533 3119 4606 sive
3140 4532 3278 4586 alius
3300 4532 3429 4596 luit,
3461 4531 3550 4602 qui
3580 4531 3681 4586 Ri-

2088 4603 2345 4662 chomere
2366 4648 2379 4671 ,
2413 4617 2468 4660 et
2518 4604 2781 4660 Clearcho
2811 4619 2955 4658 coss.
2994 4619 3087 4671 per
3107 4603 3312 4673 legatos
3339 4618 3462 4657 cum
3493 4617 3683 4658 mune-

2004 4667 2066 4727 νῙ)
2090 4679 2241 4733 ribus
2285 4667 2516 4743 missos,
2558 4691 2741 4746 paceni
2791 4691 2819 4728 a
2864 4667 3399 4746 Tlteodttsiu'meliit,
3430 4684 3485 4728 ut
3533 4675 3684 4729 aiunt

2089 4750 2362 4809 Socrates,
2392 4747 2429 4801 l.
2457 4765 2506 4814 ν,
2534 4744 2872 4802 Marcellinus
2906 4760 3111 4809 comes,
3137 4753 3191 4798 et
3210 4744 3493 4799 Claudian.
3531 4747 3600 4800 de
3627 4760 3683 4801 vt

2089 4820 2369 4875 consulatu
2416 4819 2679 4872 Honorii:
2710 4820 2948 4887 missique
2988 4825 3225 4887 rogatum
3266 4817 3460 4887 foedera
3497 4815 3686 4871 Persa~

2088 4909 2204 4946 rum
2228 4906 2480 4952 proceres,
2509 4900 2612 4943 θιο.

2163 4965 2182 4994 θ
2216 4960 2339 5013 Νοη
2367 4970 2439 5013 est
2470 4961 2761 5030 foederatus.
2790 4961 2860 5013 At
2913 4968 3098 5028 postea
3151 4960 3279 5025 fuit,
3329 4969 3387 5013 ut
3434 4958 3685 5030 observat

2094 5033 2366 5087 Puteanus
2392 5029 2476 5084 ex
2498 5033 2683 5085 Aurel.
2714 5030 2931 5085 Victore
2952 5073 2964 5090 ,
2999 5033 3086 5101 qui
3116 5032 3311 5085 Persas
3346 5045 3467 5101 cum
3502 5029 3680 5101 Theo-

2093 5104 2247 5159 dosio
2278 5116 2463 5167 pacem
2499 5101 2766 5169 pepigisse
2795 5102 2887 5155 ait.
2921 5098 3074 5169 Quod
3115 5101 3399 5157 confirmat
3434 5098 3679 5169 0ros_ius.

2167 5166 2357 5227 XXIII.
2392 5202 2461 5212 -—
2483 5166 2510 5202 ¹“
2528 5166 2608 5224 At!
2629 5166 2836 5225 aurium
2863 5166 3100 5242 gratiam.
3127 5173 3256 5242 Tale
3277 5179 3359 5224 est
3394 5168 3519 5242 illud
3551 5166 3682 5220 Tre-

2095 5244 2241 5299 bonii
2264 5245 2329 5297 ad
2353 5242 2587 5297 Tullium
2614 5259 2626 5295 :
2664 5242 2788 5296 Noli
2814 5238 3012 5311 putare,
3044 5244 3111 5295 mi
3136 5241 3440 5311 Cicera,_me
3466 5238 3562 5289 hoc
3590 5253 3683 5311 au:

2094 5316 2236 5369 ribus
2260 5315 2359 5369 tuis
2390 5315 2532 5367 dare.
2559 5314 2714 5367 'l‘ullii
2874 5314 2909 5367 I.
2935 5329 3027 5378 xit,
3056 5328 3144 5380 ep.
3178 5312 3266 5365 16.
3299 5309 3354 5362 ld
3385 5318 3497 5373 est,
3530 5322 3598 5361 ne
3630 5307 3681 5359 id

2098 5394 2252 5457 putes
2279 5400 2308 5439 a
2334 5401 2418 5439 me
2440 5386 2640 5439 dictum
2669 5383 2922 5438 adulandi
2953 5398 3137 5436 causa.

2167 5458 2187 5487 ³
2216 5455 2512 5525 Triumphis
2559 5456 2659 5508 tuis
2707 5453 2938 5507 Gallicis.
2987 5453 3250 5505 Maximus
3298 5449 3443 5503 enim
3484 5447 3683 5503 Gallias

2095 5542 2224 5582 OCCII
2234 5542 2354 5582 nara
2364 5536 2377 5580 ί
2388 5566 2400 5578 .

2170 5544 2799 5651 S"lpiinrialmataterrarum.
2833 5593 3060 5647 Pacatus
3108 5590 3293 5645 Romae
3346 5590 3584 5661 loquitur
3628 5599 3683 5645 et

2098 5683 2277 5723 coram
2314 5670 2633 5733 imperatore
2662 5664 2925 5717 ltumano.

2173 5739 2193 5769 ⁸
2224 5730 2417 5809 Regini
2432 5736 2677 5809 Orientis.
2711 5733 3018 5809 Theodosio
3056 5734 3146 5809 un‘i
3176 5730 3409 5809 orientis
3455 5747 3679 5803 regnum

2103 5803 2367 5877 obtiger’at
2387 5806 2627 5865 Gratiani
2656 5823 2685 5861 a
2717 5803 2952 5861 Maximo
2973 5804 3239 5862 interfecti
3264 5803 3429 5859 caede.
