4200 6178
495 315 605 374 499

1681 305 2116 365 τηεουοειυε
2152 306 2239 363 E'I'
2280 305 2614 363 PACATUS.

3696 310 3803 368 500

498 431 566 488 ad
592 430 717 486 illos
739 428 927 500 primae
959 426 1095 482 lucis
1123 424 1406 495 indigenas
1428 464 1441 489 ,
1472 432 1530 479 et
1554 424 1606 480 in
1637 422 1845 495 ipsum,
1876 426 1921 480 si
1952 423 2095 496 quod
2123 428 2179 487 Α
2203 425 2307 481 erit
2336 439 2456 490 me,
2485 424 2567 479 vel
2602 432 2866 478 tacentem
2911 422 3124 493 publica
3169 422 3513 478 incommoda
3534 463 3550 490 ,
3591 424 3674 481 vel
3715 429 3794 483 loc
3846 437 3850 439 ‘

498 534 584 582 est
604 524 733 578 solis
755 520 957 587 cubile,
988 520 1232 585 festinas,
1257 518 1464 574 invenit
1487 527 1744 591 tyrannus
1762 518 1784 552 ⁸
1803 518 1871 573 ad
1894 519 2099 574 scelera

499 624 794 670 secretum.
825 611 870 666 0
898 626 1060 679 quam
1091 610 1273 680 parvis
1290 610 1513 664 veniunt
1540 624 1752 664 summa
1776 610 1913 663 mala
1946 611 2101 680 prin-

496 706 694 777 cipiis!
732 704 828 761 Sic
868 704 920 757 in
967 703 1215 757 ultimum
1263 717 1459 773 propre
1498 701 1667 757 italici
1707 702 1925 773 generis
1954 702 2105 758 exci-

499 797 687 861 dium,
731 794 753 827 ⁶
797 793 1022 850 eﬂ‘racto
1065 794 1218 849 Gnaei
1266 793 1481 849 Lentuli
1532 792 1660 848 ludo
1712 792 2101 849 mirmillonum

500 907 695 963 agmen
744 890 991 946 emicuit.
1039 889 1128 945 Sic
1174 889 1314 944 bella
1347 890 1663 944 consulibus
1689 891 1910 960 ancipiti
1932 890 2104 947 Marte

502 992 738 1056 pugnata
762 984 781 1015 ⁷
803 981 938 1037 Cilix
966 981 1143 1053 pirata
1169 982 1443 1038 conﬂavit.
1467 984 1557 1038 Sic
1579 984 1601 1016 ⁸
1623 984 1931 1040 tenentibus
1955 999 2103 1039 arma

500 1075 742 1146 fugitivis
782 1073 1024 1128 Romana
1053 1073 1144 1128 diu
1177 1074 1282 1142 pila
1312 1083 1596 1128 cesserunt
1623 1073 1769 1129 ferro
1801 1075 2103 1146 ergastulo-

502 1180 649 1222 rum.
695 1164 828 1233 Quis
874 1180 982 1219 non
1032 1165 1099 1219 ad
1147 1166 1377 1235 primum
1423 1166 1549 1219 novi
1591 1166 1816 1221 sceleris
1859 1167 2103 1222 nuntium

504 1258 781 1313 hominem
815 1255 980 1311 risit?
1012 1270 1136 1311 nam
1168 1271 1256 1311 res
1297 1254 1433 1310 infra
1462 1255 1779 1326 dignitatem
1812 1257 2105 1312 iracundia

504 1350 812 1416 videbatur,
836 1364 957 1405 cum
987 1348 1144 1418 pauci
1176 1348 1421 1403 homines
1440 1388 1458 1415 ,
1490 1358 1540 1402 et
1567 1348 1798 1402 insulani
1827 1350 1992 1404 totius
2023 1350 2106 1404 in-

513 1441 768 1499 cendium
838 1440 1171 1495 continentis
1227 1440 1539 1506 adolerent,
1595 1451 1651 1495 et
1698 1441 1865 1509 regali
1918 1440 2104 1497 habitu

503 1537 751 1594 exsulem
770 1539 790 1569 ⁹
809 1550 963 1590 suum
978 1535 1054 1590 illi
1076 1535 1117 1566 ¹⁰
1130 1534 1345 1589 exsules
1357 1534 1506 1589 orbis
1524 1533 1834 1589 induerent?
1845 1532 1916 1612 At
1934 1549 2107 1604 quan-

505 1641 591 1686 tos
630 1629 965 1701 parturiebat
1015 1628 1231 1683 fortuna
1268 1636 1481 1693 motus,
1513 1638 1776 1695 quantum
1807 1628 2107 1695 republica)

511 1726 717 1778 malum
746 1721 917 1792 pestis
950 1719 1225 1791 augenda,
1255 1728 1508 1790 quantam
1534 1718 1629 1773 tibi
1654 1718 1881 1788 gloriam
1911 1719 2107 1775 restin-

506 1814 719 1885 guenda
751 1811 1043 1868 servabat?
1083 1810 1351 1881 praecipue
1380 1826 1503 1866 cum
1539 1811 1580 1843 “
1614 1809 1838 1879 perﬁdia
1867 1810 2100 1879 ducum,

505 1908 815 1964 defectione
854 1907 1127 1977 legionum
1165 1915 1351 1960 contra
1390 1904 1778 1974 rempublicam
1810 1903 1952 1961 foret
1988 1921 2111 1962 vero

506 2017 627 2057 sum
658 1999 912 2071 quicquid
941 2013 1041 2070 pro
1062 1998 1339 2069 republica
1377 1996 1554 2052 fuerat
1576 2009 1866 2053 armatum.

580 2092 776 2151 XXIV.
817 2090 957 2146 Nolo
1002 2101 1181 2145 tamen
1228 2103 1619 2161 usquequaque
1653 2090 1978 2147 miserorum
2024 2092 2112 2149 vel

508 2185 709 2241 factum
736 2192 762 2220 ⁸
793 2196 1047 2248 onerare,
1072 2181 1157 2236 vel
1189 2180 1356 2235 fatum
1375 2218 1390 2247 ,
1413 2182 1503 2252 qui
1551 2181 1678 2236 dum
1705 2184 1945 2238 carniﬁci
1982 2199 2113 2253 purd

507 2289 738 2349 purato,
770 2284 859 2329 tua
886 2290 946 2329 sc
971 2284 1028 2330 et
1057 2273 1322 2329 aflinitate
1347 2283 1404 2330 et
1438 2274 1621 2331 favore
1640 2276 1866 2345 jactanti
1886 2322 1901 2346 ,
1933 2278 2112 2334 infeli-

507 2369 687 2424 iiciter
714 2366 975 2434 credunt,
998 2366 1379 2437 gravissimum
1407 2368 1650 2422 omnium
1686 2368 1839 2424 nefas
1868 2369 2114 2427 fecerunt

510 2462 709 2518 aii'ectu
740 2460 1137 2516 innocentium.
1168 2459 1416 2530 intelligo
1447 2475 1607 2531 quam
1638 2460 1915 2519 difﬁcilem
1946 2464 2001 2519 in
2030 2467 2115 2521 io-

511 2570 635 2611 cum
683 2553 1143 2623 scopuiosumqne
1178 2551 1515 2608 devenerim.
1545 2552 1677 2608 Nam
1713 2570 1833 2610 cum
1857 2554 1886 2594 ι’
1909 2558 2115 2614 revolvi

514 2647 571 2702 id
599 2647 617 2678 ³
650 2646 879 2701 lustrale
907 2644 1216 2716 justitium,
1246 2660 1407 2700 aures
1454 2653 1558 2700 tua:
1592 2657 1884 2717 respuant,
1925 2648 2115 2707 laudes

515 2749 738 2811 petant;
768 2738 1062 2809 gloriaeque
1104 2737 1319 2792 intersit
1346 2737 1413 2792 ad
1441 2739 1789 2809 prmsentium
1828 2754 2111 2798 commen-

514 2834 790 2891 dationem
830 2830 1098 2887 bonorum
1135 2832 1277 2887 mala
1324 2831 1549 2887 decursa
1604 2835 1874 2903 reputari,
1920 2844 2113 2892 contra

511 2942 645 2983 vero
671 2927 957 2982 clementia
982 2920 1191 2980 summa
1218 2924 1540 2981 beneﬁcium
1571 2940 1729 2981 suum
1759 2928 1909 2984 malit
1937 2928 2115 2984 immi.

514 3021 631 3088 nui,
650 3035 812 3093 quam
843 3018 1077 3075 tristium
1100 3019 1509 3074 enumeratione
1528 3028 1552 3058 ο
1572 3020 1861 3087 cumulari,
1892 3034 2115 3076 necesse

2204 525 2492 589 quentem,
2521 525 2613 571 aut
2651 516 2919 586 ingratum
2951 514 3173 580 virtuti,
3202 524 3298 571 aut
3337 530 3634 573 onerosum
3678 534 3799 577 esse

2206 610 2413 679 pietati.
2436 608 2542 665 Sed
2573 617 2776 675 tamen,
2794 609 3109 678 imperator,
3142 609 3392 680 exiguam
3420 611 3672 667 sensibus
3700 614 3803 671 tuis

2205 702 2425 774 injunge
2478 701 2811 773 patientiam.
2845 701 2977 756 Nam
3006 702 3049 755 si
3078 701 3254 757 dulcis
3279 702 3333 757 in
3364 702 3524 758 bonis
3557 704 3806 760 miseria-

2208 812 2329 851 rttm
2362 795 2668 850 recordatio
2697 802 2809 859 est,
2865 795 2911 848 si
2942 800 3135 848 nautas
3164 802 3550 863 tempestatum
3570 838 3583 861 ,
3622 797 3665 850 si
3695 811 3810 852 me-

2207 890 2357 945 dicos
2374 888 2527 958 juvat
2549 886 2862 943 meminisse
2886 887 3225 952 morborum,
3244 901 3343 941 cur
3365 901 3472 942 non
3496 894 3555 942 tu
3582 903 3809 959 quoque

2207 985 2350 1041 mala
2388 992 2575 1039 nostra
2610 983 2827 1048 audias,
2857 989 2916 1037 ut
2958 990 3047 1036 tua
3094 980 3352 1037 beneﬁcia
3402 983 3810 1055 recognoscas?

2209 1076 2365 1133 Unde
2409 1077 2571 1147 igitur
2617 1075 2824 1141 ordiar,
2849 1074 2952 1129 nisi
2992 1088 3023 1127 a
3063 1073 3170 1128 tuis
3197 1089 3315 1127 mea
3368 1072 3539 1130 Gallia
3593 1075 3808 1131 malis?

2207 1164 2234 1204 ἀ
2258 1185 2380 1239 quae
2405 1184 2469 1222 ex
2499 1167 2754 1222 omnibus
2781 1164 2976 1229 terris,
3011 1180 3146 1236 quas
3190 1165 3279 1219 ilia
3308 1166 3475 1236 pestis
3494 1166 3765 1222 insederat
3786 1206 3801 1233 ,

2208 1260 2350 1315 haud
2396 1260 2591 1331 injuria
2628 1259 2725 1314 tibi
2754 1258 3001 1313 vindicas
3044 1258 3385 1329 privilegium
3427 1260 3801 1329 miseriarum,

2208 1367 2317 1408 non
2349 1353 2572 1408 auribus
2607 1351 2800 1416 modo,
2826 1366 3052 1421 quarum
3074 1352 3096 1383 ³
3124 1366 3321 1407 sensus
3355 1359 3442 1407 est
3479 1351 3672 1419 levior,
3710 1353 3806 1409 sed

2207 1458 2390 1500 coram
2418 1443 2591 1498 oculis
2621 1443 2759 1499 ferre
2780 1442 3058 1513 compulsa
3088 1443 3373 1499 victoriam
3402 1442 3655 1506 Maximi.
3678 1443 3699 1474 ³
3727 1445 3809 1499 in-

2209 1540 2429 1593 teritum
2460 1536 2726 1591 Gratiani.
2747 1535 2771 1567 ⁸
2793 1537 2918 1591 Alta
2948 1535 3074 1591 licet
3095 1535 3341 1601 vulnera,
3364 1535 3506 1606 quod
3530 1534 3809 1592 fatendum

2208 1637 2311 1697 est,
2343 1631 2624 1701 proximus
2648 1628 2802 1683 nobis
2824 1628 3013 1691 italus,
3038 1636 3090 1683 et
3119 1628 3405 1697 contiguus
3421 1628 3672 1683 ostendat
3696 1629 3811 1684 His-

2210 1738 2381 1794 panus
2399 1738 2414 1789 ;
2434 1722 2533 1778 sed
2565 1723 2616 1777 in
2643 1721 2832 1777 dolore
2860 1736 3070 1775 summo
3095 1719 3258 1775 habet
3284 1733 3442 1775 suum
3470 1726 3695 1791 uterque
3716 1735 3809 1775 so-

2134 1820 2182 1886 B
2211 1818 2420 1873 latium.
2444 1815 2807 1887 Tyrannidem
2829 1814 2919 1868 ille
2942 1828 3046 1868 non
3073 1812 3229 1878 vidit,
3255 1812 3343 1868 hic
3390 1812 3809 1885 tyrannicidium

2212 1909 2369 1965 vidit.
2395 1909 2503 1964 Nos
2528 1906 2687 1979 primi
2715 1908 2976 1978 impetum
3001 1906 3194 1962 bellum
3226 1906 3454 1961 furentis
3470 1907 3807 1977 excepimus,

2216 2022 2315 2065 nos
2354 2008 2617 2063 saevitiam
2647 2007 2765 2077 ejus
2794 2006 3161 2062 innocentium
3205 2005 3465 2076 sanguine
3486 2047 3500 2072 ,
3531 2021 3630 2061 nos
3656 2007 3810 2078 cupi-

2216 2110 2438 2166 ditatem
2490 2109 2701 2181 publica
2754 2118 3071 2180 paupertate
3109 2108 3451 2165 satiavimus.
3501 2107 3658 2178 Apud
3713 2113 3814 2164 nos

2217 2221 2396 2269 semet
2418 2213 2663 2269 exercuit
2691 2211 2983 2269 crudelitas
3006 2210 3118 2283 jam
3138 2224 3354 2278 secura,
3379 2219 3434 2266 et
3454 2209 3635 2267 adhuc
3658 2209 3813 2281 inops

2219 2315 2464 2370 avaritia.
2495 2308 2637 2368 Alibi
2664 2313 2862 2367 malum
2896 2311 3170 2383 publicum
3198 2322 3289 2367 aut
3313 2309 3335 2341 ⁸
3364 2309 3553 2381 coepit,
3605 2309 3815 2366 atttdc-

2216 2414 2388 2481 stitit;
2418 2415 2469 2468 in
2501 2411 2672 2469 Gallia
2703 2412 2866 2468 sedit.

2287 2512 2457 2575 XXV.
2504 2523 2526 2550 θ
2561 2511 2693 2581 Quis
2722 2528 2784 2569 se
2815 2512 2970 2567 nobis
3001 2511 3311 2568 calamitate
3339 2510 3678 2568 contulerit?
3709 2509 3816 2584 Ty-

2217 2630 2449 2673 rannum
2480 2622 2535 2671 et
2562 2627 2683 2671 cum
2714 2613 2836 2669 aliis
2867 2613 3090 2668 tulimus
3111 2655 3127 2680 ,
3169 2620 3227 2668 et
3262 2610 3383 2668 soli.
3430 2610 3571 2681 Quid
3599 2627 3699 2684 ego
3726 2627 3815 2669 re—

2220 2715 2391 2773 feram
2424 2726 2681 2773 vacuatas
2707 2715 3070 2786 municipibus
3096 2716 3207 2773 suis
3234 2715 3481 2773 civitates
3501 2760 3518 2784 ,
3562 2717 3815 2788 impletas

2222 2816 2463 2885 fugitivis
2507 2817 2783 2875 nobilibus
2824 2815 3197 2872 solitudines?
3237 2816 3366 2887 quid
3406 2815 3815 2887 perfunctornm

2222 2919 2524 2977 honoribus
2552 2922 2780 2978 summis
2810 2922 3052 2978 virorum
3082 2920 3219 2975 bona
3253 2919 3555 2989 publicata.
3588 2922 3605 2957 ι
3635 2920 3817 2991 capita

2224 3023 2693 3091 diminuta,vitam
2723 3037 2834 3079 tere
2864 3018 3407 3078 taxatamiVidimus
3436 3020 3686 3078 redactas
3705 3023 3726 3054 ⁸
3760 3022 3816 3077 in

1876 3132 2459 3197 INTERPRETATIO.

510 3258 512 3263 ν
587 3238 614 3266 ο
655 3231 981 3299 Aggravare:

587 3299 616 3338 δ
654 3297 1107 3359 commemorari.
2087 3356 2093 3361 _

591 3381 614 3408 ε
656 3370 824 3437 Quam
849 3366 1056 3438 adjecta
1081 3380 1262 3423 rerum
1286 3364 1519 3423 tristium
1548 3370 1860 3426 narratione
1900 3369 2106 3428 ﬁedari.

590 3439 617 3477 ιι
649 3444 779 3509 Quae
807 3441 1048 3494 onmium
1078 3450 1346 3494 terrarum
1374 3453 1507 3509 quas
1531 3448 1795 3512 tyrannus
1822 3443 1917 3499 ille
1944 3459 2116 3516 popu-

2142 3236 2189 3302 C
2221 3235 2362 3291 latus
2392 3243 2476 3290 est
2496 3235 2816 3306 gravissime
2836 3244 3029 3292 vexata
3057 3242 3180 3293 esse
3213 3236 3410 3293 merito
3439 3236 3658 3295 diceris.

2293 3316 2317 3433 ἶ
2372 3307 2539 3433 ῗξίιιδ
2606 3318 2764 3364 terrae
2819 3309 3101 3365 calamitas
3154 3322 3278 3373 cum
3343 3316 3531 3367 nostra
3575 3307 3813 3377 conferri

2317 3392 2373 3433 es
2426 3419 2438 3433 .

2222 3392 2401 3455 peteSt
2422 3392 2438 3433 ι

2036 3550 2266 3616 NOTAE.

586 3646 611 3719 ξ
639 3643 720 3703 Ad
741 3643 936 3699 scelera
956 3652 1222 3719 secretum.
1246 3640 1449 3700 Locum
1467 3653 1652 3715 aptum
1678 3645 1746 3703 ad
1774 3647 2115 3719 tyrannidem

515 3715 1210 3785 nefarieoccnpandnm,‘
1340 3784 1343 3785 ν
1444 3782 1465 3785 Η
1797 3715 1812 3719 -
1960 3770 1963 3775 γ

538 3822 549 3829 ο
592 3789 612 3820 ⁸
636 3782 873 3855 Effracto
891 3780 990 3841 Cn.
1019 3780 1228 3843 Lentuli
1255 3782 1620 3857 ludos'i‘angit
1658 3788 1857 3843 servile
1887 3789 2113 3856 bellum,

516 3862 721 3917 dictum
752 3857 1116 3927 Spartacium,
1150 3856 1289 3925 quod
1320 3860 1372 3927 in
1403 3855 1564 3913 italia
1582 3862 1902 3927 suscitatum
1938 3876 2026 3917 an.
2046 3855 2113 3927 U.

521 3932 583 3986 C.
612 3929 740 3988 68L
771 3926 1639 4001 auctoreSpartactrsﬁnomao,
1680 3938 1735 3982 et
1787 3926 1990 3989 Crixo:
2022 3926 2113 4001 qui

521 4001 745 4055 eifracto
768 3999 969 4065 Capua:
1003 3995 1214 4051 Lentuli
1244 3995 1367 4050 ludo
1396 3998 1450 4051 in
1473 4000 1878 4067 qnoalebantnr
1902 4016 2023 4054 cum
2040 3995 2115 4057 Ἧι

522 4067 912 4142 gladiatoribus
934 4082 1069 4135 quos
1109 4068 1462 4123 Mirtniilones
1504 4072 1767 4142 appellat,
1804 4075 2118 4142 vocatisqne

522 4138 593 4197 id
645 4152 791 4207 arma
834 4142 1013 4207 servis
1052 4150 1385 4207 occuparunt
1436 4151 1673 4195 montem
1730 4138 2119 4199 Vesuvittmet

525 4210 716 4283 plaud.
745 4202 1037 4283 Pulcurnm
1051 4202 1322 4283 legatum,
1357 4223 1419 4263 ac
1444 4209 1501 4263 P.
1527 4206 1799 4283 Vatinium
1830 4225 2120 4283 praetorem

524 4281 668 4409 iv:in
708 4278 975 4409 vicinum.
1003 4278 1251 4351 (Florus,
1282 4279 1322 4341 ι.
1361 4295 1455 4345 ut,
1483 4294 1533 4335 c.
1576 4279 1682 4353 20,
1718 4278 1943 4356 Eutrap.
1976 4283 2121 4355 Epit.

583 4369 630 4409 ac
654 4366 775 4405 om.

583 4366 757 4409 ωιονιδ
766 4391 775 4400 .

831 4420 1018 4498 pirata.
1077 4418 1335 4498 intelligit
1382 4424 1518 4480 bella
1552 4422 1772 4498 piratica
1805 4441 1833 4479 a
1867 4425 2131 4498 Pompeio

529 4493 798 4567 comicae.
831 4490 1047 4567 Florus.
1096 4492 1233 4567 Cﬂix
1262 4490 1450 4567 autem
1485 4490 1713 4567 populus
1743 4511 1893 4555 orant
1920 4490 2129 4554 Aniano

531 4577 588 4623 et
613 4563 790 4640 Tauro
822 4563 1119 4640 montibus,
1141 4562 1719 4639 Pampityiia,'et'mari
1747 4567 2130 4640 circumscrip-

531 4645 643 4692 tam
673 4634 965 4691 habitabat.
1170 4682 1179 4697 λ

605 4707 627 4736 ⁸
651 4703 957 4758 Tenentibus
978 4720 1126 4760 arma
1137 4703 1721 4779 fugitigianteliigede
1733 4706 1889 4779 bellis
1913 4710 2125 4766 servili-

532 4775 658 4841 bus,
681 4789 801 4845 quae
820 4783 967 4845 gesta
1002 4792 1145 4829 anno
1180 4775 1242 4833 Π.
1274 4776 1336 4832 C.
1362 4778 1462 4833 681
1510 4792 1559 4834 et
1584 4777 1692 4833 685
1718 4776 1884 4837 refert
1914 4780 2125 4841 Florus.

604 4839 852 4918 έςδξιέωηξ
876 4839 1188 4918 Maximum,
1217 4848 1425 4918 origine
1455 4848 1793 4905 Britannum.

608 4915 651 4946 ¹⁰
684 4912 905 4973 Exsules
938 4915 1093 4970 orbis.
1123 4912 1327 4988 Virgil:
1351 4919 1539 4992 Eclog.
1568 4936 1609 4989 t,
1644 4920 1710 4979 67
1737 4938 1749 4973 :

689 5005 815 5055 Toto
836 5005 1018 5073 divisos
1036 5008 1469 5073 orbe_Britannost

533 5078 589 5127 et
615 5067 803 5125 Horat.
837 5070 931 5124 ltb.
960 5084 1001 5135 ι,
1031 5072 1122 5125 od.
1151 5071 1222 5127 55
1246 5089 1260 5127 :

692 5138 899 5189 Ultimos
920 5142 1055 5193 orbis
1076 5141 1350 5197 Britannos.

609 5221 650 5302 αξ
678 5220 916 5302 ξενριἰὶα
933 5224 1143 5302 ducum.
1166 5224 1375 5302 Nempe
1405 5226 1769 5297 Merobaudis,
1793 5228 1969 5302 inquit
1995 5231 2129 5287 Vul-

534 5291 939 5364 garis_i_’rosper
964 5296 1017 5364 in
1044 5291 1332 5351 Lhronico'.

606 5362 800 5441 μιν.
822 5392 895 5403 -
920 5364 936 5393 ⁸
962 5363 1202 5441 Lustrale
1235 5366 1520 5441 justitiam.
1564 5363 2003 5441 Quinquennium
2051 5374 2132 5427 in-

536 5434 759 5515 telligit,
804 5449 912 5515 quo
960 5450 1057 5515 per
1078 5434 1286 5515 .vitn_et
1315 5438 1519 5515 absque
1544 5434 1653 5494 ullo
1681 5434 1857 5510 legum
1884 5452 1940 5499 et
1964 5446 2134 5515 aequi-

537 5511 693 5582 tatis"
707 5519 803 5557 usu
836 5507 1178 5582 tyrannidem
1204 5507 1467 5582 maximus
1488 5507 1792 5582 occupavit.

554 5585 559 5589 '
608 5574 630 5605 ³
656 5573 873 5627 δειναί
903 5586 976 5628 est
1021 5578 1200 5633 levior.
1247 5579 1381 5633 Nam
1409 5591 1467 5633 ut
1493 5584 1569 5634 ait
1603 5573 1854 5638 Horatius
1900 5583 1969 5639 de
2002 5582 2135 5642 Arte

539 5642 754 5727 poetica
779 5660 791 5695 :
818 5644 1044 5727 Segnius
1090 5648 1295 5727 irritant
1314 5651 1529 5727 animos
1542 5652 1809 5727 ._dentissa
1836 5671 1927 5727 per
1947 5670 2128 5724 aures,

543 5713 711 5781 Quam
737 5729 850 5780 qua
874 5726 1001 5793 sunt
1021 5720 1183 5793 oculis
1207 5724 1437 5793 subjecta
1457 5722 1714 5791 ﬁdelibus.

608 5793 630 5827 s
660 5794 937 5875 jam-mm
958 5786 1216 5847 Gratiani.
1235 5786 1369 5872 Quit,
1398 5786 1466 5852 ut
1485 5796 1560 5853 ait
1584 5795 1688 5857 hoc
1718 5798 1840 5871 loco
1867 5798 2097 5871 Paeatns
2113 5842 2132 5887 ,

2153 4658 2209 4721 Ι)

2222 3651 2349 3707 item
2391 3659 2447 3706 et
2488 3640 2737 3708 Zozimus
2757 3665 2822 3708 ac
2856 3650 3093 3723 Prosper
3115 3652 3169 3709 in
3191 3650 3492 3719 Chronico.
3522 3670 3556 3780 3
3586 3644 3823 3713 Maximo

2222 3723 2427 3780 victus:
2463 3725 2610 3780 iuxta
2639 3724 2848 3780 alittuos
2879 3739 3011 3779 vero
3050 3724 3117 3779 ab
3146 3726 3390 3780 exercitu
3422 3742 3518 3780 nro
3561 3730 3665 3780 itus
3688 3768 3703 3780 .
3737 3738 3823 3780 at-

2222 3723 2610 3798 victusgjuxta
2639 3724 2848 3798 aliquos
2866 3739 3011 3798 vero
3050 3724 3117 3779 ab
3146 3726 3390 3781 exercitu
3422 3723 3665 3798 proditus
3688 3768 3703 3795 ,
3737 3738 3823 3787 al-

2223 3808 2328 3863 que
2362 3810 2389 3844 a
2415 3794 2644 3866 Maximo
2672 3810 2766 3866 per
2789 3793 2973 3866 dolum
3004 3810 3295 3866 oppressus
3317 3814 3332 3864 ;
3351 3793 3503 3866 jnita
3533 3798 3671 3853 alios
3691 3793 3818 3853 cum

2222 3862 2480 3937 trecentis
2520 3862 2791 3937 equitibus
2822 3862 3057 3937 Parisiis
3081 3862 3257 3937 'Alpes
3290 3862 3583 3927 e‘t'itaiiam
3630 3885 3823 3925 versus

2223 3932 2289 4010 ad
2328 3932 2785 4010 Valentinianum
2812 3934 3035 4010 fratrem
3079 3932 3407 4010 confugiens
3438 3938 3684 4010 Lugduni
3727 3956 3824 4010 per

2225 4002 2653 4077 Attdragalltium
2681 4021 2712 4060 a
2742 4006 2973 4061 Maximo
3007 4002 3306 4069 itnntissu'm
3338 4002 3655 4077 interiectus
3682 4002 3786 4066 est.

2297 4074 2319 4105 ⁸
2350 4074 2470 4130 Alta
2492 4077 2627 4133 licet.
2655 4078 2911 4150 Quamvis
2939 4080 3005 4133 ad
3037 4079 3240 4135 Italiam
3273 4093 3327 4136 et
3361 4074 3671 4150 ilispaniatn
3695 4080 3824 4138 Gal-

2227 4143 2316 4202 liis
2339 4143 2730 4203 conterminam
2756 4147 2969 4223 Maximi
2996 4151 3131 4206 fama
3162 4143 3482 4223 pervaserit,
3507 4167 3571 4208 ea
3595 4170 3651 4208 re
3672 4166 3825 4219 certe

2231 4226 2460 4293 utraque
2510 4232 2800 4293 recreatur.
2823 4220 2972 4293 quod
3000 4223 3116 4293 il_l_e,
3147 4220 3197 4275 id
3230 4234 3341 4289 est,
3376 4223 3627 4293 Hispania
3660 4223 3827 4279 Maxi-

2231 4290 2305 4344 mi
2330 4290 2572 4364 furorem
2606 4309 2712 4346 non
2740 4291 2943 4364 viderit
2972 4309 2984 4344 :
3018 4290 3154 4364 Hic,
3190 4294 3241 4348 id
3267 4304 3371 4359 est,
3406 4290 3554 4349 italia
3578 4293 3825 4364 ejusdem

2232 4360 2442 4436 caedem
2488 4361 2703 4436 viderit.
2738 4360 2872 4436 Nam
2896 4363 3035 4431 apud
3065 4362 3401 4436 Aquileiam,
3426 4381 3585 4436 quam
3608 4360 3827 4421 Plinius

2233 4428 2287 4484 in
2328 4432 2533 4485 decima
2567 4430 2733 4487 italia:
2764 4428 2983 4502 regione
3012 4428 3239 4489 collocat
3263 4476 3278 4503 ,
3306 4428 3571 4491 Maximus
3611 4438 3826 4493 occisus

2233 4509 2337 4576 est.
2372 4503 2507 4576 Nota
2531 4515 2707 4576 autem
2750 4519 3047 4573 pronomen
3079 4505 3161 4558 hic
3190 4504 3256 4561 ad
3292 4508 3554 4562 remetius
3592 4523 3825 4576 nomen,

2232 4572 2323 4626 ille
2347 4572 2412 4626 ad
2438 4572 2792 4642 pmpinquius
2820 4587 3008 4629 contra
3032 4576 3247 4631 solitum
3282 4577 3491 4633 referri.

2305 4642 2325 4674 ⁸
2365 4643 2548 4712 ϐοερὶι.
2594 4644 2650 4698 in
2683 4645 2955 4699 Britannia
2983 4661 2998 4711 ;
3042 4648 3233 4701 destitit
3262 4651 3312 4702 in
3344 4648 3516 4703 italia.

2306 4712 2474 4791 XXV.
2500 4740 2572 4791 -τ
2594 4714 2808 4786 ‘Capita
2837 4718 3109 4791 diminuta.
3139 4720 3432 4774 lttminutio
3462 4720 3656 4789 capitis
3679 4721 3829 4791 apud

2230 4784 2660 4860 Ju_r_i_sconsuito_s
2699 4784 2783 4841 est
2823 4788 3020 4856 prioris
3061 4800 3234 4844 status
3284 4784 3641 4860 permutatio,
3693 4784 3824 4847 eum

2232 4857 2439 4915 scilicet
2467 4868 2554 4910 aut
2586 4858 2888 4915 libertatein
2915 4900 2929 4923 ,
2968 4870 3057 4922 aut
3087 4857 3361 4917 civitatem
3388 4903 3403 4922 .
3442 4864 3829 4927 autjiamiiiam

2231 4928 2550 5009 amittimus.
2613 4929 2790 5011 Quare
2853 4930 3053 5011 triplex
3113 4934 3457 5011 est_capit_i_s
3501 4932 3826 5011 ditttintttio,

2231 5001 2528 5125 waititnah
2553 5000 2728 5054 media
2754 5042 2769 5070 ,
2813 5008 2869 5055 et
2913 4996 3155 5061 titinima.
3217 4996 3293 5061 De
3323 4996 3517 5076 quibus
3544 4996 3831 5061 .IuriscOnQ

2231 5084 2292 5125 su
2341 5084 2402 5125 os
2443 5086 2490 5125 Vl
2533 5085 2582 5125 e.

2230 5078 2402 5127 SUHOS
2443 5078 2582 5125 vide.

2307 5162 2326 5191 ³
2355 5159 2422 5214 In
2450 5175 2720 5231 numerum
2751 5162 3043 5231 dignitates.
3084 5164 3193 5221 Seu
3222 5166 3276 5219 in
3302 5165 3575 5221 ordinem:
3616 5176 3832 5223 utrum-

2238 5245 2344 5308 que
2371 5230 2517 5287 enim
2550 5232 2740 5308 eodem
2770 5230 2933 5308 sensu
2965 5250 3111 5303 saepe
3140 5237 3279 5307 apud
3308 5236 3542 5308 Tullium
3585 5238 3833 5308 aliosque

2235 5300 2530 5377 scriptores
2556 5300 2782 5377 dicitur,
2826 5304 2986 5360 ducta
3018 5300 3354 5377 metaphora,
3386 5306 3551 5377 inquit
3582 5300 3826 5377 Lipsius,

2237 5373 2382 5449 vela
2414 5372 2625 5437 militia,
2656 5374 2739 5428 vel
2766 5390 2792 5427 a
2825 5372 3249 5449 magistratibus.
3300 5372 3509 5449 Quippe
3531 5372 3662 5448 quia
3684 5372 3831 5437 inter

2237 5443 2437 5519 milites
2464 5455 2588 5519 sunt
2613 5447 2878 5519 extravcl
2905 5443 3067 5519 supra
3095 5443 3501 5519 ordines'iegati
3520 5443 3560 5516 ,⁷
3587 5450 3827 5517 tribuni,

2236 5523 2367 5583 εις..
2398 5518 2433 5569 ii
2461 5516 2576 5583 cogi
2601 5517 2663 5571 .in
2696 5514 2942 5589 ordinem
2974 5514 3256 5586 'videntnr,
3305 5514 3426 5574 cun]
3475 5514 3686 5589 spoliati
3728 5514 3831 5577 suo

2236 5599 2463 5660 munere
2515 5598 2675 5660 pares
2723 5586 2991 5660 habentur
3036 5590 3323 5660 gregariis.
3379 5586 3566 5645 itide—tn
3612 5592 3663 5644 in
3706 5600 3830 5655 ma-

2235 5657 2464 5732 gistratu
2495 5654 2587 5725 qui
2612 5658 2860 5732 eminet.
2904 5674 3014 5732 nec
3039 5654 3222 5715 est'in
3255 5661 3395 5732 vulgi
3426 5662 3600 5716 classe
3625 5665 3706 5716 vel
3741 5654 3834 5719 or-

2236 5728 2363 5807 dine
2388 5768 2404 5795 ,
2454 5730 2501 5783 is
2532 5729 2699 5807 redigt
2730 5728 2785 5785 in
2820 5730 3065 5807 ordinem
3094 5734 3294 5791 dicitur
3317 5728 3507 5807 [eum
3532 5736 3832 5799 auctoritas

2236 5798 2355 5881 ejus
2382 5798 2671 5889 spernitur
2683 5812 2777 5875 aut
2806 5802 3084 5882 violatura
3319 5798 3329 5803 ⁷
3822 5798 3829 5813 ⁷
