4200 6178
392 281 493 343 501

1286 278 1771 338 PANEGYRICUS
1805 278 2059 337 PACATI
2094 280 2486 340 TBEODOSIO
2511 280 2775 339 DICTUS.

3581 286 3687 341 502

392 407 683 451 numerum
716 391 1045 464 dignitates,
1096 401 1153 449 et
1176 392 1198 426 ³
1228 398 1426 449 exutos
1477 392 1683 449 trabeis
1736 393 1991 448 consula-
2018 394 2072 454 Α
2097 394 2276 449 culum
2303 396 2603 451 videretur.
2663 395 2774 451 Sed
2820 405 2999 451 tamen
3045 397 3187 452 latro
3217 398 3391 467 raptis
3418 395 3682 465 abutitur,

392 502 483 545 res
508 528 523 549 .
571 496 628 543 et
654 500 814 543 senes
839 484 862 519 ⁵
891 485 1234 541 fortunarum
1265 486 1587 556 superstites
1612 495 1661 541 et
1702 486 1990 541 infantium

392 579 496 635 sub
531 577 653 647 ipso
699 585 911 634 sectore
958 576 1255 632 ludentium
1303 576 1537 633 ﬂendum
1587 575 1983 645 securitatem;

393 688 521 729 cum
552 671 775 744 interim
803 670 988 725 miseri
1014 671 1333 725 vetabamur
1354 678 1380 709 ⁸
1403 685 1567 740 agere
1598 669 1853 734 miseros,
1883 671 1992 724 imo

396 766 563 824 etiam
612 765 946 836 eogebamur
993 765 1213 819 mentiri
1254 762 1282 802 δ
1328 764 1545 831 beatos,
1596 772 1651 818 et
1692 778 1812 818 cum
1843 763 1990 819 domi

395 869 561 927 atque
589 867 805 913 secreto
829 856 964 912 solis
999 857 1318 928 conjugibus
1360 872 1424 911 ac
1457 856 1645 912 liberis
1671 856 1692 891 ⁵
1721 856 1990 911 credidis-

396 965 582 1007 semus
610 950 863 1005 furtivum
894 950 1137 1006 dolorem
1167 992 1183 1016 ,
1237 950 1664 1019 procedebamus
1713 949 1766 1003 in
1811 949 1991 1017 publi-

399 1058 525 1099 cum
576 1042 597 1075 ⁸
641 1058 750 1097 ηοη
806 1051 1009 1099 nostrae
1052 1042 1284 1097 fortuna:
1330 1043 1505 1098 vultu.
1572 1042 1806 1097 Audires
1847 1042 1993 1096 enim

398 1135 586 1192 dicere
616 1134 958 1190 delatorem:
1000 1134 1138 1202 Quid
1185 1134 1257 1190 ita
1300 1134 1391 1189 ille
1418 1135 1590 1191 tristis
1621 1133 1866 1188 incedit?
1909 1132 1994 1188 An

398 1227 522 1297 quia
558 1241 765 1296 pauper
792 1241 858 1280 ex
884 1224 1049 1280 divite
1079 1234 1161 1280 est
1186 1231 1207 1279 Ἰ
1244 1225 1361 1280 Non
1392 1228 1539 1281 enim
1567 1241 1626 1280 se
1658 1228 1842 1282 vivere
1867 1240 1995 1294 gra-

398 1318 647 1373 tulatur?
686 1316 828 1383 Quid
876 1316 949 1371 ita
996 1316 1085 1371 hic
1116 1317 1389 1385 publicum
1416 1319 1435 1353 ⁷
1478 1326 1687 1372 atratus
1719 1316 1996 1373 incestat?

397 1409 606 1480 Luget,
639 1408 836 1474 credo,
883 1409 1128 1464 fratrem.
1189 1408 1295 1463 Sed
1329 1410 1489 1463 habet
1520 1408 1706 1463 ﬁlium.
1768 1407 1844 1462 ita
1876 1407 1997 1462 ﬂeri

401 1516 508 1557 non
540 1499 738 1557 licebat
765 1500 992 1567 amissa,
1022 1507 1166 1555 metu
1200 1500 1556 1571 reliquorum.
1601 1500 1839 1555 Serenus
1868 1514 1999 1569 ergo

402 1596 603 1654 nubilis
628 1594 904 1650 mentibus
933 1594 1112 1649 vultus
1143 1594 1535 1661 induebamus,
1578 1604 1635 1649 et
1672 1594 1739 1648 ad
1781 1593 1997 1649 illorum

401 1692 577 1748 vicem
596 1731 611 1755 ,
646 1690 739 1759 qui
762 1689 1052 1759 degustato
1080 1690 1102 1725 ⁸
1132 1688 1429 1745 Sardorum
1459 1689 1763 1758 graminum
1809 1701 1995 1755 succo,

2091 498 2145 543 et
2171 488 2347 542 ablata
2379 490 2499 543 aliis
2530 489 2629 544 sibi
2677 489 2898 554 reddit;
2941 504 3043 544 nec
3081 488 3206 543 ideo
3245 490 3358 543 vias
3399 490 3680 559 saltusque

2093 581 2334 648 obsidet,
2364 591 2421 635 ut
2448 581 2758 635 thesaurum
2792 590 2964 636 struat
2990 591 3153 650 atque
3180 581 3437 643 defodiet,
3469 590 3525 636 et
3552 597 3678 636 cum

2092 676 2299 730 scelere
2330 677 2493 731 miser
2520 676 2587 730 sit
2613 692 2629 739 ;
2656 676 2749 731 sed
2780 684 2838 730 ut
2865 678 3004 746 gula:
3031 677 3316 747 ventrique
3343 677 3682 746 suppeditet,

2095 784 2196 823 nec
2244 768 2385 823 desit
2430 776 2678 838 sumptus
2722 768 3033 837 impendiis.
3096 768 3228 823 Nam
3268 779 3323 824 et
3361 768 3592 824 eﬁuudit
3634 778 3690 823 et

2097 862 2355 931 negligit,
2412 862 2601 916 eadem
2656 862 2915 931 perdendi
2968 872 3022 915 et
3072 863 3348 932 quaerendi
3406 863 3689 917 facilitate.

2095 953 2288 1023 Noster
2320 954 2410 1008 ille
2437 955 2632 1023 pirata,
2662 955 2918 1024 quidquid
2948 954 3328 1024 undecumque
3351 954 3374 985 δ
3400 969 3691 1010 converre-

2096 1054 2212 1111 rat,
2249 1045 2297 1099 id
2330 1045 2485 1098 nobis
2514 1046 2722 1114 sibique
2751 1048 3049 1114 periturum
3070 1088 3083 1109 ,
3116 1047 3168 1099 in
3202 1047 3345 1099 illam
3379 1060 3576 1115 specus
3603 1046 3689 1100 sui

2099 1138 2119 1171 ⁸
2145 1133 2473 1208 Charybdim
2513 1140 2860 1206 congerebat.
2917 1137 3244 1209 Charybdim
3288 1138 3525 1207 loquor?
3569 1153 3690 1207 qua:

2096 1244 2217 1284 cum
2254 1231 2411 1299 plena
2442 1231 2651 1299 navigia
2680 1231 2975 1295 sorbuerit,
3000 1231 3195 1284 dicitur
3223 1241 3400 1285 tamen
3428 1232 3693 1301 rejectare

2099 1321 2397 1389 naufragia,
2429 1331 2483 1375 et
2509 1331 2787 1376 contortas
2821 1321 2985 1375 fundo
3014 1332 3159 1376 rates
3182 1322 3203 1353 ⁶
3229 1322 3693 1376 Taurominitanis

2099 1416 2373 1469 littoribus
2416 1430 2713 1483 exponere.
2758 1416 2905 1469 BOna
2953 1424 3134 1469 nostra
3180 1417 3245 1469 ad
3292 1418 3544 1470 :erarium
3590 1430 3694 1469 una

2099 1515 2154 1563 et
2183 1516 2440 1576 perpetua
2471 1508 2552 1560 via
2583 1508 2763 1573 ibant,
2796 1508 2971 1562 nullas
3001 1522 3189 1561 eorum
3220 1508 3507 1577 reliquias,
3543 1509 3689 1561 nulla

2102 1598 2404 1669 fragmenta
2435 1601 2518 1654 vel
2559 1614 2684 1654 sero
2710 1600 2849 1655 victa
2880 1599 3099 1655 fastidio
3131 1599 3222 1655 illa
3260 1601 3569 1656 communis
3593 1616 3690 1655 vo-

2104 1707 2232 1761 rago
2271 1674 2607 1749 revomebat.

399 1784 649 1842 feruntur
678 1783 733 1837 in
760 1790 935 1838 morte
965 1781 1147 1837 ridere
1168 1823 1184 1847 ,
1231 1782 1578 1855 imitabamur
1604 1784 1727 1837 laeta
1753 1796 1994 1836 mceren-
2024 1780 2072 1842 B
2170 1784 2381 1838 XXVII.
2430 1785 2522 1839 Est
2548 1783 2920 1853 improborum
2952 1785 3253 1854 principum
3293 1794 3567 1855 postrema
3598 1786 3701 1840 de-

405 1887 507 1935 tes.
550 1877 647 1932 Est
692 1875 911 1947 aliquod
938 1876 1307 1931 calamitatum
1336 1874 1748 1930 delinimentum
1781 1874 1999 1929 dedisse

358 2010 361 2013 -
402 1970 675 2041 lacrymas
718 1968 911 2035 malis,
964 1978 1019 2023 et
1052 1976 1238 2037 pectus
1270 1968 1482 2023 laxasse
1517 1966 1790 2037 suspiriis.
1838 1966 1998 2023 Nulla

400 2061 574 2130 major
601 2070 685 2117 est
726 2074 885 2131 pinna
924 2074 1087 2129 quam
1130 2073 1255 2115 esse
1300 2060 1596 2123 miserum,
1645 2074 1747 2113 nec
1795 2058 1999 2114 videri.

399 2155 540 2226 Spes
565 2154 709 2209 inter
738 2152 857 2207 haec
885 2152 1032 2207 nulla
1069 2151 1343 2221 praedonis
1368 2151 1643 2222 explendi.
1686 2150 1797 2207 Nec
1827 2152 1998 2218 enim,

398 2259 460 2303 ut
491 2255 682 2302 natura
713 2246 848 2311 fert,
885 2246 1099 2314 capiam
1128 2246 1350 2299 satietas
1378 2244 1739 2312 sequebatur,
1785 2258 2002 2299 cresce-

400 2340 495 2396 bat
518 2338 574 2394 in
604 2338 724 2393 dies
751 2336 988 2393 habendi
1015 2336 1219 2403 fames,
1260 2345 1314 2391 et
1346 2336 1570 2406 parandi
1610 2337 1815 2391 rabiem
1847 2345 2000 2405 parta

374 2432 709 2488 ‘irritabant.
781 2430 849 2487 Ut
893 2446 1161 2501 aegrorum
1217 2431 1363 2489 sitim
1412 2440 1570 2500 potus
1616 2429 1893 2495 accendit,
1943 2440 2003 2485 ut

405 2524 545 2595 ignis
601 2523 881 2580 arentibus
934 2537 1040 2578 non
1098 2522 1386 2589 obruitur,
1441 2522 1537 2577 sed
1592 2531 1866 2591 augetur,
1925 2522 2001 2576 ita

405 2625 607 2673 coactae
644 2615 856 2684 publica
892 2624 1131 2685 egestate
1177 2614 1381 2669 divitiae
1420 2613 1735 2668 aviditatem
1800 2612 2003 2685 jejunae

406 2708 603 2763 mentis
648 2707 936 2761 acuebant.

478 2797 671 2857 XXVI.
718 2799 732 2829 ¹
765 2799 955 2853 Stabat
990 2798 1108 2867 ipse
1138 2806 1464 2869 purpuratus
1496 2806 1517 2834 ε
1554 2795 1620 2851 ad
1671 2795 1858 2852 lances
1881 2834 1896 2861 ,
1949 2805 2005 2852 et

408 2905 682 2948 momenta
717 2890 1037 2961 ponderum,
1077 2892 1107 2952 ³,
1129 2901 1403 2959 nutusque
1436 2888 1760 2943 trutinarum
1795 2888 2004 2957 pallens

410 2993 570 3056 atque
626 2983 843 3038 inhians
897 2981 1166 3051 exigebat.
1232 2980 1727 3049 Comportabantur
1783 2978 2004 3034 interim

411 3079 585 3150 spolia
618 3076 1039 3147 provinciarum,
1069 3073 1278 3129 exuviae
1309 3075 1581 3140 exsulum,
1619 3073 1759 3128 bona
1790 3084 2005 3144 perem-

2103 1877 2305 1942 l‘ensio,
2350 1876 2563 1933 auferre
2589 1877 2823 1931 donandi
2854 1878 3057 1945 gratia,
3099 1888 3156 1932 et
3183 1879 3440 1932 invidiam
3473 1881 3690 1947 rapina-

2102 1986 2219 2024 rum
2251 1970 2618 2039 magnitudine
2642 1984 2929 2024 munerum
2956 1969 2982 2006 ά
3010 1969 3330 2038 deprecari;
3382 1984 3534 2039 quae,
3574 1984 3693 2023 ma-

2101 2062 2254 2117 lum!
2305 2062 2445 2115 ratio
2480 2069 2600 2120 est.
2655 2062 2943 2115 abstulisse
2980 2062 3274 2126 omnibus,
3324 2061 3467 2131 quod
3519 2061 3701 2115 nullus

2103 2154 2386 2209 habiturus
2416 2154 2529 2207 sit?
2572 2155 2637 2207 Et
2670 2155 3003 2223 privatorum
3035 2154 3253 2220 quidem
3295 2154 3541 2208 avaritia:
3567 2154 3700 2211 licet

2103 2247 2263 2310 mala,
2301 2256 2478 2300 tamen
2508 2247 2690 2315 aliqua
2720 2246 2966 2300 defensio
2992 2254 3109 2311 est,
3145 2246 3368 2299 timetur
3396 2245 3598 2314 inopia,
3645 2254 3702 2301 et

2104 2340 2121 2370 ¹
2156 2340 2434 2408 reponitur
2469 2339 2765 2406 senectuti,
2802 2346 2858 2392 et
2897 2337 3224 2406 prospicitur
3252 2335 3478 2391 hieredi.
3523 2334 3699 2402 Quam

2103 2430 2260 2487 alien
2296 2446 2515 2485 causam
2563 2430 3005 2499 concupiscendi,
3053 2428 3169 2497 qui,
3204 2439 3465 2496 quantum
3502 2427 3702 2497 ubique

2104 2536 2218 2591 est,
2267 2525 2473 2580 habet?
2526 2524 2666 2593 Quin
2695 2539 2837 2593 ego,
2884 2525 2929 2577 si
2972 2522 3049 2577 fas
3082 2524 3338 2591 piumque
3382 2522 3703 2579 mortalibus

2103 2618 2415 2673 exiSIimare
2454 2616 2736 2678 coelestia,
2801 2614 2997 2667 nullam
3059 2614 3322 2681 majorem
3371 2611 3703 2667 crediderim

2105 2723 2228 2767 esse
2277 2708 2581 2780 principum
2630 2704 2945 2762 felicitatem
2999 2719 3159 2773 quam
3202 2704 3396 2757 fecisse
3449 2702 3700 2765 felicem,

2106 2810 2158 2853 et
2186 2810 2208 2836 ε
2240 2800 2618 2854 intercessisse
2644 2796 2859 2865 inpiaa,
2885 2806 2939 2849 et
2966 2795 3163 2849 vicisse
3194 2794 3487 2857 fortunam,
3531 2801 3586 2847 et
3610 2794 3706 2847 deo

2107 2891 2254 2946 disse
2303 2889 2505 2944 homini
2553 2886 2570 2925 ί
2624 2904 2821 2941 novum
2879 2889 3071 2940 l’atum.
3155 2885 3335 2953 Itaque
3392 2884 3703 2953 imperatori

2109 2985 2385 3055 propriam
2434 2982 2773 3051 majestatem
2832 2980 2971 3034 bene
3019 2978 3310 3033 mstimanti
3341 3019 3354 3044 ,
3420 2993 3527 3032 non
3596 2989 3704 3032 tam

2110 3082 2243 3136 illud
2268 3080 2438 3135 videri
2464 3094 2620 3133 suum
2646 3078 2840 3142 debet,
2882 3074 3024 3145 quod
3054 3075 3308 3139 abstulit,
3352 3088 3514 3143 quam
3558 3072 3707 3143 quod

410 3180 649 3241 piorum.
736 3167 832 3222 Hic
894 3181 1085 3221 aurum
1151 3174 1521 3221 matronarum
1586 3164 1838 3218 mallibus
1901 3178 2004 3219 θιο
2036 3154 2083 3220 C
2114 3154 2298 3228 dedit:
2342 3171 2473 3226 Nam
2506 3186 2625 3225 cum
2675 3170 2814 3223 intra
2859 3169 3035 3236 ipsum
3076 3167 3390 3221 volutantur
3420 3166 3623 3235 omnia,
3652 3173 3710 3219 et

411 3272 644 3319 tractum
672 3301 689 3328 ,
738 3261 846 3317 illic
886 3268 1054 3331 raptae
1083 3260 1409 3328 pupillorum
1439 3260 1460 3290 ³
1488 3258 1793 3313 cervicibus
1823 3258 2006 3325 bullae,

412 3354 536 3410 istic
562 3354 905 3409 dominorum
937 3366 1131 3407 cruore
1160 3349 1438 3421 perfusum
1482 3350 1892 3423 appendebatur
1919 3366 2008 3407 ar-

416 3459 656 3521 gentum.
712 3446 995 3502 Numerari
1052 3445 1251 3514 ubique
1298 3442 1576 3515 pecuniae,
1628 3442 1744 3499 fisci
1791 3443 2005 3512 repleri,

415 3557 523 3598 tera
551 3541 848 3609 cumulari,
897 3554 1026 3595 vasa
1054 3538 1266 3594 concidi
1292 3555 1308 3611 ;
1354 3538 1528 3593 cuivis
1556 3544 1615 3591 ut
1640 3537 1868 3593 intuenti
1902 3553 2009 3593 non

420 3633 552 3691 illud
584 3632 929 3713 imperatoris
957 3631 1292 3691 domicilium
1316 3673 1331 3700 ,
1380 3630 1477 3687 sed
1510 3630 1734 3691 latronis
1761 3638 2007 3703 recepta-

2117 3271 2175 3318 nt
2225 3263 2343 3325 ille,
2385 3262 2474 3332 qui
2524 3270 2717 3315 cuncta
2768 3258 2937 3313 ambit
2979 3272 3253 3321 oceanus,
3293 3272 3425 3325 quas
3466 3254 3711 3325 suggerit

2116 3370 2285 3424 aquas
2313 3355 2473 3409 terris
2512 3351 2707 3421 recipit
2750 3365 2783 3405 e
2824 3352 3016 3413 terris,
3059 3350 3129 3403 ita
3170 3346 3432 3417 quidquid
3474 3346 3529 3401 in
3561 3349 3709 3403 cives

2118 3457 2305 3501 manat
2342 3463 2369 3499 a
2421 3445 2661 3514 principe
2700 3441 2968 3497 redundat
3029 3440 3084 3495 in
3131 3440 3429 3511 principem
3467 3456 3482 3504 ;
3536 3449 3590 3494 et
3630 3437 3709 3492 rei

2121 3549 2176 3596 et
2212 3539 2366 3593 famae
2401 3537 2540 3593 bene
2574 3534 2806 3590 consulit
2837 3533 3124 3588 munificus
3157 3534 3472 3602 imperator.
3512 3531 3711 3586 Lucra-

2121 3643 2206 3689 tur
2232 3631 2375 3687 enim
2406 3628 2655 3701 gloriam,
2685 3643 2807 3685 cum
2835 3626 2927 3683 det
2958 3625 3245 3697 pecuniam
3270 3638 3633 3683 reversuram.

1782 3752 2367 3813 INTERPRETATIO.

493 3860 524 3893 ι
558 3851 669 3907 Pro
706 3849 924 3907 miseris
964 3861 1065 3905 nos
1103 3860 1317 3921 gerere.

493 3921 523 3961 δ
564 3922 793 3979 Hilares.

500 4005 523 4034 ο
565 3995 633 4053 Et
663 3993 1044 4049 inclinationes
1075 3989 1411 4060 ponderum.
1458 4003 1524 4045 ac
1563 3989 1799 4047 ianoium
1825 3988 2018 4047 'motus

427 4066 731 4123 levissimos
758 4064 918 4120 anxie
943 4073 997 4120 et
1025 4062 1182 4119 avide
1202 4060 1548 4119 observabat.

2192 3846 2221 3886 ἀ
2259 3849 2553 3904 Excusare.

2195 3930 2218 3958 ε
2246 3917 2565 3975 Removisse
2590 3916 2851 3987 inepiam.

2199 3989 2217 4029 ί
2252 3991 2453 4047 Novam
2476 3999 2701 4045 sortem.

1939 4124 2175 4230 1:10T1E.

500 4273 765 4360 ’"Ea'utos
813 4272 1019 4339 trabeis.
1087 4268 1147 4327 Id
1197 4277 1315 4337 est,
1368 4268 1684 4326 consulatus
1730 4266 2029 4339 insignibus

431 4347 911 4471 Spglgiﬁunarum
940 4413 1262 4483 superstites.
1313 4411 1367 4467 ld
1396 4421 1479 4468 est
1501 4454 1514 4476 ,
1549 4425 1706 4467 senes
1736 4410 1885 4480 prius
1917 4406 2029 4463 for-

434 4487 602 4550 tunis,
634 4503 792 4553 quam
821 4487 926 4540 vita
954 4498 1159 4540 cassos.

2210 4266 2229 4295 ’
2261 4262 2537 4332 Nutusque
2568 4258 2895 4332 trutinarum.
2924 4254 3095 4332 Nutus
3122 4247 3723 4332 trutinarumappellat,

2134 4350 2257 4392 cum
2290 4323 2462 4387 altera
2490 4332 2612 4384 lanx
2641 4328 3123 4403 deorsumnvergit,
3155 4323 3587 4403 propendetqne;
3659 4388 3691 4403 ﬂ

2207 4406 2227 4436 ⁸
2258 4402 2549 4458 Cervicibus
2577 4400 2749 4453 bullae.
2803 4396 2958 4450 Bulla
2988 4391 3233 4461 suspendi
3259 4391 3313 4448 in
3340 4391 3472 4445 collo
3502 4391 3722 4461 infanti»-

2137 4477 2227 4529 bus
2279 4473 2515 4541 ingenuis
2561 4471 2685 4523 solet
2731 4485 2887 4521 aurea
2914 4459 3731 4541 ,_libertinis“s_corte_a,_inquit

511 4529 1343 4614 :‘(I’r‘e'didt'iret'nusvfillauculum
1376 4553 1445 4609 de
1477 4553 1633 4607 malls
1677 4550 1876 4606 nostris
1902 4564 2030 4604 con-
2059 4578 2113 4637 D
2136 4529 2421 4637 ascanius.
2447 4542 2617 4637 Quum
2648 4529 3725 4637 morem‘ag'lar‘t-l‘u‘inniqEiiﬁodi‘riilqc‘liuth

436 4640 613 4704 questi
644 4644 879 4683 eramus.

511 4703 532 4734 ⁶
580 4699 705 4754 Non
748 4711 939 4754 nostra!
987 4702 1230 4768 fortuna.
1305 4695 1467 4750 Vultu
1518 4708 1626 4750 non
1674 4691 2036 4748 conveniente

442 4784 642 4828 nostra:
689 4770 1007 4825 conditioni.

515 4845 557 4876 ⁷⁵
585 4844 817 4896 Atratus.
882 4848 1008 4895 Atra
1063 4838 1229 4894 vestis
1282 4836 1502 4909 propria
1558 4834 1939 4909 fuit_viror_um
1982 4834 2033 4887 in

441 4915 610 4970 luctu.
657 4913 789 4967 Nam
816 4911 961 4982 quod
990 4910 1057 4965 ad
1088 4906 1338 4965 feeminas
1365 4916 1591 4982 spectat,
1624 4906 1730 4960 alia
1756 4906 1875 4961 aliis
1903 4915 2036 4960 tem-

444 4987 665 5056 poribus
697 4982 799 5056 f_uit
824 4979 848 5036 ε’
884 4982 1044 5037 modo
1080 4983 1257 5056 nigra,
1287 4980 1450 5035 modo
1478 4979 1619 5033 alba.
1660 5046 1673 5056 .
1735 5046 1748 5056 ι
1834 5046 1868 5056 _.

518 5060 539 5090 ⁸
579 5054 873 5111 Sardorum
911 5069 1083 5106 succo.
1140 5044 1342 5107 Notum
1373 5059 1483 5112 est,
1534 5046 1675 5116 quod
1717 5046 1787 5101 de
1833 5044 2037 5101 Sardoa

447 5126 614 5182 herba
660 5126 867 5190 ferunt,
914 5126 987 5179 ita
1024 5138 1210 5177 eorum
1236 5140 1261 5173 τι
1290 5122 1484 5192 quibus
1523 5120 1901 5192 degustaretur
1942 5132 2038 5171 ora

445 5197 843 5261 contrahente,
908 5206 963 5249 ut
1010 5204 1232 5261 agerent
1285 5189 1517 5247 animam
1564 5189 2037 5261 veluti‘ridentes.

446 5267 605 5325 Unde
651 5257 985 5323 Sardonicus
1034 5257 1175 5319 risus
1227 5264 1537 5318 celebratus
1587 5276 1685 5330 pro
1735 5257 1892 5323 ﬁcto,
1952 5267 2044 5312 aut

447 5339 790 5394 amarulentn
818 5338 952 5393 risu.
979 5337 1317 5405 Quamquam
1349 5350 1455 5405 non
1486 5333 1677 5387 desunt
1702 5373 1716 5395 ,
1764 5337 1853 5405 qui
1882 5330 2044 5405 aliam

451 5410 609 5476 hujus
642 5410 718 5464 rei
750 5399 1023 5479 originem
1044 5399 1308 5462 referunt.
1356 5404 1514 5460 Sardi
1548 5414 1754 5469 autem,
1784 5399 2048 5459 Sardiniae

452 5482 884 5553 insatiatumpuli.
1151 5550 1161 5553 _
1332 5548 1343 5553 _
1471 5548 1478 5553 ,
1690 5543 1701 5553 ,
1820 5541 1889 5553 ,,

529 5543 723 5604 XXVI.
751 5543 822 5590 '-
870 5553 886 5583 ¹
918 5550 1103 5604 Stabat
1143 5550 1275 5617 ipse.
1318 5548 1667 5617 errorerror)”;
1690 5543 1921 5617 hominis
1953 5556 2047 5617 nc-

454 5626 639 5691 quiter
671 5622 861 5676 attenti
896 5621 960 5675 ad
990 5613 1176 5673 eorum
1214 5620 1480 5691 bonorntn
1515 5616 1901 5691 venditionem,
1931 5613 2049 5680 qui-

458 5688 563 5747 bus
606 5692 833 5749 summis
866 5691 1177 5761 perfunctos
1221 5688 1713 5761 honoribusviros,
1749 5695 2046 5749 matronas,

461 5762 696 5841 pupillos
726 5779 787 5823 ac
816 5759 1120 5841 provincias
1148 5760 1385 5839 integras
1411 5759 1719 5838 spoliasset.

2144 4598 2352 4682 ierunt,
2382 4598 2501 4669 cum
2537 4612 2703 4664 li!ium
2733 4624 2885 4682 suum
2916 4609 2984 4682 14
3009 4598 3178 4660 annos
3208 4613 3387 4658 natum
3418 4601 3487 4656 de
3512 4598 3728 4655 Sabinis

2143 4679 2403 4742 victorem
2434 4685 2534 4738 hoc
2563 4682 2768 4735 hOnore
2794 4679 3033 4733 donavit.

2216 4758 2238 4789 ‘
2266 4740 2621 4811 Convenerat.
2666 4753 2740 4805 Ita
2771 4750 3065 4805 Baldninns
3102 4753 3225 4817 post
3258 4743 3569 4817 complures
3598 4740 3733 4794 alios

2145 4830 2295 4899 legit,
2328 4843 2424 4897 pro
2451 4833 2771 4899 convenerat,
2802 4822 2875 4875 uti
2903 4832 2984 4899 est
3012 4822 3062 4873 in
3092 4816 3607 4899 aliiseditionil‘uist.

2218 4885 2237 4929 ⁵
2275 4885 2603 4967 Charybdim.
2669 4894 2886 4947 Frrtum
2931 4893 3069 4967 inter
3114 4890 3317 4943 Italiam
3362 4896 3416 4941 et
3459 4885 3731 4967 Siciliam,

2144 4953 2535 5026 contrariorum
2575 4965 2829 5019 ﬂuctuum
2870 4964 3150 5016 collisione
3192 4970 3339 5027 rapta
3373 4969 3603 5027 quicque
3636 4953 3736 5005 ah-

2147 5024 2375 5095 sorhens
2398 5048 2451 5091 et
2476 5047 2751 5092 eruetans.
2797 5033 3126 5104 Charybdim
3158 5024 3335 5084 autem
3363 5024 3533 5104 poeta:
3561 5024 3743 5104 fut-unt

2147 5114 2431 5167 mulierem
2465 5109 2630 5161 fuisse
2673 5095 3082 5177 rapacissimum
3109 5145 3122 5165 ,
3164 5116 3284 5177 quae
3329 5095 3449 5177 cum
3492 5095 3744 5177 llerculis

2149 5198 2339 5237 vaccas
2370 5183 2671 5245 rapuisset,
2710 5171 2896 5231 a'Jove
2921 5189 3173 5246 percussa
3202 5171 3459 5231 fulmine,
3499 5171 3550 5219 in
3584 5179 3742 5219 mon-

2149 5266 2319 5309 strum
2361 5265 2622 5305 conversa
2662 5258 2764 5304 est.

2226 5326 2246 5358 ⁸
2272 5305 2717 5377 VTauromiuitams
2750 5318 3022 5373 littoribus.
3062 5311 3466 5369 Tauromin’mm
3504 5305 3633 5360 urbs
3661 5311 3748 5359 est

2152 5395 2350 5453 Siciliae
2374 5434 2389 5458 ,
2438 5409 2559 5447 cum
2590 5401 2744 5460 portu
2773 5392 2829 5460 in
2858 5406 2950 5441 ora
2980 5385 3232 5442 orientali
3278 5384 3415 5437 inter
3442 5378 3747 5433 Messanam

2149 5476 2208 5522 et
2231 5468 2509 5526 Catanam,
2552 5459 2709 5514 hodie
2742 5459 3039 5513 Taormina.

2228 5517 2446 5592 iXVII.
2472 5517 2539 5574 -λ-
2574 5534 2588 5562 ¹
2624 5531 2906 5600 Iitponitur
2942 5530 3206 5583 senectuti.
3252 5525 3344 5579 Sic
3382 5518 3520 5600 apud
3562 5517 3748 5572 Horat.

2156 5625 2320 5665 serm.
2348 5609 2385 5661 Ι.
2412 5622 2447 5668 ι.
2479 5604 2591 5659 Sat.
2627 5603 2647 5655 l
2680 5594 2837 5653 illac
2857 5610 3023 5652 mente
3050 5600 3271 5650 laborem
3297 5610 3406 5668 sese
3432 5594 3563 5658 ferre
3586 5604 3750 5668 senes,

2154 5661 2303 5733 aiunt
2336 5718 2350 5738 .
2402 5661 2457 5729 u't
2495 5677 2548 5727 in
2593 5675 2694 5727 otia
2735 5682 2845 5723 tuta
2887 5670 3134 5738 recedunt
3261 5705 3283 5738 ._
3310 5701 3326 5715 .
3364 5665 3499 5719 sicut
3537 5661 3754 5732 parvula

2158 5766 2279 5809 nam
2307 5735 2540 5817 exempto
2568 5754 2640 5801 est
2670 5742 2843 5817 magni
2873 5740 3091 5813 formica
3120 5735 3330 5792 laboris.
