  <div class='ocr_page' id='page_1' title='image "/cluster/home/n/w/nwhite01/storage/ocr_20150623/13/hvd.32044096580428/257.png"; bbox 0 0 4200 6178; ppageno 0'>
   <div class='ocr_carea' id='block_1_1' title="bbox 460 280 568 338">
    <p class='ocr_par' dir='ltr' id='par_1_1' title="bbox 460 280 568 338">
     <span class='ocr_line' id='line_1_1' title="bbox 460 280 568 338; baseline 0.009 -1"><span class='ocrx_word' id='word_1_1' title='bbox 460 280 568 338; x_wconf 71' lang='lat'><strong>505</strong></span> 
     </span>
    </p>
   </div>
   <div class='ocr_carea' id='block_1_2' title="bbox 1623 269 2579 343">
    <p class='ocr_par' dir='ltr' id='par_1_2' title="bbox 1623 269 2579 343">
     <span class='ocr_line' id='line_1_2' title="bbox 1623 269 2579 343; baseline -0.001 -13"><span class='ocrx_word' id='word_1_2' title='bbox 1623 271 2074 343; x_wconf 69' lang='lat' dir='ltr'><strong>,THEODOSIUS</strong></span> <span class='ocrx_word' id='word_1_3' title='bbox 2112 272 2201 329; x_wconf 86' lang='lat' dir='ltr'><strong>ET</strong></span> <span class='ocrx_word' id='word_1_4' title='bbox 2241 269 2579 329; x_wconf 80' lang='lat' dir='ltr'><strong>PACATUS.</strong></span> 
     </span>
    </p>
   </div>
   <div class='ocr_carea' id='block_1_3' title="bbox 3651 266 3759 327">
    <p class='ocr_par' dir='ltr' id='par_1_3' title="bbox 3651 266 3759 327">
     <span class='ocr_line' id='line_1_3' title="bbox 3651 266 3759 327; baseline 0 0"><span class='ocrx_word' id='word_1_5' title='bbox 3651 266 3759 327; x_wconf 66' lang='lat'><strong>504</strong></span> 
     </span>
    </p>
   </div>
   <div class='ocr_carea' id='block_1_4' title="bbox 535 385 3753 465">
    <p class='ocr_par' dir='ltr' id='par_1_4' title="bbox 535 385 3753 465">
     <span class='ocr_line' id='line_1_4' title="bbox 535 385 3753 465; baseline -0.003 -11"><span class='ocrx_word' id='word_1_6' title='bbox 535 395 775 454; x_wconf 77' lang='lat' dir='ltr'><strong>XXVIII.</strong></span> <span class='ocrx_word' id='word_1_7' title='bbox 802 395 910 453; x_wconf 91' lang='lat' dir='ltr'><strong>Sed</strong></span> <span class='ocrx_word' id='word_1_8' title='bbox 943 394 1022 450; x_wconf 86' lang='lat' dir='ltr'><strong>illi</strong></span> <span class='ocrx_word' id='word_1_9' title='bbox 1050 391 1270 465; x_wconf 85' lang='lat' dir='ltr'><strong>quidem</strong></span> <span class='ocrx_word' id='word_1_10' title='bbox 1320 390 1486 448; x_wconf 88' lang='lat' dir='ltr'><strong>stulta</strong></span> <span class='ocrx_word' id='word_1_11' title='bbox 1522 388 1700 447; x_wconf 91' lang='lat' dir='ltr'><strong>omnis</strong></span> <span class='ocrx_word' id='word_1_12' title='bbox 1748 388 1888 445; x_wconf 92' lang='lat' dir='ltr'><strong>ratio</strong></span> <span class='ocrx_word' id='word_1_13' title='bbox 1927 402 2059 458; x_wconf 86' lang='lat' dir='ltr'><strong>cap-</strong></span> <span class='ocrx_word' id='word_1_14' title='bbox 2085 391 2135 450; x_wconf 83' lang='grc' dir='ltr'><strong>Α</strong></span> <span class='ocrx_word' id='word_1_15' title='bbox 2165 402 2281 442; x_wconf 92' lang='lat' dir='ltr'><strong>rum</strong></span> <span class='ocrx_word' id='word_1_16' title='bbox 2326 396 2597 454; x_wconf 88' lang='lat' dir='ltr'><strong>senatum,</strong></span> <span class='ocrx_word' id='word_1_17' title='bbox 2645 386 2751 443; x_wconf 80' lang='lat' dir='ltr'><strong>vita</strong></span> <span class='ocrx_word' id='word_1_18' title='bbox 2790 401 2915 443; x_wconf 89' lang='lat' dir='ltr'><strong>sese</strong></span> <span class='ocrx_word' id='word_1_19' title='bbox 2964 385 3221 444; x_wconf 82' lang='lat' dir='ltr'><strong>abdicare</strong></span> <span class='ocrx_word' id='word_1_20' title='bbox 3266 386 3579 458; x_wconf 86' lang='lat' dir='ltr'><strong>compulsus</strong></span> <span class='ocrx_word' id='word_1_21' title='bbox 3628 398 3753 453; x_wconf 88' lang='lat' dir='ltr'><strong>est;</strong></span> 
     </span>
    </p>
   </div>
   <div class='ocr_carea' id='block_1_5' title="bbox 461 482 2062 557">
    <p class='ocr_par' dir='ltr' id='par_1_5' title="bbox 461 482 2062 557">
     <span class='ocr_line' id='line_1_5' title="bbox 461 482 2062 557; baseline -0.007 -10"><span class='ocrx_word' id='word_1_22' title='bbox 461 492 641 547; x_wconf 70' lang='lat' dir='ltr'><strong>tundat</strong></span> <span class='ocrx_word' id='word_1_23' title='bbox 671 489 846 545; x_wconf 85' lang='lat' dir='ltr'><strong>laudis</strong></span> <span class='ocrx_word' id='word_1_24' title='bbox 874 487 1181 553; x_wconf 77' lang='lat' dir='ltr'><strong>videbatur,</strong></span> <span class='ocrx_word' id='word_1_25' title='bbox 1208 486 1325 557; x_wconf 93' lang='lat' dir='ltr'><strong>qui,</strong></span> <span class='ocrx_word' id='word_1_26' title='bbox 1358 484 1792 556; x_wconf 71' lang='lat' dir='ltr'><strong>prteterinsitum</strong></span> <span class='ocrx_word' id='word_1_27' title='bbox 1825 482 2062 552; x_wconf 91' lang='lat' dir='ltr'><strong>pessimo</strong></span> 
     </span>
    </p>
   </div>
   <div class='ocr_carea' id='block_1_6' title="bbox 462 574 2060 654">
    <p class='ocr_par' dir='ltr' id='par_1_6' title="bbox 462 574 2060 654">
     <span class='ocr_line' id='line_1_6' title="bbox 462 574 2060 654; baseline -0.006 -15"><span class='ocrx_word' id='word_1_28' title='bbox 462 582 660 654; x_wconf 87' lang='lat' dir='ltr'><strong>cuique</strong></span> <span class='ocrx_word' id='word_1_29' title='bbox 690 582 815 637; x_wconf 90' lang='lat' dir='ltr'><strong>boni</strong></span> <span class='ocrx_word' id='word_1_30' title='bbox 842 578 1075 651; x_wconf 79' lang='lat' dir='ltr'><strong>exempli</strong></span> <span class='ocrx_word' id='word_1_31' title='bbox 1126 578 1335 646; x_wconf 91' lang='lat' dir='ltr'><strong>odium,</strong></span> <span class='ocrx_word' id='word_1_32' title='bbox 1368 585 1394 614; x_wconf 69' lang='grc'>⁸</span> <span class='ocrx_word' id='word_1_33' title='bbox 1448 591 1712 633; x_wconf 84' lang='lat' dir='ltr'><strong>summam</strong></span> <span class='ocrx_word' id='word_1_34' title='bbox 1744 574 2060 631; x_wconf 76' lang='lat' dir='ltr'><strong>felicitatem</strong></span> 
     </span>
    </p>
   </div>
   <div class='ocr_carea' id='block_1_7' title="bbox 464 666 2063 735">
    <p class='ocr_par' dir='ltr' id='par_1_7' title="bbox 464 666 2063 735">
     <span class='ocr_line' id='line_1_7' title="bbox 464 666 2063 735; baseline -0.006 -6"><span class='ocrx_word' id='word_1_35' title='bbox 464 673 699 731; x_wconf 88' lang='lat' dir='ltr'><strong>habendi</strong></span> <span class='ocrx_word' id='word_1_36' title='bbox 728 688 792 729; x_wconf 90' lang='lat' dir='ltr'><strong>ac</strong></span> <span class='ocrx_word' id='word_1_37' title='bbox 820 670 1054 728; x_wconf 87' lang='lat' dir='ltr'><strong>nocendi</strong></span> <span class='ocrx_word' id='word_1_38' title='bbox 1078 670 1184 726; x_wconf 89' lang='lat' dir='ltr'><strong>fine</strong></span> <span class='ocrx_word' id='word_1_39' title='bbox 1212 670 1606 735; x_wconf 85' lang='lat' dir='ltr'><strong>determinans,</strong></span> <span class='ocrx_word' id='word_1_40' title='bbox 1649 682 1755 721; x_wconf 91' lang='lat' dir='ltr'><strong>non</strong></span> <span class='ocrx_word' id='word_1_41' title='bbox 1796 666 1971 722; x_wconf 91' lang='lat' dir='ltr'><strong>solum</strong></span> <span class='ocrx_word' id='word_1_42' title='bbox 2004 674 2063 720; x_wconf 91' lang='lat' dir='ltr'><strong>ut</strong></span> 
     </span>
    </p>
   </div>
   <div class='ocr_carea' id='block_1_8' title="bbox 459 760 2061 839">
    <p class='ocr_par' dir='ltr' id='par_1_8' title="bbox 459 760 2061 839">
     <span class='ocr_line' id='line_1_8' title="bbox 459 760 2061 839; baseline -0.006 -17"><span class='ocrx_word' id='word_1_43' title='bbox 459 783 622 839; x_wconf 86' lang='lat' dir='ltr'><strong>quam</strong></span> <span class='ocrx_word' id='word_1_44' title='bbox 651 767 943 838; x_wconf 89' lang='lat' dir='ltr'><strong>plurimum</strong></span> <span class='ocrx_word' id='word_1_45' title='bbox 970 764 998 802; x_wconf 71' lang='grc' dir='ltr'>ι’</span> <span class='ocrx_word' id='word_1_46' title='bbox 1049 773 1344 835; x_wconf 65' lang='lat' dir='ltr'><strong>quaereret,</strong></span> <span class='ocrx_word' id='word_1_47' title='bbox 1376 762 1470 817; x_wconf 90' lang='lat' dir='ltr'><strong>sed</strong></span> <span class='ocrx_word' id='word_1_48' title='bbox 1515 769 1573 816; x_wconf 92' lang='lat' dir='ltr'><strong>ut</strong></span> <span class='ocrx_word' id='word_1_49' title='bbox 1626 760 1762 815; x_wconf 87' lang='lat' dir='ltr'><strong>nihil</strong></span> <span class='ocrx_word' id='word_1_50' title='bbox 1809 760 2061 829; x_wconf 83' lang='lat' dir='ltr'><strong>cuiquam</strong></span> 
     </span>
    </p>
   </div>
   <div class='ocr_carea' id='block_1_9' title="bbox 461 854 2062 931">
    <p class='ocr_par' dir='ltr' id='par_1_9' title="bbox 461 854 2062 931">
     <span class='ocr_line' id='line_1_9' title="bbox 461 854 2062 931; baseline -0.006 -14"><span class='ocrx_word' id='word_1_51' title='bbox 461 860 661 931; x_wconf 88' lang='lat' dir='ltr'><strong>reliqui</strong></span> <span class='ocrx_word' id='word_1_52' title='bbox 692 860 925 925; x_wconf 89' lang='lat' dir='ltr'><strong>faceret,</strong></span> <span class='ocrx_word' id='word_1_53' title='bbox 978 857 1283 913; x_wconf 87' lang='lat' dir='ltr'><strong>laborabat.</strong></span> <span class='ocrx_word' id='word_1_54' title='bbox 1313 855 1424 911; x_wconf 82' lang='lat' dir='ltr'><strong>Nec</strong></span> <span class='ocrx_word' id='word_1_55' title='bbox 1478 856 1653 919; x_wconf 90' lang='lat' dir='ltr'><strong>enim,</strong></span> <span class='ocrx_word' id='word_1_56' title='bbox 1702 854 1793 923; x_wconf 89' lang='lat' dir='ltr'><strong>qui</strong></span> <span class='ocrx_word' id='word_1_57' title='bbox 1844 854 2062 923; x_wconf 76' lang='lat' dir='ltr'><strong>regibus</strong></span> 
     </span>
    </p>
   </div>
   <div class='ocr_carea' id='block_1_10' title="bbox 461 945 2062 1020">
    <p class='ocr_par' dir='ltr' id='par_1_10' title="bbox 461 945 2062 1020">
     <span class='ocr_line' id='line_1_10' title="bbox 461 945 2062 1020; baseline -0.006 -11"><span class='ocrx_word' id='word_1_58' title='bbox 461 968 583 1009; x_wconf 87' lang='lat' dir='ltr'><strong>mos</strong></span> <span class='ocrx_word' id='word_1_59' title='bbox 607 962 711 1019; x_wconf 91' lang='lat' dir='ltr'><strong>est,</strong></span> <span class='ocrx_word' id='word_1_60' title='bbox 744 953 760 983; x_wconf 76' lang='grc'>³</span> <span class='ocrx_word' id='word_1_61' title='bbox 788 949 1109 1006; x_wconf 90' lang='lat' dir='ltr'><strong>exercendis</strong></span> <span class='ocrx_word' id='word_1_62' title='bbox 1139 948 1454 1020; x_wconf 88' lang='lat' dir='ltr'><strong>invigilabat</strong></span> <span class='ocrx_word' id='word_1_63' title='bbox 1484 946 1737 1013; x_wconf 74' lang='lat' dir='ltr'><strong>metallis,</strong></span> <span class='ocrx_word' id='word_1_64' title='bbox 1782 954 1841 999; x_wconf 91' lang='lat' dir='ltr'><strong>ut</strong></span> <span class='ocrx_word' id='word_1_65' title='bbox 1885 945 2062 1000; x_wconf 90' lang='lat' dir='ltr'><strong>laten-</strong></span> 
     </span>
    </p>
   </div>
   <div class='ocr_carea' id='block_1_11' title="bbox 461 1039 2062 1109">
    <p class='ocr_par' dir='ltr' id='par_1_11' title="bbox 461 1039 2062 1109">
     <span class='ocr_line' id='line_1_11' title="bbox 461 1039 2062 1109; baseline -0.006 -9"><span class='ocrx_word' id='word_1_66' title='bbox 461 1046 535 1100; x_wconf 87' lang='lat' dir='ltr'><strong>tia</strong></span> <span class='ocrx_word' id='word_1_67' title='bbox 565 1052 771 1099; x_wconf 62' lang='lat' dir='ltr'><strong>natura:</strong></span> <span class='ocrx_word' id='word_1_68' title='bbox 792 1043 931 1098; x_wconf 90' lang='lat' dir='ltr'><strong>bona</strong></span> <span class='ocrx_word' id='word_1_69' title='bbox 960 1044 1015 1097; x_wconf 92' lang='lat' dir='ltr'><strong>in</strong></span> <span class='ocrx_word' id='word_1_70' title='bbox 1040 1057 1194 1096; x_wconf 90' lang='lat' dir='ltr'><strong>usum</strong></span> <span class='ocrx_word' id='word_1_71' title='bbox 1248 1047 1576 1106; x_wconf 86' lang='lat' dir='ltr'><strong>arcesseret,</strong></span> <span class='ocrx_word' id='word_1_72' title='bbox 1634 1047 1691 1093; x_wconf 93' lang='lat' dir='ltr'><strong>et</strong></span> <span class='ocrx_word' id='word_1_73' title='bbox 1731 1046 1944 1109; x_wconf 84' lang='lat' dir='ltr'><strong>pararet</strong></span> <span class='ocrx_word' id='word_1_74' title='bbox 1983 1039 2062 1091; x_wconf 88' lang='lat' dir='ltr'><strong>in-</strong></span> 
     </span>
    </p>
   </div>
   <div class='ocr_carea' id='block_1_12' title="bbox 466 1127 2065 1203">
    <p class='ocr_par' dir='ltr' id='par_1_12' title="bbox 466 1127 2065 1203">
     <span class='ocr_line' id='line_1_12' title="bbox 466 1127 2065 1203; baseline -0.004 -13"><span class='ocrx_word' id='word_1_75' title='bbox 466 1136 657 1191; x_wconf 80' lang='lat' dir='ltr'><strong>noxias</strong></span> <span class='ocrx_word' id='word_1_76' title='bbox 688 1135 839 1189; x_wconf 90' lang='lat' dir='ltr'><strong>nullo</strong></span> <span class='ocrx_word' id='word_1_77' title='bbox 871 1133 1199 1203; x_wconf 87' lang='lat' dir='ltr'><strong>pauperiore</strong></span> <span class='ocrx_word' id='word_1_78' title='bbox 1224 1131 1463 1186; x_wconf 86' lang='lat' dir='ltr'><strong>divitias.</strong></span> <span class='ocrx_word' id='word_1_79' title='bbox 1491 1129 1688 1185; x_wconf 87' lang='lat' dir='ltr'><strong>Parnm</strong></span> <span class='ocrx_word' id='word_1_80' title='bbox 1731 1128 1822 1183; x_wconf 93' lang='lat' dir='ltr'><strong>ille</strong></span> <span class='ocrx_word' id='word_1_81' title='bbox 1862 1127 2065 1200; x_wconf 88' lang='lat' dir='ltr'><strong>pretio-</strong></span> 
     </span>
    </p>
   </div>
   <div class='ocr_carea' id='block_1_13' title="bbox 464 1221 2066 1298">
    <p class='ocr_par' dir='ltr' id='par_1_13' title="bbox 464 1221 2066 1298">
     <span class='ocr_line' id='line_1_13' title="bbox 464 1221 2066 1298; baseline -0.006 -13"><span class='ocrx_word' id='word_1_82' title='bbox 464 1244 583 1285; x_wconf 92' lang='lat' dir='ltr'><strong>sum</strong></span> <span class='ocrx_word' id='word_1_83' title='bbox 618 1228 841 1298; x_wconf 88' lang='lat' dir='ltr'><strong>putabat</strong></span> <span class='ocrx_word' id='word_1_84' title='bbox 866 1240 1083 1290; x_wconf 88' lang='lat' dir='ltr'><strong>aurum,</strong></span> <span class='ocrx_word' id='word_1_85' title='bbox 1106 1223 1251 1296; x_wconf 89' lang='lat' dir='ltr'><strong>quod</strong></span> <span class='ocrx_word' id='word_1_86' title='bbox 1283 1225 1302 1254; x_wconf 85' lang='grc'>²</span> <span class='ocrx_word' id='word_1_87' title='bbox 1332 1222 1399 1278; x_wconf 92' lang='lat' dir='ltr'><strong>de</strong></span> <span class='ocrx_word' id='word_1_88' title='bbox 1427 1222 1693 1277; x_wconf 89' lang='lat' dir='ltr'><strong>montium</strong></span> <span class='ocrx_word' id='word_1_89' title='bbox 1752 1221 1925 1288; x_wconf 90' lang='lat' dir='ltr'><strong>venis,</strong></span> <span class='ocrx_word' id='word_1_90' title='bbox 1971 1228 2066 1275; x_wconf 90' lang='lat' dir='ltr'><strong>aut</strong></span> 
     </span>
    </p>
   </div>
   <div class='ocr_carea' id='block_1_14' title="bbox 466 1313 2065 1392">
    <p class='ocr_par' dir='ltr' id='par_1_14' title="bbox 466 1313 2065 1392">
     <span class='ocr_line' id='line_1_14' title="bbox 466 1313 2065 1392; baseline -0.008 -13"><span class='ocrx_word' id='word_1_91' title='bbox 466 1323 749 1379; x_wconf 87' lang='lat' dir='ltr'><strong>fluminum</strong></span> <span class='ocrx_word' id='word_1_92' title='bbox 775 1321 972 1392; x_wconf 79' lang='lat' dir='ltr'><strong>glareis</strong></span> <span class='ocrx_word' id='word_1_93' title='bbox 1003 1320 1023 1350; x_wconf 89' lang='grc'>³</span> <span class='ocrx_word' id='word_1_94' title='bbox 1048 1319 1310 1390; x_wconf 64' lang='lat' dir='ltr'><strong>quaesitor</strong></span> <span class='ocrx_word' id='word_1_95' title='bbox 1348 1316 1571 1381; x_wconf 89' lang='lat' dir='ltr'><strong>Bessus,</strong></span> <span class='ocrx_word' id='word_1_96' title='bbox 1623 1323 1714 1369; x_wconf 86' lang='lat' dir='ltr'><strong>aut</strong></span> <span class='ocrx_word' id='word_1_97' title='bbox 1744 1321 2014 1368; x_wconf 85' lang='lat' dir='ltr'><strong>scrutator</strong></span> <span class='ocrx_word' id='word_1_98' title='bbox 2044 1313 2065 1343; x_wconf 68' lang='grc'>⁵</span> 
     </span>
    </p>
   </div>
   <div class='ocr_carea' id='block_1_15' title="bbox 462 1405 2060 1480">
    <p class='ocr_par' dir='ltr' id='par_1_15' title="bbox 462 1405 2060 1480">
     <span class='ocr_line' id='line_1_15' title="bbox 462 1405 2060 1480; baseline -0.008 -9"><span class='ocrx_word' id='word_1_99' title='bbox 462 1416 732 1471; x_wconf 83' lang='lat' dir='ltr'><strong>Callaicus</strong></span> <span class='ocrx_word' id='word_1_100' title='bbox 760 1414 1014 1478; x_wconf 90' lang='lat' dir='ltr'><strong>eruisset,</strong></span> <span class='ocrx_word' id='word_1_101' title='bbox 1058 1409 1189 1465; x_wconf 91' lang='lat' dir='ltr'><strong>illud</strong></span> <span class='ocrx_word' id='word_1_102' title='bbox 1221 1408 1408 1480; x_wconf 89' lang='lat' dir='ltr'><strong>purius</strong></span> <span class='ocrx_word' id='word_1_103' title='bbox 1454 1405 1903 1477; x_wconf 88' lang='lat' dir='ltr'><strong>splendidiusque</strong></span> <span class='ocrx_word' id='word_1_104' title='bbox 1937 1420 2060 1460; x_wconf 91' lang='lat' dir='ltr'><strong>cre-</strong></span> 
     </span>
    </p>
   </div>
   <div class='ocr_carea' id='block_1_16' title="bbox 467 1497 2068 1577">
    <p class='ocr_par' dir='ltr' id='par_1_16' title="bbox 467 1497 2068 1577">
     <span class='ocr_line' id='line_1_16' title="bbox 467 1497 2068 1577; baseline -0.008 -14"><span class='ocrx_word' id='word_1_105' title='bbox 467 1508 649 1572; x_wconf 85' lang='lat' dir='ltr'><strong>debat,</strong></span> <span class='ocrx_word' id='word_1_106' title='bbox 674 1506 817 1577; x_wconf 92' lang='lat' dir='ltr'><strong>quod</strong></span> <span class='ocrx_word' id='word_1_107' title='bbox 848 1504 1127 1561; x_wconf 89' lang='lat' dir='ltr'><strong>dedissent</strong></span> <span class='ocrx_word' id='word_1_108' title='bbox 1151 1502 1421 1567; x_wconf 90' lang='lat' dir='ltr'><strong>dolentes,</strong></span> <span class='ocrx_word' id='word_1_109' title='bbox 1474 1498 1616 1569; x_wconf 90' lang='lat' dir='ltr'><strong>quod</strong></span> <span class='ocrx_word' id='word_1_110' title='bbox 1660 1498 1937 1553; x_wconf 87' lang='lat' dir='ltr'><strong>hominum</strong></span> <span class='ocrx_word' id='word_1_111' title='bbox 1992 1497 2068 1552; x_wconf 75' lang='lat' dir='ltr'><strong>|a~</strong></span> 
     </span>
    </p>
   </div>
   <div class='ocr_carea' id='block_1_17' title="bbox 466 1592 2066 1674">
    <p class='ocr_par' dir='ltr' id='par_1_17' title="bbox 466 1592 2066 1674">
     <span class='ocr_line' id='line_1_17' title="bbox 466 1592 2066 1674; baseline -0.007 -18"><span class='ocrx_word' id='word_1_112' title='bbox 466 1616 689 1674; x_wconf 68' lang='lat' dir='ltr'><strong>crymze,</strong></span> <span class='ocrx_word' id='word_1_113' title='bbox 721 1614 829 1655; x_wconf 89' lang='lat' dir='ltr'><strong>non</strong></span> <span class='ocrx_word' id='word_1_114' title='bbox 862 1596 1101 1652; x_wconf 89' lang='lat' dir='ltr'><strong>amnium</strong></span> <span class='ocrx_word' id='word_1_115' title='bbox 1132 1610 1285 1666; x_wconf 71' lang='lat' dir='ltr'><strong>aqua:</strong></span> <span class='ocrx_word' id='word_1_116' title='bbox 1310 1592 1636 1659; x_wconf 89' lang='lat' dir='ltr'><strong>abluissent,</strong></span> <span class='ocrx_word' id='word_1_117' title='bbox 1685 1605 1786 1647; x_wconf 88' lang='lat' dir='ltr'><strong>nec</strong></span> <span class='ocrx_word' id='word_1_118' title='bbox 1814 1606 1845 1646; x_wconf 93' lang='lat' dir='ltr'><strong>e</strong></span> <span class='ocrx_word' id='word_1_119' title='bbox 1890 1599 2066 1646; x_wconf 52' lang='lat' dir='ltr'><strong>terre.</strong></span> 
     </span>
    </p>
   </div>
   <div class='ocr_carea' id='block_1_18' title="bbox 468 1683 2068 1763">
    <p class='ocr_par' dir='ltr' id='par_1_18' title="bbox 468 1683 2068 1763">
     <span class='ocr_line' id='line_1_18' title="bbox 468 1683 2068 1763; baseline -0.006 -15"><span class='ocrx_word' id='word_1_120' title='bbox 468 1693 554 1748; x_wconf 87' lang='lat' dir='ltr'><strong>nis</strong></span> <span class='ocrx_word' id='word_1_121' title='bbox 585 1692 857 1763; x_wconf 90' lang='lat' dir='ltr'><strong>specubus</strong></span> <span class='ocrx_word' id='word_1_122' title='bbox 886 1700 1157 1760; x_wconf 90' lang='lat' dir='ltr'><strong>egestum,</strong></span> <span class='ocrx_word' id='word_1_123' title='bbox 1211 1687 1307 1743; x_wconf 90' lang='lat' dir='ltr'><strong>sed</strong></span> <span class='ocrx_word' id='word_1_124' title='bbox 1348 1702 1379 1742; x_wconf 94' lang='lat' dir='ltr'><strong>e</strong></span> <span class='ocrx_word' id='word_1_125' title='bbox 1420 1684 1727 1742; x_wconf 85' lang='lat' dir='ltr'><strong>cervicibus</strong></span> <span class='ocrx_word' id='word_1_126' title='bbox 1761 1683 2068 1755; x_wconf 87' lang='lat' dir='ltr'><strong>jngulisque</strong></span> 
     </span>
    </p>
   </div>
   <div class='ocr_carea' id='block_1_19' title="bbox 2164 471 3759 543">
    <p class='ocr_par' dir='ltr' id='par_1_19' title="bbox 2164 471 3759 543">
     <span class='ocr_line' id='line_1_19' title="bbox 2164 471 3759 543; baseline 0.003 -17"><span class='ocrx_word' id='word_1_127' title='bbox 2164 471 2320 526; x_wconf 89' lang='lat' dir='ltr'><strong>alteri</strong></span> <span class='ocrx_word' id='word_1_128' title='bbox 2347 472 2595 527; x_wconf 88' lang='lat' dir='ltr'><strong>manibus</strong></span> <span class='ocrx_word' id='word_1_129' title='bbox 2621 472 2665 503; x_wconf 80' lang='grc'>¹⁶</span> <span class='ocrx_word' id='word_1_130' title='bbox 2690 471 2984 527; x_wconf 90' lang='lat' dir='ltr'><strong>satellitum</strong></span> <span class='ocrx_word' id='word_1_131' title='bbox 3011 472 3395 528; x_wconf 88' lang='lat' dir='ltr'><strong>Britannorum</strong></span> <span class='ocrx_word' id='word_1_132' title='bbox 3438 472 3560 543; x_wconf 88' lang='lat' dir='ltr'><strong>gula</strong></span> <span class='ocrx_word' id='word_1_133' title='bbox 3613 474 3759 530; x_wconf 86' lang='lat' dir='ltr'><strong>domi</strong></span> 
     </span>
    </p>
   </div>
   <div class='ocr_carea' id='block_1_20' title="bbox 2164 564 3759 632">
    <p class='ocr_par' dir='ltr' id='par_1_20' title="bbox 2164 564 3759 632">
     <span class='ocr_line' id='line_1_20' title="bbox 2164 564 3759 632; baseline 0.001 -12"><span class='ocrx_word' id='word_1_134' title='bbox 2164 565 2334 621; x_wconf 89' lang='lat' dir='ltr'><strong>fracta</strong></span> <span class='ocrx_word' id='word_1_135' title='bbox 2364 574 2456 620; x_wconf 77' lang='lat' dir='ltr'><strong>etc</strong></span> <span class='ocrx_word' id='word_1_136' title='bbox 2490 566 2666 620; x_wconf 87' lang='lat' dir='ltr'><strong>inusta</strong></span> <span class='ocrx_word' id='word_1_137' title='bbox 2700 566 2741 596; x_wconf 81' lang='grc'>¹¹</span> <span class='ocrx_word' id='word_1_138' title='bbox 2773 564 3044 621; x_wconf 68' lang='lat' dir='ltr'><strong>fmmioeae</strong></span> <span class='ocrx_word' id='word_1_139' title='bbox 3058 566 3248 621; x_wconf 90' lang='lat' dir='ltr'><strong>mortis</strong></span> <span class='ocrx_word' id='word_1_140' title='bbox 3273 565 3759 632; x_wconf 87' lang='lat' dir='ltr'><strong>infamia,utscili-</strong></span> 
     </span>
    </p>
   </div>
   <div class='ocr_carea' id='block_1_21' title="bbox 2165 658 3761 733">
    <p class='ocr_par' dir='ltr' id='par_1_21' title="bbox 2165 658 3761 733">
     <span class='ocr_line' id='line_1_21' title="bbox 2165 658 3761 733; baseline 0 -19"><span class='ocrx_word' id='word_1_141' title='bbox 2165 669 2251 714; x_wconf 88' lang='lat' dir='ltr'><strong>cet</strong></span> <span class='ocrx_word' id='word_1_142' title='bbox 2279 658 2538 714; x_wconf 86' lang='lat' dir='ltr'><strong>maluisse</strong></span> <span class='ocrx_word' id='word_1_143' title='bbox 2564 660 2647 713; x_wconf 86' lang='lat' dir='ltr'><strong>vir</strong></span> <span class='ocrx_word' id='word_1_144' title='bbox 2677 658 2802 714; x_wconf 90' lang='lat' dir='ltr'><strong>ferri</strong></span> <span class='ocrx_word' id='word_1_145' title='bbox 2834 659 3238 733; x_wconf 75' lang='lat' dir='ltr'><strong>amantissimus</strong></span> <span class='ocrx_word' id='word_1_146' title='bbox 3260 659 3539 715; x_wconf 83' lang='lat' dir='ltr'><strong>videretur</strong></span> <span class='ocrx_word' id='word_1_147' title='bbox 3569 660 3761 728; x_wconf 87' lang='lat' dir='ltr'><strong>laqueo</strong></span> 
     </span>
    </p>
   </div>
   <div class='ocr_carea' id='block_1_22' title="bbox 2165 750 3760 822">
    <p class='ocr_par' dir='ltr' id='par_1_22' title="bbox 2165 750 3760 822">
     <span class='ocr_line' id='line_1_22' title="bbox 2165 750 3760 822; baseline 0.001 -17"><span class='ocrx_word' id='word_1_148' title='bbox 2165 751 2344 821; x_wconf 90' lang='lat' dir='ltr'><strong>perire</strong></span> <span class='ocrx_word' id='word_1_149' title='bbox 2365 765 2525 822; x_wconf 91' lang='lat' dir='ltr'><strong>quam</strong></span> <span class='ocrx_word' id='word_1_150' title='bbox 2552 751 2749 822; x_wconf 84' lang='lat' dir='ltr'><strong>gladio.</strong></span> <span class='ocrx_word' id='word_1_151' title='bbox 2794 750 2901 807; x_wconf 88' lang='lat' dir='ltr'><strong>Sed</strong></span> <span class='ocrx_word' id='word_1_152' title='bbox 2945 754 2999 806; x_wconf 93' lang='lat' dir='ltr'><strong>in</strong></span> <span class='ocrx_word' id='word_1_153' title='bbox 3041 752 3165 807; x_wconf 91' lang='lat' dir='ltr'><strong>illos</strong></span> <span class='ocrx_word' id='word_1_154' title='bbox 3217 752 3447 807; x_wconf 83' lang='lat' dir='ltr'><strong>fortasse</strong></span> <span class='ocrx_word' id='word_1_155' title='bbox 3494 751 3760 822; x_wconf 86' lang='lat' dir='ltr'><strong>speciales</strong></span> 
     </span>
    </p>
   </div>
   <div class='ocr_carea' id='block_1_23' title="bbox 2167 843 3761 917">
    <p class='ocr_par' dir='ltr' id='par_1_23' title="bbox 2167 843 3761 917">
     <span class='ocr_line' id='line_1_23' title="bbox 2167 843 3761 917; baseline 0.001 -19"><span class='ocrx_word' id='word_1_156' title='bbox 2167 852 2449 915; x_wconf 89' lang='lat' dir='ltr'><strong>putaretur</strong></span> <span class='ocrx_word' id='word_1_157' title='bbox 2477 843 2731 899; x_wconf 87' lang='lat' dir='ltr'><strong>habuisse</strong></span> <span class='ocrx_word' id='word_1_158' title='bbox 2757 844 3003 899; x_wconf 91' lang='lat' dir='ltr'><strong>odiorum</strong></span> <span class='ocrx_word' id='word_1_159' title='bbox 3035 859 3227 899; x_wconf 87' lang='lat' dir='ltr'><strong>causas</strong></span> <span class='ocrx_word' id='word_1_160' title='bbox 3256 854 3515 917; x_wconf 84' lang='lat' dir='ltr'><strong>tyrannus</strong></span> <span class='ocrx_word' id='word_1_161' title='bbox 3539 861 3554 909; x_wconf 91' lang='lat'><strong>;</strong></span> <span class='ocrx_word' id='word_1_162' title='bbox 3587 852 3761 899; x_wconf 87' lang='lat' dir='ltr'><strong>stete-</strong></span> 
     </span>
    </p>
   </div>
   <div class='ocr_carea' id='block_1_24' title="bbox 2167 936 3762 1007">
    <p class='ocr_par' dir='ltr' id='par_1_24' title="bbox 2167 936 3762 1007">
     <span class='ocr_line' id='line_1_24' title="bbox 2167 936 3762 1007; baseline 0.003 -16"><span class='ocrx_word' id='word_1_163' title='bbox 2167 945 2251 992; x_wconf 89' lang='lat' dir='ltr'><strong>rat</strong></span> <span class='ocrx_word' id='word_1_164' title='bbox 2293 936 2437 992; x_wconf 88' lang='lat' dir='ltr'><strong>enim</strong></span> <span class='ocrx_word' id='word_1_165' title='bbox 2505 946 2734 1007; x_wconf 91' lang='lat' dir='ltr'><strong>uterque</strong></span> <span class='ocrx_word' id='word_1_166' title='bbox 2789 940 2841 993; x_wconf 92' lang='lat' dir='ltr'><strong>in</strong></span> <span class='ocrx_word' id='word_1_167' title='bbox 2885 939 3003 994; x_wconf 89' lang='lat' dir='ltr'><strong>acie</strong></span> <span class='ocrx_word' id='word_1_168' title='bbox 3048 937 3313 1004; x_wconf 83' lang='lat' dir='ltr'><strong>Gratiani,</strong></span> <span class='ocrx_word' id='word_1_169' title='bbox 3369 950 3425 994; x_wconf 93' lang='lat' dir='ltr'><strong>et</strong></span> <span class='ocrx_word' id='word_1_170' title='bbox 3473 939 3762 995; x_wconf 87' lang='lat' dir='ltr'><strong>Gratianus</strong></span> 
     </span>
    </p>
   </div>
   <div class='ocr_carea' id='block_1_25' title="bbox 2168 1030 3760 1103">
    <p class='ocr_par' dir='ltr' id='par_1_25' title="bbox 2168 1030 3760 1103">
     <span class='ocr_line' id='line_1_25' title="bbox 2168 1030 3760 1103; baseline 0.001 -18"><span class='ocrx_word' id='word_1_171' title='bbox 2168 1038 2456 1101; x_wconf 92' lang='lat' dir='ltr'><strong>utrumque</strong></span> <span class='ocrx_word' id='word_1_172' title='bbox 2484 1030 2751 1086; x_wconf 85' lang='lat' dir='ltr'><strong>dilexerat</strong></span> <span class='ocrx_word' id='word_1_173' title='bbox 2781 1049 2797 1087; x_wconf 91' lang='lat'><strong>:</strong></span> <span class='ocrx_word' id='word_1_174' title='bbox 2827 1031 2957 1102; x_wconf 92' lang='lat' dir='ltr'><strong>quid</strong></span> <span class='ocrx_word' id='word_1_175' title='bbox 2982 1031 3050 1087; x_wconf 88' lang='lat' dir='ltr'><strong>de</strong></span> <span class='ocrx_word' id='word_1_176' title='bbox 3080 1031 3167 1087; x_wconf 90' lang='lat' dir='ltr'><strong>his</strong></span> <span class='ocrx_word' id='word_1_177' title='bbox 3194 1031 3444 1098; x_wconf 85' lang='lat' dir='ltr'><strong>dicimus,</strong></span> <span class='ocrx_word' id='word_1_178' title='bbox 3473 1030 3499 1068; x_wconf 73' lang='grc' dir='ltr'>ἀ</span> <span class='ocrx_word' id='word_1_179' title='bbox 3531 1033 3625 1103; x_wconf 86' lang='lat' dir='ltr'><strong>qui</strong></span> <span class='ocrx_word' id='word_1_180' title='bbox 3658 1032 3760 1086; x_wconf 90' lang='lat' dir='ltr'><strong>ho-</strong></span> 
     </span>
    </p>
   </div>
   <div class='ocr_carea' id='block_1_26' title="bbox 2167 1125 3763 1195">
    <p class='ocr_par' dir='ltr' id='par_1_26' title="bbox 2167 1125 3763 1195">
     <span class='ocr_line' id='line_1_26' title="bbox 2167 1125 3763 1195; baseline 0.001 -16"><span class='ocrx_word' id='word_1_181' title='bbox 2167 1138 2361 1179; x_wconf 91' lang='lat' dir='ltr'><strong>norum</strong></span> <span class='ocrx_word' id='word_1_182' title='bbox 2384 1138 2447 1179; x_wconf 89' lang='lat' dir='ltr'><strong>ac</strong></span> <span class='ocrx_word' id='word_1_183' title='bbox 2473 1125 2775 1195; x_wconf 92' lang='lat' dir='ltr'><strong>principum</strong></span> <span class='ocrx_word' id='word_1_184' title='bbox 2829 1125 3029 1192; x_wconf 88' lang='lat' dir='ltr'><strong>nescii,</strong></span> <span class='ocrx_word' id='word_1_185' title='bbox 3088 1132 3144 1180; x_wconf 91' lang='lat' dir='ltr'><strong>et</strong></span> <span class='ocrx_word' id='word_1_186' title='bbox 3188 1135 3395 1180; x_wconf 91' lang='lat' dir='ltr'><strong>tantum</strong></span> <span class='ocrx_word' id='word_1_187' title='bbox 3440 1125 3583 1181; x_wconf 88' lang='lat' dir='ltr'><strong>inter</strong></span> <span class='ocrx_word' id='word_1_188' title='bbox 3630 1141 3763 1181; x_wconf 89' lang='lat' dir='ltr'><strong>suos</strong></span> 
     </span>
    </p>
   </div>
   <div class='ocr_carea' id='block_1_27' title="bbox 2169 1214 3546 1284">
    <p class='ocr_par' dir='ltr' id='par_1_27' title="bbox 2169 1214 3546 1284">
     <span class='ocr_line' id='line_1_27' title="bbox 2169 1214 3546 1284; baseline 0.001 -11"><span class='ocrx_word' id='word_1_189' title='bbox 2169 1216 2323 1284; x_wconf 90' lang='lat' dir='ltr'><strong>clari,</strong></span> <span class='ocrx_word' id='word_1_190' title='bbox 2346 1214 2582 1274; x_wconf 79' lang='lat' dir='ltr'><strong>nobiles</strong></span> <span class='ocrx_word' id='word_1_191' title='bbox 2609 1219 2815 1275; x_wconf 86' lang='lat' dir='ltr'><strong>animas</strong></span> <span class='ocrx_word' id='word_1_192' title='bbox 2846 1218 2946 1274; x_wconf 89' lang='lat' dir='ltr'><strong>sub</strong></span> <span class='ocrx_word' id='word_1_193' title='bbox 2974 1220 3229 1275; x_wconf 86' lang='lat' dir='ltr'><strong>carnifice</strong></span> <span class='ocrx_word' id='word_1_194' title='bbox 3253 1220 3546 1275; x_wconf 83' lang='lat' dir='ltr'><strong>fuderunt?</strong></span> 
     </span>
    </p>
   </div>
   <div class='ocr_carea' id='block_1_28' title="bbox 2238 1307 3765 1382">
    <p class='ocr_par' dir='ltr' id='par_1_28' title="bbox 2238 1307 3765 1382">
     <span class='ocr_line' id='line_1_28' title="bbox 2238 1307 3765 1382; baseline 0.003 -19"><span class='ocrx_word' id='word_1_195' title='bbox 2238 1307 2432 1364; x_wconf 87' lang='lat' dir='ltr'><strong>XXIX.</strong></span> <span class='ocrx_word' id='word_1_196' title='bbox 2459 1310 2535 1367; x_wconf 87' lang='lat' dir='ltr'><strong>De</strong></span> <span class='ocrx_word' id='word_1_197' title='bbox 2560 1311 2802 1366; x_wconf 91' lang='lat' dir='ltr'><strong>virorum</strong></span> <span class='ocrx_word' id='word_1_198' title='bbox 2834 1312 3102 1366; x_wconf 91' lang='lat' dir='ltr'><strong>mortibus</strong></span> <span class='ocrx_word' id='word_1_199' title='bbox 3131 1312 3342 1382; x_wconf 91' lang='lat' dir='ltr'><strong>loquor,</strong></span> <span class='ocrx_word' id='word_1_200' title='bbox 3378 1327 3505 1367; x_wconf 92' lang='lat' dir='ltr'><strong>cum</strong></span> <span class='ocrx_word' id='word_1_201' title='bbox 3534 1312 3765 1368; x_wconf 77' lang='lat' dir='ltr'><strong>descen~</strong></span> 
     </span>
    </p>
   </div>
   <div class='ocr_carea' id='block_1_29' title="bbox 2167 1403 3763 1475">
    <p class='ocr_par' dir='ltr' id='par_1_29' title="bbox 2167 1403 3763 1475">
     <span class='ocr_line' id='line_1_29' title="bbox 2167 1403 3763 1475; baseline 0.005 -20"><span class='ocrx_word' id='word_1_202' title='bbox 2167 1416 2287 1456; x_wconf 91' lang='lat' dir='ltr'><strong>sum</strong></span> <span class='ocrx_word' id='word_1_203' title='bbox 2316 1403 2571 1459; x_wconf 90' lang='lat' dir='ltr'><strong>recorder</strong></span> <span class='ocrx_word' id='word_1_204' title='bbox 2595 1406 2661 1459; x_wconf 90' lang='lat' dir='ltr'><strong>ad</strong></span> <span class='ocrx_word' id='word_1_205' title='bbox 2688 1406 3008 1475; x_wconf 87' lang='lat' dir='ltr'><strong>sanguinem</strong></span> <span class='ocrx_word' id='word_1_206' title='bbox 3037 1404 3476 1471; x_wconf 72' lang='lat' dir='ltr'><strong>fmminarum,et</strong></span> <span class='ocrx_word' id='word_1_207' title='bbox 3501 1406 3555 1461; x_wconf 92' lang='lat' dir='ltr'><strong>in</strong></span> <span class='ocrx_word' id='word_1_208' title='bbox 3574 1421 3763 1463; x_wconf 81' lang='lat' dir='ltr'><strong>sexum</strong></span> 
     </span>
    </p>
   </div>
   <div class='ocr_carea' id='block_1_30' title="bbox 2168 1495 3762 1569">
    <p class='ocr_par' dir='ltr' id='par_1_30' title="bbox 2168 1495 3762 1569">
     <span class='ocr_line' id='line_1_30' title="bbox 2168 1495 3762 1569; baseline 0.004 -20"><span class='ocrx_word' id='word_1_209' title='bbox 2168 1496 2254 1550; x_wconf 91' lang='lat' dir='ltr'><strong>cui</strong></span> <span class='ocrx_word' id='word_1_210' title='bbox 2284 1495 2424 1550; x_wconf 89' lang='lat' dir='ltr'><strong>bella</strong></span> <span class='ocrx_word' id='word_1_211' title='bbox 2454 1505 2681 1565; x_wconf 89' lang='lat' dir='ltr'><strong>parcunt</strong></span> <span class='ocrx_word' id='word_1_212' title='bbox 2702 1511 2809 1552; x_wconf 92' lang='lat' dir='ltr'><strong>non</strong></span> <span class='ocrx_word' id='word_1_213' title='bbox 2838 1512 3000 1567; x_wconf 90' lang='lat' dir='ltr'><strong>parce</strong></span> <span class='ocrx_word' id='word_1_214' title='bbox 3038 1498 3327 1569; x_wconf 64' lang='lat' dir='ltr'><strong>saevitum?</strong></span> <span class='ocrx_word' id='word_1_215' title='bbox 3372 1498 3482 1555; x_wconf 92' lang='lat' dir='ltr'><strong>Sed</strong></span> <span class='ocrx_word' id='word_1_216' title='bbox 3506 1500 3762 1555; x_wconf 89' lang='lat' dir='ltr'><strong>nimirum</strong></span> 
     </span>
    </p>
   </div>
   <div class='ocr_carea' id='block_1_31' title="bbox 2168 1588 3763 1659">
    <p class='ocr_par' dir='ltr' id='par_1_31' title="bbox 2168 1588 3763 1659">
     <span class='ocr_line' id='line_1_31' title="bbox 2168 1588 3763 1659; baseline 0.003 -17"><span class='ocrx_word' id='word_1_217' title='bbox 2168 1601 2362 1658; x_wconf 86' lang='lat' dir='ltr'><strong>graves</strong></span> <span class='ocrx_word' id='word_1_218' title='bbox 2387 1588 2667 1655; x_wconf 90' lang='lat' dir='ltr'><strong>suberant,</strong></span> <span class='ocrx_word' id='word_1_219' title='bbox 2697 1589 3086 1659; x_wconf 71' lang='lat' dir='ltr'><strong>invidiosaaque</strong></span> <span class='ocrx_word' id='word_1_220' title='bbox 3113 1604 3292 1645; x_wconf 68' lang='lat' dir='ltr'><strong>eausrc</strong></span> <span class='ocrx_word' id='word_1_221' title='bbox 3342 1599 3401 1645; x_wconf 91' lang='lat' dir='ltr'><strong>ut</strong></span> <span class='ocrx_word' id='word_1_222' title='bbox 3446 1593 3462 1621; x_wconf 83' lang='grc'>¹</span> <span class='ocrx_word' id='word_1_223' title='bbox 3515 1606 3659 1647; x_wconf 91' lang='lat' dir='ltr'><strong>unco</strong></span> <span class='ocrx_word' id='word_1_224' title='bbox 3697 1592 3763 1647; x_wconf 85' lang='lat' dir='ltr'><strong>ad</strong></span> 
     </span>
    </p>
   </div>
   <div class='ocr_carea' id='block_1_32' title="bbox 2169 1680 3766 1753">
    <p class='ocr_par' dir='ltr' id='par_1_32' title="bbox 2169 1680 3766 1753">
     <span class='ocr_line' id='line_1_32' title="bbox 2169 1680 3766 1753; baseline 0.003 -18"><span class='ocrx_word' id='word_1_225' title='bbox 2169 1694 2386 1751; x_wconf 68' lang='lat' dir='ltr'><strong>poenam</strong></span> <span class='ocrx_word' id='word_1_226' title='bbox 2414 1681 2435 1712; x_wconf 81' lang='grc'>³</span> <span class='ocrx_word' id='word_1_227' title='bbox 2470 1680 2603 1736; x_wconf 89' lang='lat' dir='ltr'><strong>clari</strong></span> <span class='ocrx_word' id='word_1_228' title='bbox 2635 1682 2772 1735; x_wconf 86' lang='lat' dir='ltr'><strong>vatis</strong></span> <span class='ocrx_word' id='word_1_229' title='bbox 2795 1690 3039 1737; x_wconf 89' lang='lat' dir='ltr'><strong>matrona</strong></span> <span class='ocrx_word' id='word_1_230' title='bbox 3068 1690 3371 1752; x_wconf 89' lang='lat' dir='ltr'><strong>raperetur.</strong></span> <span class='ocrx_word' id='word_1_231' title='bbox 3397 1682 3766 1753; x_wconf 89' lang='lat' dir='ltr'><strong>Objiciebatur</strong></span> 
     </span>
    </p>
   </div>
   <div class='ocr_carea' id='block_1_33' title="bbox 468 1775 3755 1849">
    <p class='ocr_par' dir='ltr' id='par_1_33' title="bbox 468 1775 3755 1849">
     <span class='ocr_line' id='line_1_33' title="bbox 468 1775 3755 1849; baseline -0.003 -7"><span class='ocrx_word' id='word_1_232' title='bbox 468 1800 736 1842; x_wconf 63' lang='lat' dir='ltr'><strong>cursorum</strong></span> <span class='ocrx_word' id='word_1_233' title='bbox 762 1793 911 1840; x_wconf 91' lang='lat' dir='ltr'><strong>esset</strong></span> <span class='ocrx_word' id='word_1_234' title='bbox 930 1780 1210 1839; x_wconf 80' lang='lat' dir='ltr'><strong>effossum.</strong></span> <span class='ocrx_word' id='word_1_235' title='bbox 1241 1780 1333 1835; x_wconf 90' lang='lat' dir='ltr'><strong>Sic</strong></span> <span class='ocrx_word' id='word_1_236' title='bbox 1378 1793 1500 1835; x_wconf 91' lang='lat' dir='ltr'><strong>cum</strong></span> <span class='ocrx_word' id='word_1_237' title='bbox 1527 1777 1749 1833; x_wconf 91' lang='lat' dir='ltr'><strong>immitis</strong></span> <span class='ocrx_word' id='word_1_238' title='bbox 1796 1776 2009 1849; x_wconf 82' lang='lat' dir='ltr'><strong>tyranni</strong></span> <span class='ocrx_word' id='word_1_239' title='bbox 2040 1777 2061 1807; x_wconf 81' lang='grc'>⁸</span> <span class='ocrx_word' id='word_1_240' title='bbox 2091 1784 2140 1846; x_wconf 81' lang='grc' dir='ltr'><strong>Β</strong></span> <span class='ocrx_word' id='word_1_241' title='bbox 2166 1775 2334 1842; x_wconf 92' lang='lat' dir='ltr'><strong>enim,</strong></span> <span class='ocrx_word' id='word_1_242' title='bbox 2363 1784 2522 1845; x_wconf 92' lang='lat' dir='ltr'><strong>atque</strong></span> <span class='ocrx_word' id='word_1_243' title='bbox 2543 1775 2703 1830; x_wconf 90' lang='lat' dir='ltr'><strong>etiam</strong></span> <span class='ocrx_word' id='word_1_244' title='bbox 2733 1775 3159 1846; x_wconf 87' lang='lat' dir='ltr'><strong>exprobrabatur</strong></span> <span class='ocrx_word' id='word_1_245' title='bbox 3193 1777 3404 1833; x_wconf 91' lang='lat' dir='ltr'><strong>mulieri</strong></span> <span class='ocrx_word' id='word_1_246' title='bbox 3428 1778 3449 1808; x_wconf 82' lang='grc'>³</span> <span class='ocrx_word' id='word_1_247' title='bbox 3488 1778 3658 1832; x_wconf 70' lang='lat' dir='ltr'><strong>vidua:</strong></span> <span class='ocrx_word' id='word_1_248' title='bbox 3683 1779 3755 1834; x_wconf 88' lang='lat' dir='ltr'><strong>ni-</strong></span> 
     </span>
    </p>
   </div>
   <div class='ocr_carea' id='block_1_34' title="bbox 469 1869 2065 1950">
    <p class='ocr_par' dir='ltr' id='par_1_34' title="bbox 469 1869 2065 1950">
     <span class='ocr_line' id='line_1_34' title="bbox 469 1869 2065 1950; baseline -0.007 -16"><span class='ocrx_word' id='word_1_249' title='bbox 469 1886 525 1934; x_wconf 91' lang='lat' dir='ltr'><strong>et</strong></span> <span class='ocrx_word' id='word_1_250' title='bbox 554 1878 728 1950; x_wconf 86' lang='lat' dir='ltr'><strong>stylus</strong></span> <span class='ocrx_word' id='word_1_251' title='bbox 750 1878 1034 1933; x_wconf 89' lang='lat' dir='ltr'><strong>timeretur</strong></span> <span class='ocrx_word' id='word_1_252' title='bbox 1046 1883 1102 1930; x_wconf 91' lang='lat' dir='ltr'><strong>et</strong></span> <span class='ocrx_word' id='word_1_253' title='bbox 1123 1873 1361 1945; x_wconf 88' lang='lat' dir='ltr'><strong>gladius,</strong></span> <span class='ocrx_word' id='word_1_254' title='bbox 1393 1869 1686 1927; x_wconf 88' lang='lat' dir='ltr'><strong>transierat</strong></span> <span class='ocrx_word' id='word_1_255' title='bbox 1706 1870 1762 1924; x_wconf 91' lang='lat' dir='ltr'><strong>in</strong></span> <span class='ocrx_word' id='word_1_256' title='bbox 1785 1879 1909 1925; x_wconf 91' lang='lat' dir='ltr'><strong>vota</strong></span> <span class='ocrx_word' id='word_1_257' title='bbox 1933 1884 2065 1940; x_wconf 86' lang='lat' dir='ltr'><strong>pau-</strong></span> 
     </span>
    </p>
   </div>
   <div class='ocr_carea' id='block_1_35' title="bbox 2168 1867 3766 1939">
    <p class='ocr_par' dir='ltr' id='par_1_35' title="bbox 2168 1867 3766 1939">
     <span class='ocr_line' id='line_1_35' title="bbox 2168 1867 3766 1939; baseline 0.001 -15"><span class='ocrx_word' id='word_1_258' title='bbox 2168 1868 2274 1924; x_wconf 89' lang='lat' dir='ltr'><strong>mia</strong></span> <span class='ocrx_word' id='word_1_259' title='bbox 2286 1867 2492 1938; x_wconf 86' lang='lat' dir='ltr'><strong>religio,</strong></span> <span class='ocrx_word' id='word_1_260' title='bbox 2508 1867 2883 1939; x_wconf 87' lang='lat' dir='ltr'><strong>etdiligentius</strong></span> <span class='ocrx_word' id='word_1_261' title='bbox 2901 1870 3043 1924; x_wconf 90' lang='lat' dir='ltr'><strong>culta</strong></span> <span class='ocrx_word' id='word_1_262' title='bbox 3062 1868 3331 1924; x_wconf 88' lang='lat' dir='ltr'><strong>divinitas.</strong></span> <span class='ocrx_word' id='word_1_263' title='bbox 3351 1870 3488 1937; x_wconf 85' lang='lat' dir='ltr'><strong>Quid</strong></span> <span class='ocrx_word' id='word_1_264' title='bbox 3521 1869 3623 1925; x_wconf 91' lang='lat' dir='ltr'><strong>hoc</strong></span> <span class='ocrx_word' id='word_1_265' title='bbox 3650 1886 3766 1926; x_wconf 86' lang='lat' dir='ltr'><strong>ma-</strong></span> 
     </span>
    </p>
   </div>
   <div class='ocr_carea' id='block_1_36' title="bbox 471 1960 3767 2040">
    <p class='ocr_par' dir='ltr' id='par_1_36' title="bbox 471 1960 3767 2040">
     <span class='ocr_line' id='line_1_36' title="bbox 471 1960 3767 2040; baseline -0.002 -15"><span class='ocrx_word' id='word_1_266' title='bbox 471 1980 676 2040; x_wconf 88' lang='lat' dir='ltr'><strong>pertas,</strong></span> <span class='ocrx_word' id='word_1_267' title='bbox 709 1978 766 2025; x_wconf 87' lang='lat' dir='ltr'><strong>et</strong></span> <span class='ocrx_word' id='word_1_268' title='bbox 790 1978 851 2024; x_wconf 89' lang='lat' dir='ltr'><strong>ttt</strong></span> <span class='ocrx_word' id='word_1_269' title='bbox 879 1982 1163 2040; x_wconf 88' lang='lat' dir='ltr'><strong>possemus</strong></span> <span class='ocrx_word' id='word_1_270' title='bbox 1192 1965 1432 2036; x_wconf 75' lang='lat' dir='ltr'><strong>effugere</strong></span> <span class='ocrx_word' id='word_1_271' title='bbox 1452 1963 1791 2030; x_wconf 86' lang='lat' dir='ltr'><strong>carnificem,</strong></span> <span class='ocrx_word' id='word_1_272' title='bbox 1842 1964 2066 2033; x_wconf 90' lang='lat' dir='ltr'><strong>optaba-</strong></span> <span class='ocrx_word' id='word_1_273' title='bbox 2164 1960 2253 2030; x_wconf 89' lang='lat' dir='ltr'><strong>jus</strong></span> <span class='ocrx_word' id='word_1_274' title='bbox 2275 1967 2488 2030; x_wconf 85' lang='lat' dir='ltr'><strong>poterat</strong></span> <span class='ocrx_word' id='word_1_275' title='bbox 2508 1960 2785 2016; x_wconf 90' lang='lat' dir='ltr'><strong>intendere</strong></span> <span class='ocrx_word' id='word_1_276' title='bbox 2812 1960 2833 1991; x_wconf 68' lang='grc'>³</span> <span class='ocrx_word' id='word_1_277' title='bbox 2852 1972 3133 2016; x_wconf 88' lang='lat' dir='ltr'><strong>accusator</strong></span> <span class='ocrx_word' id='word_1_278' title='bbox 3150 1961 3441 2016; x_wconf 87' lang='lat' dir='ltr'><strong>sacerdos?</strong></span> <span class='ocrx_word' id='word_1_279' title='bbox 3472 1961 3573 2017; x_wconf 89' lang='lat' dir='ltr'><strong>fuit</strong></span> <span class='ocrx_word' id='word_1_280' title='bbox 3592 1963 3734 2017; x_wconf 89' lang='lat' dir='ltr'><strong>enim</strong></span> <span class='ocrx_word' id='word_1_281' title='bbox 3752 2006 3767 2029; x_wconf 91' lang='lat'><strong>,</strong></span> 
     </span>
    </p>
   </div>
   <div class='ocr_carea' id='block_1_37' title="bbox 468 2054 2066 2126">
    <p class='ocr_par' dir='ltr' id='par_1_37' title="bbox 468 2054 2066 2126">
     <span class='ocr_line' id='line_1_37' title="bbox 468 2054 2066 2126; baseline -0.004 -11"><span class='ocrx_word' id='word_1_282' title='bbox 468 2075 592 2116; x_wconf 89' lang='lat' dir='ltr'><strong>mus</strong></span> <span class='ocrx_word' id='word_1_283' title='bbox 621 2061 642 2091; x_wconf 81' lang='lat'><strong><em>°</em></strong></span> <span class='ocrx_word' id='word_1_284' title='bbox 668 2060 855 2117; x_wconf 90' lang='lat' dir='ltr'><strong>subire</strong></span> <span class='ocrx_word' id='word_1_285' title='bbox 883 2068 1171 2116; x_wconf 88' lang='lat' dir='ltr'><strong>sectorem.</strong></span> <span class='ocrx_word' id='word_1_286' title='bbox 1197 2058 1353 2125; x_wconf 82' lang='lat' dir='ltr'><strong>Quod</strong></span> <span class='ocrx_word' id='word_1_287' title='bbox 1381 2058 1427 2113; x_wconf 90' lang='lat' dir='ltr'><strong>si</strong></span> <span class='ocrx_word' id='word_1_288' title='bbox 1470 2057 1557 2112; x_wconf 92' lang='lat' dir='ltr'><strong>cui</strong></span> <span class='ocrx_word' id='word_1_289' title='bbox 1586 2056 1678 2112; x_wconf 89' lang='lat' dir='ltr'><strong>ille</strong></span> <span class='ocrx_word' id='word_1_290' title='bbox 1731 2071 1830 2126; x_wconf 90' lang='lat' dir='ltr'><strong>pro</strong></span> <span class='ocrx_word' id='word_1_291' title='bbox 1852 2054 2066 2111; x_wconf 62' lang='lat' dir='ltr'><strong>caeteris</strong></span> 
     </span>
    </p>
   </div>
   <div class='ocr_carea' id='block_1_38' title="bbox 469 2147 2070 2214">
    <p class='ocr_par' dir='ltr' id='par_1_38' title="bbox 469 2147 2070 2214">
     <span class='ocr_line' id='line_1_38' title="bbox 469 2147 2070 2214; baseline -0.004 -7"><span class='ocrx_word' id='word_1_292' title='bbox 469 2152 771 2208; x_wconf 88' lang='lat' dir='ltr'><strong>sceleribus</strong></span> <span class='ocrx_word' id='word_1_293' title='bbox 799 2152 913 2207; x_wconf 88' lang='lat' dir='ltr'><strong>suis</strong></span> <span class='ocrx_word' id='word_1_294' title='bbox 971 2152 1151 2207; x_wconf 91' lang='lat' dir='ltr'><strong>minus</strong></span> <span class='ocrx_word' id='word_1_295' title='bbox 1192 2149 1430 2206; x_wconf 89' lang='lat' dir='ltr'><strong>crudelis</strong></span> <span class='ocrx_word' id='word_1_296' title='bbox 1474 2147 1640 2205; x_wconf 89' lang='lat' dir='ltr'><strong>fuisse</strong></span> <span class='ocrx_word' id='word_1_297' title='bbox 1682 2148 1913 2214; x_wconf 87' lang='lat' dir='ltr'><strong>videtur,</strong></span> <span class='ocrx_word' id='word_1_298' title='bbox 1948 2161 2070 2203; x_wconf 84' lang='lat' dir='ltr'><strong>ves-</strong></span> 
     </span>
    </p>
   </div>
   <div class='ocr_carea' id='block_1_39' title="bbox 472 2239 2070 2310">
    <p class='ocr_par' dir='ltr' id='par_1_39' title="bbox 472 2239 2070 2310">
     <span class='ocr_line' id='line_1_39' title="bbox 472 2239 2070 2310; baseline -0.001 -13"><span class='ocrx_word' id='word_1_299' title='bbox 472 2252 615 2297; x_wconf 93' lang='lat' dir='ltr'><strong>trum</strong></span> <span class='ocrx_word' id='word_1_300' title='bbox 642 2244 687 2297; x_wconf 90' lang='lat' dir='ltr'><strong>is</strong></span> <span class='ocrx_word' id='word_1_301' title='bbox 714 2252 979 2309; x_wconf 82' lang='lat' dir='ltr'><strong>vestrum,</strong></span> <span class='ocrx_word' id='word_1_302' title='bbox 1002 2242 1021 2273; x_wconf 77' lang='grc' dir='ltr'><strong><em>τ</em></strong></span> <span class='ocrx_word' id='word_1_303' title='bbox 1065 2241 1242 2298; x_wconf 80' lang='lat' dir='ltr'><strong>Vallio</strong></span> <span class='ocrx_word' id='word_1_304' title='bbox 1270 2239 1628 2310; x_wconf 88' lang='lat' dir='ltr'><strong>triumphalis,</strong></span> <span class='ocrx_word' id='word_1_305' title='bbox 1674 2248 1731 2295; x_wconf 91' lang='lat' dir='ltr'><strong>et</strong></span> <span class='ocrx_word' id='word_1_306' title='bbox 1756 2242 1778 2272; x_wconf 80' lang='grc'>⁸</span> <span class='ocrx_word' id='word_1_307' title='bbox 1826 2239 2070 2296; x_wconf 87' lang='lat' dir='ltr'><strong>trabeate</strong></span> 
     </span>
    </p>
   </div>
   <div class='ocr_carea' id='block_1_40' title="bbox 474 2333 2073 2404">
    <p class='ocr_par' dir='ltr' id='par_1_40' title="bbox 474 2333 2073 2404">
     <span class='ocr_line' id='line_1_40' title="bbox 474 2333 2073 2404; baseline -0.002 -12"><span class='ocrx_word' id='word_1_308' title='bbox 474 2337 834 2393; x_wconf 76' lang='lat' dir='ltr'><strong>Merobaudes</strong></span> <span class='ocrx_word' id='word_1_309' title='bbox 857 2334 1176 2392; x_wconf 90' lang='lat' dir='ltr'><strong>recordetur</strong></span> <span class='ocrx_word' id='word_1_310' title='bbox 1202 2335 1505 2391; x_wconf 91' lang='lat' dir='ltr'><strong>interitum.</strong></span> <span class='ocrx_word' id='word_1_311' title='bbox 1524 2333 1767 2402; x_wconf 89' lang='lat' dir='ltr'><strong>Quorum</strong></span> <span class='ocrx_word' id='word_1_312' title='bbox 1790 2334 1926 2389; x_wconf 91' lang='lat' dir='ltr'><strong>alter</strong></span> <span class='ocrx_word' id='word_1_313' title='bbox 1951 2342 2073 2404; x_wconf 91' lang='lat' dir='ltr'><strong>post</strong></span> 
     </span>
    </p>
   </div>
   <div class='ocr_carea' id='block_1_41' title="bbox 473 2426 2073 2499">
    <p class='ocr_par' dir='ltr' id='par_1_41' title="bbox 473 2426 2073 2499">
     <span class='ocr_line' id='line_1_41' title="bbox 473 2426 2073 2499; baseline -0.001 -17"><span class='ocrx_word' id='word_1_314' title='bbox 473 2429 843 2499; x_wconf 88' lang='lat' dir='ltr'><strong>amplissimos</strong></span> <span class='ocrx_word' id='word_1_315' title='bbox 890 2429 1265 2497; x_wconf 78' lang='lat' dir='ltr'><strong>magistratus,</strong></span> <span class='ocrx_word' id='word_1_316' title='bbox 1309 2436 1365 2483; x_wconf 92' lang='lat' dir='ltr'><strong>et</strong></span> <span class='ocrx_word' id='word_1_317' title='bbox 1421 2442 1687 2498; x_wconf 88' lang='lat' dir='ltr'><strong>purpuras</strong></span> <span class='ocrx_word' id='word_1_318' title='bbox 1734 2426 2073 2493; x_wconf 86' lang='lat' dir='ltr'><strong>consulares,</strong></span> 
     </span>
    </p>
   </div>
   <div class='ocr_carea' id='block_1_42' title="bbox 485 2518 2075 2590">
    <p class='ocr_par' dir='ltr' id='par_1_42' title="bbox 485 2518 2075 2590">
     <span class='ocr_line' id='line_1_42' title="bbox 485 2518 2075 2590; baseline -0.002 -14"><span class='ocrx_word' id='word_1_319' title='bbox 485 2524 506 2554; x_wconf 82' lang='grc'><strong><em>⁹</em></strong></span> <span class='ocrx_word' id='word_1_320' title='bbox 534 2528 589 2576; x_wconf 92' lang='lat' dir='ltr'><strong>et</strong></span> <span class='ocrx_word' id='word_1_321' title='bbox 608 2528 946 2577; x_wconf 87' lang='lat' dir='ltr'><strong>contractum</strong></span> <span class='ocrx_word' id='word_1_322' title='bbox 974 2521 1114 2577; x_wconf 90' lang='lat' dir='ltr'><strong>intra</strong></span> <span class='ocrx_word' id='word_1_323' title='bbox 1146 2535 1308 2575; x_wconf 89' lang='lat' dir='ltr'><strong>unam</strong></span> <span class='ocrx_word' id='word_1_324' title='bbox 1340 2520 1563 2577; x_wconf 92' lang='lat' dir='ltr'><strong>domum</strong></span> <span class='ocrx_word' id='word_1_325' title='bbox 1590 2519 1880 2590; x_wconf 90' lang='lat' dir='ltr'><strong>quemdam</strong></span> <span class='ocrx_word' id='word_1_326' title='bbox 1903 2518 2075 2574; x_wconf 89' lang='lat' dir='ltr'><strong>hono-</strong></span> 
     </span>
    </p>
   </div>
   <div class='ocr_carea' id='block_1_43' title="bbox 2171 2050 3767 2123">
    <p class='ocr_par' dir='ltr' id='par_1_43' title="bbox 2171 2050 3767 2123">
     <span class='ocr_line' id='line_1_43' title="bbox 2171 2050 3767 2123; baseline 0.002 -17"><span class='ocrx_word' id='word_1_327' title='bbox 2171 2050 2272 2106; x_wconf 91' lang='lat' dir='ltr'><strong>fuit</strong></span> <span class='ocrx_word' id='word_1_328' title='bbox 2288 2051 2458 2107; x_wconf 83' lang='lat' dir='ltr'><strong>ethoc</strong></span> <span class='ocrx_word' id='word_1_329' title='bbox 2478 2051 2782 2107; x_wconf 91' lang='lat' dir='ltr'><strong>delatorum</strong></span> <span class='ocrx_word' id='word_1_330' title='bbox 2800 2068 2992 2123; x_wconf 89' lang='lat' dir='ltr'><strong>genus,</strong></span> <span class='ocrx_word' id='word_1_331' title='bbox 3016 2053 3109 2123; x_wconf 92' lang='lat' dir='ltr'><strong>qui</strong></span> <span class='ocrx_word' id='word_1_332' title='bbox 3134 2054 3443 2109; x_wconf 90' lang='lat' dir='ltr'><strong>nominibus</strong></span> <span class='ocrx_word' id='word_1_333' title='bbox 3473 2053 3767 2120; x_wconf 89' lang='lat' dir='ltr'><strong>antistites,</strong></span> 
     </span>
    </p>
   </div>
   <div class='ocr_carea' id='block_1_44' title="bbox 2172 2147 3771 2218">
    <p class='ocr_par' dir='ltr' id='par_1_44' title="bbox 2172 2147 3771 2218">
     <span class='ocr_line' id='line_1_44' title="bbox 2172 2147 3771 2218; baseline 0.001 -17"><span class='ocrx_word' id='word_1_334' title='bbox 2172 2159 2365 2201; x_wconf 87' lang='lat' dir='ltr'><strong>revera</strong></span> <span class='ocrx_word' id='word_1_335' title='bbox 2388 2155 2569 2201; x_wconf 91' lang='lat' dir='ltr'><strong>autem</strong></span> <span class='ocrx_word' id='word_1_336' title='bbox 2600 2147 2895 2212; x_wconf 87' lang='lat' dir='ltr'><strong>satellites,</strong></span> <span class='ocrx_word' id='word_1_337' title='bbox 2942 2156 3103 2218; x_wconf 90' lang='lat' dir='ltr'><strong>atque</strong></span> <span class='ocrx_word' id='word_1_338' title='bbox 3152 2147 3291 2203; x_wconf 88' lang='lat' dir='ltr'><strong>adeo</strong></span> <span class='ocrx_word' id='word_1_339' title='bbox 3334 2147 3616 2203; x_wconf 83' lang='lat' dir='ltr'><strong>carnifices</strong></span> <span class='ocrx_word' id='word_1_340' title='bbox 3666 2161 3771 2203; x_wconf 91' lang='lat' dir='ltr'><strong>non</strong></span> 
     </span>
    </p>
   </div>
   <div class='ocr_carea' id='block_1_45' title="bbox 2174 2239 3772 2311">
    <p class='ocr_par' dir='ltr' id='par_1_45' title="bbox 2174 2239 3772 2311">
     <span class='ocr_line' id='line_1_45' title="bbox 2174 2239 3772 2311; baseline 0.001 -18"><span class='ocrx_word' id='word_1_341' title='bbox 2174 2239 2419 2295; x_wconf 90' lang='lat' dir='ltr'><strong>contenti</strong></span> <span class='ocrx_word' id='word_1_342' title='bbox 2453 2239 2689 2295; x_wconf 88' lang='lat' dir='ltr'><strong>miseros</strong></span> <span class='ocrx_word' id='word_1_343' title='bbox 2708 2240 2867 2295; x_wconf 89' lang='lat' dir='ltr'><strong>avitis</strong></span> <span class='ocrx_word' id='word_1_344' title='bbox 2893 2249 2917 2277; x_wconf 80' lang='grc' dir='ltr'>θ</span> <span class='ocrx_word' id='word_1_345' title='bbox 2943 2240 3212 2296; x_wconf 84' lang='lat' dir='ltr'><strong>evolvisse</strong></span> <span class='ocrx_word' id='word_1_346' title='bbox 3268 2240 3633 2311; x_wconf 84' lang='lat' dir='ltr'><strong>patrimoniis,</strong></span> <span class='ocrx_word' id='word_1_347' title='bbox 3683 2255 3772 2295; x_wconf 87' lang='lat' dir='ltr'><strong>ca-</strong></span> 
     </span>
    </p>
   </div>
   <div class='ocr_carea' id='block_1_46' title="bbox 2177 2329 3772 2405">
    <p class='ocr_par' dir='ltr' id='par_1_46' title="bbox 2177 2329 3772 2405">
     <span class='ocr_line' id='line_1_46' title="bbox 2177 2329 3772 2405; baseline 0.004 -20"><span class='ocrx_word' id='word_1_348' title='bbox 2177 2329 2583 2387; x_wconf 86' lang='lat' dir='ltr'><strong>lumniabantur</strong></span> <span class='ocrx_word' id='word_1_349' title='bbox 2609 2333 2663 2387; x_wconf 91' lang='lat' dir='ltr'><strong>in</strong></span> <span class='ocrx_word' id='word_1_350' title='bbox 2686 2334 3028 2403; x_wconf 88' lang='lat' dir='ltr'><strong>sanguinem,</strong></span> <span class='ocrx_word' id='word_1_351' title='bbox 3061 2342 3117 2389; x_wconf 92' lang='lat' dir='ltr'><strong>ct</strong></span> <span class='ocrx_word' id='word_1_352' title='bbox 3143 2334 3280 2389; x_wconf 90' lang='lat' dir='ltr'><strong>vitas</strong></span> <span class='ocrx_word' id='word_1_353' title='bbox 3305 2334 3622 2405; x_wconf 86' lang='lat' dir='ltr'><strong>premebant</strong></span> <span class='ocrx_word' id='word_1_354' title='bbox 3651 2350 3772 2391; x_wconf 85' lang='lat' dir='ltr'><strong>reo-</strong></span> 
     </span>
    </p>
   </div>
   <div class='ocr_carea' id='block_1_47' title="bbox 2176 2426 3771 2499">
    <p class='ocr_par' dir='ltr' id='par_1_47' title="bbox 2176 2426 3771 2499">
     <span class='ocr_line' id='line_1_47' title="bbox 2176 2426 3771 2499; baseline 0.001 -19"><span class='ocrx_word' id='word_1_355' title='bbox 2176 2440 2297 2481; x_wconf 90' lang='lat' dir='ltr'><strong>rum</strong></span> <span class='ocrx_word' id='word_1_356' title='bbox 2340 2426 2451 2496; x_wconf 88' lang='lat' dir='ltr'><strong>jam</strong></span> <span class='ocrx_word' id='word_1_357' title='bbox 2498 2441 2815 2499; x_wconf 88' lang='lat' dir='ltr'><strong>pauperum.</strong></span> <span class='ocrx_word' id='word_1_358' title='bbox 2845 2426 2984 2496; x_wconf 90' lang='lat' dir='ltr'><strong>Quin</strong></span> <span class='ocrx_word' id='word_1_359' title='bbox 3016 2427 3177 2483; x_wconf 90' lang='lat' dir='ltr'><strong>etiam</strong></span> <span class='ocrx_word' id='word_1_360' title='bbox 3204 2444 3325 2483; x_wconf 90' lang='lat' dir='ltr'><strong>cum</strong></span> <span class='ocrx_word' id='word_1_361' title='bbox 3364 2427 3580 2498; x_wconf 91' lang='lat' dir='ltr'><strong>judiciis</strong></span> <span class='ocrx_word' id='word_1_362' title='bbox 3610 2429 3631 2458; x_wconf 79' lang='grc'><strong>⁵</strong></span> <span class='ocrx_word' id='word_1_363' title='bbox 3684 2442 3771 2482; x_wconf 69' lang='lat' dir='ltr'><strong>ea-</strong></span> 
     </span>
    </p>
   </div>
   <div class='ocr_carea' id='block_1_48' title="bbox 2178 2521 3772 2592">
    <p class='ocr_par' dir='ltr' id='par_1_48' title="bbox 2178 2521 3772 2592">
     <span class='ocr_line' id='line_1_48' title="bbox 2178 2521 3772 2592; baseline -0.001 -15"><span class='ocrx_word' id='word_1_364' title='bbox 2178 2521 2434 2591; x_wconf 90' lang='lat' dir='ltr'><strong>pitalibus</strong></span> <span class='ocrx_word' id='word_1_365' title='bbox 2459 2522 2785 2591; x_wconf 89' lang='lat' dir='ltr'><strong>astitissent,</strong></span> <span class='ocrx_word' id='word_1_366' title='bbox 2814 2536 2937 2577; x_wconf 91' lang='lat' dir='ltr'><strong>cum</strong></span> <span class='ocrx_word' id='word_1_367' title='bbox 2970 2523 3201 2592; x_wconf 89' lang='lat' dir='ltr'><strong>gemitus</strong></span> <span class='ocrx_word' id='word_1_368' title='bbox 3249 2530 3305 2577; x_wconf 91' lang='lat' dir='ltr'><strong>et</strong></span> <span class='ocrx_word' id='word_1_369' title='bbox 3352 2530 3621 2577; x_wconf 88' lang='lat' dir='ltr'><strong>tormenta</strong></span> <span class='ocrx_word' id='word_1_370' title='bbox 3673 2522 3772 2576; x_wconf 86' lang='lat' dir='ltr'><strong>mi-</strong></span> 
     </span>
    </p>
   </div>
   <div class='ocr_carea' id='block_1_49' title="bbox 1836 2631 2423 2693">
    <p class='ocr_par' dir='ltr' id='par_1_49' title="bbox 1836 2631 2423 2693">
     <span class='ocr_line' id='line_1_49' title="bbox 1836 2631 2423 2693; baseline 0.01 -6"><span class='ocrx_word' id='word_1_371' title='bbox 1836 2631 2000 2688; x_wconf 86' lang='lat' dir='ltr'><strong>INTE</strong></span> <span class='ocrx_word' id='word_1_372' title='bbox 2010 2632 2423 2693; x_wconf 83' lang='lat' dir='ltr'><strong>RPRETATIO.</strong></span> 
     </span>
    </p>
   </div>
   <div class='ocr_carea' id='block_1_50' title="bbox 550 2727 2073 2800">
    <p class='ocr_par' dir='ltr' id='par_1_50' title="bbox 550 2727 2073 2800">
     <span class='ocr_line' id='line_1_50' title="bbox 550 2727 2073 2800; baseline 0.003 -17"><span class='ocrx_word' id='word_1_373' title='bbox 550 2738 577 2766; x_wconf 75' lang='grc' dir='ltr'><strong>ιι</strong></span> <span class='ocrx_word' id='word_1_374' title='bbox 608 2729 779 2784; x_wconf 81' lang='lat' dir='ltr'><strong>Ratus</strong></span> <span class='ocrx_word' id='word_1_375' title='bbox 807 2743 875 2785; x_wconf 90' lang='lat' dir='ltr'><strong>eo</strong></span> <span class='ocrx_word' id='word_1_376' title='bbox 921 2742 981 2787; x_wconf 94' lang='lat' dir='ltr'><strong>se</strong></span> <span class='ocrx_word' id='word_1_377' title='bbox 1006 2727 1305 2787; x_wconf 78' lang='lat' dir='ltr'><strong>feliciorem</strong></span> <span class='ocrx_word' id='word_1_378' title='bbox 1336 2728 1474 2796; x_wconf 87' lang='lat' dir='ltr'><strong>fore,</strong></span> <span class='ocrx_word' id='word_1_379' title='bbox 1519 2743 1628 2800; x_wconf 89' lang='lat' dir='ltr'><strong>quo</strong></span> <span class='ocrx_word' id='word_1_380' title='bbox 1673 2728 1795 2800; x_wconf 91' lang='lat' dir='ltr'><strong>plus</strong></span> <span class='ocrx_word' id='word_1_381' title='bbox 1845 2728 2073 2787; x_wconf 85' lang='lat' dir='ltr'><strong>haberet</strong></span> 
     </span>
    </p>
   </div>
   <div class='ocr_carea' id='block_1_51' title="bbox 477 2809 811 2857">
    <p class='ocr_par' dir='ltr' id='par_1_51' title="bbox 477 2809 811 2857">
     <span class='ocr_line' id='line_1_51' title="bbox 477 2809 811 2857; baseline 0.009 -5"><span class='ocrx_word' id='word_1_382' title='bbox 477 2813 543 2856; x_wconf 86' lang='lat' dir='ltr'><strong>ac</strong></span> <span class='ocrx_word' id='word_1_383' title='bbox 570 2809 811 2857; x_wconf 80' lang='lat' dir='ltr'><strong>noceret.</strong></span> 
     </span>
    </p>
   </div>
   <div class='ocr_carea' id='block_1_52' title="bbox 548 2870 878 2943">
    <p class='ocr_par' dir='ltr' id='par_1_52' title="bbox 548 2870 878 2943">
     <span class='ocr_line' id='line_1_52' title="bbox 548 2870 878 2943; baseline 0.003 -16"><span class='ocrx_word' id='word_1_384' title='bbox 548 2870 575 2909; x_wconf 67' lang='grc' dir='ltr'>δ</span> <span class='ocrx_word' id='word_1_385' title='bbox 624 2871 878 2943; x_wconf 69' lang='lat' dir='ltr'><strong>Iiaperet.</strong></span> 
     </span>
    </p>
   </div>
   <div class='ocr_carea' id='block_1_53' title="bbox 2256 2731 3627 2808">
    <p class='ocr_par' dir='ltr' id='par_1_53' title="bbox 2256 2731 3627 2808">
     <span class='ocr_line' id='line_1_53' title="bbox 2256 2731 3627 2808; baseline 0.002 -21"><span class='ocrx_word' id='word_1_386' title='bbox 2256 2743 2278 2808; x_wconf 69' lang='grc' dir='ltr'><strong>(ξ</strong></span> <span class='ocrx_word' id='word_1_387' title='bbox 2310 2731 2568 2808; x_wconf 67' lang='lat' dir='ltr'><strong>Imposito</strong></span> <span class='ocrx_word' id='word_1_388' title='bbox 2599 2734 2788 2790; x_wconf 91' lang='lat' dir='ltr'><strong>mortis</strong></span> <span class='ocrx_word' id='word_1_389' title='bbox 2812 2735 3017 2808; x_wconf 50' lang='lat' dir='ltr'><strong>ignavae.</strong></span> <span class='ocrx_word' id='word_1_390' title='bbox 3060 2736 3277 2806; x_wconf 86' lang='lat' dir='ltr'><strong>probro,</strong></span> <span class='ocrx_word' id='word_1_391' title='bbox 3312 2737 3488 2808; x_wconf 88' lang='lat' dir='ltr'><strong>quasi,</strong></span> <span class='ocrx_word' id='word_1_392' title='bbox 3520 2746 3627 2793; x_wconf 92' lang='lat' dir='ltr'><strong>etc.</strong></span> 
     </span>
    </p>
   </div>
   <div class='ocr_carea' id='block_1_54' title="bbox 2251 2799 3730 2931">
    <p class='ocr_par' dir='ltr' id='par_1_54' title="bbox 2251 2799 3730 2931">
     <span class='ocr_line' id='line_1_54' title="bbox 2251 2799 3730 2931; baseline 0.004 -74"><span class='ocrx_word' id='word_1_393' title='bbox 2251 2799 2278 2910; x_wconf 59' lang='grc' dir='ltr'><strong>(ἐ</strong></span> <span class='ocrx_word' id='word_1_394' title='bbox 2311 2799 2411 2931; x_wconf 62' lang='lat' dir='ltr'><strong>gul</strong></span> <span class='ocrx_word' id='word_1_395' title='bbox 2442 2806 2707 2889; x_wconf 78' lang='lat' dir='ltr'><strong>bonorum</strong></span> <span class='ocrx_word' id='word_1_396' title='bbox 2733 2816 2788 2863; x_wconf 92' lang='lat' dir='ltr'><strong>et</strong></span> <span class='ocrx_word' id='word_1_397' title='bbox 2830 2799 3137 2878; x_wconf 74' lang='lat' dir='ltr'><strong>principum</strong></span> <span class='ocrx_word' id='word_1_398' title='bbox 3183 2799 3435 2864; x_wconf 67' lang='lat' dir='ltr'><strong>amicitiae</strong></span> <span class='ocrx_word' id='word_1_399' title='bbox 3458 2799 3730 2881; x_wconf 85' lang='lat' dir='ltr'><strong>expertes.</strong></span> 
     </span>
     <span class='ocr_line' id='line_1_55' title="bbox 2358 2888 2607 2931; baseline 0 0"><span class='ocrx_word' id='word_1_400' title='bbox 2358 2888 2607 2931; x_wconf 78' lang='lat' dir='ltr'><strong>vertisse.</strong></span> 
     </span>
    </p>
   </div>
   <div class='ocr_carea' id='block_1_55' title="bbox 2358 2888 2607 2933">
    <p class='ocr_par' dir='ltr' id='par_1_55' title="bbox 2358 2888 2607 2933">
     <span class='ocr_line' id='line_1_56' title="bbox 2358 2888 2607 2933; baseline 0 -2"><span class='ocrx_word' id='word_1_401' title='bbox 2358 2888 2607 2933; x_wconf 70' lang='grc' dir='ltr'><strong>νειιιεεε.</strong></span> 
     </span>
    </p>
   </div>
   <div class='ocr_carea' id='block_1_56' title="bbox 2010 2967 2245 3027">
    <p class='ocr_par' dir='ltr' id='par_1_56' title="bbox 2010 2967 2245 3027">
     <span class='ocr_line' id='line_1_57' title="bbox 2010 2967 2245 3027; baseline 0.004 -3"><span class='ocrx_word' id='word_1_402' title='bbox 2010 2967 2245 3027; x_wconf 60' lang='lat' dir='ltr'><strong>NOTAE.</strong></span> 
     </span>
    </p>
   </div>
   <div class='ocr_carea' id='block_1_57' title="bbox 552 3080 2152 3151">
    <p class='ocr_par' dir='ltr' id='par_1_57' title="bbox 552 3080 2152 3151">
     <span class='ocr_line' id='line_1_58' title="bbox 552 3080 2152 3151; baseline -0.001 -10"><span class='ocrx_word' id='word_1_403' title='bbox 552 3082 793 3141; x_wconf 85' lang='lat' dir='ltr'><strong>XXVIII.</strong></span> <span class='ocrx_word' id='word_1_404' title='bbox 830 3085 845 3115; x_wconf 88' lang='grc'>¹</span> <span class='ocrx_word' id='word_1_405' title='bbox 882 3082 1196 3139; x_wconf 74' lang='lat' dir='ltr'><strong>Exercendis</strong></span> <span class='ocrx_word' id='word_1_406' title='bbox 1220 3083 1465 3139; x_wconf 75' lang='lat' dir='ltr'><strong>metallis.</strong></span> <span class='ocrx_word' id='word_1_407' title='bbox 1519 3082 1628 3138; x_wconf 87' lang='lat' dir='ltr'><strong>Aut</strong></span> <span class='ocrx_word' id='word_1_408' title='bbox 1675 3080 1953 3151; x_wconf 85' lang='lat' dir='ltr'><strong>eruendis,</strong></span> <span class='ocrx_word' id='word_1_409' title='bbox 1985 3093 2077 3139; x_wconf 92' lang='lat' dir='ltr'><strong>aut</strong></span> <span class='ocrx_word' id='word_1_410' title='bbox 2105 3086 2152 3151; x_wconf 78' lang='grc' dir='ltr'>Ο</span> 
     </span>
    </p>
   </div>
   <div class='ocr_carea' id='block_1_58' title="bbox 478 3155 1248 3226">
    <p class='ocr_par' dir='ltr' id='par_1_58' title="bbox 478 3155 1248 3226">
     <span class='ocr_line' id='line_1_59' title="bbox 478 3155 1248 3226; baseline -0.006 -13"><span class='ocrx_word' id='word_1_411' title='bbox 478 3155 805 3222; x_wconf 84' lang='lat' dir='ltr'><strong>conflandis,</strong></span> <span class='ocrx_word' id='word_1_412' title='bbox 834 3165 927 3210; x_wconf 89' lang='lat' dir='ltr'><strong>aut</strong></span> <span class='ocrx_word' id='word_1_413' title='bbox 954 3155 1248 3226; x_wconf 88' lang='lat' dir='ltr'><strong>signandis.</strong></span> 
     </span>
    </p>
   </div>
   <div class='ocr_carea' id='block_1_59' title="bbox 552 3223 2080 3282">
    <p class='ocr_par' dir='ltr' id='par_1_59' title="bbox 552 3223 2080 3282">
     <span class='ocr_line' id='line_1_60' title="bbox 552 3223 2080 3282; baseline 0.001 -3"><span class='ocrx_word' id='word_1_414' title='bbox 552 3230 573 3259; x_wconf 77' lang='lat'><strong>’</strong></span> <span class='ocrx_word' id='word_1_415' title='bbox 618 3226 696 3282; x_wconf 90' lang='lat' dir='ltr'><strong>De</strong></span> <span class='ocrx_word' id='word_1_416' title='bbox 722 3228 971 3280; x_wconf 80' lang='lat' dir='ltr'><strong>montium</strong></span> <span class='ocrx_word' id='word_1_417' title='bbox 1006 3223 1166 3280; x_wconf 77' lang='lat' dir='ltr'><strong>venis.</strong></span> <span class='ocrx_word' id='word_1_418' title='bbox 1200 3227 1410 3280; x_wconf 85' lang='lat' dir='ltr'><strong>Aurum</strong></span> <span class='ocrx_word' id='word_1_419' title='bbox 1436 3224 1707 3279; x_wconf 80' lang='lat' dir='ltr'><strong>invenitur</strong></span> <span class='ocrx_word' id='word_1_420' title='bbox 1732 3224 1792 3277; x_wconf 73' lang='grc' dir='ltr'>ιο</span> <span class='ocrx_word' id='word_1_421' title='bbox 1826 3224 1879 3278; x_wconf 91' lang='lat' dir='ltr'><strong>in</strong></span> <span class='ocrx_word' id='word_1_422' title='bbox 1904 3223 2080 3280; x_wconf 81' lang='lat' dir='ltr'><strong>flumi-</strong></span> 
     </span>
    </p>
   </div>
   <div class='ocr_carea' id='block_1_60' title="bbox 481 3294 2078 3367">
    <p class='ocr_par' dir='ltr' id='par_1_60' title="bbox 481 3294 2078 3367">
     <span class='ocr_line' id='line_1_61' title="bbox 481 3294 2078 3367; baseline -0.002 -13"><span class='ocrx_word' id='word_1_423' title='bbox 481 3313 611 3354; x_wconf 89' lang='lat' dir='ltr'><strong>num</strong></span> <span class='ocrx_word' id='word_1_424' title='bbox 643 3300 866 3367; x_wconf 88' lang='lat' dir='ltr'><strong>glareis,</strong></span> <span class='ocrx_word' id='word_1_425' title='bbox 897 3304 957 3351; x_wconf 90' lang='lat' dir='ltr'><strong>ut</strong></span> <span class='ocrx_word' id='word_1_426' title='bbox 988 3298 1041 3351; x_wconf 92' lang='lat' dir='ltr'><strong>in</strong></span> <span class='ocrx_word' id='word_1_427' title='bbox 1071 3297 1217 3367; x_wconf 87' lang='lat' dir='ltr'><strong>Tago</strong></span> <span class='ocrx_word' id='word_1_428' title='bbox 1249 3298 1540 3367; x_wconf 72' lang='lat' dir='ltr'><strong>Hispaniae,</strong></span> <span class='ocrx_word' id='word_1_429' title='bbox 1573 3294 1944 3367; x_wconf 73' lang='lat' dir='ltr'><strong>Pado_ltalite,</strong></span> <span class='ocrx_word' id='word_1_430' title='bbox 1983 3296 2078 3351; x_wconf 84' lang='lat' dir='ltr'><strong>He-</strong></span> 
     </span>
    </p>
   </div>
   <div class='ocr_carea' id='block_1_61' title="bbox 482 3365 2074 3435">
    <p class='ocr_par' dir='ltr' id='par_1_61' title="bbox 482 3365 2074 3435">
     <span class='ocr_line' id='line_1_62' title="bbox 482 3365 2074 3435; baseline -0.002 -10"><span class='ocrx_word' id='word_1_431' title='bbox 482 3371 583 3425; x_wconf 91' lang='lat' dir='ltr'><strong>bro</strong></span> <span class='ocrx_word' id='word_1_432' title='bbox 601 3365 872 3433; x_wconf 78' lang='lat' dir='ltr'><strong>Thraciae,</strong></span> <span class='ocrx_word' id='word_1_433' title='bbox 896 3367 1118 3422; x_wconf 86' lang='lat' dir='ltr'><strong>Pactolo</strong></span> <span class='ocrx_word' id='word_1_434' title='bbox 1159 3365 1327 3430; x_wconf 65' lang='lat' dir='ltr'><strong>Asiae,</strong></span> <span class='ocrx_word' id='word_1_435' title='bbox 1351 3365 1412 3422; x_wconf 85' lang='lat' dir='ltr'><strong>et</strong></span> <span class='ocrx_word' id='word_1_436' title='bbox 1441 3365 1625 3435; x_wconf 83' lang='lat' dir='ltr'><strong>Gange</strong></span> <span class='ocrx_word' id='word_1_437' title='bbox 1656 3365 1821 3420; x_wconf 66' lang='lat' dir='ltr'><strong>India:</strong></span> <span class='ocrx_word' id='word_1_438' title='bbox 1862 3384 1877 3430; x_wconf 85' lang='lat'><strong>;</strong></span> <span class='ocrx_word' id='word_1_439' title='bbox 1920 3366 1985 3421; x_wconf 72' lang='lat'><strong>2°</strong></span> <span class='ocrx_word' id='word_1_440' title='bbox 2020 3368 2074 3422; x_wconf 91' lang='lat' dir='ltr'><strong>in</strong></span> 
     </span>
    </p>
   </div>
   <div class='ocr_carea' id='block_1_62' title="bbox 482 3436 2078 3511">
    <p class='ocr_par' dir='ltr' id='par_1_62' title="bbox 482 3436 2078 3511">
     <span class='ocr_line' id='line_1_63' title="bbox 482 3436 2078 3511; baseline -0.001 -17"><span class='ocrx_word' id='word_1_441' title='bbox 482 3450 771 3511; x_wconf 89' lang='lat' dir='ltr'><strong>puteorum</strong></span> <span class='ocrx_word' id='word_1_442' title='bbox 795 3440 1081 3511; x_wconf 70' lang='lat' dir='ltr'><strong>scrobibus</strong></span> <span class='ocrx_word' id='word_1_443' title='bbox 1105 3456 1120 3503; x_wconf 87' lang='lat'><strong>;</strong></span> <span class='ocrx_word' id='word_1_444' title='bbox 1149 3441 1211 3511; x_wconf 68' lang='grc'><strong>59</strong></span> <span class='ocrx_word' id='word_1_445' title='bbox 1258 3438 1311 3511; x_wconf 90' lang='lat' dir='ltr'><strong>in</strong></span> <span class='ocrx_word' id='word_1_446' title='bbox 1342 3436 1514 3493; x_wconf 89' lang='lat' dir='ltr'><strong>ruinis</strong></span> <span class='ocrx_word' id='word_1_447' title='bbox 1541 3438 1801 3511; x_wconf 77' lang='lat' dir='ltr'><strong>montium</strong></span> <span class='ocrx_word' id='word_1_448' title='bbox 1832 3451 1896 3493; x_wconf 89' lang='lat' dir='ltr'><strong>ac</strong></span> <span class='ocrx_word' id='word_1_449' title='bbox 1918 3449 2078 3511; x_wconf 69' lang='lat' dir='ltr'><strong>terra:</strong></span> 
     </span>
    </p>
   </div>
   <div class='ocr_carea' id='block_1_63' title="bbox 489 3508 2076 3575">
    <p class='ocr_par' dir='ltr' id='par_1_63' title="bbox 489 3508 2076 3575">
     <span class='ocr_line' id='line_1_64' title="bbox 489 3508 2076 3575; baseline 0 -11"><span class='ocrx_word' id='word_1_450' title='bbox 489 3508 811 3567; x_wconf 79' lang='lat' dir='ltr'><strong>visceribus.</strong></span> <span class='ocrx_word' id='word_1_451' title='bbox 844 3509 918 3564; x_wconf 90' lang='lat' dir='ltr'><strong>Ita</strong></span> <span class='ocrx_word' id='word_1_452' title='bbox 949 3524 1018 3565; x_wconf 92' lang='lat' dir='ltr'><strong>ex</strong></span> <span class='ocrx_word' id='word_1_453' title='bbox 1064 3510 1222 3566; x_wconf 89' lang='lat' dir='ltr'><strong>Plinii</strong></span> <span class='ocrx_word' id='word_1_454' title='bbox 1262 3510 1300 3564; x_wconf 94' lang='lat' dir='ltr'><strong>l.</strong></span> <span class='ocrx_word' id='word_1_455' title='bbox 1343 3524 1539 3575; x_wconf 83' lang='lat' dir='ltr'><strong>xxxtu,</strong></span> <span class='ocrx_word' id='word_1_456' title='bbox 1572 3523 1621 3563; x_wconf 92' lang='lat' dir='ltr'><strong>c.</strong></span> <span class='ocrx_word' id='word_1_457' title='bbox 1673 3508 1743 3574; x_wconf 72' lang='grc'><strong>4,</strong></span> <span class='ocrx_word' id='word_1_458' title='bbox 1772 3517 1923 3564; x_wconf 90' lang='lat' dir='ltr'><strong>notat</strong></span> <span class='ocrx_word' id='word_1_459' title='bbox 1966 3509 2076 3564; x_wconf 88' lang='lat' dir='ltr'><strong>Pu-</strong></span> 
     </span>
    </p>
   </div>
   <div class='ocr_carea' id='block_1_64' title="bbox 484 3590 698 3637">
    <p class='ocr_par' dir='ltr' id='par_1_64' title="bbox 484 3590 698 3637">
     <span class='ocr_line' id='line_1_65' title="bbox 484 3590 698 3637; baseline -0.014 0"><span class='ocrx_word' id='word_1_460' title='bbox 484 3590 698 3637; x_wconf 85' lang='lat' dir='ltr'><strong>teanus.</strong></span> 
     </span>
    </p>
   </div>
   <div class='ocr_carea' id='block_1_65' title="bbox 558 3649 2079 3723">
    <p class='ocr_par' dir='ltr' id='par_1_65' title="bbox 558 3649 2079 3723">
     <span class='ocr_line' id='line_1_66' title="bbox 558 3649 2079 3723; baseline 0.001 -18"><span class='ocrx_word' id='word_1_461' title='bbox 558 3652 579 3683; x_wconf 84' lang='grc'>³</span> <span class='ocrx_word' id='word_1_462' title='bbox 610 3653 867 3721; x_wconf 67' lang='lat' dir='ltr'><strong>Quaesitor</strong></span> <span class='ocrx_word' id='word_1_463' title='bbox 895 3651 1107 3708; x_wconf 88' lang='lat' dir='ltr'><strong>Bessus.</strong></span> <span class='ocrx_word' id='word_1_464' title='bbox 1142 3652 1293 3707; x_wconf 90' lang='lat' dir='ltr'><strong>Bessi</strong></span> <span class='ocrx_word' id='word_1_465' title='bbox 1336 3651 1518 3723; x_wconf 87' lang='lat' dir='ltr'><strong>populi</strong></span> <span class='ocrx_word' id='word_1_466' title='bbox 1547 3650 1795 3723; x_wconf 61' lang='lat' dir='ltr'><strong>Thraciae</strong></span> <span class='ocrx_word' id='word_1_467' title='bbox 1840 3649 1909 3704; x_wconf 91' lang='lat' dir='ltr'><strong>ad</strong></span> <span class='ocrx_word' id='word_1_468' title='bbox 1957 3650 2079 3723; x_wconf 71' lang='lat' dir='ltr'><strong>Ha:-</strong></span> 
     </span>
    </p>
   </div>
   <div class='ocr_carea' id='block_1_66' title="bbox 450 3721 2079 3793">
    <p class='ocr_par' dir='ltr' id='par_1_66' title="bbox 450 3721 2079 3793">
     <span class='ocr_line' id='line_1_67' title="bbox 450 3721 2079 3793; baseline -0.002 -15"><span class='ocrx_word' id='word_1_469' title='bbox 450 3777 457 3785; x_wconf 78' lang='grc'><em>,</em></span> <span class='ocrx_word' id='word_1_470' title='bbox 488 3739 634 3778; x_wconf 92' lang='lat' dir='ltr'><strong>mum</strong></span> <span class='ocrx_word' id='word_1_471' title='bbox 674 3735 914 3779; x_wconf 86' lang='lat' dir='ltr'><strong>montem</strong></span> <span class='ocrx_word' id='word_1_472' title='bbox 944 3723 1267 3788; x_wconf 89' lang='lat' dir='ltr'><strong>incolentes,</strong></span> <span class='ocrx_word' id='word_1_473' title='bbox 1313 3721 1450 3793; x_wconf 84' lang='lat' dir='ltr'><strong>quos</strong></span> <span class='ocrx_word' id='word_1_474' title='bbox 1501 3721 1773 3793; x_wconf 87' lang='lat' dir='ltr'><strong>scrutandi</strong></span> <span class='ocrx_word' id='word_1_475' title='bbox 1804 3737 1898 3791; x_wconf 90' lang='lat' dir='ltr'><strong>per</strong></span> <span class='ocrx_word' id='word_1_476' title='bbox 1926 3722 2079 3777; x_wconf 89' lang='lat' dir='ltr'><strong>cuni-</strong></span> 
     </span>
    </p>
   </div>
   <div class='ocr_carea' id='block_1_67' title="bbox 484 3792 2076 3865">
    <p class='ocr_par' dir='ltr' id='par_1_67' title="bbox 484 3792 2076 3865">
     <span class='ocr_line' id='line_1_68' title="bbox 484 3792 2076 3865; baseline 0 -18"><span class='ocrx_word' id='word_1_477' title='bbox 484 3795 637 3865; x_wconf 81' lang='lat' dir='ltr'><strong>culos</strong></span> <span class='ocrx_word' id='word_1_478' title='bbox 658 3795 771 3848; x_wconf 89' lang='lat' dir='ltr'><strong>auri</strong></span> <span class='ocrx_word' id='word_1_479' title='bbox 792 3795 1154 3865; x_wconf 88' lang='lat' dir='ltr'><strong>peritissimos</strong></span> <span class='ocrx_word' id='word_1_480' title='bbox 1184 3792 1421 3849; x_wconf 85' lang='lat' dir='ltr'><strong>referunt</strong></span> <span class='ocrx_word' id='word_1_481' title='bbox 1440 3793 1695 3865; x_wconf 83' lang='lat' dir='ltr'><strong>Vegetius</strong></span> <span class='ocrx_word' id='word_1_482' title='bbox 1726 3792 1763 3865; x_wconf 81' lang='lat' dir='ltr'><strong>l.</strong></span> <span class='ocrx_word' id='word_1_483' title='bbox 1799 3807 1879 3865; x_wconf 85' lang='lat' dir='ltr'><strong>tu,</strong></span> <span class='ocrx_word' id='word_1_484' title='bbox 1910 3808 1960 3847; x_wconf 93' lang='lat' dir='ltr'><strong>c.</strong></span> <span class='ocrx_word' id='word_1_485' title='bbox 1988 3795 2076 3854; x_wconf 83' lang='grc' dir='ltr'><strong>Η,</strong></span> 
     </span>
    </p>
   </div>
   <div class='ocr_carea' id='block_1_68' title="bbox 487 3863 2078 3933">
    <p class='ocr_par' dir='ltr' id='par_1_68' title="bbox 487 3863 2078 3933">
     <span class='ocr_line' id='line_1_69' title="bbox 487 3863 2078 3933; baseline -0.003 -12"><span class='ocrx_word' id='word_1_486' title='bbox 487 3877 542 3922; x_wconf 92' lang='lat' dir='ltr'><strong>et</strong></span> <span class='ocrx_word' id='word_1_487' title='bbox 569 3863 898 3921; x_wconf 80' lang='lat' dir='ltr'><strong>Claudianus</strong></span> <span class='ocrx_word' id='word_1_488' title='bbox 948 3868 1015 3919; x_wconf 93' lang='lat' dir='ltr'><strong>de</strong></span> <span class='ocrx_word' id='word_1_489' title='bbox 1041 3880 1191 3921; x_wconf 92' lang='lat' dir='ltr'><strong>cons.</strong></span> <span class='ocrx_word' id='word_1_490' title='bbox 1248 3865 1412 3921; x_wconf 87' lang='lat' dir='ltr'><strong>Mallii</strong></span> <span class='ocrx_word' id='word_1_491' title='bbox 1454 3863 1545 3920; x_wconf 77' lang='lat'><strong>39.</strong></span> <span class='ocrx_word' id='word_1_492' title='bbox 1597 3863 1861 3933; x_wconf 84' lang='lat' dir='ltr'><strong>Quidquid</strong></span> <span class='ocrx_word' id='word_1_493' title='bbox 1905 3865 2078 3931; x_wconf 82' lang='lat' dir='ltr'><strong>fluviis</strong></span> 
     </span>
    </p>
   </div>
   <div class='ocr_carea' id='block_1_69' title="bbox 489 3935 2077 4005">
    <p class='ocr_par' dir='ltr' id='par_1_69' title="bbox 489 3935 2077 4005">
     <span class='ocr_line' id='line_1_70' title="bbox 489 3935 2077 4005; baseline -0.003 -13"><span class='ocrx_word' id='word_1_494' title='bbox 489 3938 733 3992; x_wconf 83' lang='lat' dir='ltr'><strong>evolvitur</strong></span> <span class='ocrx_word' id='word_1_495' title='bbox 762 3941 915 3992; x_wconf 90' lang='lat' dir='ltr'><strong>auri:</strong></span> <span class='ocrx_word' id='word_1_496' title='bbox 948 3936 1213 4005; x_wconf 84' lang='lat' dir='ltr'><strong>Quidquid</strong></span> <span class='ocrx_word' id='word_1_497' title='bbox 1245 3937 1356 3989; x_wconf 88' lang='lat' dir='ltr'><strong>luce</strong></span> <span class='ocrx_word' id='word_1_498' title='bbox 1385 3935 1569 4005; x_wconf 78' lang='lat' dir='ltr'><strong>procul</strong></span> <span class='ocrx_word' id='word_1_499' title='bbox 1595 3950 1748 4005; x_wconf 67' lang='lat' dir='ltr'><strong>venas</strong></span> <span class='ocrx_word' id='word_1_500' title='bbox 1783 3936 1972 3986; x_wconf 86' lang='lat' dir='ltr'><strong>rimata</strong></span> <span class='ocrx_word' id='word_1_501' title='bbox 1999 3950 2077 3988; x_wconf 83' lang='lat' dir='ltr'><strong>se-</strong></span> 
     </span>
    </p>
   </div>
   <div class='ocr_carea' id='block_1_70' title="bbox 487 4003 1753 4078">
    <p class='ocr_par' dir='ltr' id='par_1_70' title="bbox 487 4003 1753 4078">
     <span class='ocr_line' id='line_1_71' title="bbox 487 4003 1753 4078; baseline -0.002 -16"><span class='ocrx_word' id='word_1_502' title='bbox 487 4024 673 4078; x_wconf 81' lang='lat' dir='ltr'><strong>quaces</strong></span> <span class='ocrx_word' id='word_1_503' title='bbox 711 4007 898 4061; x_wconf 84' lang='lat' dir='ltr'><strong>Abdita</strong></span> <span class='ocrx_word' id='word_1_504' title='bbox 928 4003 1168 4078; x_wconf 80' lang='lat' dir='ltr'><strong>pallentis</strong></span> <span class='ocrx_word' id='word_1_505' title='bbox 1196 4008 1338 4078; x_wconf 64' lang='lat' dir='ltr'><strong>fodit</strong></span> <span class='ocrx_word' id='word_1_506' title='bbox 1357 4003 1565 4078; x_wconf 79' lang='lat' dir='ltr'><strong>solertia</strong></span> <span class='ocrx_word' id='word_1_507' title='bbox 1586 4003 1753 4059; x_wconf 86' lang='lat' dir='ltr'><strong>Bessi.</strong></span> 
     </span>
    </p>
   </div>
   <div class='ocr_carea' id='block_1_71' title="bbox 562 4074 2076 4145">
    <p class='ocr_par' dir='ltr' id='par_1_71' title="bbox 562 4074 2076 4145">
     <span class='ocr_line' id='line_1_72' title="bbox 562 4074 2076 4145; baseline -0.001 -13"><span class='ocrx_word' id='word_1_508' title='bbox 562 4080 584 4110; x_wconf 67' lang='grc'><strong><em>³</em></strong></span> <span class='ocrx_word' id='word_1_509' title='bbox 631 4074 937 4132; x_wconf 55' lang='grc' dir='ltr'><strong>ϐαιιαὶσιηζ</strong></span> <span class='ocrx_word' id='word_1_510' title='bbox 997 4074 1232 4145; x_wconf 84' lang='lat' dir='ltr'><strong>Populus</strong></span> <span class='ocrx_word' id='word_1_511' title='bbox 1302 4075 1569 4145; x_wconf 68' lang='lat' dir='ltr'><strong>Hispaniae</strong></span> <span class='ocrx_word' id='word_1_512' title='bbox 1634 4089 1752 4145; x_wconf 85' lang='lat' dir='ltr'><strong>eam</strong></span> <span class='ocrx_word' id='word_1_513' title='bbox 1799 4074 2076 4145; x_wconf 85' lang='lat' dir='ltr'><strong>regionem</strong></span> 
     </span>
    </p>
   </div>
   <div class='ocr_carea' id='block_1_72' title="bbox 490 4143 2071 4217">
    <p class='ocr_par' dir='ltr' id='par_1_72' title="bbox 490 4143 2071 4217">
     <span class='ocr_line' id='line_1_73' title="bbox 490 4143 2071 4217; baseline -0.001 -14"><span class='ocrx_word' id='word_1_514' title='bbox 490 4148 756 4211; x_wconf 86' lang='lat' dir='ltr'><strong>incolens,</strong></span> <span class='ocrx_word' id='word_1_515' title='bbox 789 4164 908 4217; x_wconf 63' lang='lat' dir='ltr'><strong>quae</strong></span> <span class='ocrx_word' id='word_1_516' title='bbox 932 4143 1349 4217; x_wconf 16' lang='lat' dir='ltr'><strong>nunciGallmcia</strong></span> <span class='ocrx_word' id='word_1_517' title='bbox 1399 4143 1623 4200; x_wconf 82' lang='lat' dir='ltr'><strong>dicitur.</strong></span> <span class='ocrx_word' id='word_1_518' title='bbox 1675 4143 2071 4217; x_wconf 71' lang='lat' dir='ltr'><strong>Ubi_uiagnam</strong></span> 
     </span>
    </p>
   </div>
   <div class='ocr_carea' id='block_1_73' title="bbox 488 4215 1838 4287">
    <p class='ocr_par' dir='ltr' id='par_1_73' title="bbox 488 4215 1838 4287">
     <span class='ocr_line' id='line_1_74' title="bbox 488 4215 1838 4287; baseline -0.004 -14"><span class='ocrx_word' id='word_1_519' title='bbox 488 4222 602 4274; x_wconf 89' lang='lat' dir='ltr'><strong>auri</strong></span> <span class='ocrx_word' id='word_1_520' title='bbox 630 4215 838 4287; x_wconf 78' lang='lat' dir='ltr'><strong>coniam</strong></span> <span class='ocrx_word' id='word_1_521' title='bbox 872 4218 1037 4272; x_wconf 90' lang='lat' dir='ltr'><strong>fuisse</strong></span> <span class='ocrx_word' id='word_1_522' title='bbox 1065 4216 1227 4270; x_wconf 84' lang='lat' dir='ltr'><strong>tradit</strong></span> <span class='ocrx_word' id='word_1_523' title='bbox 1250 4216 1452 4271; x_wconf 90' lang='lat' dir='ltr'><strong>Plinius</strong></span> <span class='ocrx_word' id='word_1_524' title='bbox 1486 4217 1522 4271; x_wconf 94' lang='lat' dir='ltr'><strong>I.</strong></span> <span class='ocrx_word' id='word_1_525' title='bbox 1546 4231 1640 4271; x_wconf 89' lang='lat' dir='ltr'><strong>xm</strong></span> <span class='ocrx_word' id='word_1_526' title='bbox 1654 4215 1838 4287; x_wconf 26' lang='grc' dir='ltr'><strong>,ιαμ</strong></span> 
     </span>
    </p>
   </div>
   <div class='ocr_carea' id='block_1_74' title="bbox 563 4285 2076 4359">
    <p class='ocr_par' dir='ltr' id='par_1_74' title="bbox 563 4285 2076 4359">
     <span class='ocr_line' id='line_1_75' title="bbox 563 4285 2076 4359; baseline 0 -16"><span class='ocrx_word' id='word_1_527' title='bbox 563 4292 583 4321; x_wconf 82' lang='grc'><strong><em>⁵</em></strong></span> <span class='ocrx_word' id='word_1_528' title='bbox 610 4285 915 4359; x_wconf 51' lang='grc' dir='ltr'><strong>Είειῃιιη.</strong></span> <span class='ocrx_word' id='word_1_529' title='bbox 950 4288 1004 4341; x_wconf 92' lang='lat' dir='ltr'><strong>ld</strong></span> <span class='ocrx_word' id='word_1_530' title='bbox 1050 4296 1134 4342; x_wconf 88' lang='lat' dir='ltr'><strong>est</strong></span> <span class='ocrx_word' id='word_1_531' title='bbox 1181 4288 1625 4359; x_wconf 85' lang='lat' dir='ltr'><strong>proscriptiones.</strong></span> <span class='ocrx_word' id='word_1_532' title='bbox 1652 4285 1888 4359; x_wconf 62' lang='lat' dir='ltr'><strong>Ycrbum</strong></span> <span class='ocrx_word' id='word_1_533' title='bbox 1939 4286 2076 4357; x_wconf 87' lang='lat' dir='ltr'><strong>juris</strong></span> 
     </span>
    </p>
   </div>
   <div class='ocr_carea' id='block_1_75' title="bbox 488 4356 2077 4430">
    <p class='ocr_par' dir='ltr' id='par_1_75' title="bbox 488 4356 2077 4430">
     <span class='ocr_line' id='line_1_76' title="bbox 488 4356 2077 4430; baseline -0.001 -16"><span class='ocrx_word' id='word_1_534' title='bbox 488 4372 594 4428; x_wconf 90' lang='lat' dir='ltr'><strong>est,</strong></span> <span class='ocrx_word' id='word_1_535' title='bbox 621 4362 701 4415; x_wconf 91' lang='lat' dir='ltr'><strong>sic</strong></span> <span class='ocrx_word' id='word_1_536' title='bbox 725 4356 931 4430; x_wconf 76' lang='lat' dir='ltr'><strong>Tullius</strong></span> <span class='ocrx_word' id='word_1_537' title='bbox 958 4373 1055 4429; x_wconf 91' lang='lat' dir='ltr'><strong>pro</strong></span> <span class='ocrx_word' id='word_1_538' title='bbox 1082 4359 1352 4425; x_wconf 84' lang='lat' dir='ltr'><strong>Cluentio,</strong></span> <span class='ocrx_word' id='word_1_539' title='bbox 1411 4357 1601 4429; x_wconf 81' lang='lat' dir='ltr'><strong>stylum</strong></span> <span class='ocrx_word' id='word_1_540' title='bbox 1636 4356 2077 4430; x_wconf 87' lang='lat' dir='ltr'><strong>Censorittmgla-</strong></span> 
     </span>
    </p>
   </div>
   <div class='ocr_carea' id='block_1_76' title="bbox 495 4429 1386 4503">
    <p class='ocr_par' dir='ltr' id='par_1_76' title="bbox 495 4429 1386 4503">
     <span class='ocr_line' id='line_1_77' title="bbox 495 4429 1386 4503; baseline -0.004 -17"><span class='ocrx_word' id='word_1_541' title='bbox 495 4434 734 4503; x_wconf 84' lang='lat' dir='ltr'><strong>diumque</strong></span> <span class='ocrx_word' id='word_1_542' title='bbox 762 4429 1103 4485; x_wconf 86' lang='lat' dir='ltr'><strong>Dictatorium</strong></span> <span class='ocrx_word' id='word_1_543' title='bbox 1131 4430 1386 4500; x_wconf 78' lang='lat' dir='ltr'><strong>appellat.</strong></span> 
     </span>
    </p>
   </div>
   <div class='ocr_carea' id='block_1_77' title="bbox 565 4526 2083 4598">
    <p class='ocr_par' dir='ltr' id='par_1_77' title="bbox 565 4526 2083 4598">
     <span class='ocr_line' id='line_1_78' title="bbox 565 4526 2083 4598; baseline 0.001 -16"><span class='ocrx_word' id='word_1_544' title='bbox 565 4528 586 4558; x_wconf 83' lang='grc'><strong><em>⁸</em></strong></span> <span class='ocrx_word' id='word_1_545' title='bbox 618 4527 807 4583; x_wconf 84' lang='lat' dir='ltr'><strong>Subire</strong></span> <span class='ocrx_word' id='word_1_546' title='bbox 852 4538 1115 4582; x_wconf 77' lang='lat' dir='ltr'><strong>sectorem.</strong></span> <span class='ocrx_word' id='word_1_547' title='bbox 1157 4526 1387 4582; x_wconf 67' lang='lat' dir='ltr'><strong>Budaeus</strong></span> <span class='ocrx_word' id='word_1_548' title='bbox 1429 4543 1524 4583; x_wconf 87' lang='lat' dir='ltr'><strong>eos</strong></span> <span class='ocrx_word' id='word_1_549' title='bbox 1550 4527 1766 4598; x_wconf 87' lang='lat' dir='ltr'><strong>preprie</strong></span> <span class='ocrx_word' id='word_1_550' title='bbox 1795 4527 1927 4583; x_wconf 87' lang='lat' dir='ltr'><strong>dicit</strong></span> <span class='ocrx_word' id='word_1_551' title='bbox 1968 4545 2083 4584; x_wconf 86' lang='lat' dir='ltr'><strong>sec-</strong></span> 
     </span>
    </p>
   </div>
   <div class='ocr_carea' id='block_1_78' title="bbox 497 4598 2086 4668">
    <p class='ocr_par' dir='ltr' id='par_1_78' title="bbox 497 4598 2086 4668">
     <span class='ocr_line' id='line_1_79' title="bbox 497 4598 2086 4668; baseline 0.003 -17"><span class='ocrx_word' id='word_1_552' title='bbox 497 4609 629 4653; x_wconf 87' lang='lat' dir='ltr'><strong>tores</strong></span> <span class='ocrx_word' id='word_1_553' title='bbox 673 4599 991 4668; x_wconf 85' lang='lat' dir='ltr'><strong>appellatos.</strong></span> <span class='ocrx_word' id='word_1_554' title='bbox 1050 4599 1141 4667; x_wconf 92' lang='lat' dir='ltr'><strong>qui</strong></span> <span class='ocrx_word' id='word_1_555' title='bbox 1180 4599 1542 4653; x_wconf 91' lang='lat' dir='ltr'><strong>delationibus</strong></span> <span class='ocrx_word' id='word_1_556' title='bbox 1581 4598 1845 4653; x_wconf 65' lang='lat' dir='ltr'><strong>faciendis</strong></span> <span class='ocrx_word' id='word_1_557' title='bbox 1888 4600 2086 4655; x_wconf 89' lang='lat' dir='ltr'><strong>conlis-</strong></span> 
     </span>
    </p>
   </div>
   <div class='ocr_carea' id='block_1_79' title="bbox 494 4669 2084 4739">
    <p class='ocr_par' dir='ltr' id='par_1_79' title="bbox 494 4669 2084 4739">
     <span class='ocr_line' id='line_1_80' title="bbox 494 4669 2084 4739; baseline 0 -16"><span class='ocrx_word' id='word_1_558' title='bbox 494 4669 735 4723; x_wconf 82' lang='lat' dir='ltr'><strong>cationes</strong></span> <span class='ocrx_word' id='word_1_559' title='bbox 762 4685 791 4722; x_wconf 90' lang='lat' dir='ltr'><strong>a</strong></span> <span class='ocrx_word' id='word_1_560' title='bbox 823 4669 1155 4739; x_wconf 83' lang='lat' dir='ltr'><strong>principibus</strong></span> <span class='ocrx_word' id='word_1_561' title='bbox 1184 4670 1564 4734; x_wconf 86' lang='lat' dir='ltr'><strong>impetrabant,</strong></span> <span class='ocrx_word' id='word_1_562' title='bbox 1612 4679 1670 4723; x_wconf 91' lang='lat' dir='ltr'><strong>ttt</strong></span> <span class='ocrx_word' id='word_1_563' title='bbox 1715 4669 1963 4725; x_wconf 85' lang='lat' dir='ltr'><strong>homines</strong></span> <span class='ocrx_word' id='word_1_564' title='bbox 2002 4672 2084 4724; x_wconf 91' lang='lat' dir='ltr'><strong>in-</strong></span> 
     </span>
    </p>
   </div>
   <div class='ocr_carea' id='block_1_80' title="bbox 496 4739 2083 4797">
    <p class='ocr_par' dir='ltr' id='par_1_80' title="bbox 496 4739 2083 4797">
     <span class='ocr_line' id='line_1_81' title="bbox 496 4739 2083 4797; baseline 0.003 -6"><span class='ocrx_word' id='word_1_565' title='bbox 496 4739 710 4792; x_wconf 91' lang='lat' dir='ltr'><strong>terdum</strong></span> <span class='ocrx_word' id='word_1_566' title='bbox 758 4740 998 4793; x_wconf 83' lang='lat' dir='ltr'><strong>insontes</strong></span> <span class='ocrx_word' id='word_1_567' title='bbox 1058 4739 1290 4793; x_wconf 82' lang='lat' dir='ltr'><strong>fortunis</strong></span> <span class='ocrx_word' id='word_1_568' title='bbox 1337 4739 1588 4793; x_wconf 86' lang='lat' dir='ltr'><strong>omnibus</strong></span> <span class='ocrx_word' id='word_1_569' title='bbox 1631 4749 1958 4795; x_wconf 85' lang='lat' dir='ltr'><strong>everterent.</strong></span> <span class='ocrx_word' id='word_1_570' title='bbox 2007 4740 2083 4797; x_wconf 89' lang='lat' dir='ltr'><strong>Ita</strong></span> 
     </span>
    </p>
   </div>
   <div class='ocr_carea' id='block_1_81' title="bbox 495 4808 2081 4880">
    <p class='ocr_par' dir='ltr' id='par_1_81' title="bbox 495 4808 2081 4880">
     <span class='ocr_line' id='line_1_82' title="bbox 495 4808 2081 4880; baseline 0.002 -17"><span class='ocrx_word' id='word_1_571' title='bbox 495 4818 685 4880; x_wconf 72' lang='lat' dir='ltr'><strong>censet</strong></span> <span class='ocrx_word' id='word_1_572' title='bbox 709 4808 973 4863; x_wconf 86' lang='lat' dir='ltr'><strong>Asconius</strong></span> <span class='ocrx_word' id='word_1_573' title='bbox 1000 4817 1054 4863; x_wconf 92' lang='lat' dir='ltr'><strong>et</strong></span> <span class='ocrx_word' id='word_1_574' title='bbox 1084 4819 1204 4877; x_wconf 88' lang='lat' dir='ltr'><strong>post</strong></span> <span class='ocrx_word' id='word_1_575' title='bbox 1227 4825 1350 4865; x_wconf 90' lang='lat' dir='ltr'><strong>eum</strong></span> <span class='ocrx_word' id='word_1_576' title='bbox 1377 4808 1754 4865; x_wconf 72' lang='lat' dir='ltr'><strong>Iurisconsulti</strong></span> <span class='ocrx_word' id='word_1_577' title='bbox 1796 4827 1933 4880; x_wconf 92' lang='lat' dir='ltr'><strong>pene</strong></span> <span class='ocrx_word' id='word_1_578' title='bbox 1963 4828 2081 4866; x_wconf 90' lang='lat' dir='ltr'><strong>om-</strong></span> 
     </span>
    </p>
   </div>
   <div class='ocr_carea' id='block_1_82' title="bbox 494 4878 2084 5004">
    <p class='ocr_par' dir='ltr' id='par_1_82' title="bbox 494 4878 2084 5004">
     <span class='ocr_line' id='line_1_83' title="bbox 494 4878 2084 5004; baseline 0.001 -71"><span class='ocrx_word' id='word_1_579' title='bbox 494 4878 824 5004; x_wconf 42' lang='lat' dir='ltr'><strong>‘rites..Supra</strong></span> <span class='ocrx_word' id='word_1_580' title='bbox 850 4892 979 4934; x_wconf 92' lang='lat' dir='ltr'><strong>vero</strong></span> <span class='ocrx_word' id='word_1_581' title='bbox 1021 4881 1224 4934; x_wconf 90' lang='lat' dir='ltr'><strong>mentio</strong></span> <span class='ocrx_word' id='word_1_582' title='bbox 1251 4889 1335 4935; x_wconf 88' lang='lat' dir='ltr'><strong>est</strong></span> <span class='ocrx_word' id='word_1_583' title='bbox 1362 4895 1633 4950; x_wconf 84' lang='lat' dir='ltr'><strong>puerorum</strong></span> <span class='ocrx_word' id='word_1_584' title='bbox 1663 4882 1756 4936; x_wconf 87' lang='lat' dir='ltr'><strong>sub</strong></span> <span class='ocrx_word' id='word_1_585' title='bbox 1782 4878 1975 4938; x_wconf 79' lang='lat' dir='ltr'><strong>sectore</strong></span> <span class='ocrx_word' id='word_1_586' title='bbox 2005 4884 2084 4938; x_wconf 83' lang='lat' dir='ltr'><strong>lu-</strong></span> 
     </span>
     <span class='ocr_line' id='line_1_84' title="bbox 533 4960 746 5004; baseline 0 -1"><span class='ocrx_word' id='word_1_587' title='bbox 533 4960 746 5004; x_wconf 73' lang='lat' dir='ltr'><strong>entiam.</strong></span> 
     </span>
    </p>
   </div>
   <div class='ocr_carea' id='block_1_83' title="bbox 533 4960 746 5005">
    <p class='ocr_par' dir='ltr' id='par_1_83' title="bbox 533 4960 746 5005">
     <span class='ocr_line' id='line_1_85' title="bbox 533 4960 746 5005; baseline 0.005 -1"><span class='ocrx_word' id='word_1_588' title='bbox 533 4960 746 5005; x_wconf 78' lang='lat' dir='ltr'><strong>entiam.</strong></span> 
     </span>
    </p>
   </div>
   <div class='ocr_carea' id='block_1_84' title="bbox 2255 3085 3771 3159">
    <p class='ocr_par' dir='ltr' id='par_1_84' title="bbox 2255 3085 3771 3159">
     <span class='ocr_line' id='line_1_86' title="bbox 2255 3085 3771 3159; baseline 0.005 -19"><span class='ocrx_word' id='word_1_589' title='bbox 2255 3087 2277 3119; x_wconf 80' lang='grc'>⁸</span> <span class='ocrx_word' id='word_1_590' title='bbox 2305 3085 2551 3143; x_wconf 86' lang='lat' dir='ltr'><strong>Trabeale</strong></span> <span class='ocrx_word' id='word_1_591' title='bbox 2582 3086 2942 3145; x_wconf 77' lang='lat' dir='ltr'><strong>Merobaudes.</strong></span> <span class='ocrx_word' id='word_1_592' title='bbox 2998 3089 3052 3144; x_wconf 92' lang='lat' dir='ltr'><strong>ld</strong></span> <span class='ocrx_word' id='word_1_593' title='bbox 3101 3099 3186 3146; x_wconf 81' lang='lat' dir='ltr'><strong>est</strong></span> <span class='ocrx_word' id='word_1_594' title='bbox 3232 3093 3603 3159; x_wconf 83' lang='lat' dir='ltr'><strong>tum&#39;consul,</strong></span> <span class='ocrx_word' id='word_1_595' title='bbox 3648 3106 3771 3148; x_wconf 92' lang='lat' dir='ltr'><strong>cum</strong></span> 
     </span>
    </p>
   </div>
   <div class='ocr_carea' id='block_1_85' title="bbox 2181 3157 3770 3234">
    <p class='ocr_par' dir='ltr' id='par_1_85' title="bbox 2181 3157 3770 3234">
     <span class='ocr_line' id='line_1_87' title="bbox 2181 3157 3770 3234; baseline 0.005 -24"><span class='ocrx_word' id='word_1_596' title='bbox 2181 3157 2473 3234; x_wconf 63' lang='lat' dir='ltr'><strong>Gratianus</strong></span> <span class='ocrx_word' id='word_1_597' title='bbox 2522 3174 2696 3234; x_wconf 61' lang='lat' dir='ltr'><strong>cgesus</strong></span> <span class='ocrx_word' id='word_1_598' title='bbox 2747 3170 2850 3234; x_wconf 85' lang='lat' dir='ltr'><strong>est.</strong></span> <span class='ocrx_word' id='word_1_599' title='bbox 2898 3161 3275 3234; x_wconf 84' lang='lat' dir='ltr'><strong>Merobaudem</strong></span> <span class='ocrx_word' id='word_1_600' title='bbox 3307 3172 3430 3218; x_wconf 91' lang='lat' dir='ltr'><strong>ortu</strong></span> <span class='ocrx_word' id='word_1_601' title='bbox 3475 3157 3770 3234; x_wconf 84' lang='lat' dir='ltr'><strong>Hispanum</strong></span> 
     </span>
    </p>
   </div>
   <div class='ocr_carea' id='block_1_86' title="bbox 2181 3228 3773 3304">
    <p class='ocr_par' dir='ltr' id='par_1_86' title="bbox 2181 3228 3773 3304">
     <span class='ocr_line' id='line_1_88' title="bbox 2181 3228 3773 3304; baseline 0.006 -22"><span class='ocrx_word' id='word_1_602' title='bbox 2181 3228 2369 3304; x_wconf 74' lang='lat' dir='ltr'><strong>fuisse,</strong></span> <span class='ocrx_word' id='word_1_603' title='bbox 2402 3232 2762 3300; x_wconf 87' lang='lat' dir='ltr'><strong>eumdemque</strong></span> <span class='ocrx_word' id='word_1_604' title='bbox 2782 3232 3107 3304; x_wconf 77' lang='lat' dir='ltr'><strong>eloquentia:</strong></span> <span class='ocrx_word' id='word_1_605' title='bbox 3134 3234 3205 3288; x_wconf 92' lang='lat' dir='ltr'><strong>im</strong></span> <span class='ocrx_word' id='word_1_606' title='bbox 3230 3236 3525 3304; x_wconf 87' lang='lat' dir='ltr'><strong>primisque</strong></span> <span class='ocrx_word' id='word_1_607' title='bbox 3549 3228 3773 3303; x_wconf 69' lang='lat' dir='ltr'><strong>poetica:</strong></span> 
     </span>
    </p>
   </div>
   <div class='ocr_carea' id='block_1_87' title="bbox 2180 3300 3771 3371">
    <p class='ocr_par' dir='ltr' id='par_1_87' title="bbox 2180 3300 3771 3371">
     <span class='ocr_line' id='line_1_89' title="bbox 2180 3300 3771 3371; baseline 0.005 -18"><span class='ocrx_word' id='word_1_608' title='bbox 2180 3300 2361 3371; x_wconf 84' lang='lat' dir='ltr'><strong>studio</strong></span> <span class='ocrx_word' id='word_1_609' title='bbox 2383 3313 2729 3371; x_wconf 71' lang='lat' dir='ltr'><strong>prtestanlem</strong></span> <span class='ocrx_word' id='word_1_610' title='bbox 2761 3300 2928 3359; x_wconf 81' lang='lat' dir='ltr'><strong>refert</strong></span> <span class='ocrx_word' id='word_1_611' title='bbox 2953 3304 3154 3359; x_wconf 87' lang='lat' dir='ltr'><strong>Idatius</strong></span> <span class='ocrx_word' id='word_1_612' title='bbox 3182 3300 3622 3361; x_wconf 51' lang='lat' dir='ltr'><strong>in&#39;clironico.&#39;ls</strong></span> <span class='ocrx_word' id='word_1_613' title='bbox 3646 3320 3771 3361; x_wconf 92' lang='lat' dir='ltr'><strong>cum</strong></span> 
     </span>
    </p>
   </div>
   <div class='ocr_carea' id='block_1_88' title="bbox 2182 3369 3770 3446">
    <p class='ocr_par' dir='ltr' id='par_1_88' title="bbox 2182 3369 3770 3446">
     <span class='ocr_line' id='line_1_90' title="bbox 2182 3369 3770 3446; baseline 0.005 -21"><span class='ocrx_word' id='word_1_614' title='bbox 2182 3369 2404 3446; x_wconf 75' lang='lat' dir='ltr'><strong>fugienti</strong></span> <span class='ocrx_word' id='word_1_615' title='bbox 2430 3372 2688 3446; x_wconf 86' lang='lat' dir='ltr'><strong>Gratiano</strong></span> <span class='ocrx_word' id='word_1_616' title='bbox 2709 3375 2915 3446; x_wconf 77' lang='lat' dir='ltr'><strong>socium</strong></span> <span class='ocrx_word' id='word_1_617' title='bbox 2933 3389 3053 3430; x_wconf 92' lang='lat' dir='ltr'><strong>sese</strong></span> <span class='ocrx_word' id='word_1_618' title='bbox 3081 3375 3434 3445; x_wconf 76' lang='lat' dir='ltr'><strong>adjunxisset,</strong></span> <span class='ocrx_word' id='word_1_619' title='bbox 3469 3393 3573 3446; x_wconf 90' lang='lat' dir='ltr'><strong>quo</strong></span> <span class='ocrx_word' id='word_1_620' title='bbox 3596 3378 3770 3446; x_wconf 92' lang='lat' dir='ltr'><strong>ipsum</strong></span> 
     </span>
    </p>
   </div>
   <div class='ocr_carea' id='block_1_89' title="bbox 2182 3443 3769 3516">
    <p class='ocr_par' dir='ltr' id='par_1_89' title="bbox 2182 3443 3769 3516">
     <span class='ocr_line' id='line_1_91' title="bbox 2182 3443 3769 3516; baseline 0.004 -19"><span class='ocrx_word' id='word_1_621' title='bbox 2182 3443 2234 3497; x_wconf 92' lang='lat' dir='ltr'><strong>in</strong></span> <span class='ocrx_word' id='word_1_622' title='bbox 2291 3443 2498 3516; x_wconf 74' lang='lat' dir='ltr'><strong>Italiam</strong></span> <span class='ocrx_word' id='word_1_623' title='bbox 2556 3444 2623 3500; x_wconf 92' lang='lat' dir='ltr'><strong>ad</strong></span> <span class='ocrx_word' id='word_1_624' title='bbox 2680 3444 3119 3501; x_wconf 77' lang='lat' dir='ltr'><strong>Valentinianum</strong></span> <span class='ocrx_word' id='word_1_625' title='bbox 3149 3443 3391 3502; x_wconf 74' lang='lat' dir='ltr'><strong>fratrem</strong></span> <span class='ocrx_word' id='word_1_626' title='bbox 3441 3443 3769 3516; x_wconf 78' lang='lat' dir='ltr'><strong>deduceret,</strong></span> 
     </span>
    </p>
   </div>
   <div class='ocr_carea' id='block_1_90' title="bbox 2183 3514 3773 3589">
    <p class='ocr_par' dir='ltr' id='par_1_90' title="bbox 2183 3514 3773 3589">
     <span class='ocr_line' id='line_1_92' title="bbox 2183 3514 3773 3589; baseline 0.007 -23"><span class='ocrx_word' id='word_1_627' title='bbox 2183 3523 2411 3589; x_wconf 84' lang='lat' dir='ltr'><strong>uterque</strong></span> <span class='ocrx_word' id='word_1_628' title='bbox 2440 3514 2684 3589; x_wconf 81' lang='lat' dir='ltr'><strong>Lugduni</strong></span> <span class='ocrx_word' id='word_1_629' title='bbox 2717 3517 2785 3571; x_wconf 89' lang='lat' dir='ltr'><strong>ab</strong></span> <span class='ocrx_word' id='word_1_630' title='bbox 2812 3516 3180 3589; x_wconf 75' lang='lat' dir='ltr'><strong>Andragatltio</strong></span> <span class='ocrx_word' id='word_1_631' title='bbox 3208 3520 3563 3589; x_wconf 12' lang='lat' dir='ltr'><strong>ropprimitur.</strong></span> <span class='ocrx_word' id='word_1_632' title='bbox 3594 3514 3773 3585; x_wconf 77' lang='lat' dir='ltr'><strong>Quare</strong></span> 
     </span>
    </p>
   </div>
   <div class='ocr_carea' id='block_1_91' title="bbox 2180 3586 3767 3657">
    <p class='ocr_par' dir='ltr' id='par_1_91' title="bbox 2180 3586 3767 3657">
     <span class='ocr_line' id='line_1_93' title="bbox 2180 3586 3767 3657; baseline 0.003 -18"><span class='ocrx_word' id='word_1_633' title='bbox 2180 3586 2417 3657; x_wconf 81' lang='lat' dir='ltr'><strong>graviter</strong></span> <span class='ocrx_word' id='word_1_634' title='bbox 2471 3586 2834 3657; x_wconf 79' lang='lat' dir='ltr'><strong>hallucinatnr</strong></span> <span class='ocrx_word' id='word_1_635' title='bbox 2864 3586 3098 3656; x_wconf 83' lang='lat' dir='ltr'><strong>Prosper</strong></span> <span class='ocrx_word' id='word_1_636' title='bbox 3119 3586 3370 3657; x_wconf 79' lang='lat' dir='ltr'><strong>Vulgaris</strong></span> <span class='ocrx_word' id='word_1_637' title='bbox 3402 3590 3452 3643; x_wconf 93' lang='lat' dir='ltr'><strong>in</strong></span> <span class='ocrx_word' id='word_1_638' title='bbox 3477 3588 3767 3654; x_wconf 87' lang='lat' dir='ltr'><strong>Chronico,</strong></span> 
     </span>
    </p>
   </div>
   <div class='ocr_carea' id='block_1_92' title="bbox 2179 3655 3772 3733">
    <p class='ocr_par' dir='ltr' id='par_1_92' title="bbox 2179 3655 3772 3733">
     <span class='ocr_line' id='line_1_94' title="bbox 2179 3655 3772 3733; baseline 0.003 -23"><span class='ocrx_word' id='word_1_639' title='bbox 2179 3669 2303 3733; x_wconf 80' lang='lat' dir='ltr'><strong>cum</strong></span> <span class='ocrx_word' id='word_1_640' title='bbox 2329 3655 2461 3711; x_wconf 90' lang='lat' dir='ltr'><strong>dicit</strong></span> <span class='ocrx_word' id='word_1_641' title='bbox 2478 3656 2802 3733; x_wconf 75' lang='lat' dir='ltr'><strong>_Gralianum</strong></span> <span class='ocrx_word' id='word_1_642' title='bbox 2826 3655 3047 3714; x_wconf 76' lang='lat' dir='ltr'><strong>Parisiis</strong></span> <span class='ocrx_word' id='word_1_643' title='bbox 3072 3655 3403 3733; x_wconf 67' lang='lat' dir='ltr'><strong>Merobaudis</strong></span> <span class='ocrx_word' id='word_1_644' title='bbox 3422 3662 3656 3733; x_wconf 86' lang='lat' dir='ltr'><strong>magistri</strong></span> <span class='ocrx_word' id='word_1_645' title='bbox 3676 3664 3772 3715; x_wconf 89' lang='lat' dir='ltr'><strong>mi-</strong></span> 
     </span>
    </p>
   </div>
   <div class='ocr_carea' id='block_1_93' title="bbox 2180 3726 3491 3803">
    <p class='ocr_par' dir='ltr' id='par_1_93' title="bbox 2180 3726 3491 3803">
     <span class='ocr_line' id='line_1_95' title="bbox 2180 3726 3491 3803; baseline 0.006 -23"><span class='ocrx_word' id='word_1_646' title='bbox 2180 3726 2331 3781; x_wconf 87' lang='lat' dir='ltr'><strong>litum</strong></span> <span class='ocrx_word' id='word_1_647' title='bbox 2356 3729 2648 3797; x_wconf 87' lang='lat' dir='ltr'><strong>proditione</strong></span> <span class='ocrx_word' id='word_1_648' title='bbox 2666 3741 2963 3799; x_wconf 80' lang='lat' dir='ltr'><strong>superatum</strong></span> <span class='ocrx_word' id='word_1_649' title='bbox 2986 3732 3200 3803; x_wconf 78' lang='lat' dir='ltr'><strong>fugisse.</strong></span> <span class='ocrx_word' id='word_1_650' title='bbox 3488 3750 3491 3751; x_wconf 69' lang='lat'><strong><em>&#39;</em></strong></span> 
     </span>
    </p>
   </div>
   <div class='ocr_carea' id='block_1_94' title="bbox 2252 3817 3770 3894">
    <p class='ocr_par' dir='ltr' id='par_1_94' title="bbox 2252 3817 3770 3894">
     <span class='ocr_line' id='line_1_96' title="bbox 2252 3817 3770 3894; baseline 0.006 -23"><span class='ocrx_word' id='word_1_651' title='bbox 2252 3822 2272 3852; x_wconf 77' lang='grc' dir='ltr'><strong>ο</strong></span> <span class='ocrx_word' id='word_1_652' title='bbox 2300 3817 2370 3873; x_wconf 82' lang='grc' dir='ltr'>Ει</span> <span class='ocrx_word' id='word_1_653' title='bbox 2395 3828 2733 3876; x_wconf 86' lang='lat' dir='ltr'><strong>contractum.</strong></span> <span class='ocrx_word' id='word_1_654' title='bbox 2754 3821 3057 3894; x_wconf 83' lang='lat' dir='ltr'><strong>Postquam</strong></span> <span class='ocrx_word' id='word_1_655' title='bbox 3083 3823 3429 3894; x_wconf 87' lang='lat' dir='ltr'><strong>magistratus</strong></span> <span class='ocrx_word' id='word_1_656' title='bbox 3467 3837 3675 3891; x_wconf 88' lang='lat' dir='ltr'><strong>omnes,</strong></span> <span class='ocrx_word' id='word_1_657' title='bbox 3706 3838 3770 3880; x_wconf 90' lang='lat' dir='ltr'><strong>ac</strong></span> 
     </span>
    </p>
   </div>
   <div class='ocr_carea' id='block_1_95' title="bbox 2181 3888 3595 3959">
    <p class='ocr_par' dir='ltr' id='par_1_95' title="bbox 2181 3888 3595 3959">
     <span class='ocr_line' id='line_1_97' title="bbox 2181 3888 3595 3959; baseline 0.006 -17"><span class='ocrx_word' id='word_1_658' title='bbox 2181 3888 2473 3959; x_wconf 89' lang='lat' dir='ltr'><strong>dignitates</strong></span> <span class='ocrx_word' id='word_1_659' title='bbox 2498 3901 2720 3947; x_wconf 91' lang='lat' dir='ltr'><strong>senatus</strong></span> <span class='ocrx_word' id='word_1_660' title='bbox 2750 3893 2804 3947; x_wconf 93' lang='lat' dir='ltr'><strong>in</strong></span> <span class='ocrx_word' id='word_1_661' title='bbox 2834 3888 3091 3948; x_wconf 82' lang='lat' dir='ltr'><strong>familiam</strong></span> <span class='ocrx_word' id='word_1_662' title='bbox 3121 3888 3272 3949; x_wconf 72' lang='lat' dir='ltr'><strong>suam</strong></span> <span class='ocrx_word' id='word_1_663' title='bbox 3305 3895 3595 3951; x_wconf 89' lang='lat' dir='ltr'><strong>intulisset.</strong></span> 
     </span>
    </p>
   </div>
   <div class='ocr_carea' id='block_1_96' title="bbox 2255 3982 3768 4059">
    <p class='ocr_par' dir='ltr' id='par_1_96' title="bbox 2255 3982 3768 4059">
     <span class='ocr_line' id='line_1_98' title="bbox 2255 3982 3768 4059; baseline 0.003 -21"><span class='ocrx_word' id='word_1_664' title='bbox 2255 3983 2299 4015; x_wconf 86' lang='grc'><strong>¹⁰</strong></span> <span class='ocrx_word' id='word_1_665' title='bbox 2332 3982 2633 4059; x_wconf 77' lang='lat' dir='ltr'><strong>satellitum</strong></span> <span class='ocrx_word' id='word_1_666' title='bbox 2660 3984 3047 4059; x_wconf 72' lang='lat' dir='ltr'><strong>Britannorum.</strong></span> <span class='ocrx_word' id='word_1_667' title='bbox 3079 3985 3210 4040; x_wconf 88' lang='lat' dir='ltr'><strong>Nam</strong></span> <span class='ocrx_word' id='word_1_668' title='bbox 3238 3986 3501 4042; x_wconf 82' lang='lat' dir='ltr'><strong>Maximus</strong></span> <span class='ocrx_word' id='word_1_669' title='bbox 3529 3987 3768 4059; x_wconf 85' lang='lat' dir='ltr'><strong>tyranni-</strong></span> 
     </span>
    </p>
   </div>
   <div class='ocr_carea' id='block_1_97' title="bbox 2180 4052 3280 4128">
    <p class='ocr_par' dir='ltr' id='par_1_97' title="bbox 2180 4052 3280 4128">
     <span class='ocr_line' id='line_1_99' title="bbox 2180 4052 3280 4128; baseline 0.005 -21"><span class='ocrx_word' id='word_1_670' title='bbox 2180 4052 2305 4128; x_wconf 77' lang='lat' dir='ltr'><strong>dem</strong></span> <span class='ocrx_word' id='word_1_671' title='bbox 2335 4056 2566 4128; x_wconf 72' lang='lat' dir='ltr'><strong>primum</strong></span> <span class='ocrx_word' id='word_1_672' title='bbox 2590 4057 2640 4109; x_wconf 89' lang='lat' dir='ltr'><strong>in</strong></span> <span class='ocrx_word' id='word_1_673' title='bbox 2666 4057 2936 4112; x_wconf 82' lang='lat' dir='ltr'><strong>Britannia</strong></span> <span class='ocrx_word' id='word_1_674' title='bbox 2970 4070 3280 4128; x_wconf 87' lang='lat' dir='ltr'><strong>occuparat.</strong></span> 
     </span>
    </p>
   </div>
   <div class='ocr_carea' id='block_1_98' title="bbox 2255 4123 3096 4198">
    <p class='ocr_par' dir='ltr' id='par_1_98' title="bbox 2255 4123 3096 4198">
     <span class='ocr_line' id='line_1_100' title="bbox 2255 4123 3096 4198; baseline 0.007 -21"><span class='ocrx_word' id='word_1_675' title='bbox 2255 4126 2295 4157; x_wconf 83' lang='grc'>¹¹</span> <span class='ocrx_word' id='word_1_676' title='bbox 2328 4123 2607 4181; x_wconf 62' lang='lat' dir='ltr'><strong>Flammea?</strong></span> <span class='ocrx_word' id='word_1_677' title='bbox 2636 4130 2833 4183; x_wconf 87' lang='lat' dir='ltr'><strong>mortis.</strong></span> <span class='ocrx_word' id='word_1_678' title='bbox 2865 4128 3096 4198; x_wconf 72' lang='lat' dir='ltr'><strong>lgnavzr.</strong></span> 
     </span>
    </p>
   </div>
   <div class='ocr_carea' id='block_1_99' title="bbox 2251 4216 3771 4290">
    <p class='ocr_par' dir='ltr' id='par_1_99' title="bbox 2251 4216 3771 4290">
     <span class='ocr_line' id='line_1_101' title="bbox 2251 4216 3771 4290; baseline 0.003 -19"><span class='ocrx_word' id='word_1_679' title='bbox 2251 4216 2448 4272; x_wconf 85' lang='lat' dir='ltr'><strong>XXIX.</strong></span> <span class='ocrx_word' id='word_1_680' title='bbox 2480 4219 2504 4290; x_wconf 12' lang='grc' dir='ltr'><strong>¹γ</strong></span> <span class='ocrx_word' id='word_1_681' title='bbox 2531 4216 2675 4273; x_wconf 81' lang='lat' dir='ltr'><strong>Unco</strong></span> <span class='ocrx_word' id='word_1_682' title='bbox 2701 4221 2768 4273; x_wconf 86' lang='lat' dir='ltr'><strong>ad</strong></span> <span class='ocrx_word' id='word_1_683' title='bbox 2810 4237 3029 4290; x_wconf 65' lang='lat' dir='ltr'><strong>poenam.</strong></span> <span class='ocrx_word' id='word_1_684' title='bbox 3062 4220 3203 4275; x_wconf 80' lang='lat' dir='ltr'><strong>Reos</strong></span> <span class='ocrx_word' id='word_1_685' title='bbox 3246 4235 3386 4275; x_wconf 90' lang='lat' dir='ltr'><strong>unco</strong></span> <span class='ocrx_word' id='word_1_686' title='bbox 3428 4220 3495 4275; x_wconf 89' lang='lat' dir='ltr'><strong>ad</strong></span> <span class='ocrx_word' id='word_1_687' title='bbox 3542 4230 3771 4277; x_wconf 87' lang='lat' dir='ltr'><strong>mortem</strong></span> 
     </span>
    </p>
   </div>
   <div class='ocr_carea' id='block_1_100' title="bbox 2180 4289 3769 4415">
    <p class='ocr_par' dir='ltr' id='par_1_100' title="bbox 2180 4289 3769 4415">
     <span class='ocr_line' id='line_1_102' title="bbox 2180 4289 3769 4415; baseline 0.004 -74"><span class='ocrx_word' id='word_1_688' title='bbox 2180 4290 2385 4415; x_wconf 50' lang='lat' dir='ltr'><strong>gapta‘r’i</strong></span> <span class='ocrx_word' id='word_1_689' title='bbox 2410 4289 2602 4344; x_wconf 90' lang='lat' dir='ltr'><strong>solitos</strong></span> <span class='ocrx_word' id='word_1_690' title='bbox 2630 4289 3059 4362; x_wconf 46' lang='lat' dir='ltr'><strong>supra&#39;diximus</strong></span> <span class='ocrx_word' id='word_1_691' title='bbox 3090 4291 3142 4347; x_wconf 92' lang='lat' dir='ltr'><strong>in</strong></span> <span class='ocrx_word' id='word_1_692' title='bbox 3169 4291 3325 4346; x_wconf 90' lang='lat' dir='ltr'><strong>Plinii</strong></span> <span class='ocrx_word' id='word_1_693' title='bbox 3350 4306 3544 4362; x_wconf 89' lang='lat' dir='ltr'><strong>paneg.</strong></span> <span class='ocrx_word' id='word_1_694' title='bbox 3592 4308 3647 4346; x_wconf 89' lang='grc' dir='ltr'>ιι.</span> <span class='ocrx_word' id='word_1_695' title='bbox 3679 4293 3769 4347; x_wconf 72' lang='lat'><strong>55.</strong></span> 
     </span>
     <span class='ocr_line' id='line_1_103' title="bbox 2219 4376 2414 4415; baseline 0.01 -2"><span class='ocrx_word' id='word_1_696' title='bbox 2219 4376 2248 4413; x_wconf 92' lang='grc' dir='ltr'>ο</span> <span class='ocrx_word' id='word_1_697' title='bbox 2282 4400 2293 4413; x_wconf 90' lang='grc'>.</span> <span class='ocrx_word' id='word_1_698' title='bbox 2402 4403 2414 4415; x_wconf 94' lang='grc'><strong>.</strong></span> 
     </span>
    </p>
   </div>
   <div class='ocr_carea' id='block_1_101' title="bbox 2261 4452 3772 4525">
    <p class='ocr_par' dir='ltr' id='par_1_101' title="bbox 2261 4452 3772 4525">
     <span class='ocr_line' id='line_1_104' title="bbox 2261 4452 3772 4525; baseline 0.001 -16"><span class='ocrx_word' id='word_1_699' title='bbox 2261 4459 2281 4487; x_wconf 83' lang='grc'><em>³</em></span> <span class='ocrx_word' id='word_1_700' title='bbox 2313 4452 2454 4525; x_wconf 84' lang='lat' dir='ltr'><strong>Clari</strong></span> <span class='ocrx_word' id='word_1_701' title='bbox 2504 4455 2634 4508; x_wconf 86' lang='lat' dir='ltr'><strong>votis</strong></span> <span class='ocrx_word' id='word_1_702' title='bbox 2681 4465 2934 4510; x_wconf 81' lang='lat' dir='ltr'><strong>matrona.</strong></span> <span class='ocrx_word' id='word_1_703' title='bbox 2980 4454 3279 4511; x_wconf 84' lang='lat' dir='ltr'><strong>Euchrocia</strong></span> <span class='ocrx_word' id='word_1_704' title='bbox 3321 4469 3458 4509; x_wconf 88' lang='lat' dir='ltr'><strong>uxor</strong></span> <span class='ocrx_word' id='word_1_705' title='bbox 3505 4454 3772 4525; x_wconf 88' lang='lat' dir='ltr'><strong>Delphidii</strong></span> 
     </span>
    </p>
   </div>
   <div class='ocr_carea' id='block_1_102' title="bbox 2227 4524 3771 4598">
    <p class='ocr_par' dir='ltr' id='par_1_102' title="bbox 2227 4524 3771 4598">
     <span class='ocr_line' id='line_1_105' title="bbox 2227 4524 3771 4598; baseline 0.001 -20"><span class='ocrx_word' id='word_1_706' title='bbox 2227 4539 2384 4590; x_wconf 68' lang='lat' dir='ltr'><strong>oetm,</strong></span> <span class='ocrx_word' id='word_1_707' title='bbox 2412 4524 2480 4580; x_wconf 90' lang='lat' dir='ltr'><strong>de</strong></span> <span class='ocrx_word' id='word_1_708' title='bbox 2506 4525 2834 4598; x_wconf 52' lang='lat' dir='ltr'><strong>quorAuson.</strong></span> <span class='ocrx_word' id='word_1_709' title='bbox 2865 4526 2929 4580; x_wconf 91' lang='lat' dir='ltr'><strong>de</strong></span> <span class='ocrx_word' id='word_1_710' title='bbox 2956 4531 3179 4598; x_wconf 76' lang='lat' dir='ltr'><strong>profess.</strong></span> <span class='ocrx_word' id='word_1_711' title='bbox 3213 4525 3493 4598; x_wconf 71' lang='lat' dir='ltr'><strong>Burdegal.</strong></span> <span class='ocrx_word' id='word_1_712' title='bbox 3526 4524 3688 4581; x_wconf 75' lang='lat' dir='ltr'><strong>carm.</strong></span> <span class='ocrx_word' id='word_1_713' title='bbox 3718 4527 3771 4582; x_wconf 89' lang='lat'><strong>6.</strong></span> 
     </span>
    </p>
   </div>
   <div class='ocr_carea' id='block_1_103' title="bbox 2212 4596 3776 4653">
    <p class='ocr_par' dir='ltr' id='par_1_103' title="bbox 2212 4596 3776 4653">
     <span class='ocr_line' id='line_1_106' title="bbox 2212 4596 3776 4653; baseline 0.002 -4"><span class='ocrx_word' id='word_1_714' title='bbox 2212 4598 2279 4652; x_wconf 91' lang='lat' dir='ltr'><strong>lla</strong></span> <span class='ocrx_word' id='word_1_715' title='bbox 2301 4605 2477 4651; x_wconf 83' lang='lat' dir='ltr'><strong>autent</strong></span> <span class='ocrx_word' id='word_1_716' title='bbox 2506 4598 2576 4651; x_wconf 85' lang='lat' dir='ltr'><strong>ob</strong></span> <span class='ocrx_word' id='word_1_717' title='bbox 2604 4596 2926 4652; x_wconf 91' lang='lat' dir='ltr'><strong>Priscilliani</strong></span> <span class='ocrx_word' id='word_1_718' title='bbox 2957 4596 3173 4652; x_wconf 83' lang='lat' dir='ltr'><strong>errores</strong></span> <span class='ocrx_word' id='word_1_719' title='bbox 3217 4596 3472 4653; x_wconf 83' lang='lat' dir='ltr'><strong>Treveris</strong></span> <span class='ocrx_word' id='word_1_720' title='bbox 3493 4612 3613 4652; x_wconf 88' lang='lat' dir='ltr'><strong>cum</strong></span> <span class='ocrx_word' id='word_1_721' title='bbox 3638 4599 3776 4652; x_wconf 85' lang='lat' dir='ltr'><strong>ntul-</strong></span> 
     </span>
    </p>
   </div>
   <div class='ocr_carea' id='block_1_104' title="bbox 2185 4667 3772 4735">
    <p class='ocr_par' dir='ltr' id='par_1_104' title="bbox 2185 4667 3772 4735">
     <span class='ocr_line' id='line_1_107' title="bbox 2185 4667 3772 4735; baseline 0 -13"><span class='ocrx_word' id='word_1_722' title='bbox 2185 4669 2256 4722; x_wconf 91' lang='lat' dir='ltr'><strong>tis</strong></span> <span class='ocrx_word' id='word_1_723' title='bbox 2276 4668 2397 4723; x_wconf 91' lang='lat' dir='ltr'><strong>aliis</strong></span> <span class='ocrx_word' id='word_1_724' title='bbox 2423 4667 2665 4735; x_wconf 87' lang='lat' dir='ltr'><strong>ejusdem</strong></span> <span class='ocrx_word' id='word_1_725' title='bbox 2692 4683 2846 4722; x_wconf 69' lang='lat' dir='ltr'><strong>nox-.1:</strong></span> <span class='ocrx_word' id='word_1_726' title='bbox 2877 4669 3220 4724; x_wconf 91' lang='lat' dir='ltr'><strong>consortibus</strong></span> <span class='ocrx_word' id='word_1_727' title='bbox 3247 4670 3403 4724; x_wconf 89' lang='lat' dir='ltr'><strong>morti</strong></span> <span class='ocrx_word' id='word_1_728' title='bbox 3430 4667 3641 4724; x_wconf 87' lang='lat' dir='ltr'><strong>addicta</strong></span> <span class='ocrx_word' id='word_1_729' title='bbox 3670 4679 3772 4725; x_wconf 87' lang='lat' dir='ltr'><strong>est.</strong></span> 
     </span>
    </p>
   </div>
   <div class='ocr_carea' id='block_1_105' title="bbox 2186 4736 2852 4809">
    <p class='ocr_par' dir='ltr' id='par_1_105' title="bbox 2186 4736 2852 4809">
     <span class='ocr_line' id='line_1_108' title="bbox 2186 4736 2852 4809; baseline 0.005 -18"><span class='ocrx_word' id='word_1_730' title='bbox 2186 4736 2439 4809; x_wconf 84' lang='lat' dir='ltr'><strong>(Prosper</strong></span> <span class='ocrx_word' id='word_1_731' title='bbox 2466 4741 2520 4791; x_wconf 88' lang='lat' dir='ltr'><strong>in</strong></span> <span class='ocrx_word' id='word_1_732' title='bbox 2549 4736 2852 4809; x_wconf 85' lang='lat' dir='ltr'><strong>Chronico.)</strong></span> 
     </span>
    </p>
   </div>
   <div class='ocr_carea' id='block_1_106' title="bbox 2257 4808 3094 4880">
    <p class='ocr_par' dir='ltr' id='par_1_106' title="bbox 2257 4808 3094 4880">
     <span class='ocr_line' id='line_1_109' title="bbox 2257 4808 3094 4880; baseline 0.005 -19"><span class='ocrx_word' id='word_1_733' title='bbox 2257 4810 2278 4842; x_wconf 88' lang='grc'>³</span> <span class='ocrx_word' id='word_1_734' title='bbox 2317 4808 2516 4863; x_wconf 61' lang='lat' dir='ltr'><strong>Viduas.</strong></span> <span class='ocrx_word' id='word_1_735' title='bbox 2548 4810 2758 4864; x_wconf 89' lang='lat' dir='ltr'><strong>Mortuo</strong></span> <span class='ocrx_word' id='word_1_736' title='bbox 2791 4808 3094 4880; x_wconf 85' lang='lat' dir='ltr'><strong>Delpltidio.</strong></span> 
     </span>
    </p>
   </div>
   <div class='ocr_carea' id='block_1_107' title="bbox 2263 4901 3771 4972">
    <p class='ocr_par' dir='ltr' id='par_1_107' title="bbox 2263 4901 3771 4972">
     <span class='ocr_line' id='line_1_110' title="bbox 2263 4901 3771 4972; baseline -0.001 -16"><span class='ocrx_word' id='word_1_737' title='bbox 2263 4902 2285 4931; x_wconf 66' lang='grc' dir='ltr'>δ</span> <span class='ocrx_word' id='word_1_738' title='bbox 2329 4902 2609 4957; x_wconf 81' lang='lat' dir='ltr'><strong>Accusator</strong></span> <span class='ocrx_word' id='word_1_739' title='bbox 2634 4901 2893 4956; x_wconf 87' lang='lat' dir='ltr'><strong>sacerdos.</strong></span> <span class='ocrx_word' id='word_1_740' title='bbox 2923 4901 3153 4957; x_wconf 88' lang='lat' dir='ltr'><strong>ldatium</strong></span> <span class='ocrx_word' id='word_1_741' title='bbox 3193 4903 3506 4972; x_wconf 81' lang='lat' dir='ltr'><strong>episcopum</strong></span> <span class='ocrx_word' id='word_1_742' title='bbox 3549 4901 3726 4956; x_wconf 84' lang='lat' dir='ltr'><strong>innuit</strong></span> <span class='ocrx_word' id='word_1_743' title='bbox 3756 4919 3771 4968; x_wconf 91' lang='lat'><strong>;</strong></span> 
     </span>
    </p>
   </div>
   <div class='ocr_carea' id='block_1_108' title="bbox 2194 4972 3778 5037">
    <p class='ocr_par' dir='ltr' id='par_1_108' title="bbox 2194 4972 3778 5037">
     <span class='ocr_line' id='line_1_111' title="bbox 2194 4972 3778 5037; baseline 0.001 -11"><span class='ocrx_word' id='word_1_744' title='bbox 2194 4987 2319 5027; x_wconf 78' lang='lat' dir='ltr'><strong>mox</strong></span> <span class='ocrx_word' id='word_1_745' title='bbox 2370 4974 2514 5028; x_wconf 93' lang='lat' dir='ltr'><strong>enim</strong></span> <span class='ocrx_word' id='word_1_746' title='bbox 2568 4972 2753 5027; x_wconf 89' lang='lat' dir='ltr'><strong>addit:</strong></span> <span class='ocrx_word' id='word_1_747' title='bbox 2802 4974 2890 5036; x_wconf 86' lang='lat' dir='ltr'><strong>qui</strong></span> <span class='ocrx_word' id='word_1_748' title='bbox 2934 4974 3225 5027; x_wconf 83' lang='lat' dir='ltr'><strong>nominibus</strong></span> <span class='ocrx_word' id='word_1_749' title='bbox 3271 4976 3539 5037; x_wconf 82' lang='lat' dir='ltr'><strong>antistites,</strong></span> <span class='ocrx_word' id='word_1_750' title='bbox 3600 4988 3778 5028; x_wconf 82' lang='lat' dir='ltr'><strong>revera</strong></span> 
     </span>
    </p>
   </div>
   <div class='ocr_carea' id='block_1_109' title="bbox 570 5042 3775 5114">
    <p class='ocr_par' dir='ltr' id='par_1_109' title="bbox 570 5042 3775 5114">
     <span class='ocr_line' id='line_1_112' title="bbox 570 5042 3775 5114; baseline 0 -17"><span class='ocrx_word' id='word_1_751' title='bbox 570 5044 589 5074; x_wconf 87' lang='grc'>⁷</span> <span class='ocrx_word' id='word_1_752' title='bbox 636 5042 810 5097; x_wconf 87' lang='lat' dir='ltr'><strong>Vallia</strong></span> <span class='ocrx_word' id='word_1_753' title='bbox 840 5042 1189 5114; x_wconf 83' lang='lat' dir='ltr'><strong>triumphalis.</strong></span> <span class='ocrx_word' id='word_1_754' title='bbox 1240 5042 1392 5098; x_wconf 88' lang='lat' dir='ltr'><strong>Balio</strong></span> <span class='ocrx_word' id='word_1_755' title='bbox 1442 5059 1542 5114; x_wconf 91' lang='lat' dir='ltr'><strong>pro</strong></span> <span class='ocrx_word' id='word_1_756' title='bbox 1594 5045 1767 5101; x_wconf 85' lang='lat' dir='ltr'><strong>Vallia</strong></span> <span class='ocrx_word' id='word_1_757' title='bbox 1819 5055 2089 5111; x_wconf 85' lang='lat' dir='ltr'><strong>reponunt</strong></span> <span class='ocrx_word' id='word_1_758' title='bbox 2190 5055 2359 5098; x_wconf 89' lang='lat' dir='ltr'><strong>autem</strong></span> <span class='ocrx_word' id='word_1_759' title='bbox 2382 5044 2644 5098; x_wconf 81' lang='lat' dir='ltr'><strong>satellites.</strong></span> <span class='ocrx_word' id='word_1_760' title='bbox 2676 5043 2898 5098; x_wconf 86' lang='lat' dir='ltr'><strong>Idalium</strong></span> <span class='ocrx_word' id='word_1_761' title='bbox 2944 5045 3295 5099; x_wconf 61' lang='lat' dir='ltr'><strong>autem‘ideo</strong></span> <span class='ocrx_word' id='word_1_762' title='bbox 3336 5046 3775 5099; x_wconf 82' lang='lat' dir='ltr'><strong>excommunica-</strong></span> 
     </span>
    </p>
   </div>
   <div class='ocr_carea' id='block_1_110' title="bbox 497 5114 2086 5186">
    <p class='ocr_par' dir='ltr' id='par_1_110' title="bbox 497 5114 2086 5186">
     <span class='ocr_line' id='line_1_113' title="bbox 497 5114 2086 5186; baseline 0.001 -16"><span class='ocrx_word' id='word_1_763' title='bbox 497 5114 814 5179; x_wconf 87' lang='lat' dir='ltr'><strong>Baldninus,</strong></span> <span class='ocrx_word' id='word_1_764' title='bbox 844 5124 899 5169; x_wconf 93' lang='lat' dir='ltr'><strong>et</strong></span> <span class='ocrx_word' id='word_1_765' title='bbox 921 5114 1192 5186; x_wconf 88' lang='lat' dir='ltr'><strong>Puteanus</strong></span> <span class='ocrx_word' id='word_1_766' title='bbox 1221 5130 1288 5169; x_wconf 85' lang='lat' dir='ltr'><strong>ex</strong></span> <span class='ocrx_word' id='word_1_767' title='bbox 1317 5116 1589 5172; x_wconf 82' lang='lat' dir='ltr'><strong>Ambrosii</strong></span> <span class='ocrx_word' id='word_1_768' title='bbox 1612 5133 1693 5186; x_wconf 90' lang='lat' dir='ltr'><strong>ep.</strong></span> <span class='ocrx_word' id='word_1_769' title='bbox 1725 5119 1817 5181; x_wconf 64' lang='grc' dir='ltr'><em>Ἦ,</em></span> <span class='ocrx_word' id='word_1_770' title='bbox 1859 5118 1949 5173; x_wconf 89' lang='lat' dir='ltr'><strong>ubi</strong></span> <span class='ocrx_word' id='word_1_771' title='bbox 1982 5119 2086 5171; x_wconf 62' lang='lat' dir='ltr'><strong>Bac</strong></span> 
     </span>
    </p>
   </div>
   <div class='ocr_carea' id='block_1_111' title="bbox 495 5185 2086 5256">
    <p class='ocr_par' dir='ltr' id='par_1_111' title="bbox 495 5185 2086 5256">
     <span class='ocr_line' id='line_1_114' title="bbox 495 5185 2086 5256; baseline 0.001 -16"><span class='ocrx_word' id='word_1_772' title='bbox 495 5187 570 5240; x_wconf 93' lang='lat' dir='ltr'><strong>lio</strong></span> <span class='ocrx_word' id='word_1_773' title='bbox 601 5187 829 5241; x_wconf 79' lang='lat' dir='ltr'><strong>bellator</strong></span> <span class='ocrx_word' id='word_1_774' title='bbox 863 5185 1131 5256; x_wconf 88' lang='lat' dir='ltr'><strong>egregius,</strong></span> <span class='ocrx_word' id='word_1_775' title='bbox 1163 5200 1285 5241; x_wconf 92' lang='lat' dir='ltr'><strong>cum</strong></span> <span class='ocrx_word' id='word_1_776' title='bbox 1313 5186 1598 5242; x_wconf 84' lang='lat' dir='ltr'><strong>aMaximo</strong></span> <span class='ocrx_word' id='word_1_777' title='bbox 1627 5185 1856 5242; x_wconf 83' lang='lat' dir='ltr'><strong>interfici</strong></span> <span class='ocrx_word' id='word_1_778' title='bbox 1900 5189 2086 5256; x_wconf 88' lang='lat' dir='ltr'><strong>jussus</strong></span> 
     </span>
    </p>
   </div>
   <div class='ocr_carea' id='block_1_112' title="bbox 496 5256 2082 5327">
    <p class='ocr_par' dir='ltr' id='par_1_112' title="bbox 496 5256 2082 5327">
     <span class='ocr_line' id='line_1_115' title="bbox 496 5256 2082 5327; baseline 0 -15"><span class='ocrx_word' id='word_1_779' title='bbox 496 5269 661 5319; x_wconf 83' lang='lat' dir='ltr'><strong>esset,</strong></span> <span class='ocrx_word' id='word_1_780' title='bbox 691 5258 794 5311; x_wconf 88' lang='lat' dir='ltr'><strong>sibi</strong></span> <span class='ocrx_word' id='word_1_781' title='bbox 824 5258 926 5327; x_wconf 87' lang='lat' dir='ltr'><strong>ipsi</strong></span> <span class='ocrx_word' id='word_1_782' title='bbox 952 5272 1141 5311; x_wconf 88' lang='lat' dir='ltr'><strong>manus</strong></span> <span class='ocrx_word' id='word_1_783' title='bbox 1165 5256 1408 5313; x_wconf 90' lang='lat' dir='ltr'><strong>attulisse</strong></span> <span class='ocrx_word' id='word_1_784' title='bbox 1426 5258 1641 5311; x_wconf 90' lang='lat' dir='ltr'><strong>dicitur.</strong></span> <span class='ocrx_word' id='word_1_785' title='bbox 1674 5258 1811 5312; x_wconf 89' lang='lat' dir='ltr'><strong>Sunt</strong></span> <span class='ocrx_word' id='word_1_786' title='bbox 1838 5259 1927 5326; x_wconf 93' lang='lat' dir='ltr'><strong>qui</strong></span> <span class='ocrx_word' id='word_1_787' title='bbox 1961 5257 2082 5312; x_wconf 83' lang='lat' dir='ltr'><strong>Val-</strong></span> 
     </span>
    </p>
   </div>
   <div class='ocr_carea' id='block_1_113' title="bbox 498 5327 2083 5397">
    <p class='ocr_par' dir='ltr' id='par_1_113' title="bbox 498 5327 2083 5397">
     <span class='ocr_line' id='line_1_116' title="bbox 498 5327 2083 5397; baseline 0.001 -16"><span class='ocrx_word' id='word_1_788' title='bbox 498 5330 694 5383; x_wconf 91' lang='lat' dir='ltr'><strong>lionem</strong></span> <span class='ocrx_word' id='word_1_789' title='bbox 726 5330 889 5392; x_wconf 84' lang='lat' dir='ltr'><strong>hunc,</strong></span> <span class='ocrx_word' id='word_1_790' title='bbox 920 5329 1035 5383; x_wconf 87' lang='lat' dir='ltr'><strong>sive</strong></span> <span class='ocrx_word' id='word_1_791' title='bbox 1056 5327 1331 5382; x_wconf 84' lang='lat' dir='ltr'><strong>Balionem</strong></span> <span class='ocrx_word' id='word_1_792' title='bbox 1364 5343 1470 5381; x_wconf 90' lang='lat' dir='ltr'><strong>non</strong></span> <span class='ocrx_word' id='word_1_793' title='bbox 1498 5327 1661 5381; x_wconf 88' lang='lat' dir='ltr'><strong>alium</strong></span> <span class='ocrx_word' id='word_1_794' title='bbox 1695 5328 1863 5383; x_wconf 89' lang='lat' dir='ltr'><strong>fuisse</strong></span> <span class='ocrx_word' id='word_1_795' title='bbox 1893 5336 2083 5397; x_wconf 84' lang='lat' dir='ltr'><strong>putant</strong></span> 
     </span>
    </p>
   </div>
   <div class='ocr_carea' id='block_1_114' title="bbox 498 5397 2079 5468">
    <p class='ocr_par' dir='ltr' id='par_1_114' title="bbox 498 5397 2079 5468">
     <span class='ocr_line' id='line_1_117' title="bbox 498 5397 2079 5468; baseline 0.003 -17"><span class='ocrx_word' id='word_1_796' title='bbox 498 5414 529 5451; x_wconf 89' lang='lat' dir='ltr'><strong>a</strong></span> <span class='ocrx_word' id='word_1_797' title='bbox 556 5399 871 5465; x_wconf 89' lang='lat' dir='ltr'><strong>Saturnino,</strong></span> <span class='ocrx_word' id='word_1_798' title='bbox 896 5401 985 5468; x_wconf 91' lang='lat' dir='ltr'><strong>qui</strong></span> <span class='ocrx_word' id='word_1_799' title='bbox 1037 5409 1145 5452; x_wconf 89' lang='lat' dir='ltr'><strong>tum</strong></span> <span class='ocrx_word' id='word_1_800' title='bbox 1179 5407 1295 5452; x_wconf 90' lang='lat' dir='ltr'><strong>erat</strong></span> <span class='ocrx_word' id='word_1_801' title='bbox 1337 5412 1459 5452; x_wconf 92' lang='lat' dir='ltr'><strong>cum</strong></span> <span class='ocrx_word' id='word_1_802' title='bbox 1504 5397 1825 5453; x_wconf 79' lang='lat' dir='ltr'><strong>Merobaude</strong></span> <span class='ocrx_word' id='word_1_803' title='bbox 1865 5401 2079 5466; x_wconf 89' lang='lat' dir='ltr'><strong>consul,</strong></span> 
     </span>
    </p>
   </div>
   <div class='ocr_carea' id='block_1_115' title="bbox 497 5469 2083 5540">
    <p class='ocr_par' dir='ltr' id='par_1_115' title="bbox 497 5469 2083 5540">
     <span class='ocr_line' id='line_1_118' title="bbox 497 5469 2083 5540; baseline 0.002 -18"><span class='ocrx_word' id='word_1_804' title='bbox 497 5470 921 5540; x_wconf 79' lang='lat' dir='ltr'><strong>cumGratiauus</strong></span> <span class='ocrx_word' id='word_1_805' title='bbox 951 5470 1261 5523; x_wconf 88' lang='lat' dir='ltr'><strong>interfectus</strong></span> <span class='ocrx_word' id='word_1_806' title='bbox 1280 5478 1383 5524; x_wconf 87' lang='lat' dir='ltr'><strong>est.</strong></span> <span class='ocrx_word' id='word_1_807' title='bbox 1412 5469 1605 5524; x_wconf 88' lang='lat' dir='ltr'><strong>Errant</strong></span> <span class='ocrx_word' id='word_1_808' title='bbox 1633 5470 1960 5540; x_wconf 55' lang='lat' dir='ltr'><strong>autem,‘qni</strong></span> <span class='ocrx_word' id='word_1_809' title='bbox 1986 5484 2083 5538; x_wconf 91' lang='lat' dir='ltr'><strong>pro</strong></span> 
     </span>
    </p>
   </div>
   <div class='ocr_carea' id='block_1_116' title="bbox 500 5539 2083 5608">
    <p class='ocr_par' dir='ltr' id='par_1_116' title="bbox 500 5539 2083 5608">
     <span class='ocr_line' id='line_1_119' title="bbox 500 5539 2083 5608; baseline 0.003 -17"><span class='ocrx_word' id='word_1_810' title='bbox 500 5539 738 5593; x_wconf 88' lang='lat' dir='ltr'><strong>Bantonc</strong></span> <span class='ocrx_word' id='word_1_811' title='bbox 786 5541 1010 5595; x_wconf 90' lang='lat' dir='ltr'><strong>consule</strong></span> <span class='ocrx_word' id='word_1_812' title='bbox 1060 5540 1207 5593; x_wconf 92' lang='lat' dir='ltr'><strong>illum</strong></span> <span class='ocrx_word' id='word_1_813' title='bbox 1250 5540 1537 5608; x_wconf 89' lang='lat' dir='ltr'><strong>accipiunt.</strong></span> <span class='ocrx_word' id='word_1_814' title='bbox 1563 5540 1657 5595; x_wconf 90' lang='lat' dir='ltr'><strong>His</strong></span> <span class='ocrx_word' id='word_1_815' title='bbox 1703 5542 1846 5595; x_wconf 91' lang='lat' dir='ltr'><strong>enim</strong></span> <span class='ocrx_word' id='word_1_816' title='bbox 1891 5539 2083 5608; x_wconf 87' lang='lat' dir='ltr'><strong>aperte</strong></span> 
     </span>
    </p>
   </div>
   <div class='ocr_carea' id='block_1_117' title="bbox 502 5609 2079 5677">
    <p class='ocr_par' dir='ltr' id='par_1_117' title="bbox 502 5609 2079 5677">
     <span class='ocr_line' id='line_1_120' title="bbox 502 5609 2079 5677; baseline 0.005 -19"><span class='ocrx_word' id='word_1_817' title='bbox 502 5609 797 5677; x_wconf 79' lang='lat' dir='ltr'><strong>refragatur</strong></span> <span class='ocrx_word' id='word_1_818' title='bbox 820 5610 1140 5664; x_wconf 82' lang='lat' dir='ltr'><strong>Ambrosius</strong></span> <span class='ocrx_word' id='word_1_819' title='bbox 1169 5629 1181 5663; x_wconf 76' lang='grc' dir='ltr'>ε</span> <span class='ocrx_word' id='word_1_820' title='bbox 1211 5625 1333 5665; x_wconf 92' lang='lat' dir='ltr'><strong>cum</strong></span> <span class='ocrx_word' id='word_1_821' title='bbox 1361 5611 1510 5665; x_wconf 78' lang='lat' dir='ltr'><strong>addit</strong></span> <span class='ocrx_word' id='word_1_822' title='bbox 1538 5612 1726 5667; x_wconf 85' lang='lat' dir='ltr'><strong>eodem</strong></span> <span class='ocrx_word' id='word_1_823' title='bbox 1760 5612 1882 5666; x_wconf 90' lang='lat' dir='ltr'><strong>loco</strong></span> <span class='ocrx_word' id='word_1_824' title='bbox 1910 5611 2079 5666; x_wconf 82' lang='lat' dir='ltr'><strong>Maxi-</strong></span> 
     </span>
    </p>
   </div>
   <div class='ocr_carea' id='block_1_118' title="bbox 497 5679 2081 5801">
    <p class='ocr_par' dir='ltr' id='par_1_118' title="bbox 497 5679 2081 5801">
     <span class='ocr_line' id='line_1_121' title="bbox 497 5679 2081 5801; baseline 0.008 -75"><span class='ocrx_word' id='word_1_825' title='bbox 497 5679 741 5801; x_wconf 44' lang='lat' dir='ltr'><strong>éntlir‘riisd:</strong></span> <span class='ocrx_word' id='word_1_826' title='bbox 771 5681 1028 5745; x_wconf 76' lang='lat' dir='ltr'><strong>Bautone,</strong></span> <span class='ocrx_word' id='word_1_827' title='bbox 1069 5682 1221 5749; x_wconf 83' lang='lat' dir='ltr'><strong>quasi</strong></span> <span class='ocrx_word' id='word_1_828' title='bbox 1247 5682 1315 5737; x_wconf 88' lang='lat' dir='ltr'><strong>de</strong></span> <span class='ocrx_word' id='word_1_829' title='bbox 1334 5681 1504 5737; x_wconf 89' lang='lat' dir='ltr'><strong>altero</strong></span> <span class='ocrx_word' id='word_1_830' title='bbox 1541 5682 1761 5739; x_wconf 88' lang='lat' dir='ltr'><strong>Balione</strong></span> <span class='ocrx_word' id='word_1_831' title='bbox 1785 5682 2081 5740; x_wconf 59' lang='lat' dir='ltr'><strong>decernere</strong></span> 
     </span>
     <span class='ocr_line' id='line_1_122' title="bbox 532 5762 753 5800; baseline 0.005 -1"><span class='ocrx_word' id='word_1_832' title='bbox 532 5762 607 5800; x_wconf 85' lang='lat' dir='ltr'><strong>ot</strong></span> <span class='ocrx_word' id='word_1_833' title='bbox 677 5763 698 5799; x_wconf 91' lang='lat' dir='ltr'><strong>s</strong></span> <span class='ocrx_word' id='word_1_834' title='bbox 740 5785 753 5800; x_wconf 96' lang='lat'><strong>.</strong></span> 
     </span>
    </p>
   </div>
   <div class='ocr_carea' id='block_1_119' title="bbox 532 5762 753 5800">
    <p class='ocr_par' dir='ltr' id='par_1_119' title="bbox 532 5762 753 5800">
     <span class='ocr_line' id='line_1_123' title="bbox 532 5762 753 5800; baseline 0.005 -1"><span class='ocrx_word' id='word_1_835' title='bbox 532 5762 753 5800; x_wconf 77' lang='lat' dir='ltr'><strong>aluisse.</strong></span> 
     </span>
    </p>
   </div>
   <div class='ocr_carea' id='block_1_120' title="bbox 2192 5114 3774 5185">
    <p class='ocr_par' dir='ltr' id='par_1_120' title="bbox 2192 5114 3774 5185">
     <span class='ocr_line' id='line_1_124' title="bbox 2192 5114 3774 5185; baseline 0.001 -18"><span class='ocrx_word' id='word_1_836' title='bbox 2192 5124 2304 5169; x_wconf 90' lang='lat' dir='ltr'><strong>tum</strong></span> <span class='ocrx_word' id='word_1_837' title='bbox 2354 5124 2538 5170; x_wconf 90' lang='lat' dir='ltr'><strong>narrat</strong></span> <span class='ocrx_word' id='word_1_838' title='bbox 2588 5114 2940 5175; x_wconf 84' lang='lat' dir='ltr'><strong>Ambrosius,</strong></span> <span class='ocrx_word' id='word_1_839' title='bbox 2994 5115 3136 5185; x_wconf 90' lang='lat' dir='ltr'><strong>quod</strong></span> <span class='ocrx_word' id='word_1_840' title='bbox 3181 5115 3503 5170; x_wconf 88' lang='lat' dir='ltr'><strong>Priscilliani</strong></span> <span class='ocrx_word' id='word_1_841' title='bbox 3561 5129 3774 5170; x_wconf 90' lang='lat' dir='ltr'><strong>errores</strong></span> 
     </span>
    </p>
   </div>
   <div class='ocr_carea' id='block_1_121' title="bbox 2191 5186 3773 5256">
    <p class='ocr_par' dir='ltr' id='par_1_121' title="bbox 2191 5186 3773 5256">
     <span class='ocr_line' id='line_1_125' title="bbox 2191 5186 3773 5256; baseline 0.001 -17"><span class='ocrx_word' id='word_1_842' title='bbox 2191 5187 2528 5254; x_wconf 87' lang='lat' dir='ltr'><strong>proscribere</strong></span> <span class='ocrx_word' id='word_1_843' title='bbox 2558 5201 2663 5239; x_wconf 90' lang='lat' dir='ltr'><strong>non</strong></span> <span class='ocrx_word' id='word_1_844' title='bbox 2720 5195 3027 5251; x_wconf 87' lang='lat' dir='ltr'><strong>contentus,</strong></span> <span class='ocrx_word' id='word_1_845' title='bbox 3056 5186 3173 5256; x_wconf 88' lang='lat' dir='ltr'><strong>ejus</strong></span> <span class='ocrx_word' id='word_1_846' title='bbox 3204 5187 3516 5255; x_wconf 77' lang='lat' dir='ltr'><strong>sanguinem</strong></span> <span class='ocrx_word' id='word_1_847' title='bbox 3547 5187 3599 5240; x_wconf 92' lang='lat' dir='ltr'><strong>iu</strong></span> <span class='ocrx_word' id='word_1_848' title='bbox 3648 5200 3773 5240; x_wconf 80' lang='lat' dir='ltr'><strong>eon-</strong></span> 
     </span>
    </p>
   </div>
   <div class='ocr_carea' id='block_1_122' title="bbox 2187 5256 3773 5326">
    <p class='ocr_par' dir='ltr' id='par_1_122' title="bbox 2187 5256 3773 5326">
     <span class='ocr_line' id='line_1_126' title="bbox 2187 5256 3773 5326; baseline 0.001 -17"><span class='ocrx_word' id='word_1_849' title='bbox 2187 5256 2406 5311; x_wconf 91' lang='lat' dir='ltr'><strong>sistorio</strong></span> <span class='ocrx_word' id='word_1_850' title='bbox 2433 5256 2573 5326; x_wconf 85' lang='lat' dir='ltr'><strong>regis</strong></span> <span class='ocrx_word' id='word_1_851' title='bbox 2595 5263 2821 5325; x_wconf 87' lang='lat' dir='ltr'><strong>peteret,</strong></span> <span class='ocrx_word' id='word_1_852' title='bbox 2846 5266 3063 5311; x_wconf 84' lang='lat' dir='ltr'><strong>sanctos</strong></span> <span class='ocrx_word' id='word_1_853' title='bbox 3090 5257 3235 5311; x_wconf 89' lang='lat' dir='ltr'><strong>viros</strong></span> <span class='ocrx_word' id='word_1_854' title='bbox 3264 5257 3400 5312; x_wconf 90' lang='lat' dir='ltr'><strong>bene</strong></span> <span class='ocrx_word' id='word_1_855' title='bbox 3432 5256 3653 5324; x_wconf 89' lang='lat' dir='ltr'><strong>multos,</strong></span> <span class='ocrx_word' id='word_1_856' title='bbox 3677 5257 3773 5311; x_wconf 88' lang='lat' dir='ltr'><strong>im-</strong></span> 
     </span>
    </p>
   </div>
   <div class='ocr_carea' id='block_1_123' title="bbox 2191 5326 3775 5397">
    <p class='ocr_par' dir='ltr' id='par_1_123' title="bbox 2191 5326 3775 5397">
     <span class='ocr_line' id='line_1_127' title="bbox 2191 5326 3775 5397; baseline 0.001 -17"><span class='ocrx_word' id='word_1_857' title='bbox 2191 5326 2481 5394; x_wconf 85' lang='lat' dir='ltr'><strong>primisque</strong></span> <span class='ocrx_word' id='word_1_858' title='bbox 2508 5330 2563 5381; x_wconf 83' lang='lat' dir='ltr'><strong>S.</strong></span> <span class='ocrx_word' id='word_1_859' title='bbox 2618 5326 2929 5393; x_wconf 85' lang='lat' dir='ltr'><strong>Martinttm,</strong></span> <span class='ocrx_word' id='word_1_860' title='bbox 2983 5338 3251 5397; x_wconf 87' lang='lat' dir='ltr'><strong>tamquam</strong></span> <span class='ocrx_word' id='word_1_861' title='bbox 3301 5328 3545 5396; x_wconf 90' lang='lat' dir='ltr'><strong>ejusdem</strong></span> <span class='ocrx_word' id='word_1_862' title='bbox 3573 5329 3775 5383; x_wconf 88' lang='lat' dir='ltr'><strong>erroris</strong></span> 
     </span>
    </p>
   </div>
   <div class='ocr_carea' id='block_1_124' title="bbox 2190 5397 3777 5468">
    <p class='ocr_par' dir='ltr' id='par_1_124' title="bbox 2190 5397 3777 5468">
     <span class='ocr_line' id='line_1_128' title="bbox 2190 5397 3777 5468; baseline 0.001 -17"><span class='ocrx_word' id='word_1_863' title='bbox 2190 5411 2332 5461; x_wconf 89' lang='lat' dir='ltr'><strong>reos,</strong></span> <span class='ocrx_word' id='word_1_864' title='bbox 2380 5399 2519 5467; x_wconf 88' lang='lat' dir='ltr'><strong>apud</strong></span> <span class='ocrx_word' id='word_1_865' title='bbox 2570 5398 2952 5468; x_wconf 84' lang='lat' dir='ltr'><strong>imperatorem</strong></span> <span class='ocrx_word' id='word_1_866' title='bbox 3006 5410 3303 5453; x_wconf 89' lang='lat' dir='ltr'><strong>accusaret.</strong></span> <span class='ocrx_word' id='word_1_867' title='bbox 3348 5397 3503 5465; x_wconf 89' lang='lat' dir='ltr'><strong>Quod</strong></span> <span class='ocrx_word' id='word_1_868' title='bbox 3551 5399 3777 5453; x_wconf 63' lang='lat' dir='ltr'><strong>saevitia:</strong></span> 
     </span>
    </p>
   </div>
   <div class='ocr_carea' id='block_1_125' title="bbox 2189 5470 3776 5539">
    <p class='ocr_par' dir='ltr' id='par_1_125' title="bbox 2189 5470 3776 5539">
     <span class='ocr_line' id='line_1_129' title="bbox 2189 5470 3776 5539; baseline 0.002 -18"><span class='ocrx_word' id='word_1_869' title='bbox 2189 5470 2493 5539; x_wconf 84' lang='lat' dir='ltr'><strong>exemplum</strong></span> <span class='ocrx_word' id='word_1_870' title='bbox 2533 5484 2655 5524; x_wconf 88' lang='lat' dir='ltr'><strong>cum</strong></span> <span class='ocrx_word' id='word_1_871' title='bbox 2687 5470 3083 5537; x_wconf 28' lang='lat' dir='ltr'><strong>secutilessent,</strong></span> <span class='ocrx_word' id='word_1_872' title='bbox 3118 5485 3183 5524; x_wconf 84' lang='lat' dir='ltr'><strong>ex</strong></span> <span class='ocrx_word' id='word_1_873' title='bbox 3227 5470 3292 5523; x_wconf 91' lang='lat' dir='ltr'><strong>iis</strong></span> <span class='ocrx_word' id='word_1_874' title='bbox 3330 5471 3418 5539; x_wconf 92' lang='lat' dir='ltr'><strong>qui</strong></span> <span class='ocrx_word' id='word_1_875' title='bbox 3473 5470 3524 5523; x_wconf 91' lang='lat' dir='ltr'><strong>in</strong></span> <span class='ocrx_word' id='word_1_876' title='bbox 3558 5470 3776 5524; x_wconf 81' lang='lat' dir='ltr'><strong>Maximi</strong></span> 
     </span>
    </p>
   </div>
   <div class='ocr_carea' id='block_1_126' title="bbox 2188 5540 3777 5611">
    <p class='ocr_par' dir='ltr' id='par_1_126' title="bbox 2188 5540 3777 5611">
     <span class='ocr_line' id='line_1_130' title="bbox 2188 5540 3777 5611; baseline 0.004 -20"><span class='ocrx_word' id='word_1_877' title='bbox 2188 5540 2309 5611; x_wconf 79' lang='lat' dir='ltr'><strong>aula</strong></span> <span class='ocrx_word' id='word_1_878' title='bbox 2331 5550 2487 5595; x_wconf 88' lang='lat' dir='ltr'><strong>erant</strong></span> <span class='ocrx_word' id='word_1_879' title='bbox 2509 5541 2691 5609; x_wconf 87' lang='lat' dir='ltr'><strong>plures</strong></span> <span class='ocrx_word' id='word_1_880' title='bbox 2721 5540 2979 5611; x_wconf 89' lang='lat' dir='ltr'><strong>episcopi,</strong></span> <span class='ocrx_word' id='word_1_881' title='bbox 3010 5554 3131 5594; x_wconf 91' lang='lat' dir='ltr'><strong>cum</strong></span> <span class='ocrx_word' id='word_1_882' title='bbox 3164 5542 3229 5594; x_wconf 91' lang='lat' dir='ltr'><strong>iis</strong></span> <span class='ocrx_word' id='word_1_883' title='bbox 3250 5542 3653 5596; x_wconf 87' lang='lat' dir='ltr'><strong>communicare</strong></span> <span class='ocrx_word' id='word_1_884' title='bbox 3680 5554 3777 5596; x_wconf 90' lang='lat' dir='ltr'><strong>no-</strong></span> 
     </span>
    </p>
   </div>
   <div class='ocr_carea' id='block_1_127' title="bbox 2189 5609 2749 5667">
    <p class='ocr_par' dir='ltr' id='par_1_127' title="bbox 2189 5609 2749 5667">
     <span class='ocr_line' id='line_1_131' title="bbox 2189 5609 2749 5667; baseline 0.002 -3"><span class='ocrx_word' id='word_1_885' title='bbox 2189 5609 2287 5664; x_wconf 90' lang='lat' dir='ltr'><strong>luit</strong></span> <span class='ocrx_word' id='word_1_886' title='bbox 2313 5612 2374 5666; x_wconf 93' lang='lat' dir='ltr'><strong>D.</strong></span> <span class='ocrx_word' id='word_1_887' title='bbox 2411 5613 2749 5667; x_wconf 86' lang='lat' dir='ltr'><strong>Ambrosius.</strong></span> 
     </span>
    </p>
   </div>
   <div class='ocr_carea' id='block_1_128' title="bbox 2188 5680 3770 5804">
    <p class='ocr_par' dir='ltr' id='par_1_128' title="bbox 2188 5680 3770 5804">
     <span class='ocr_line' id='line_1_132' title="bbox 2188 5680 3770 5804; baseline 0.003 -69"><span class='ocrx_word' id='word_1_888' title='bbox 2188 5761 2209 5803; x_wconf 51' lang='grc' dir='ltr'>ι</span> <span class='ocrx_word' id='word_1_889' title='bbox 2249 5682 2282 5804; x_wconf 52' lang='grc' dir='ltr'><strong>,ξ</strong></span> <span class='ocrx_word' id='word_1_890' title='bbox 2312 5680 2649 5752; x_wconf 80' lang='lat' dir='ltr'><strong>Capitalibus&#39;.</strong></span> <span class='ocrx_word' id='word_1_891' title='bbox 2681 5681 2737 5737; x_wconf 88' lang='lat' dir='ltr'><strong>Id</strong></span> <span class='ocrx_word' id='word_1_892' title='bbox 2767 5691 2869 5749; x_wconf 88' lang='lat' dir='ltr'><strong>est,</strong></span> <span class='ocrx_word' id='word_1_893' title='bbox 2905 5681 2992 5737; x_wconf 89' lang='lat' dir='ltr'><strong>ubi</strong></span> <span class='ocrx_word' id='word_1_894' title='bbox 3027 5682 3094 5737; x_wconf 91' lang='lat' dir='ltr'><strong>de</strong></span> <span class='ocrx_word' id='word_1_895' title='bbox 3131 5696 3344 5739; x_wconf 89' lang='lat' dir='ltr'><strong>reorum</strong></span> <span class='ocrx_word' id='word_1_896' title='bbox 3376 5684 3556 5754; x_wconf 86' lang='lat' dir='ltr'><strong>capite</strong></span> <span class='ocrx_word' id='word_1_897' title='bbox 3590 5697 3770 5753; x_wconf 72' lang='lat' dir='ltr'><strong>agere.</strong></span> 
     </span>
     <span class='ocr_line' id='line_1_133' title="bbox 2215 5769 2294 5804; baseline 0 0"><span class='ocrx_word' id='word_1_898' title='bbox 2215 5769 2242 5804; x_wconf 82' lang='lat' dir='ltr'><strong>ll</strong></span> <span class='ocrx_word' id='word_1_899' title='bbox 2280 5786 2294 5804; x_wconf 76' lang='grc' dir='ltr'><strong>ι</strong></span> 
     </span>
    </p>
   </div>
   <div class='ocr_carea' id='block_1_129' title="bbox 2215 5769 2294 5808">
    <p class='ocr_par' dir='ltr' id='par_1_129' title="bbox 2215 5769 2294 5808">
     <span class='ocr_line' id='line_1_134' title="bbox 2215 5769 2294 5808; baseline 0.013 -1"><span class='ocrx_word' id='word_1_900' title='bbox 2215 5769 2294 5808; x_wconf 71' lang='lat' dir='ltr'><strong>Urs</strong></span> 
     </span>
    </p>
   </div>
  </div>
