4200 6178
408 267 515 324 505

1293 258 1776 318 PANEGYRICUS
1813 257 2064 317 PACATI
2100 258 2487 317 THEODOSIO
2524 255 2789 316 DICTUS.
3604 253 3709 312 $06

405 393 655 438 serorum
682 378 909 434 auribus
937 391 1003 433 ac
1028 375 1319 432 luminibus
1341 376 1672 442 hausissent,
1702 390 1827 431 cum
1859 375 2010 431 licto-
2037 382 2091 444 Α
2117 374 2329 430 fecisset
2361 376 2415 430 in
2443 376 2581 431 bella
2610 374 2693 431 vel
2718 375 2894 432 solum
2919 376 3128 431 venire.
3157 374 3291 431 Nam
3315 375 3359 431 si
3379 374 3509 431 olim
3540 374 3717 431 domi-

406 490 527 529 rum
552 488 723 537 arma,
753 487 874 526 cum
922 471 1303 525 damnatorum
1334 478 1359 505 ἰ
1402 469 1423 499 ⁸
1451 468 1617 523 frzena
1668 476 2010 535 traetassent,

410 565 647 636 pollutas
673 563 869 635 pmnali
901 578 1092 617 manus
1122 570 1373 617 contactu
1400 560 1466 614 ad
1496 575 1650 615 sacra
1678 558 2009 625 referebant,

406 667 463 714 et
490 656 849 713 caeremonias
875 670 1010 727 quas
1039 654 1455 722 ,incestaverant
1500 652 1795 716 mentibus,
1848 652 2011 705 etiam

409 750 732 821 corporibus
754 746 782 785 ιι
812 748 1131 817 impiabant.
1190 746 1298 800 llos
1330 745 1420 800 ille
1448 746 1467 775 ⁷
1498 744 1745 799 Phalaris
1796 745 1848 798 in
1878 744 2013 798 ami-

407 841 490 898 cis
530 840 782 904 habebat,
808 838 863 894 hi
895 841 915 871 ⁸
942 840 996 893 in
1025 838 1196 894 oculis
1224 837 1365 907 ejus,
1388 847 1548 906 atque
1578 837 1740 892 etiam
1773 836 1826 890 in
1855 849 2013 890 oscu-

410 934 479 990 lis
500 941 653 988 erant
683 948 699 998 ;
732 948 833 987 nec
855 933 1070 1003 injuria,
1122 943 1143 971 ο
1177 947 1207 986 a
1246 932 1441 1002 quibus
1495 939 1574 985 tot
1625 932 1783 985 simul
1830 930 2011 985 votiva

410 1027 722 1094 veniebant,
777 1041 943 1081 avaro
989 1026 1215 1082 divitum
1265 1026 1446 1092 bona;
1491 1035 1718 1081 cruento
1749 1024 2009 1079 innocen-

409 1120 542 1174 tium
571 1134 730 1188 pruna
756 1136 771 1184 ;
806 1119 974 1188 impio
997 1118 1275 1189 religionis
1300 1116 1326 1154 ά
1362 1118 1579 1188 injuria.

479 1209 654 1266 XXX.
697 1209 936 1265 Tandem
969 1210 1023 1265 in
1055 1224 1176 1279 nos.
1201 1210 1388 1265 oculos
1416 1210 1558 1265 Deus
1588 1209 1795 1274 retulit,
1830 1218 1883 1264 et
1916 1209 2012 1265 bo-

408 1304 497 1359 nis
520 1304 757 1359 Orientis
786 1305 1048 1371 intentus,
1096 1304 1161 1359 ad
1204 1304 1343 1358 mala
1386 1312 1569 1384 nostra
1628 1305 1902 1373 respexit,
1956 1314 2012 1360 et

412 1404 435 1432 θ
461 1393 606 1449 hunc
630 1396 927 1450 sacerrimo
948 1396 1141 1465 capiti'
1170 1395 1371 1466 objecit
1404 1396 1673 1461 furorem,
1703 1404 1762 1449 ut
1784 1398 1804 1427 ²
1838 1396 2011 1451 foedus

408 1491 755 1558 abrumpere,
788 1489 809 1518 ³
831 1488 922 1559 jus
947 1488 1140 1545 feciale
1159 1490 1381 1554 violare,
1416 1488 1616 1543 bellum
1658 1489 1874 1545 edicere
1902 1506 2027 1549 non,

411 1580 647 1637 timeret.
680 1582 763 1636 An
794 1596 897 1653 ego
932 1583 1049 1638 sine
1077 1582 1259 1636 divino
1290 1582 1512 1637 numine
1564 1580 1765 1637 factum
1801 1593 2005 1652 putem,

409 1682 465 1727 ut
496 1674 586 1743 qui
611 1672 714 1727 sub
763 1674 986 1729 nomine
1017 1675 1163 1744 pacis
1213 1674 1422 1741 ludere,
1454 1682 1509 1729 et
1532 1674 1552 1705 ⁸
1580 1676 1744 1746 primi
1785 1676 2009 1730 sceleris

2118 469 2170 524 ni
2200 468 2481 525 adversum
2518 469 2749 524 rebelles
2790 484 2977 525 servos
3020 470 3324 525 dimicaturi
3368 471 3387 501 "
3436 468 3601 540 ﬂagra
3657 469 3710 525 in

2116 561 2285 615 aciem
2335 560 2676 628 detulerunt,
2722 569 2973 632 tantaque
3002 562 3083 615 vis
3112 562 3461 618 conscientia:
3491 562 3619 626 fuit,
3654 570 3715 617 ut

2114 653 2182 708 ab
2214 655 2512 710 inermibus
2553 665 2892 711 verterentur
2935 656 3160 722 armati,
3201 667 3256 713 et
3290 658 3381 727 qui
3408 657 3717 713 obtulerant
3750 674 3753 675 '

2114 746 2379 801 mortibus
2406 757 2623 816 pectora
2647 748 2838 803 darent
2870 759 3017 818 terga
3055 750 3372 805 verberibus
3404 768 3419 803 :
3454 765 3632 805 nonne
3653 759 3711 805 tu

2113 853 2328 908 quoque
2359 839 2656 908 legionibus
2685 841 2873 894 otiosis
2910 856 3021 895 rem
3048 848 3212 895 totam
3246 843 3423 906 visus,
3468 843 3711 911 egisses?

2186 928 2382 985 XXXI.
2425 933 2505 983 An
2531 931 2801 986 sustinere
2824 942 2875 987 te
2905 947 3110 996 coram,
3146 944 3199 987 et
3224 934 3400 987 solum
3428 936 3710 990 oculorum

2115 1034 2327 1079 tuorum
2362 1024 2505 1079 ferre
2530 1025 2829 1093 conjectum
2852 1026 2942 1081 ille
2959 1025 3228 1096 quondam
3248 1025 3442 1080 domus
3465 1037 3569 1081 tuae
3585 1030 3600 1059 ¹
3619 1044 3714 1083 ne-

2114 1114 2533 1186 gligentissimus
2576 1116 2805 1171 vernula
2834 1158 2848 1183 ,
2903 1116 3377 1187 mensularumque
3433 1119 3713 1174 servilium

2113 1210 2370 1265 statarius
2404 1210 2506 1264 lixa
2545 1210 2855 1280 potuisset?
2886 1211 3000 1265 Non
3029 1210 3211 1266 statim
3260 1219 3429 1265 totum
3484 1212 3719 1267 subisset

2114 1302 2387 1358 hominem
2422 1305 2692 1373 praeterita
2734 1305 2818 1359 sui
2872 1305 3053 1374 tuique
3086 1306 3410 1375 reputatio?
3441 1304 3557 1359 Non
3601 1306 3716 1375 ipse

2112 1398 2215 1453 sibi
2244 1398 2537 1467 objecisset
2570 1409 2621 1453 te
2660 1414 2781 1453 esse
2806 1400 2826 1429 ²
2855 1399 3196 1469 triumphalis
3222 1399 3324 1453 viri
3355 1399 3521 1453 lilium
3545 1415 3558 1463 ;
3602 1408 3627 1445 8
3655 1413 3715 1454 se

2114 1493 2279 1561 patris
2329 1490 2633 1546 incertum?
2665 1501 2715 1545 te
2757 1490 3030 1547 hmredent
3079 1492 3430 1547 nobilissima:
3473 1492 3711 1557 familia};

2114 1582 2133 1613 ³
2164 1597 2222 1637 se
2252 1584 2543 1665 clientem?
2577 1594 2628 1637 te
2670 1584 2814 1637 omni
2840 1594 2985 1638 retro
3016 1593 3258 1653 tempore
3285 1584 3514 1639 Romani
3553 1600 3715 1638 exer-

2112 1676 2253 1731 citus
2284 1676 2498 1743 ducem,
2536 1677 2799 1731 libertatis
2823 1688 3103 1746 patronum
3132 1694 3145 1743 ;
3175 1674 3200 1711 ¹¹
3229 1690 3289 1732 se
3311 1676 3332 1706 ⁸
3359 1677 3506 1731 orbis
3534 1686 3716 1730 extor-

409 1782 599 1838 pcenas
639 1767 834 1823 lucrari
880 1768 1209 1839 quiescendo
1240 1770 1527 1837 potuisset,
1552 1767 1847 1823 secundum
1899 1778 2007 1823 ter-
2036 1776 2083 1835 Β
2111 1780 2248 1833 rem,
2285 1768 2578 1837 patriaeque
2606 1768 2886 1837 fugitivum
2911 1769 2933 1821 ?
2954 1769 3066 1838 jam
3090 1784 3219 1823 vero
3251 1778 3301 1823 te
3332 1770 3629 1838 principem
3658 1769 3713 1823 in

409 1860 653 1930 tiumque
680 1860 940 1915 vexillum
970 1860 1241 1915 latrocinii
1271 1859 1446 1915 civilis
1480 1859 1752 1914 attolleret
1778 1901 1791 1925 ,
1825 1868 1879 1914 et
1918 1873 2004 1913 su.

408 1953 611 2024 pcratis
641 1953 660 1983 ⁵
681 1952 912 2022 Alpibus
931 1952 1158 2019 Cottiis,
1190 1951 1330 2007 Julia
1355 1966 1569 2023 quoque
1597 1952 1829 2007 claustra
1860 1952 2005 2006 laxa-

406 2054 523 2111 ret,
554 2045 789 2115 tibique,
826 2044 1157 2114 imperator,
1194 2046 1522 2113 imponeret,
1556 2053 1784 2098 servatze
1832 2044 2006 2100 adhuc

407 2137 581 2192 venia:
630 2136 813 2203 iidem,
843 2137 1093 2193 vincendi
1140 2138 1542 2193 necessitatem.
1572 2137 1782 2207 Agebat
1838 2152 1961 2192 eum
1988 2180 2003 2203 ,

405 2229 604 2294 credo,
648 2230 981 2300 przecipitem
1021 2228 1341 2285 vindicanda
1374 2231 1482 2300 jam
1530 2231 1777 2299 proximo
1829 2231 2006 2286 ultore

405 2325 738 2395 reSpublica,
767 2333 824 2381 et
845 2325 1143 2380 exstinctus
1179 2336 1368 2395 aperto
1395 2326 1415 2355 ⁶
1442 2326 1689 2380 dominus
1713 2324 2005 2395 parricidio

408 2433 597 2489 pinnas
626 2420 696 2473 ab
749 2432 815 2474 eo
840 2418 1052 2473 debitas
1082 2419 1393 2488 expetebat.
1425 2418 1540 2473 Non
1566 2418 1616 2473 id
1656 2417 2000 2483 confidentia,

405 2511 505 2567 sed
562 2512 834 2577 amentia;
907 2527 1013 2566 non
1069 2510 1367 2578 temeritas,
1406 2510 1501 2566 sed
1533 2512 1825 2565 necessitas
1845 2517 2003 2572 erat;

407 2621 513 2661 nec
563 2606 709 2661 ultro
736 2605 1041 2661 lacessebat
1087 2604 1175 2660 ille
1208 2614 1260 2659 te
1288 2604 1461 2669 bello;
1495 2604 1590 2659 sed
1638 2604 1864 2659 ulterius
1896 2601 1913 2638 ί
1945 2617 2006 2657 se

408 2712 607 2768 negare
656 2698 923 2767 supplicio
983 2712 1088 2751 non
1143 2704 1373 2764 poterat.
1426 2695 1679 2764 Alioquin
1736 2694 2006 2765 quomodo

408 2800 611 2847 tantam
650 2790 993 2861 concepisset
1036 2790 1347 2854 audaciam.
1392 2799 1447 2845 ut
1482 2806 1637 2846 ruere
1679 2790 1730 2845 in
1780 2789 2003 2857 ferrum,

408 2894 467 2941 et
490 2884 703 2940 obviam
760 2885 920 2940 morti
953 2885 1140 2940 venire
1168 2894 1274 2939 tam
1308 2884 1530 2954 ignavus
1558 2892 1613 2938 et
1644 2884 1837 2939 timens
1864 2898 2008 2937 mor-

409 2976 482 3032 tis
531 2977 779 3043 auderet,
813 2986 870 3033 ut
891 2979 980 3049 qui
1011 2994 1071 3034 se
1102 2995 1206 3032 non
1238 2978 1475 3048 potuerit
1502 2987 1687 3048 postea
1726 2979 1811 3033 vel
1838 2980 2008 3034 vietus

415 3071 707 3127 occidere?
731 3072 798 3127 Et
826 3082 879 3127 te
907 3072 1148 3143 quidem,
1166 3073 1465 3143 imperator
1492 3072 1752 3145 Auguste,
1772 3074 1838 3130 ad
1861 3089 2007 3130 asse-

2113 1860 2289 1915 medio
2332 1861 2641 1929 reipublica:
2681 1862 2825 1925 sinu,
2869 1862 3109 1915 omnium
3157 1861 3412 1931 suffragio
3456 1862 3709 1928 militum,

2109 1967 2376 2007 consensu
2407 1954 2827 2023 provinciarum,
2860 1955 3027 2023 ipsius
3058 1954 3293 2024 denique
3312 1954 3517 2008 ambitu
3538 1955 3709 2025 impe-

2110 2047 2309 2100 ratoris
2338 2054 2576 2115 optatum
2604 2064 2617 2109 ;
2662 2061 2719 2101 se
2769 2047 2821 2101 itt
2853 2047 3041 2101 ultimo
3073 2056 3337 2101 terrarum
3367 2062 3607 2113 recessu,
3637 2049 3715 2104 le-

2108 2136 2358 2206 gionibus
2415 2138 2646 2201 nesciis,
2684 2138 2694 2174 ί
2756 2139 3003 2194 adversis
3045 2141 3449 2209 provinciarum
3495 2140 3710 2206 studiis,

2111 2229 2272 2284 nullis
2310 2231 2543 2301 denique
2585 2232 2837 2302 auspiciis
2882 2234 2934 2287 in
2981 2234 3107 2288 illttd
3162 2235 3428 2305 tyrannici
3472 2237 3711 2291 nominis

2107 2323 2375 2391 aspirasse
2421 2324 2670 2379 furtum?
2705 2337 2981 2394 postremo
3024 2336 3201 2381 tecum
3258 2327 3457 2389 fidem;
3520 2342 3705 2383 secum

2110 2414 2421 2483 perfidiam;
2472 2426 2645 2472 tecum
2676 2417 2755 2471 las
2785 2435 2799 2483 ;
2832 2433 3017 2473 secum
3060 2417 3230 2486 nefas;
3269 2428 3443 2473 tecum
3466 2417 3592 2488 jus;
3622 2433 3709 2474 se-

2108 2524 2229 2564 cum
2259 2511 2507 2581 injuriam
2534 2530 2547 2578 ;
2587 2522 2760 2568 tecum
2790 2514 3157 2579 clementiam,
3190 2514 3543 2582 pudicitiam,
3575 2514 3711 2569 reli-

2107 2603 2349 2673 gionem;
2379 2620 2562 2660 secum
2596 2608 2950 2676 impietatem,
2978 2607 3282 2673 libidinem,
3308 2606 3712 2672 crudelitatem,

2109 2706 2162 2751 et
2191 2698 2435 2753 omnium
2469 2700 2758 2767 scelerum,
2793 2712 3295 2771 postremorumque
3323 2700 3577 2755 vitiorum
3607 2709 3716 2755 sta-

2110 2802 2169 2843 re
2193 2791 2517 2861 collegium?
2546 2793 2653 2847 Res
2680 2795 2823 2861 ipsas
2847 2794 3261 2862 interrogemus.
3282 2803 3357 2856 et,
3380 2808 3501 2861 qua:
3519 2795 3716 2848 certis-

2108 2884 2248 2945 sima
2285 2889 2608 2959 conjectatio
2655 2897 2766 2949 est.
2816 2888 2829 2936 i
2884 2888 3201 2959 colligamus
3251 2887 3487 2957 gerenda
3524 2888 3713 2957 gestis.

2109 2987 2247 3043 Num
2280 2982 2496 3039 tandem
2527 2981 2759 3037 dubitari
2794 2990 2992 3050 potest,
3028 2982 3152 3053 quid
3189 2981 3350 3037 fuerit
3379 2996 3446 3037 eo
3472 2996 3713 3050 praesen-

2111 3090 2186 3145 te,
2217 3078 2476 3143 facturus,
2506 3092 2666 3147 quem
2690 3090 2795 3130 non
2828 3077 2985 3139 vidit,
3027 3087 3079 3130 et
3116 3075 3287 3147 fugit?

411 3164 634 3219 rendam
653 3164 1065 3236 rempublicam.
1087 3165 1559 3238 usurpandamque
1585 3168 1863 3224 victoriam
1892 3168 2004 3223 suf-
2035 3161 2081 3223 C
2182 3169 2671 3238 XXXll.Quamvis
2700 3168 2885 3240 igitur,
2917 3169 3233 3240 imperator,
3268 3169 3424 3225 hoste
3455 3170 3548 3225 tali
3578 3170 3716 3225 abu—

1777 3283 2355 3344 INTERPRETATIO.

487 3387 512 3414 ⁸
552 3378 797 3435 Vincula.

485 3447 514 3489 δ
542 3450 886 3505 Polluehant.

414 3599 435 3645 ι
490 3531 512 3559 ο
546 3521 649 3577 Per
667 3537 803 3593 quos
826 3531 904 3578 tot
930 3537 1017 3579 res
1046 3523 1414 3593 Optatissimas
1446 3522 1609 3580 simul
1639 3523 2008 3595 consequeba-

439 3606 521 3645 ur.
1663 3638 1675 3645 .

439 3606 521 3645 ur.

484 3663 511 3697 ά
542 3663 789 3719 Violatio.

489 3744 511 3770 ο
545 3735 760 3790 Homini
792 3736 1415 3808 improbissimoinjecit.

2188 3382 2209 3421 τ
2242 3384 2312 3440 Se
2342 3383 2644 3438 subducere
2670 3380 2853 3436 morti.

2186 3465 2211 3502 8
2243 3455 2313 3509 Se
2342 3454 2530 3509 incerti
2560 3452 2749 3522 patris.

2183 3525 2211 3561 ιι
2234 3526 2303 3581 Se
2334 3520 2573 3594 ejectum
2592 3526 2660 3577 ab
2685 3520 2939 3577 onmibus
2970 3531 3023 3576 et
3046 3522 3215 3592 patria
3243 3524 3479 3593 pulsum.

2190 3597 2206 3634 ί
2243 3595 2690 3650 Adversantibus.

2186 3669 2201 3716 t
2239 3667 2315 3723 Ex
2341 3668 2507 3737 gestis
2532 3666 2694 3722 rebus
2714 3665 2975 3735 gerendas
2998 3666 3348 3723 :estimemus.

1932 3823 2159 3883 NOTAE.

486 3926 509 3997 ἐ
539 3924 749 3997 Eritne.
781 3926 863 3981 An
894 3927 1072 3997 potius
1100 3927 1309 3993 funera,
1349 3934 1407 3982 ut
1428 3926 1680 3982 emendat
1706 3924 2006 3997 Livineius.

489 3996 509 4027 ⁷
542 3995 802 4069 Phalaris.
828 3995 1127 4052 Phalaridis
1157 3997 1627 4067 Agrigentinorum
1658 3995 1874 4069 tyranni
1899 4009 2009 4069 Ano-

415 4078 465 4123 ta
495 4068 807 4136 crudelitas,
844 4077 901 4123 ut
942 4069 1138 4124 ferocis
1179 4066 1408 4138 alicujus
1440 4069 1653 4139 tyranni
1684 4066 2008 4136 exemplum

412 4140 697 4211 qurerenti,
725 4141 902 4194 statim
932 4140 1023 4211 ille
1048 4152 1317 4195 occurrat.

485 4213 507 4243 ⁸
535 4210 602 4263 In
619 4212 779 4265 oculis
803 4214 935 4283 ejus.
961 4210 1091 4265 Esse
1110 4213 1266 4266 alicui
1291 4213 1353 4283 in
1375 4212 1557 4265 oculis.
1593 4209 2007 4283 Ciceronianus,

413 4280 882 4352 Terentianusque
936 4282 1189 4351 loquendi
1235 4282 1425 4337 modus
1454 4298 1553 4352 pro
1598 4283 1762 4334 amari
1812 4281 2004 4334 unice:

415 4368 666 4407 essevero
709 4354 761 4406 in
799 4351 1016 4418 osculis,
1052 4354 1137 4407 tthi
1168 4361 1428 4421 pra-terea
1461 4351 1668 4415 legatur
1703 4352 1842 4405 haud
1873 4351 2005 4404 scio.

487 4423 771 4495 XXX.-—I
806 4423 1004 4495 Objecit
1034 4428 1279 4494 furerent.
1307 4424 1352 4478 A
1374 4423 1477 4478 diis
1497 4422 1647 4477 iratis
1675 4424 1809 4495 mala
1832 4422 2011 4495 cousi-

414 4494 483 4549 Iia
514 4496 565 4548 in
592 4494 889 4550 hominum
907 4507 1114 4549 mentes
1139 4495 1352 4549 immitti
1371 4503 1583 4549 veteres
1604 4494 2004 4547 existimabant.

415 4566 594 4631 Quare
621 4567 850 4622 Pacatus
882 4567 982 4620 hoc
1013 4566 1133 4619 loco
1159 4566 1272 4619 Deo
1306 4565 1468 4619 totius
1498 4565 1735 4618 Orientis
1780 4576 2009 4634 patrono

2191 3918 2212 3950 ³
2236 3918 2334 3972 Jus
2369 3918 2551 3986 feciale
2579 3917 2790 3971 violare.
2849 3917 2904 3972 Id
2965 3925 3045 3971 est
3077 3915 3279 3970 bellum
3350 3914 3552 3971 inferre
3589 3924 3716 3973 ante

2120 3992 2312 4044 missos
2338 3988 2573 4044 feciales.
2603 3989 2786 4058 Neque
2818 3989 2961 4043 enim
2990 3987 3194 4058 licebat
3229 3987 3427 4041 bellum
3476 3986 3709 4053 inferre,

2118 4062 2217 4115 nisi
2263 4060 2313 4114 hi
2357 4061 2571 4128 etjusta
2601 4056 2763 4114 causa
2807 4067 3114 4128 susceptum
3165 4056 3614 4124 declaravissent,
3663 4070 3718 4115 et

2119 4134 2266 4202 prius
2292 4130 2632 4185 indixiSsent.
2666 4130 2913 4200 (l'nrro.)

2189 4203 2210 4233 ⁸
2248 4202 2413 4255 Primi
2455 4199 2682 4256 sceleris.
2716 4199 3432 4271 Occupatiitnporiipmnam
3450 4200 3709 4271 effugere.

2190 4274 2209 4303 ⁵
2238 4273 2454 4337 Alpibus
2470 4271 2671 4326 Cottiis.
2691 4274 2850 4340 Alpes
2871 4269 2992 4325 alim
3016 4269 3211 4339 Cottiw,
3235 4272 3356 4324 alite
3383 4271 3541 4326 Julia:
3558 4269 3580 4326 Ξ
3602 4281 3709 4329 clc.

2192 4346 2211 4375 ⁶
2244 4342 2516 4396 Dominus.
2549 4343 2858 4398 Gratianus.

2122 4484 2125 4485 ν
2190 4417 2208 4445 ⁷
2242 4412 2732 4495 lagra-aciem.
2777 4413 2830 4467 Id
2854 4413 2919 4495 de
2945 4410 3161 4495 Scythis
3199 4411 3444 4495 referunt.
3468 4410 3711 4495 Herodo-

2121 4484 2206 4538 tus
2249 4480 2401 4537 initio
2432 4484 2816 4550 Melpomenes.
2845 4482 3087 4550 Justinus
3120 4481 3154 4533 Ι.
3204 4496 3261 4533 ll.
3290 4492 3343 4533 et
3386 4480 3713 4535 Claudianus

2119 4555 2155 4609 l.
2190 4571 2205 4609 ι
2238 4555 2288 4607 in
2314 4549 2626 4622 Eutropiutn
2658 4553 2781 4607 508.
2830 4552 2896 4606 Ut
2930 4549 3124 4620 Scytha
3156 4560 3267 4621 post
3298 4552 3483 4622 multos
3510 4552 3710 4606 rediens

417 4621 881 4691 ﬁaximifurorem
907 4638 1111 4692 tribuit.
1134 4637 1224 4692 Sic
1243 4634 1670 4691 llomeruslliad.
1688 4634 1753 4702 A,
1773 4621 1917 4689 vers.
1944 4636 2010 4690 8:
2037 4637 2091 4697 D
2117 4626 2366 4702 exercitus
2392 4621 2692 4702 cuneatum
2714 4624 2812 4702 sibi
2836 4623 3009 4702 servili
3040 4638 3131 4688 pro
3162 4621 3349 4688 ﬁnibus
3382 4621 3527 4675 obvia
3555 4623 3711 4690 pubes

665 4744 726 4789 τὶς
748 4738 793 4793 ἄρ
818 4748 912 4793 σφῶι
931 4743 1017 4780 θῶν
1041 4738 1133 4792 ἴριδι
1158 4741 1299 4789 ξ’δνίηιῑ
1318 4740 1509 4792 pilabat.

422 4810 671 4876 Quisnam
698 4813 838 4881 ipsos
874 4812 1086 4866 deorum
1118 4812 1439 4865 contentione
1466 4811 1718 4863 commisit
1743 4810 2010 4879 pugnare?

419 4882 630 4937 Tullius
653 4899 747 4950 pro
773 4882 988 4946 Milone,
1023 4899 1077 4936 η.
1102 4883 1201 4938 88:
1235 4881 1338 4935 llic
1365 4882 1440 4935 dii
1466 4883 1809 4944 immortales,
1843 4892 1895 4934 ut
1924 4898 2012 4935 su-

421 4970 515 5023 pra
559 4954 688 5017 dixi,
722 4964 935 5008 mentem
967 4954 1212 5007 dederunt
1241 4954 1320 5007 illi
1354 4952 1574 5020 perdito,
1606 4968 1671 5023 ac
1709 4952 1928 5021 furioso,
1959 4960 2012 5005 ut

422 5022 538 5077 huic
565 5026 753 5093 faceret
779 5025 1019 5088 insidias;
1054 5026 1202 5077 aliter
1230 5024 1397 5091 perire
1426 5024 1577 5089 pestis
1595 5022 1689 5075 illa
1723 5038 1824 5076 non
1875 5033 2014 5092 pote-

420 5104 517 5150 rat.
582 5096 670 5152 Sic
696 5096 834 5165 apud
858 5095 1045 5164 Virgil.
1075 5094 1287 5149 :Eneid.
1316 5110 1371 5158 x,
1403 5095 1499 5149 72:
1575 5108 1580 5114 ‘

516 5188 777 5314 ggiifgdeus
797 5190 847 5237 in
862 5188 1104 5252 fraudem,
1127 5203 1238 5253 quae
1252 5189 1374 5239 dura
1395 5190 1611 5250 potentia
1633 5193 1799 5238 nostra

594 5255 654 5302 ἰιῖ

494 5335 514 5365 ¹
549 5332 741 5388 Ρωάυε
782 5336 1100 5403 abrumpere.
1151 5332 1413 5388 Maximus
1460 5342 1712 5400 suscepto
1748 5331 2008 5387 invaden-

419 5405 505 5459 dae
540 5405 702 5458 Italia:
739 5405 987 5467 consilio.
1011 5406 1215 5461 veritus
1245 5421 1309 5459 ne
1335 5406 1384 5458 in
1426 5405 1639 5472 Alpium
1672 5415 2010 5471 transgressu

420 5475 814 5541 concideretur,
835 5478 1118 5541 llomnino,
1134 5490 1294 5543 quem
1320 5475 1720 5530 Valentinianus
1743 5474 2009 5544 Aquileia,

421 5562 527 5616 quo
549 5561 608 5601 se
631 5556 906 5615 receperat
933 5548 1037 5603 sibi
1090 5548 1312 5617 legarat.
1343 5561 1526 5615 pacem
1552 5548 1755 5615 petenti
1805 5548 1857 5598 in
1890 5558 2007 5617 spe.

421 5614 558 5671 ciem
601 5614 827 5685 annuit,
859 5626 913 5672 at
944 5614 1256 5673 redeuntem
1284 5614 1405 5672 cum
1431 5618 1670 5671 exercitu
1703 5630 1801 5669 suo
1828 5614 2012 5685 occul-

422 5697 479 5812 ti;
525 5689 830 5821 i.r)tsecutus,
862 5688 1068 5745 Italiam
1109 5689 1288 5746 subito
1309 5692 1590 5758 occupavit
1631 5685 1884 5755 (Prosper
1920 5684 2011 5739 Pi.

466 5774 543 5813 ta’t
578 5792 588 5810 .

466 5774 588 5813 οαύ.

2116 4698 2230 4759 iret,
2255 4706 2299 4750 et
2319 4706 2509 4750 arceret
2532 4695 2753 4747 dominis
2779 4692 2958 4748 tellure
2982 4708 3207 4747 reversos
3224 4733 3238 4754 ,
3262 4702 3510 4745 armatam
3542 4704 3711 4749 osten-

2116 4770 2185 4823 εἰς
2223 4768 2383 4820 aciem
2437 4766 2616 4835 fudere
2642 4766 2882 4835 ﬂagellis.

2202 4837 2390 4891 XXXI.
2413 4834 2482 4877 4—
2502 4839 2518 4869 ¹
2536 4834 3015 4908 Negligentissimns
3035 4835 3267 4908 vernula.
3292 4834 3499 4905 Nempe
3544 4835 3713 4891 Maxi-

2119 4924 2261 4973 mus,
2295 4923 2451 4976 quem
2491 4905 2923 4961 mox'statarium
2962 4907 3117 4959 lixam
3161 4905 3453 4968 Ausonius;
3488 4908 3709 4977 armige-

2116 4997 2232 5034 rum
2281 4979 2441 5032 lixam
2495 4978 2727 5046 appellat
2783 4978 3029 5031 Pacatus.
3079 4976 3241 5045 Atqui
3293 4978 3538 5031 Zosimus
3579 4976 3709 5030 Ιζιν

2119 5051 2405 5105 Maximum
2428 5048 2716 5103 Theodosii
2762 5049 3183 5102 commilitonem
3218 5047 3381 5102 fuisse
3411 5049 3559 5101 dicit.
3601 5046 3705 5100 Sed

2119 5136 2260 5190 quae,
2288 5130 2345 5173 ιιι
2370 5121 2475 5186 iam
2512 5134 2656 5186 smpe
2684 5119 2814 5184 dixi,
2869 5118 2992 5173 huic
3020 5119 3221 5190 auctori
3258 5118 3393 5173 ﬁdes
3439 5130 3558 5171 esse
3611 5116 3707 5190 de:

2121 5188 2263 5247 beat.
2292 5191 2400 5245 Nisi
2426 5192 2560 5245 forte
2583 5192 3005 5244 commilitonem
3029 5189 3316 5243 Theodosii
3349 5198 3522 5250 vocet,
3542 5188 3631 5256 qui
3656 5188 3707 5241 ei

2124 5262 2376 5330 pugnanti
2433 5262 2601 5316 instar
2636 5262 2841 5316 calonis
2894 5271 2983 5314 aut
3037 5261 3275 5313 vernulae
3319 5258 3702 5330 ministrasset.

2125 5327 2356 5387 Vernula
2382 5344 2560 5387 autem
2590 5334 2633 5385 is
2661 5344 2765 5395 cst,
2788 5331 2878 5402 qui
2906 5347 2969 5386 ex
3006 5330 3198 5384 famula
3231 5338 3407 5381 natus.
3435 5327 3506 5381 Ita
3534 5330 3705 5397 glossa

2115 5405 2355 5459 editionis
2384 5404 2710 5457 Basilecnsis.

2190 5478 2210 5506 ²
2237 5474 2585 5545 Triumphalis
2628 5475 2727 5526 viri
2773 5473 2960 5545 ﬁliuni.
3008 5468 3299 5523 Theodosii
3329 5479 3478 5538 pater
3518 5471 3707 5525 trium-

2119 5545 2293 5617 phalia
2328 5541 2597 5617 meruerat
2619 5553 2742 5617 post
2768 5541 2997 5617 Getthos
3022 5549 3322 5610 superatos.

2194 5617 2214 5648 ³
2242 5616 2312 5669 Se
2330 5616 2583 5669 clientem.
2618 5613 2745 5666 Ture
2772 5611 3009 5665 familiae.

2192 5686 2215 5717 ⁸
2257 5686 2407 5741 Orbis
2435 5695 2710 5738 extorrem.
2738 5684 2871 5750 Quia
2899 5698 2963 5738 ex
2985 5682 3155 5739 divisa
3181 5692 3306 5754 toto
3334 5682 3469 5740 orbe
3496 5682 3709 5740 Britan-

2121 5758 2207 5813 nia
2230 5765 2374 5814 esset
2399 5754 2658 5812 oriundus
