4200 6178
461 253 568 310 507

1643 256 2078 317 THEODOSIIJS
2119 258 2209 316 ET
2245 258 2583 318 PACATUS.

3652 265 3757 322 508

461 376 655 432 tereris
675 416 691 443 ,
721 390 819 431 nec
842 384 951 431 tam
979 374 1048 429 ad
1078 373 1321 443 praelium
1373 374 1771 429 conserendum
1798 389 1959 445 quam
1988 374 2057 430 ad
2082 378 2136 443 Α
2161 386 2219 430 ιιι
2248 387 2371 431 tuus
2399 377 2689 433 diceretur.
2714 377 2927 447 Quanta
2956 384 3040 434 est
3065 378 3282 435 virtutis
3308 378 3569 436 ambitio!
3601 381 3623 414 ⁸
3648 382 3754 438 Ac-

464 468 783 541 supplicium
829 467 899 521 de
949 464 1157 520 nefario
1203 467 1379 535 capite
1431 466 1752 521 sumendum
1798 468 2054 531 venires,

464 560 710 615 consiliis
755 567 935 612 tamen
980 558 1162 621 tantis,
1195 560 1463 628 tantisque
1510 558 1811 614 rationibus
1853 559 2057 615 bellum

459 652 896 716 administrabaa,
928 653 945 683 ι
971 661 1029 708 ιιι
1052 666 1176 707 cum
1216 652 1379 707 Perse
1417 653 1601 721 aliquo
1626 653 2004 709 decertaturus
2037 692 2053 719 ,

458 756 552 803 aut
587 746 820 817 Pyrrho,
865 754 956 799 aut
985 760 1111 800 cum
1150 745 1244 800 illo
1294 747 1409 815 ipso
1462 746 1725 801 Annibale
1770 746 2052 807 videreris.

463 840 595 896 Nam
647 828 880 909 primum
929 837 1088 892 fidem
1143 854 1363 908 regum,
1393 838 1588 909 quibus
1618 838 1775 893 limes
1821 837 2061 894 Orientis

462 932 730 995 ambitur,
760 930 884 985 data
934 940 1097 1000 atque
1140 939 1362 999 accepta
1404 929 1625 985 dextera
1678 929 1902 996 ﬁrmas,
1949 944 2057 999 quo

462 1026 596 1081 foris
624 1040 852 1082 securus
879 1025 1213 1095 agitares,si
1267 1023 1396 1078 nihil
1446 1023 1738 1078 sollicitum
1789 1032 1844 1077 et
1871 1038 2060 1093 suspe-

461 1118 714 1175 ctandam
751 1118 897 1172 domi
935 1117 1273 1184 reliquisses.
1304 1116 1457 1170 Tunc
1499 1116 1683 1184 copias
1708 1125 1828 1170 tuas
1854 1123 1881 1153 ι
1911 1114 2061 1170 trifa-

463 1211 597 1267 riam
628 1209 844 1276 dividis,
875 1218 935 1263 ut
976 1218 1033 1264 et
1061 1208 1230 1263 hostis
1260 1207 1535 1261 audaciam
1569 1206 1921 1276 multiplicato
1945 1217 2057 1263 ter-

458 1317 585 1359 rore
636 1302 961 1371 percelleres
988 1341 1004 1367 ,
1036 1309 1090 1357 et
1127 1300 1155 1339 ιι
1190 1301 1366 1370 fugam
1408 1298 1764 1355 circumfusus
1801 1301 2056 1355 ambires.

464 1398 746 1454 Postremo
772 1398 794 1429 ⁸
827 1396 1036 1465 papulis
1057 1394 1429 1458 barbarorum,
1467 1395 1769 1449 ultroneam
1799 1394 1893 1449 tibi
1922 1409 2058 1465 ope-

462 1505 577 1546 ram
620 1489 760 1544 ferre
790 1488 1110 1543 voventibus
1141 1486 1572 1541 commilitonum
1604 1501 1800 1541 munus
1833 1496 1854 1527 ε
1881 1486 2060 1540 indul-

460 1599 576 1654 ges,
609 1591 666 1637 ut
686 1581 784 1637 et‘
816 1582 967 1635 limiti
997 1594 1187 1635 manus
1209 1590 1459 1649 suspecta
1484 1578 1795 1645 desederet,
1826 1589 1878 1633 et
1899 1578 2057 1633 militi

460 1676 749 1730 auxiliator
796 1673 1100 1728 accederet.
1142 1672 1258 1739 Qua
1307 1682 1393 1725 tua
1439 1671 1767 1741 benignitate
1812 1670 2059 1741 pellecta

2157 468 2393 537 cipiebas
2424 470 2743 525 beneficium
2771 473 2912 539 quod
2946 473 3264 541 imputares.

2229 560 2470 616 XXXIII.
2500 561 2846 619 Memorabile
2868 564 3074 633 putavit
3098 564 3411 635 antiquitas,
3438 564 3584 635 quod
3607 568 3623 598 ¹
3652 567 3755 621 Ac-

2160 653 2297 707 tiaco
2344 652 2634 721 aliquando
2665 653 2811 708 bello
2854 654 3081 709 ducibus
3110 656 3456 725 motibusque
3499 656 3758 713 Romanis

2159 743 2441 814 peregrina
2469 743 2734 816 Egyptus
2760 761 2907 799 arma
2936 748 3252 815 permiscuit
3276 786 3291 813 ,
3322 756 3641 818 tantumque
3669 766 3757 806 res

2159 839 2363 893 credita
2396 848 2481 893 est
2507 838 2709 893 habere
2734 838 3010 904 novitatis,
3028 848 3053 889 ι
3079 850 3136 894 ιιι
3159 841 3258 894 nisi
3289 840 3601 911 frequenter
3625 842 3758 898 isset

2162 932 2214 985 in
2262 932 2487 997 litteras,
2519 934 2658 1002 apud
2689 939 2936 1001 posteros
2965 934 3243 988 videretur
3285 935 3408 988 facti
3442 934 3576 989 fides
3609 936 3758 991 labo-

2160 1033 2359 1078 ratura.
2404 1022 2536 1078 Nam
2572 1024 2693 1093 quis
2720 1024 2991 1079 annalium
3023 1025 3288 1094 scriptor,
3317 1034 3408 1079 aut
3450 1025 3757 1082 Carminium

2162 1124 2283 1170 tuas
2312 1117 2450 1179 illas.
2479 1119 2498 1149 ³
2523 1116 2834 1186 Cleopatra,
2866 1118 3088 1181 classes,
3119 1128 3174 1173 et
3199 1116 3227 1156 ιι
3248 1117 3471 1174 eborata
3498 1119 3706 1189 navigia
3734 1160 3754 1185 ,

2160 1221 2217 1266 et
2258 1226 2523 1280 purpurea
2567 1227 2690 1266 eum
2737 1211 2940 1266 auratis
2967 1210 3184 1267 funibus
3210 1212 3325 1267 vela
3374 1211 3575 1265 tacuit?
3610 1212 3748 1280 Quin

2162 1302 2232 1357 ita
2262 1303 2454 1358 crebro
2504 1303 2728 1358 historia
2759 1298 3031 1359 recantata
3059 1314 3163 1369 est,
3193 1302 3210 1341 ί
3242 1304 3412 1374 magis
3439 1316 3497 1358 ut
3535 1304 3603 1359 ab
3645 1306 3753 1359 eis-

2160 1392 2283 1449 dem
2316 1410 2461 1465 sa-pe
2486 1394 2650 1459 dicta,
2679 1409 2837 1464 quam
2858 1404 2917 1450 ut
2951 1395 3019 1450 ab
3049 1396 3228 1466 aliquo
3252 1395 3557 1450 intermissa
3582 1396 3759 1451 videa-

2164 1492 2268 1539 tur.
2301 1484 2418 1539 Non
2442 1485 2767 1540 contendam
2791 1485 2979 1541 duces.
3010 1485 3121 1541 Nec
3147 1486 3290 1541 enim
3317 1485 3613 1555 principem
3661 1500 3759 1541 no-

2162 1585 2331 1634 strum
2359 1594 2463 1634 non
2492 1578 2666 1633 dicam
2689 1581 2863 1633 victus
2880 1578 3171 1643 Antonius,
3189 1579 3284 1634 sed
3301 1580 3472 1633 victor
3484 1578 3761 1648 Augustus

2160 1671 2472 1741 aequaverit.
2504 1671 2708 1739 Quidin
2741 1673 2953 1727 caeteris
2974 1670 3164 1726 saltem
3193 1671 3370 1726 simile
3395 1671 3761 1741 deprehendi-

462 1784 654 1825 onmes
684 1767 950 1839 Scythica:
991 1766 1241 1820 nationes
1268 1764 1432 1819 tantis
1455 1764 1794 1819 examinibus
1818 1761 2058 1818 conﬂue-
2085 1775 2135 1835 Β
2162 1764 2321 1817 mus?
2354 1762 2618 1818 maximei
2648 1763 2693 1817 si
2724 1778 2907 1818 rerum
2934 1770 3349 1833 temporumque
3374 1760 3538 1818 facies
3567 1761 3759 1818 altrin-

466 1862 618 1927 bant,
635 1870 709 1924 ut,
734 1874 893 1929 quem
909 1859 1197 1913 remiseras
1212 1857 1336 1919 tuis,
1353 1854 1596 1910 barbaris
1615 1854 1872 1910 videreris
1888 1854 2058 1926 impe-

463 1966 615 2007 rasse
651 1950 931 2005 dilectum.
982 1946 1027 2003 Ο
1075 1962 1165 2002 res
1218 1947 1375 2017 digna
1428 1947 1763 2001 memoratu!
1795 1944 1910 1999 Ibat
1958 1945 2059 2002 sub

465 2047 695 2103 ducibus
718 2043 1034 2113 vexillisque
1066 2042 1320 2096 Romanis
1344 2040 1516 2095 bustis
1546 2038 1835 2109 aliquando
1862 2038 2063 2094 Roma-

465 2156 588 2206 nus,
618 2149 673 2193 et
700 2138 848 2208 signa
876 2147 1064 2192 contra
1094 2150 1216 2205 quae
1245 2141 1471 2189 steterat
1492 2133 1837 2202 sequebatur,
1869 2133 2061 2188 urbes-

464 2249 571 2304 que
597 2232 620 2265 δ
648 2230 942 2287 Pannonia:
965 2272 980 2298 ,
1011 2244 1145 2299 quas
1203 2228 1415 2283 inimica
1461 2227 1689 2282 dudum'
1714 2228 2063 2298 populatione

464 2334 805 2393 vacuaverat,
833 2324 986 2379 miles
1015 2322 1355 2391 impleverat.
1386 2322 1405 2352 ⁸
1432 2319 1663 2375 Gottbus
1687 2320 1800 2384 ille,
1828 2330 1884 2375 et
1913 2320 2062 2375 Hunc

464 2437 589 2488 nus,
622 2430 678 2477 et
708 2420 911 2475 Alanus
938 2416 1301 2486 respondebat
1328 2413 1396 2471 ad
1434 2428 1654 2479 nomen,
1680 2422 1736 2469 et
1756 2414 2063 2471 alternabat

468 2514 726 2571 excubias
756 2509 822 2579 ,ἀ
861 2521 916 2566 et
962 2510 1137 2565 notari
1180 2506 1494 2577 infrequens
1522 2507 1830 2562 verebatur.
1874 2507 2064 2562 Nullus

467 2610 727 2665 tumultus
751 2649 766 2674 ,
799 2607 944 2662 nulla
970 2604 1214 2660 confusio
1240 2645 1255 2669 ,
1287 2602 1429 2657 nulla
1457 2600 1711 2670 direptio,
1743 2610 1766 2638 ε
1795 2611 1852 2656 ιιι
1879 2616 1909 2655 a
1942 2601 2065 2656 bar-

470 2702 625 2766 baro,
654 2709 792 2756 erat.
824 2699 966 2766 Quin
995 2698 1039 2752 si
1066 2696 1283 2768 quando
1308 2693 1581 2749 diflicilior
1600 2692 1950 2748 frumentaria
1976 2708 2067 2749 res

469 2794 699 2861 fuisset,
738 2794 972 2863 inopiam
1028 2790 1295 2860 patienter
1352 2787 1597 2853 ferebat,
1630 2784 1648 2823 ί
1678 2795 1731 2840 et
1774 2800 1934 2856 quam
1968 2800 2068 2839 nu-

472 2899 625 2941 mero
653 2891 891 2938 arctarat
924 2897 1191 2937 annonam
1217 2922 1233 2946 ,
1256 2879 1653 2950 compareendo
1685 2878 1937 2945 laxabat;
1971 2892 2067 2948 pro

468 2977 618 3033 omni
649 2975 870 3048 praemio
895 2975 1153 3045 omnique
1183 2973 1437 3031 mercede
1468 2972 1522 3030 id
1550 2988 1714 3029 unum
1741 2988 2062 3044 reposcens,

2162 1870 2318 1911 secus
2361 1858 2722 1921 conferamus,
2754 1864 2810 1911 et
2838 1855 2858 1887 ³
2890 1855 2990 1911 bos
3018 1854 3246 1925 illosque
3276 1856 3502 1923 populos
3548 1855 3756 1909 animo-

2161 1972 2280 2011 rum
2326 1956 2671 2025 subjiciamus
2715 1956 2909 2012 oculis.
2964 1955 3090 2011 Illos
3137 1956 3252 2011 vela
3299 1956 3557 2014 facientes
3585 1955 3762 2015 kdata

2162 2061 2336 2113 ventis
2381 2059 2573 2113 classis
2622 2059 2898 2125 attulerat,
2924 2058 2979 2113 bi
3020 2059 3237 2129 longum
3265 2060 3366 2114 iter
3390 2060 3411 2097 θ
3438 2059 3542 2114 sub
3582 2074 3764 2115 armo-

2163 2174 2282 2215 rum
2316 2156 2333 2196 ι
2370 2158 2512 2215 fasce
2561 2160 2873 2229 carpebant.
2910 2160 3076 2215 lllos'
3104 2161 3389 2231 peregrino
3433 2160 3556 2230 igne
3587 2160 3763 2230 suspi-

2169 2272 2295 2317 rans
2324 2263 2507 2333 regina
2552 2262 2885 2333 pellexerat;
2918 2262 3015 2316 bos
3046 2276 3199 2316 amor
3228 2261 3430 2328 laudis,
3461 2269 3515 2317 et
3546 2262 3761 2333 partici-

2170 2362 2360 2434 panda:
2397 2363 2586 2434 glorise
2613 2377 2740 2418 cura
2768 2363 3026 2433 rapiebat.
3068 2360 3199 2417 Illos
3240 2370 3425 2432 tepens
3448 2363 3471 2393 ⁹
3506 2362 3712 2417 Pharus
3745 2404 3759 2428 ,

2169 2471 2224 2518 et
2247 2464 2267 2494 ⁷
2297 2463 2474 2519 mollis
2526 2462 2779 2532 Canopus
2804 2505 2819 2530 ,
2850 2462 3173 2533 lmviumque
3224 2462 3544 2533 populorum
3577 2462 3597 2494 ⁸
3628 2462 3764 2517 altor

2170 2563 2322 2621 Nilus
2363 2566 2655 2631 emiserat;
2690 2563 2789 2619 hos
2810 2565 2830 2598 ⁹
2861 2564 3041 2620 minax
3086 2562 3358 2621 Caucasus
3386 2608 3399 2629 ,
3430 2576 3485 2621 et
3512 2565 3553 2596 ¹⁰
3582 2566 3762 2635 rigens

2172 2664 2404 2733 Taurus,
2432 2675 2487 2721 et
2516 2666 2809 2737 ingentium
2837 2680 3124 2735 corporum
3158 2666 3197 2697 “
3222 2666 3444 2721 durator
3472 2666 3606 2721 Ister
3634 2664 3764 2721 eil‘u—

2172 2766 2346 2822 derat.
2377 2766 2501 2823 Illos
2534 2776 2728 2839 tenero
2765 2767 3106 2838 perlucentes
3152 2768 3351 2823 amictu
3376 2809 3391 2835 ,
3426 2776 3481 2825 et
3508 2768 3597 2822 vix
3645 2768 3763 2823 lere

2172 2870 2456 2925 carbasum
2481 2879 2521 2906 ω
2546 2870 2763 2926 vitando
2796 2870 2913 2926 sole
2943 2871 3234 2926 tolerantes
3261 2869 3474 2926 alterno
3500 2882 3763 2927 concussa

2175 2975 2371 3030 tinnitu
2394 2976 2435 3008 "
2457 2976 2616 3032 sistra
2654 2974 2966 3041 ducebant;
2998 2974 3101 3032 bos
3121 2982 3149 3013 ιλ
3177 2974 3360 3031 loricis
3404 2983 3631 3030 onustos
3681 2974 3764 3030 in-

1830 3088 2406 3147 INTERPRE'I‘A'I‘IO.

540 3193 568 3223 ι
594 3185 651 3239 In
680 3194 791 3240 tres
821 3191 1020 3253 partes.

542 3254 570 3295 ι’
583 3249 840 3321 Fugiendi
858 3254 994 3309 viam
1011 3252 1365 3323 undequaque
1385 3250 1661 3323 involvens
1676 3249 2060 3323 prmclpdares.

550 3338 572 3365 ο
596 3327 816 3382 Tribuis
848 3335 904 3379 ut
931 3321 1444 3395 suspecti'bm’nines
1472 3322 1540 3395 de
1579 3323 1773 3376 linibus
1804 3321 2061 3378 abscede-

475 3407 617 3463 rent,
651 3410 702 3452 et
734 3398 903 3464 εοιιίἰε
932 3392 1041 3450 tuis
1056 3395 1340 3450 auxiliares
1369 3408 1429 3447 se
1452 3392 1843 3463 adiungerentn

547 3469 574 3506 ά
605 3469 670 3522 Ει
698 3469 969 3522 metuebat
999 3484 1066 3523 ne
1095 3467 1273 3521 officio
1303 3464 1537 3520 defuisse
1564 3472 1929 3520 accusaretur.

2092 3176 2139 3247 C
2239 3180 2269 3220 δ
2293 3184 2467 3241 Ebore
2495 3193 2706 3242 ornata.

2246 3256 2260 3293 ί
2292 3256 2492 3312 Potius.

2243 3325 2257 3377 i
2300 3327 2357 3383 Si
2396 3328 2762 3403 conditionem
2792 3344 2970 3387 rerum
3001 3340 3055 3387 et
3096 3339 3398 3403 temporum
3429 3338 3655 3402 utraque
3697 3342 3760 3385 ex

2168 3408 2322 3468 parte
2348 3400 2709 3454 conferamus.

2238 3468 2265 3542 1f
2296 3469 2476 3542 Ventis
2504 3473 2785 3542 permissa.

550 3550 574 3577 ο
600 3539 668 3595 Ut
698 3540 913 3594 barbari
942 3539 1135 3592 solent.

2243 3538 2262 3580 1
2288 3540 2485 3596 Onere.

552 3609 571 3648 ί
596 3610 662 3664 Ει
682 3626 840 3680 quam
868 3625 1135 3666 annonam
1163 3610 1232 3664 ob
1260 3606 1691 3680 multitudinem,
1706 3615 1811 3680 etc.
1996 3677 2006 3680 Α
2240 3622 2279 3649 ω
2307 3612 2387 3667 Ad
2420 3613 2709 3669 arcendum
2739 3613 2931 3670 solem.

551 3691 576 3756 β
603 3680 672 3756 Ut
701 3677 803 3737 nisi
844 3696 991 3756 saepe
1033 3680 1283 3756 traditum
1316 3679 1505 3735 fuisset
1529 3678 1746 3756 litteris“
1764 3677 1962 3756 factum
1994 3677 2066 3733 is-
2237 3693 2263 3720 ιι
2284 3681 2677 3756 Cataphractis.

475 3753 589 3823 Iud,
621 3754 709 3808 vix
733 3752 875 3824 apud
907 3749 1151 3825 posteros
1176 3752 1521 3808 inventurum
1546 3757 1692 3806 esset
1717 3749 1899 3806 fidem.

554 3962 771 4023 XXXII.
800 3964 890 4005 —‘
932 3962 1001 4019 Ut
1026 3980 1142 4017 cum
1172 3961 1350 4017 Perse.
1399 3960 1475 4015 De
1510 3957 1677 4014 Perse
1712 3956 2066 4013 Macedonum

480 4037 671 4092 ultimo
698 4050 846 4105 rege,
865 4050 1023 4102 quem
1052 4030 1626 4105 vicit@milius.__vide
1665 4027 1873 4093 Livium
1901 4029 1936 4082 l.
1976 4044 2067 4105 xc,

483 4098 825 4163 JuStinum'l.
848 4098 1035 4171 xxxm,
1066 4112 1119 4158 et
1135 4104 1199 4157 de
1218 4101 1425 4173 Pyrrho
1448 4100 1788 4171 Epimtatum
1806 4114 1929 4170 rege
1951 4098 2072 4155 vide

484 4176 1169 4314 Ριῗῖἕξιῗὶπϊανὸανοηιηι.
1184 4242 1467 4317 Scythicas
1488 4242 1755 4306 nationes,
1770 4247 1827 4297 ut
1838 4255 1960 4297 mox
1972 4241 2068 4296 ait.

556 4318 576 4350 ³
607 4318 802 4372 Limiti.
833 4319 1078 4373 Istriano.

552 4390 892 4452 fPannont'w.
924 4390 999 4445 De
1025 4388 1298 4445 Pannonia
1331 4386 1451 4444 vide
1485 4382 1646 4445 Plinii
1679 4399 1895 4459 paneg.,
1927 4399 1981 4438 η.
2006 4383 2067 4451 8,

483 4464 810 4590 no‘ltx'githus
836 4533 943 4587 ille.
979 4533 1053 4587 De
1072 4530 1289 4588 Cotlbis
1316 4529 1459 4596 vide,
1487 4527 1531 4583 si
1562 4526 1730 4593 lubet,
1755 4525 2072 4583 Genetlliia-

479 4603 938 4730 cum7Maximi2ani
962 4603 1209 4675 Augusti,
1234 4612 1456 4657 auctore
1480 4598 1706 4655 Claudio
1732 4598 2067 4670 Mamertino,

480 4693 535 4733 It.
644 4718 658 4741 ,
691 4686 804 4729 not.
869 4717 882 4730 .
1468 4740 1477 4741 ί
1577 4739 1587 4741 ᾼ
1735 4740 1742 4741 ί
1872 4739 1881 4741 Α
2024 4738 2038 4741 Α

2244 3953 2721 4027 llfferegrinoigne.
2752 3956 2975 4014 Antonii
3001 3970 3189 4013 amore
3220 3957 3463 4017 incensa.

2245 4024 2266 4058 ⁸
2290 4020 2515 4081 Pharus.
2547 4020 2686 4082 Olim
2721 4029 2889 4084 insula
2922 4028 3023 4084 fuit
3051 4030 3151 4084 Nili
3181 4028 3323 4085 ostio
3362 4028 3605 4099 objecta,
3636 4028 3772 4085 diei-

2173 4114 2281 4169 que
2336 4100 2494 4170 nnius
2552 4099 2894 4170 navigatioite
2937 4116 2966 4154 a
3006 4101 3318 4156 continente
3362 4098 3572 4167 diSsita,
3610 4100 3771 4157 hodie

2173 4168 2305 4242 vero
2334 4168 2697 4225 Alexandria!
2726 4182 2890 4241 ponte
2919 4172 3226 4242 conjuncta.
3263 4170 3359 4227 Hic
3393 4173 3582 4240 ingens
3610 4172 3772 4229 turris

2180 4240 2383 4313 fuit,in
2416 4255 2517 4311 qua
2542 4252 2702 4297 noctu
2728 4240 2971 4298 accensa»
2998 4240 3141 4299 faces
3163 4244 3525 4313 navigantium
3554 4258 3768 4299 cursum

2179 4312 2467 4384 regebant,
2502 4314 2642 4367 unde
2693 4315 2925 4384 specula:
2955 4313 3187 4369 similem
3217 4313 3271 4368 in
3296 4312 3467 4369 ’usum
3492 4324 3773 4370 construc-

2178 4393 2245 4438 ιω
2278 4383 2439 4439 Phari
2466 4383 2750 4454 appellatzc
2778 4395 2920 4454 sunt.

2249 4456 2268 4486 "
2288 4454 2463 4509 Mollis
2487 4453 2744 4527 Cratippus.
2761 4453 2929 4527 Urbs.
2954 4453 3257 4527 rEgyptiad
3276 4455 3473 4510 ostium
3503 4454 3632 4523 Nili,
3656 4455 3770 4510 dic-

2179 4535 2290 4654 ιὲιιι
2457 4541 2520 4580 ea
2568 4525 2898 4595 CanOpicum
2950 4525 3119 4581 mollis
3148 4526 3530 4598 dicitur,quia
3579 4526 3772 4581 molles

2254 4612 2356 4654 avo
2404 4615 2435 4651 I.

2253 4598 2435 4668 gyptii.

2102 4679 2152 4741 ι)
2248 4664 2667 4750 fanorattus.
2711 4668 2789 4750 _De
2840 4668 2960 4750 Nilo
3003 4676 3221 4750 propter
3259 4665 3581 4750 (Emptum.
3610 4682 3769 4750 an?!"

556 4738 886 4815 ‘QAecipiebas
904 4746 1223 4812 beneﬁcium.
1255 4744 1330 4797 Ita
1350 4739 1700 4815 conferebant
1730 4740 1851 4795 inte
1870 4738 2074 4801 benefi-
2104 4738 2135 4741 '
2179 4740 2979 4815 suiselnvionibusfmcundat
3009 4738 3127 4806 ejus
3173 4738 3407 4809 regionis
3446 4741 3617 4795 altore
3650 4740 3769 4794 vide

482 4811 621 4873 cium
642 4859 654 4877 .
689 4811 743 4872 ut
781 4829 830 4869 te
852 4811 1099 4897 magnam
1123 4832 1149 4869 a
1183 4830 1243 4871 se
1271 4815 1497 4938 gratiam
1526 4811 1665 4892 inire
1696 4818 1963 4880 putarent.

556 4886 1062 4938 XXIIl.—‘Actmco
1089 4887 1238 4938 bello.
1316 4879 1655 4938 Irmﬂnetd.
1686 4883 1722 4936 Ι.
1756 4898 1869 4938 VIII.
1900 4882 1963 4938 68

556 4879 1062 4944 ΧΧΙΙΙ.-¹Αεῦαεο
1089 4887 1238 4941 bello.
1273 4879 1655 4955 Virgﬁlncid.
1686 4879 1722 4936 I.
1756 4898 1869 4950 νιιι,
1900 4882 2035 4940 685:

608 4980 735 5031 Hinc
751 4994 847 5043 ope
868 4980 1115 5029 barbarica
1140 4981 1384 5043 variisque
1404 4977 1655 5043 Antonius
1667 4978 1815 5026 armis

607 5045 772 5095 Victor
788 5041 855 5093 ab
880 5043 1084 5091 Aurora
1106 5042 1311 5104 populis,
1334 5050 1384 5092 et
1402 5042 1565 5091 littore
1586 5041 1735 5087 rubro

608 5106 759 5169 Egypt
771 5120 849 5155 um
862 5103 1114 5169 viresque
1129 5103 1347 5156 Orientis
1372 5113 1423 5155 et
1442 5104 1610 5153 ultima
1624 5114 1793 5153 secum

608 5167 785 5221 Bactra
802 5184 843 5218 Vt
862 5167 951 5218 bit.

556 5250 894 5327 ’Cleopatra.
936 5252 1009 5306 De
1046 5250 1263 5327 [Egypti
1314 5243 2075 5327 reginaCleopatranejusque

482 5324 662 5405 classe
684 5313 968 5394 magnifica
986 5313 1526 5392 passim-exstatapud
1546 5313 1787 5371 historia:
1816 5313 2075 5373 Romanis

480 5405 972 5548 #:3329319”...
1008 5465 1246 5537 populos.
1282 5461 1512 5533 Elegans
1540 5458 1761 5516 Antonii
1804 5467 1861 5513 ei
1898 5455 2076 5513 Τὴεο-

486 5535 622 5589 dosii
655 5539 943 5601 oppositio.
1010 5535 1015 5537 ⁷
1080 5535 1086 5537 ⁷

562 5604 579 5635 ⁸
602 5605 713 5660 Sub
727 5622 987 5661 armorum
1001 5610 1157 5676 fasce.
1174 5604 1307 5659 Tale
1328 5603 1457 5658 illud
1473 5601 1618 5671 Virg.
1636 5601 1834 5673 Georg.
1851 5614 1930 5667 In,
1945 5592 2071 5654 546.

619 5692 726 5761 Eon
751 5709 895 5761 secus
919 5707 974 5761 ac
993 5697 1158 5761 patriis
1179 5708 1295 5747 acer
1315 5695 1561 5761 Romanus
1582 5696 1631 5745 In
1650 5692 1797 5746 armis

620 5754 806 5825 Injuato
826 5760 919 5821 sub
938 5754 1068 5812 fasce
1093 5761 1216 5814 viam
1239 5771 1351 5823 cum
1374 5760 1545 5831 carpit,
1566 5764 1664 5814 sto.

2180 4810 2339 4865 Plinii
2367 4826 2557 4877 paneg.
2585 4828 2639 4863 ιι.
2676 4812 2766 4866 50.

2250 4884 2271 4914 θ
2297 4880 2478 4936 Minas:
2498 4880 2777 4937 Caucasus.
2799 4882 2932 4938 Pars
2952 4882 3113 4937 Tauri
3139 4884 3360 4943 montis.
3378 4881 3521 4935 inter
3540 4880 3767 4935 Pontum

2183 4953 2445 5007 Euxinum
2478 4965 2530 5009 et
2569 4970 2715 5008 mare
2746 4954 3014 5022 Caspium.
3051 4952 3233 5008 Minoa:
3258 4952 3453 5008 dicitur
3480 4953 3601 5022 quia
3628 4952 3770 5008 altus

2180 5038 2243 5078 ac
2271 5040 2509 5095 przrceps
2538 5041 2601 5079 ac
2632 5026 2803 5080 ruenti
2836 5024 3051 5089 similis.

2252 5096 2293 5127 ¹⁰
2322 5094 2512 5167 Rigens
2543 5096 2763 5151 Taurus.
2808 5095 3034 5166 Propter
3064 5098 3216 5151 nives
3241 5135 3256 5161 ,
3284 5096 3480 5166 quibus
3518 5104 3578 5150 ut
3608 5094 3773 5165 pluri-

2177 5183 2323 5222 mum
2358 5184 2513 5223 mons
2535 5168 2637 5236 iste
2668 5176 2885 5236 opertus
2916 5176 3021 5223 est.

2252 5241 2291 5269 ”
2317 5239 2544 5292 Durator
2565 5234 2717 5293 Ister.
2745 5234 3054 5305 Indurator,
3088 5238 3342 5294 Germani
3391 5252 3618 5308 procero
3649 5251 3767 5292 cor-

2230 5326 2329 5362 "'8.

2177 5325 2478 5463 pn'rfsi'strq
2506 5378 2777 5437 ducebant.
2809 5380 2955 5452 Virg.
2989 5379 3208 5443 Eneid.
3234 5396 3349 5449 vm,
3372 5380 3499 5447 696,
3525 5379 3594 5436 de
3622 5377 3777 5435 Cleo-

2182 5463 2330 5523 patra
2360 5468 2538 5522 regina
2568 5491 2585 5519 ,

2312 5568 2365 5619 In
2390 5568 2566 5619 mediis
2589 5570 2747 5637 patrio
2766 5574 2903 5619 vocat
2920 5570 3112 5633 agmina
3136 5570 3298 5621 sistro.

2188 5674 2265 5731 De
2301 5673 2469 5730 forma
2502 5684 2555 5729 et
2596 5675 2764 5743 figura
2807 5673 2957 5732 sistri
2999 5672 3121 5738 vide
3163 5652 3387 5742 Remum
3432 5683 3679 5737 nostrum
3727 5672 3784 5735 in

2186 5744 2330 5815 hunc
2362 5743 2569 5824 Virgilii
2598 5744 2797 5811 locum.
