4200 6178
455 223 560 279 509

1346 221 1834 281 ΡΑΝΕργηιευε
1872 223 2121 282 PACATI
2160 225 2547 284 THEODOSIO
2587 225 2853 285 DICTUS.

3645 232 3752 289 b'lO

451 341 744 412 elusosque
771 338 918 397 ferro
951 338 1212 396 “fracta;
1233 355 1396 397 voces
1423 341 1693 411 tubarum,
1727 340 2024 413 lugentium
2080 343 2326 415 Αμιθιί,
2381 358 2480 414 per
2527 343 2753 414 abrupta
2811 344 3202 415 glomerantur.
3259 345 3486 417 Spumat
3534 345 3757 406 decolor

448 450 558 505 que
584 437 841 492 lituorum
872 434 1095 506 clangor
1119 433 1365 503 acuebat.
1399 436 1529 502 Qum
1573 435 1791 490 tandem
1819 475 1835 503 ,
1865 445 1924 491 ut
1942 437 2059 492 ωι-
2162 448 2354 489 cruore
2383 433 2599 500 ﬂuvius,
2631 433 2649 473 τ
2683 443 2739 490 et
2775 444 3091 492 cunctantes
3132 446 3340 493 meatus
3384 439 3473 494 vis
3505 439 3756 499 eluctatis

450 527 585 583 latio
631 533 814 597 posset
856 540 979 581 esse
1031 525 1390 597 populorum,
1421 535 1447 564 ι
1480 525 1691 582 etiamsi
1734 534 1879 580 tanta
1950 542 2054 582 non

449 628 599 677 esset
627 618 1015 675 dissimilitudo
1058 632 1386 687 causarum,
1417 627 1476 673 ut
1502 619 1570 674 ab
1612 618 1715 673 illis
1741 617 1901 674 fuerit
1944 619 2053 673 Ro-

448 712 596 766 mani
628 710 838 781 imperii
867 709 1102 780 appetita
1120 707 1421 778 captivitas,
1447 710 1514 764 ab
1536 709 1619 763 bis
1638 712 1863 779 repetita
1893 711 2057 767 liber-

448 813 555 859 tas;
590 804 706 871 Quo
753 803 878 868 tibi,
904 802 1201 872 Imperator
1224 840 1242 867 ,
1279 801 1551 873 indignius
1576 802 1861 857 videbatur
1885 802 1913 843 ι»
1937 804 2055 874 ejus

452 899 652 971 piaculi
682 911 1007 969 quemquam
1040 895 1269 951 inveniri
1292 896 1530 965 petuisse
1549 897 2054 967 consortem,cujus

449 1007 513 1048 se
536 991 794 1045 barbarus
818 990 1012 1061 agebat
1043 989 1301 1044 ultorem.

520 1082 765 1139 XXXIV.
806 1081 915 1139 Sed
962 1079 1040 1136 illi
1086 1080 1300 1151 quidem
1346 1079 1556 1136 nefario
1610 1080 1873 1151 sanguine
1922 1079 2052 1136 belli

444 1177 716 1250 primitias
743 1175 1076 1239 imbuentes,
1110 1188 1207 1244 par
1234 1188 1407 1243 ptume
1434 1172 1717 1242 culpaeque
1743 1172 2053 1240 {documen-

446 1281 562 1327 tum
593 1271 831 1326 l‘uerunt.
860 1268 1037 1324 Testis
1064 1276 1147 1324 est
1175 1271 1191 1301 ⁸
1216 1268 1420 1336 Siscia,
1466 1269 1619 1324 testis
1645 1268 1666 1304 ’
1696 1269 2049 1339 pulcherrimi

447 1365 605 1422 Sane
633 1364 937 1431 conﬂictus,
983 1362 1027 1417 si
1054 1361 1342 1417 conﬂictus
1383 1362 1472 1419 ille
1502 1361 1762 1420 dicendus
1792 1371 1875 1418 est
1897 1403 1912 1424 .
1944 1377 2051 1432 quo

446 1460 519 1513 ita
550 1459 602 1511 in
634 1456 877 1527 publicos
907 1454 1212 1524 proditores
1242 1456 1407 1510 animi
1438 1456 1628 1526 plenus
1659 1455 1816 1510 miles
1842 1467 1863 1495 ε
1896 1455 2051 1510 inva-

445 1550 538 1617 sit,
566 1558 625 1605 ut
650 1564 775 1605 eum
818 1563 919 1605 nec
959 1562 1219 1604 numerus
1264 1549 1656 1615 resistentium,
1689 1563 1791 1604 nec
1830 1549 2048 1604 maximi

444 1643 685 1698 fluminis
714 1642 943 1697 altitudo
964 1653 1234 1697 remorata
1264 1643 1368 1709 sit,
1395 1642 1545 1711 quin,
1587 1651 1646 1696 ut
1674 1650 1792 1697 erat
1817 1656 1883 1696 es
1927 1642 2047 1697 lon-

2159 527 2511 583 cadaveribus
2550 528 2769 592 evolvit,
2814 539 2839 577 8
2876 539 3039 593 utque
3070 546 3129 585 se
3172 530 3267 585 tibi
3313 540 3498 601 posset
3531 534 3754 601 speciali

2159 621 2422 691 imputare
2447 623 2653 683 militia.
2681 624 2854 693 ipsum
2882 623 3030 681 illum
3055 622 3076 655 ³
3114 625 3448 685 vexillarium
3476 627 3754 696 sacrilega

2159 716 2404 771 factionis
2431 716 2603 771 avidis
2628 717 2928 787 gurgitibus
2951 719 3260 785 absorbuit;
3291 728 3365 784 et,
3395 736 3462 775 ne
3482 722 3645 780 morti
3669 737 3756 778 se-

2156 806 2367 876 pultura
2389 808 2742 878 contingeret,
2768 808 2999 863 cadaver
3015 809 3321 865 abscondit.
3339 811 3539 867 Nonne.
3555 809 3583 850 δ
3607 821 3756 869 utro-

2154 914 2259 971 que
2284 899 2585 955 credendus
2615 910 2722 955 tua:
2753 902 3023 957 studuisse
3052 903 3325 971 vindictae,
3353 914 3407 961 et
3445 905 3752 976 adiuvando

2153 992 2456 1056 victoriam,
2486 1002 2539 1049 et
2565 992 2585 1024 '*
2611 993 2926 1063 occupando
2951 994 3293 1050 clementiam
3316 997 3339 1051 i

2225 1086 2446 1142 XXXV.
2490 1087 2568 1141 En
2598 1087 2691 1142 tibi
2720 1087 2941 1145 alteram
2976 1105 3232 1159 pugnam,
3260 1090 3598 1160 alteramque
3642 1093 3752 1148 vic-

2154 1180 2366 1233 toriam.
2401 1177 2631 1235 Dilectae
2657 1178 2708 1234 in
2738 1179 2981 1249 praelium
3008 1181 3354 1237 Marcellinus
3387 1182 3665 1248 cohortes,
3698 1191 3757 1240 et

2152 1269 2330 1340 ipsum
2377 1269 2622 1325 factionis
2655 1270 2875 1326 nefarias
2907 1272 3072 1326 robur
3100 1271 3188 1328 illa
3221 1274 3236 1311 ι
3287 1272 3410 1329 belli
3439 1272 3611 1327 civilis
3641 1272 3753 1328 Mei-

2150 1376 2292 1431 gtera
2339 1361 2599 1431 rapiebat,
2635 1364 2786 1416 tanto
2810 1363 3023 1418 caeteris
3062 1364 3384 1420 satellitibus
3426 1364 3712 1420 audentior
3735 1403 3752 1435 ,

2149 1453 2742 1524 quanto'eaertiorem
2785 1469 3004 1523 operam
3047 1456 3279 1512 navabat
3324 1465 3554 1528 tyranno
3585 1456 3753 1517 frater

2153 1547 2387 1619 tyranni.
2414 1547 2532 1614 Quo
2558 1548 2774 1617 quidem
2801 1549 3031 1603 maxime
3057 1591 3072 1615 ,
3103 1559 3226 1606 tuus
3251 1550 3521 1622 gaudebat
3544 1551 3755 1607 exerci-

2152 1647 2258 1703 tus,
2290 1653 2414 1695 eum
2442 1654 2502 1694 se
2531 1640 2674 1695 ultro
2706 1639 2913 1696 videret
2956 1641 3167 1709 lacessi,
3194 1642 3285 1712 qui
3314 1643 3448 1699 nihil
3492 1643 3661 1714 magis
3688 1644 3756 1699 ti-

443 1737 670 1808 gissimo
696 1735 890 1791 itinere
926 1735 1153 1790 anhelus
1193 1743 1355 1806 atque
1386 1737 1703 1806 pulvereus,
1743 1749 1914 1807 equos
1942 1737 2054 1792 eal-
2080 1746 2129 1807 Β
2157 1734 2406 1788 muerat'
2450 1749 2612 1801 quam
2658 1736 2870 1800 timeri;
2910 1734 3047 1789 adeo
3084 1736 3324 1805 quidem,
3365 1746 3428 1792 ut
3448 1739 3644 1793 castris
3687 1737 3753 1794 ad

444 1828 661 1884 earibus
691 1827 960 1890 incitaret,
986 1842 1203 1882 amnem
1246 1827 1426 1883 nando
1451 1828 1807 1898 conjungeret
1827 1868 1840 1892 ,
1873 1827 2046 1897 ripam

444 1922 701 1988 insiliret,
722 1930 940 1991 paratos
960 1920 1195 1989 denique
1221 1927 1711 1991 exspectautesque
1740 1919 2046 1990 deprehen-

443 2017 620 2071 deret.
656 2016 852 2071 Sermo
882 2014 985 2070 iste
1014 2014 1279 2085 prolixior
1303 2022 1407 2079 est,
1441 2028 1603 2084 quam
1635 2014 1723 2068 illa
1754 2027 1843 2068 res
1864 2013 2044 2069 merit.

444 2107 548 2162 Vis
597 2106 821 2162 ﬂuvium
871 2114 1063 2160 manus
1108 2104 1303 2160 invicta
1351 2105 1667 2171 transierat;
1710 2104 1822 2173 jam
1869 2106 2047 2161 locum

443 2199 571 2255 belli
600 2197 947 2254 tenebatﬂix
971 2197 1182 2252 hostem
1208 2196 1506 2260 invenerat.
1534 2197 1642 2267 jam
1669 2198 1911 2268 urgebat.
1938 2197 2044 2253 Via

442 2301 664 2362 pectora
688 2290 927 2356 viderat;
954 2289 1065 2359 jam
1096 2298 1243 2359 terga
1272 2289 1532 2344 caedebat.
1562 2290 1726 2344 Datur
1747 2290 1932 2344 debito
1959 2303 2049 2345 re-

442 2384 587 2439 belle
612 2397 806 2453 agmen
828 2380 1031 2446 exitio;
1063 2381 1353 2437 volvuntur
1379 2382 1556 2451 impiae
1577 2382 1630 2436 in
1663 2382 1926 2451 sanguine
1947 2396 2045 2436 suo

442 2475 652 2541 turbae;
681 2473 815 2544 tegit
842 2480 987 2528 totos
1011 2483 1221 2544 strages
1243 2488 1346 2528 una
1378 2488 1602 2542 campos
1620 2516 1633 2537 ,
1664 2475 2046 2545 continuisque

443 2566 729 2622 funeribus
750 2576 943 2622 cuneta
972 2566 1081 2622 late
1106 2568 1440 2636 aperiuntur.
1466 2567 1584 2623 Jam
1604 2569 1695 2638 qui
1716 2568 1782 2622 ad
1808 2583 1993 2623 muros
2014 2567 2042 2607 ά

442 2657 741 2715 diﬂbrenda
765 2666 941 2712 morte
965 2669 1429 2728 properaverant,
1456 2668 1551 2713 aut
1579 2660 1746 2713 fossas
1771 2658 2039 2714 cadaveri-

444 2752 547 2806 bus
573 2750 880 2821 atquabaut,
911 2758 1004 2805 aut
1029 2760 1051 2787 ο
1076 2750 1251 2805 obviis
1276 2751 1498 2806 sudibus
1529 2750 1911 2816 induebamur,
1950 2759 2042 2807 aut

445 2854 655 2914 portas,
683 2858 816 2913 quas
853 2843 1138 2913 eruptione
1177 2843 1564 2914 patefecerunt,
1609 2855 1781 2900 morte
1824 2846 2040 2902 claude-

446 2935 595 2991 bant.
624 2934 699 2992 At
720 2951 947 3006 quorum
977 2951 1036 2993 se
1079 2938 1218 3009 fugas
1249 2940 1542 3008 impervius
1566 2938 1699 3010 ripis
1726 2941 1903 2995 amnis
1946 2940 2044 2996 obs

441 3030 596 3103 jecit,
624 3030 944 3102 trepidando
971 3030 1183 3087 collecti
1203 3071 1217 3099 ,
1249 3040 1306 3090 et
1350 3033 1581 3089 alterum
1626 3031 1857 3104 quisque
1891 3047 2043 3089 com-

2151 1834 2328 1881 castra
2354 1826 2591 1888 collatis,
2637 1826 2780 1897 quod
2822 1827 3143 1897 ιρι·ωοίρίιί
3172 1829 3262 1884 die
3308 1845 3523 1886 manum
3564 1845 3756 1887 cense-

2152 1933 2273 1972 rere
2309 1934 2417 1972 non
2447 1926 2676 1987 poterat,
2709 1934 2807 1988 spe
2843 1919 3083 1977 victoriae
3125 1935 3247 1975 cum
3289 1921 3408 1975 luce
3448 1928 3689 1977 ventura;
3728 1922 3744 1975 i

2152 2010 2379 2081 pervigil
2406 2019 2617 2080 ageret,
2657 2010 2867 2067 tardum
2900 2011 3106 2075 solem,
3144 2011 3479 2068 desertorem
3505 2012 3683 2079 diem,
3727 2012 3754 2052 ι

2149 2117 2386 2157 annuum
2417 2103 2591 2158 noctis
2619 2104 2821 2158 :estivm
2845 2111 3057 2172 tempus
3077 2102 3474 2158 criminaretur.
3500 2104 3637 2159 Ecce
3662 2104 3752 2161 lux

2152 2196 2389 2259 tandem.
2419 2207 2475 2252 et
2501 2196 2607 2267 iam
2633 2197 2811 2253 omnis
2837 2210 3063 2267 campus
3093 2196 3350 2257 horrebat
3376 2198 3619 2253 exercitu
3668 2217 3681 2254 :
3729 2198 3752 2230 ⁸

2148 2286 2307 2343 divisi
2352 2289 2404 2342 in
2436 2302 2639 2357 cornua
2668 2286 2917 2357 equites,
2968 2287 3118 2344 leves
3162 2297 3285 2342 ante
3306 2288 3456 2359 signa
3482 2289 3502 2325 ⁵
3537 2289 3752 2358 velites,

2147 2381 2425 2453 disposita:
2453 2382 2475 2416 ⁸
2518 2383 2887 2453 manipulatim
2916 2383 3172 2437 cohortes
3195 2422 3209 2446 ,
3246 2378 3265 2421 1
3301 2390 3356 2437 et
3384 2381 3555 2453 gradu
3588 2382 3751 2452 pleno

2145 2478 2382 2534 ferentes
2414 2476 2623 2546 agmina
2649 2476 2668 2509 ⁷
2713 2474 2992 2546 quadrata:
3035 2475 3275 2546 legiones
3307 2476 3557 2531 universa
3602 2474 3711 2532 late
3734 2517 3751 2543 ,

2146 2586 2250 2641 qua
2280 2570 2428 2624 visus
2457 2570 2539 2638 agi
2571 2576 2802 2639 poterat,
2835 2576 3181 2638 occuparant.
3215 2566 3461 2623 Nondum
3487 2582 3546 2622 se
3576 2568 3750 2626 virtus

2148 2672 2188 2700 ιιι
2218 2662 2627 2733 experiebatur;
2649 2661 2760 2730 jam
2783 2660 3064 2731 disciplina
3088 2660 3357 2716 vincebat.
3376 2660 3445 2715 At
3468 2670 3751 2731 postquam

2149 2754 2287 2808 intra
2316 2753 2619 2822 conjectum
2649 2752 2739 2807 teli
2764 2752 2908 2807 acies
2941 2759 3168 2821 utraque
3201 2752 3491 2820 promovit,
3526 2761 3582 2806 et
3607 2751 3747 2807 ellu-

2146 2849 2223 2903 sis
2249 2846 2371 2900 hinc
2415 2844 2542 2900 inde
2576 2844 2881 2925 iaculorum
2917 2846 3345 2913 sagittarumque
3385 2843 3581 2898 nimbis
3612 2844 3633 2875 ⁸
3661 2858 3751 2899 res

2151 2940 2294 2995 venit
2315 2947 2344 2974 υ
2370 2938 2437 2994 ad
2462 2937 2707 3008 capulos,
2740 2936 2935 2992 milites
2963 2936 3205 3008 pristinas
3239 2937 3453 2992 virtutis
3473 2976 3489 3003 ,
3519 2936 3749 2993 Romani

2150 3032 2420 3100 nominis,
2470 3032 2860 3101 imperatorum
2912 3028 3148 3102 denique
3194 3043 3485 3095 memores,
3526 3042 3746 3085 causam

1805 3126 2384 3185 INTERPRETATIO.

521 3231 548 3259 α
595 3221 686 3276 Vel
715 3222 759 3276 si
787 3236 966 3277 causae
995 3237 1103 3277 non
1143 3222 1279 3278 adeo
1316 3222 1545 3279 diversae
1594 3223 1664 3278 ad
1708 3222 1899 3277 bellum
1935 3224 2037 3279 im-
2063 3223 2110 3288 C
2215 3231 2239 3270 κ
2287 3223 2476 3279 Utsuo
2504 3218 2665 3275 modo
2696 3218 2791 3275 tibi
2820 3217 3053 3273 militare
3074 3224 3257 3288 posset
3281 3229 3344 3271 ac
3370 3214 3571 3271 favere.

450 3294 719 3376 pultssetll,
752 3302 807 3376 ut
839 3293 913 3347 illi
944 3292 1433 3376 Romaniimperii
1477 3295 1779 3353 libertatem
1810 3294 2039 3365 impete.

450 3374 589 3426 rent,
625 3374 668 3417 si
700 3374 789 3419 lSll
814 3379 964 3419 suam
994 3374 1288 3420 tuerentur.

519 3431 756 3506 hUllum
794 3436 914 3504 ejus
934 3437 1155 3494 sceleris
1194 3434 1422 3505 reperiri
1473 3436 1714 3506 potuisse
1760 3435 2039 3506 conscium

630 3506 836 3588 veljpsi
864 3506 1079 3563 barbari
1103 3505 1306 3563 ultores
1325 3522 1448 3563 esse
1477 3505 1584 3563 non
1607 3505 1952 3569 recumbam.

527 3588 548 3615 ε
620 3589 754 3629 rrult

527 3588 548 3615 ε
591 3588 754 3631 ιντυιι

523 3644 550 3685 ιι
591 3648 666 3700 Ad
699 3647 1055 3703 diﬂ'crendam
1087 3662 1295 3704 necem.

526 3728 550 3755 θ
576 3716 1021 3789 lnipirigebantin
1049 3718 1308 3775 adversos
1328 3719 1544 3776 sudium
1574 3736 1861 3776 mucrones.

529 3790 549 3829 τ
591 3788 869 3846 EtﬂiiCtus
897 3805 1040 3861 aegre
1059 3790 1189 3860 agit.

2214 3291 2243 3331 h
2276 3294 2512 3362 Utraque
2534 3306 2614 3346 re.

2222 3375 2238 3401 ι
2276 3363 2593 3417 lnclinante.

2219 3436 2233 3485 i
2274 3434 2495 3488 Noctem
2524 3439 2727 3503 ageret.

2216 3503 2242 3542 ιε
2273 3504 2537 3560 Estivam
2559 3497 2771 3558 noctem
2784 3506 3083 3563 accusaret,
3101 3499 3249 3570 quasi
3264 3514 3404 3555 anno
3420 3497 3745 3571 longiorem.

2221 3573 2239 3614 1
2275 3577 2341 3631 Et
2366 3573 2627 3654 confertis
2673 3573 2955 3654 ordinibus
2998 3582 3227 3654 agentes
3256 3573 3470 3654 agmina
3495 3613 3509 3634 .
3550 3573 3741 3654 procul

2146 3647 2440 3721 loca,_quie
2470 3646 2610 3721 oculi
2645 3648 2952 3716 pertingere
2981 3651 3271 3717 poterant,
3304 3644 3672 3721 repleverant.

2214 3727 2255 3757 ιιι
2285 3716 2674 3784 Eapromebat.
2984 3716 2987 3717 ⁷
3636 3716 3651 3727 “

2220 3797 2250 3825 ιι
2283 3788 2365 3845 Ad
2390 3788 2616 3860 gladios.

1870 3876 1871 3879 “
1971 3882 2203 3944 NOTAE.

452 3980 497 4015 η
522 3978 1931 4055 Fracuevocestubarum.lnconditze.Virg.Georg.1v,
1954 3979 2044 4039 ἠε

574 4097 635 4149 Et
661 4108 750 4149 vox
774 4096 965 4149 auditur
986 4097 1166 4149 fractos
1179 4100 1367 4149 sonitus
1389 4099 1575 4149 imitata
1600 4099 1847 4148 tubarum.

520 4186 764 4247 XXXIV.
798 4221 869 4233 —
890 4192 908 4223 ⁸
948 4190 1139 4247 Siscia.
1171 4190 1279 4253 Seu
1308 4191 1493 4253 Suscia
1522 4191 1717 4246 nobilis
1746 4192 1874 4248 urbs
1902 4190 2041 4248 Pan-

526 4210 764 4247 AAAIV.
798 4221 869 4233 —
893 4210 908 4223 ·
948 4210 1139 4247 arma.
1172 4210 1279 4253 aeu
1308 4210 1345 4248 ι)
1387 4210 1493 4246 acia
1522 4210 1717 4246 nonius
1746 4210 1874 4248 urus
1902 4210 2041 4248 ran-

452 4264 629 4316 n0nize
661 4262 724 4315 ad
752 4258 950 4317 Savum
985 4277 1081 4316 Seu
1111 4263 1304 4317 Savam
1349 4210 1566 4319 “ovium
1586 4304 1598 4327 ,
1630 4271 1685 4317 et
1714 4262 2041 4327 Segesticam

450 4334 825 4404 ejusjnsulam
851 4375 865 4400 ,
897 4349 1001 4404 qua
1029 4349 1105 4404 es;
1136 4334 1413 4391 Pannonia
1462 4336 1566 4391 itur
1610 4330 1662 4389 lu
1686 4330 1921 4404 italiam.
1967 4333 2044 4390 De

450 4350 570 4401 ejus
601 4350 825 4392 insuiam
851 4375 865 4400 ,
897 4350 1001 4404 qua
1029 4350 1059 4389 e
1136 4350 1413 4391 rannonia
1462 4350 1566 4391 itur
1610 4350 1662 4389 lli
1699 4350 1921 4391 uanam.
1967 4350 2042 4390 ue

450 4411 553 4478 qua
577 4402 846 4478 Strabuul.
891 4422 920 4458 ν
942 4447 957 4471 ,
987 4412 1042 4461 et
1062 4350 1277 4461 i’linlus
1306 4404 1343 4463 ι.
1376 4421 1455 4473 m,
1479 4422 1530 4461 c.
1558 4404 1649 4459 25.
1682 4402 1780 4467 llic
1809 4405 2042 4478 primum

451 4476 624 4532 victus
650 4486 732 4530 est
764 4475 1046 4533 Maximus.

523 4567 543 4639 ξ
587 4564 933 4639 Pulcherrimi
963 4567 1134 4627 Same.
1170 4569 1208 4622 A
1243 4567 1484 4626 Puteano
1511 4566 1729 4625 discedo
1752 4567 1802 4622 in
1835 4582 1943 4639 quo
1965 4577 2047 4623 est
2072 4571 2126 4635 D

451 4637 824 4709 pulcherrimus
846 4654 997 4693 autne
1022 4640 1287 4709 conﬂictus
1311 4682 1325 4705 ,
1361 4649 1418 4696 ut
1456 4640 1769 4709 Cuspiniani
1800 4637 2040 4695 codicem

452 4723 671 4777 sequar.
706 4708 875 4762 Suvtts
902 4711 1045 4764 enim
1075 4708 1167 4765 seu
1192 4710 1332 4765 Sara
1359 4709 1546 4767 Sisciae
1579 4711 1802 4775 ﬂuvius,
1844 4722 1928 4765 est
1974 4709 2042 4765 ad

451 4794 612 4906 ginem
661 4794 835 4851 pugna
866 4782 1154 4837 commissa
1199 4792 1282 4838 est
1306 4824 1320 4849 ,
1348 4785 1631 4854 victusque
1660 4799 1691 4837 a
1733 4780 2043 4838 Theodosio

506 4865 738 4909 axtmus.

455 4889 947 5047 ἔιῖιῑῇξὲἕηαήαηί
990 4923 1255 4994 sacrilega?
1298 4927 1560 4997 factionis.
1616 4921 2049 4994 Andragalhium

453 4999 896 5189 ΐιὲιδὲραηάο
918 5065 1259 5121 clementiam.
1287 5066 1605 5125 Clementia!
1633 5067 1808 5123 locum
1834 5082 1941 5125 non
1963 5082 2047 5125 re-

476 5150 633 5189 inouc
712 5150 767 5189 o.

476 5150 767 5204 tnqucnao.

526 5223 1054 5313 τιμαί
1088 5229 1252 5313 civilis
1299 5228 1924 5313 Megwra.__Ma_rcel|_inus
1966 5242 2048 5313 ty:

452 5298 609 5351 ranni
644 5296 859 5351 Maximi
894 5298 1076 5352 lrater.
1106 5298 1289 5355 Altera
1322 5296 1498 5357 aniem
1530 5302 1741 5358 Maximi
1767 5302 1947 5359 clades
1976 5296 2045 5358 a'd

454 5365 801 5441 Petavionem
835 5370 1091 5440 contigit,
1118 5385 1240 5426 cum
1271 5386 1443 5427 ca-sus
1470 5380 1555 5428 est
1577 5374 1946 5441 Marcellinus,
1990 5382 2048 5428 ut

454 5436 684 5493 innuere
711 5440 923 5494 videtur
945 5436 1265 5497 Ambrosius
1293 5458 1380 5513 ep.
1407 5442 1499 5499 29.

526 5530 546 5559 ²
594 5528 946 5607 Exin-liorem.
986 5532 1192 5590 Statius
1238 5546 1470 5603 exertam
1525 5532 1711 5599 bellum
1765 5535 1897 5593 dicit
1948 5551 2046 5607 pro

452 5604 652 5676 aperto.
687 5598 783 5665 Hic
811 5604 1044 5676 sumitur
1074 5620 1169 5676 pro
1195 5598 1424 5676 acriore,
1457 5598 1880 5671 vehementiore.
1906 5598 2045 5675 Exe-

455 5670 922 5763 εειξεξξιλιιξηεμεξεᾳιιξ
947 5670 1138 5735 omnes
1164 5670 1380 5751 etiam
1406 5670 1629 5755 herum
1671 5680 1761 5763 qui
1794 5670 1927 5761 nillil
1957 5670 2045 5754 rt:-

455 5741 651 5827 liuquit
678 5741 1039 5832 inexpertum.

2222 3976 2440 4051 "Quam
2470 3976 2658 4051 timeri.
2702 3973 2910 4051 Similis
2958 3975 3108 4029 locus
3152 3972 3293 4051 apud
3336 3971 3533 4051 Claud.
3585 3986 3745 4029 versu

2146 4048 2254 4107 255
2280 4046 2336 4105 et
2362 4049 2469 4105 240
2499 4066 2512 4103 :
2543 4049 2643 4105 Res
2670 4049 2801 4102 mira
2829 4050 3015 4112 relatu,
3048 4062 3110 4099 ne
3135 4047 3344 4100 timeare
3374 4047 3542 4099 times.

2218 4120 2242 4154 ‘
2274 4120 2435 4176 Divisi
2478 4121 2531 4175 in
2580 4135 2789 4174 cornua.
2841 4120 2896 4173 ln
2952 4118 3191 4172 exercitu
3245 4131 3443 4171 cornua
3496 4116 3748 4170 dicuntur

2148 4205 2329 4265 partes
2355 4192 2489 4247 aciei
2520 4192 2588 4248 ab
2605 4200 2844 4265 utroque
2870 4191 3049 4265 latere
3078 4190 3470 4265 prominentes.
3502 4187 3745 4242 Alterum

2146 4259 2402 4345 dextrum
2425 4272 2537 4345 est.
2570 4259 2793 4317 alterum
2839 4260 3155 4345 siujStrum;
3186 4259 3325 4345 quod
3360 4260 3500 4313 inter
3530 4266 3741 4312 utrum-

2146 4353 2251 4408 que
2280 4331 2621 4404 interjectum
2649 4340 2764 4399 est,
2796 4332 2967 4386 media
2998 4331 3143 4384 acies
3176 4331 3392 4383 dicitur.
3560 4397 3571 4409 .
3603 4397 3616 4410 ο

2219 4406 2240 4438 ³
2277 4402 2482 4459 Velites.
2529 4404 2722 4458 Milites
2765 4404 2895 4457 levis
2934 4410 3255 4464 armaturae,
3298 4407 3353 4452 et
3382 4398 3747 4468 expeditiores

2150 4472 2217 4531 ad
2260 4490 2475 4531 cursum
2521 4481 2805 4543 propterea
2850 4470 2993 4541 quod
3039 4470 3384 4540 gravioribus
3421 4470 3588 4543 armis
3638 4482 3743 4522 non

2151 4557 2453 4603 uterentur.
2485 4538 2592 4601 Alii
2624 4538 2826 4599 'veiites
2867 4538 3261 4611 dictos'pntant
3305 4538 3459 4611 quasi
3500 4539 3743 4611 velatos,

2152 4621 2294 4690 qtlod
2326 4618 2501 4673 vestiti
2531 4620 2716 4671 essent
2750 4617 2925 4685 potius
2950 4606 3106 4690 quam
3130 4606 3343 4690 armati.
3372 4606 3476 4690 alii
3501 4606 3743 4690 velitesa

2151 4682 2427 4745 celeritate
2452 4690 2625 4744 dictos
2665 4682 2887 4755 put—ant,
2918 4682 3065 4751 quasi
3099 4682 3293 4737 viilites
3316 4700 3345 4735 ο
3377 4684 3427 4736 iu
3461 4699 3487 4735 e
3511 4688 3739 4755 mutato.

2150 4761 2255 4816 Alii
2285 4778 2474 4816 rursus
2514 4761 2615 4816 ἀπὸ
2642 4753 2735 4825 rei»
2780 4757 3014 4830 βιὲιλλειν2
3051 4757 3152 4830 huc
3191 4766 3271 4810 est
3295 4795 3308 4815 ,
3342 4769 3370 4806 a
3413 4753 3702 4830 jaculando
3727 4794 3741 4817 ,

2149 4833 2291 4903 quod
2316 4832 2510 4903 jaculis
2541 4822 2880 4898 potissiiiiutu
2911 4836 2965 4884 et
2990 4824 3174 4884 fundis
3204 4833 3500 4897 pugnarent
3536 4822 3744 4897 (Livius

2150 4920 2203 4959 Vl
2234 4903 2354 4975 belli
2379 4902 2611 4970 Punici).
2703 4971 2757 4975 __
3199 4969 3210 4975 Α
3293 4967 3305 4975 _
3438 4964 3487 4975 η
3565 4965 3575 4975 .

2224 4974 2244 5005 ⁸
2276 4964 2661 5046 Munipulalim.
2684 4971 2759 5046 id
2786 4979 2895 5046 est,
2942 4985 3039 5041 per
3069 4967 3406 5046 manipulos.
3438 4964 3742 5046 Manipulus

2150 5054 2353 5109 autem,
2391 5036 2611 5098 auctore
2639 5042 2792 5098 Livio
2818 5084 2832 5106 ,
2876 5036 3022 5096 leves
3050 5042 3269 5096 vicenos
3296 5038 3495 5092 milites
3516 5078 3545 5109 ,_
3580 5036 3739 5088 aliam

2150 5106 2359 5171 turbant
2389 5122 2721 5185 scutatorum
2770 5113 3021 5185 habebat.
3069 5112 3321 5185 Vegetius
3351 5122 3505 5185 νοιέο-
3534 5106 3571 5159 l.
3602 5119 3641 5185 tt.
3679 5110 3742 5158 de

2151 5187 2225 5241 Re
2270 5185 2478 5240 militari
2521 5182 2708 5240 scribit
2751 5183 3081 5253 manipulum
3116 5176 3293 5253 vocari
3325 5176 3738 5253 contubernium

2148 5258 2335 5315 decem
2368 5270 2572 5311 tantum
2601 5256 2827 5311 militum
2868 5246 2969 5308 sub
3009 5267 3117 5306 uno
3146 5251 3446 5314 eodemque
3480 5255 3618 5300 tecto
3648 5246 3738 5301 de-

2146 5331 2405 5400 gentium.
2448 5328 2576 5383 Vide
2602 5329 2838 5400 Lipsium
2862 5326 2924 5400 de
2956 5324 3112 5400 Milli.
3148 5318 3360 5400 Romi.
3394 5333 3449 5400 lli:

2219 5401 2238 5431 "
2283 5400 2558 5465 Quadratw
2605 5388 3057 5469 legimies._Legio
3100 5390 3357 5462 quadrata
3386 5388 3664 5469 dicebatur
3707 5402 3740 5443 a

2155 5461 2349 5539 forma,
2380 5480 2433 5525 et
2459 5461 2833 5539 orditie'quein
2866 5465 2917 5518 in
2944 5461 3060 5516 acie
3090 5461 3316 5521 teneret,
3347 5475 3450 5512 non
3475 5461 3638 5539 _quod
3672 5475 3737 5515 cx

2153 5530 2384 5610 quatuor
2411 5540 2637 5595 militum
2664 5530 2903 5610 millibus
2935 5540 3239 5599 constaret,
3285 5539 3341 5586 ut
3385 5530 3522 5585 male
3552 5538 3741 5602 putant

2151 5606 2415 5681 uottttulliv
2440 5609 2545 5672 Sed
2574 5611 2640 5663 de
2663 5609 2744 5665 his
2772 5620 2955 5681 supra.

2224 5674 2244 5716 ⁸
2283 5676 2385 5763 ne.
2414 5683 2544 5751 venit
2572 5681 2639 5763 9d
2666 5672 2901 5763 capulos.
2944 5675 3000 5737 ld
3045 5684 3159 5756 est,
3199 5688 3322 5745 cum
3364 5672 3611 5747 cominus
3651 5672 3736 5763 agi

2149 5742 2388 5835 emptum
2412 5742 2497 5821 est
2523 5742 2894 5819 educto'ense.
