4200 6178
509 270 611 329 511

1697 262 2131 323 TIIEODOSIUS
2169 264 2259 322 ET
2298 264 2520 323 PACAT
2530 265 2636 324 US.

3697 261 3802 321 512

505 386 775 458 publicam
816 400 975 442 manu
1006 398 1186 455 agere.
1220 383 1417 439 Hostes
1445 381 1718 438 venditam
1750 396 1991 452 Operam,
2028 381 2107 436 la—
2130 384 2186 445 Α
2283 380 2547 439 XXXVII.
2589 381 2700 440 Nec
2731 384 2813 454 pia
2849 384 2863 415 ¹
2900 384 3156 440 ιῐωιιιοηει
3187 382 3567 450 cunctantius,
3610 384 3696 440 ubi
3745 394 3800 441 te

506 489 745 537 ceratam
771 479 1003 546 Italiam,
1037 493 1191 549 spem
1232 477 1283 532 in
1317 478 1457 533 ferro
1486 475 1757 547 reliquam‘
1778 477 2103 547 cogitantes,

503 572 823 644 gladiatoria
891 570 1273 641 desperatione
1317 585 1575 641 pugnare,
1650 583 1749 624 nec
1809 568 1978 640 gradu
2018 584 2107 625 ce-

503 663 653 728 dere,
686 663 781 718 sed
815 663 869 718 in
898 664 1128 733 vestigio
1156 672 1327 729 stare,
1360 663 1443 717 vel
1471 661 1690 718 cadere.

575 755 822 812 XXXVI.
852 758 918 811 At
949 756 1039 811 ubi
1068 756 1296 826 impulsa
1323 756 1491 821 acies,
1520 754 1781 825 fronsque
1823 754 2019 821 laxata,
2052 762 2107 810 et

503 848 521 880 ¹
555 848 747 903 fiducia
793 848 848 902 in
898 848 1063 918 pedes
1104 862 1257 903 versa
1296 856 1399 913 est,
1450 848 1529 902 ire
1575 846 1903 917 praecipites,
1947 854 2039 900 aut
2077 855 2104 882 ιι

498 942 661 1014 globo
687 944 895 1013 fugere,
928 952 983 998 et
1011 957 1070 997 se
1099 943 1327 998 invicem
1372 940 1679 996 festinando
1722 939 1958 995 tardare.
2001 938 2105 994 Ar-

502 1036 662 1100 mati,
696 1035 961 1102 inermes,
994 1035 1219 1103 integri,
1256 1034 1457 1100 saucii,
1493 1033 1651 1104 primi
1680 1075 1692 1097 ,
1727 1032 2104 1103 postremique

501 1127 741 1182 misceri.
796 1128 951 1183 Miles
994 1143 1186 1198 urgere
1228 1128 1475 1193 eminus,
1527 1126 1812 1194 cominus,
1870 1125 2099 1196 gladiis,

501 1221 711 1287 hastis,
760 1222 780 1251 ’
831 1221 1107 1292 punctim,
1156 1220 1339 1275 caesim
1382 1219 1565 1275 ferire.
1610 1218 1762 1274 Alii'
1811 1216 2104 1288 peplitibus

498 1314 783 1370 imminere
806 1354 822 1379 ,
852 1312 945 1367 alii
975 1322 1121 1383 terga
1158 1312 1427 1381 conﬁgere
1449 1352 1463 1375 ,
1494 1320 1588 1365 aut
1634 1324 1771 1380 quos
1799 1324 1965 1363 cursu
1994 1324 2102 1364 non

499 1418 749 1480 poterant
797 1408 819 1438 δ
868 1406 1214 1476 contingere,
1261 1405 1456 1474 jaculis
1485 1402 1512 1441 δ
1560 1416 1845 1473 occupare.
1893 1402 2098 1468 Arma‘,

499 1501 605 1556 tela
624 1541 638 1565 ,
667 1499 827 1571 equi,
859 1499 1105 1553 homines
1130 1539 1143 1563 ,
1186 1497 1303 1550 viva
1328 1538 1342 1562 ,
1377 1504 1654 1566 perempta
1677 1538 1693 1561 ,
1725 1510 1922 1565 prona,
1952 1493 2102 1564 supi-

501 1610 680 1665 naque
706 1608 934 1664 corpora
964 1592 1162 1662 passim
1189 1635 1203 1658 ,
1237 1590 1321 1645 vel
1352 1590 1403 1644 in
1430 1588 1845 1659 acervojacere.
1882 1587 1961 1641 Illi
1985 1602 2102 1641 mu-

498 1688 610 1743 tilis
632 1687 934 1757 excisisque
958 1684 1213 1740 membris
1235 1726 1249 1751 ,
1273 1683 1479 1753 reliqua
1506 1683 1587 1737 sui
1614 1691 1765 1750 parte
1790 1679 2096 1749 fugiebant;

2210 476 2376 532 aﬂ'ore
2400 474 2702 531 nuntiatum
2726 518 2741 543 ,
2772 476 3019 547 impulsis
3049 475 3218 531 cll'usa
3251 476 3421 546 portis
3441 476 3655 532 obviam
3678 489 3805 546 pro-

2209 569 2431 633 volavit,
2464 576 2538 633 et,
2572 577 2629 623 ut
2654 577 2737 623 est
2776 583 2938 623 omne
2968 565 3296 621 desiderium
3330 578 3453 636 post
3500 582 3649 635 spem
3696 567 3802 620 im-

2209 661 2516 731 patientius,
2544 674 2732 730 parum
2764 660 2997 715 credens
3024 667 3208 728 patere
3236 658 3498 725 venienti,
3530 656 3803 713 festinavit

2206 768 2499 809 occursare
2530 762 2779 807 venturo.
2818 751 2836 790 ί
2869 752 3052 820 Fingit
3078 750 3298 820 quidem
3325 792 3339 814 ,
3383 760 3443 804 ut
3469 750 3706 814 scimus,
3733 749 3804 804 ti-

2207 862 2325 902 mor
2355 847 2608 916 gandium
2634 888 2647 910 ,
2682 844 2777 900 sed
2812 846 2883 897 ita
2912 844 3133 899 intimos
3184 843 3384 897 mentis
3419 842 3649 898 affectus
3678 856 3800 912 pro-

2206 938 2349 993 ditur
2372 939 2548 991 vultus
2573 946 2596 982 Β
2621 936 2899 1000 enuntiat,
2927 944 2983 988 ut
3004 936 3055 988 in
3086 934 3310 1004 speculo
3333 933 3589 989 frontium
3620 934 3799 1005 imago

2206 1039 2351 1085 extat
2380 1030 2708 1082 animorum.
2744 1028 2900 1082 Velut
2931 1026 3021 1081 illa
3044 1026 3234 1081 civitas
3261 1042 3288 1079 a
3320 1026 3475 1096 longa
3506 1026 3800 1083 obsidione

2206 1121 2500 1191 reSpiraus,
2530 1119 2673 1190 quod
2729 1135 2845 1174 eam
2888 1130 3146 1191 tyrannus
3199 1119 3425 1189 Alpibus
3449 1119 3795 1189 ohjacentem

2207 1224 2480 1285 tamquam
2501 1213 2627 1268 belli
2654 1213 2818 1268 limen
2840 1213 3141 1273 attriverat.
3169 1219 3316 1267 tanta
3344 1208 3515 1265 seetll
3539 1220 3645 1265 tam
3664 1211 3795 1266 sim-

2204 1307 2329 1376 plici
2370 1306 2703 1361 exultatione
2727 1305 2987 1376 iactabat,
3020 1314 3078 1359 ut
3123 1305 3176 1359 ni
3215 1314 3362 1360 esset
3391 1320 3519 1360 vera
3566 1305 3749 1359 laetitia
3776 1347 3794 1371 ,

2203 1399 2366 1455 nimia
2398 1399 2693 1454 videretur.
2749 1399 3018 1454 Ferebant
3058 1413 3115 1453 se
3167 1399 3341 1453 obvia:
3381 1398 3795 1468 tripudiantium

2203 1502 2453 1548 catervae.
2481 1490 2685 1547 CunCta
2713 1503 2897 1557 cantu,
2921 1500 2979 1547 et
3004 1494 3023 1522 ²
3046 1491 3268 1546 crotalis
3292 1492 3675 1561 personabant.
3702 1492 3797 1548 Hic

2204 1586 2300 1641 tibi
2332 1586 2660 1656 triumphum
2684 1585 2913 1652 chorus;
2948 1586 3040 1641 ille
3061 1595 3252 1641 contra
3277 1596 3508 1656 tyranno
3541 1584 3796 1641 funebres

2204 1680 2225 1711 ³
2256 1682 2461 1735 nmnias
2505 1688 2560 1736 et
2584 1696 2807 1736 carmen
2839 1680 3129 1751 exequiale
3176 1678 3413 1734 dicebat.
3477 1678 3573 1733 l-lie
3603 1693 3797 1748 perpe-

496 1778 550 1833 hi
582 1778 825 1833 dolorem
851 1776 1136 1833 vulnerum
1168 1775 1576 1845 sequebantur;
1607 1773 1696 1827 isti
1732 1784 1753 1811 ο
1784 1782 1985 1828 mortes
2012 1787 2100 1829 re-
2127 1777 2176 1837 B
2205 1782 2355 1829 tuum
2384 1774 2540 1828 victis
2570 1774 2808 1838 abitum;
2845 1774 2936 1829 ille
2967 1773 3265 1828 victoribus
3292 1772 3545 1827 crebrum
3574 1772 3794 1842 optabat

495 1879 680 1941 ceptas
710 1868 763 1924 in
794 1870 959 1925 silvas
980 1911 993 1935 ,
1025 1877 1081 1923 et
1106 1867 1328 1923 flumina
1359 1865 1696 1922 deferebant.
1731 1864 1841 1920 Illic
1880 1874 2095 1935 postre-

494 1977 644 2017 mum
684 1962 933 2030 Spiritum
981 1962 1033 2015 in
1080 1960 1439 2015 admiratione
1485 1958 1716 2014 nominis
1754 1959 1867 2023 tui,
1911 1966 1966 2013 et
2012 1959 2096 2013 sui

494 2053 649 2109 ducis
678 2053 1040 2110 detestatione
1071 2052 1386 2107 fundebant.
1425 2050 1762 2121 anlns‘ﬁnis
1805 2050 2047 2106 caedendi
2077 2092 2093 2118 ,

493 2146 922 2216 insequendiqne
938 2188 954 2213 ,
980 2146 1082 2199 nisi
1106 2144 1464 2201 subtraxisset
1489 2143 1779 2213 aliquando
1798 2143 2095 2199 victoribus

495 2254 644 2293 mors
672 2240 881 2293 hostem
905 2282 919 2305 ,
953 2248 1008 2293 et
1035 2252 1141 2293 nox
1171 2238 1336 2293 diem.
1367 2238 1438 2292 At
1465 2247 1668 2306 quanto
1699 2237 1891 2292 melius
1914 2233 1941 2272 ά
1974 2251 2094 2292 ma-

495 2345 597 2385 nus
623 2329 711 2383 illa
732 2329 1033 2395 consuluit,
1057 2345 1178 2400 quae
1204 2330 1490 2385 submissis
1512 2329 1853 2400 precabunda
1882 2329 2095 2384 vexillis

496 2421 651 2493 petiit
674 2422 695 2452 ⁵
724 2422 933 2476 veniam
962 2422 1322 2489 necessitatis,
1355 2429 1411 2475 et
1438 2430 1635 2476 terram
1660 2422 1715 2476 in
1745 2420 1943 2475 osculis
1974 2434 2095 2489 pre-

496 2528 651 2570 mens
696 2514 954 2569 calcanda
981 2524 1004 2551 ι’
1035 2514 1277 2584 vestigiis
1307 2513 1413 2569 tuis
1441 2528 1667 2585 corpora
1707 2522 1762 2569 et
1790 2528 1937 2568 arma
1971 2528 2094 2583 pro-

489 2608 661 2680 iecit?
684 2608 855 2677 Quam
890 2618 943 2664 tu
975 2625 1080 2665 non
1112 2609 1376 2680 superbe,
1418 2619 1478 2664 ut
1508 2610 1734 2674 victam,
1784 2624 1888 2664 non
1920 2610 2053 2665 irate
2075 2651 2090 2677 ,

495 2711 555 2757 ut
581 2716 762 2766 ream,
796 2717 903 2758 non
946 2702 1313 2774 negligenter,
1364 2714 1423 2757 ut
1458 2718 1646 2774 parum
1688 2704 2049 2759 necessariam
2076 2744 2090 2769 ,

496 2796 782 2866 prieteristi
807 2838 821 2861 ,
855 2798 948 2851 sed
982 2798 1177 2855 blande
1224 2798 1627 2866 liberaliterque
1672 2806 1952 2854 tractatam
1979 2798 2096 2868 jus-

494 2885 614 2941 sisti
642 2902 764 2943 esse
795 2887 1119 2944 Romanam.
1146 2889 1456 2960 Iunguntur
1475 2890 1618 2945 socia
1643 2892 1886 2961 agmina,
1921 2902 1973 2947 et
1993 2889 2095 2945 sub

495 2994 606 3034 uno
646 2980 822 3052 capite
868 2980 1083 3038 diversa
1130 2983 1439 3053 reipubliea:
1476 2984 1715 3039 membra
1759 2984 2090 3040 coalescunt.

495 3070 670 3127 Ambo
701 3073 812 3143 pari
843 3074 1041 3143 gaudio
1070 3074 1322 3130 feruntur
1349 3077 1647 3132 exercitus.
1682 3076 1779 3132 Hic
1802 3092 1966 3148 opera
1996 3092 2092 3133 sua

491 3161 721 3232 gaudet,
751 3163 840 3221 hic
870 3166 1025 3221 venia
1044 3207 1058 3231 ,
1089 3176 1313 3237 uterque
1342 3167 1588 3223 victoria.

2199 1866 2514 1922 adventum.
2558 1866 2676 1921 Jam
2708 1881 3049 1937 quocumque
3093 1867 3314 1921 tulisses
3339 1866 3565 1936 gradum
3596 1868 3791 1936 fsequi,

2199 1958 2649 2022 circumcursare,
2686 1957 3032 2027 prmcedere;
3058 1958 3171 2012 vias
3202 1957 3458 2027 denique,
3492 1957 3690 2028 quibus
3717 1958 3795 2013 fe-

2200 2050 2428 2113 rebaris,
2457 2050 2765 2105 obstruere.
2798 2049 2986 2105 Nullus
3014 2050 3265 2118 cuiquam
3292 2050 3373 2103 sui
3406 2049 3550 2104 tuive
3577 2064 3794 2120 respec-

2200 2154 2283 2199 tus
2313 2143 2565 2199 blandam
2596 2144 2691 2197 tibi
2717 2142 2951 2198 faciebat
2980 2142 3233 2212 injuriam
3266 2142 3644 2199 icontumacia
3664 2159 3791 2213 gau-

2198 2240 2433 2295 diorum.
2504 2238 2643 2306 Quid
2722 2253 2824 2307 ego
2878 2236 3109 2293 referam
3155 2238 3169 2287 i
3208 2252 3304 2306 pro
3359 2237 3631 2293 mmnibus
3679 2238 3791 2293 suis

2200 2334 2393 2388 festum
2427 2332 2617 2386 liberae
2646 2330 3272 2396 nobilitatisoccursum,
3294 2330 3617 2401 conspicuos
3640 2340 3791 2387 veste

2198 2427 2357 2480 nivea
2390 2433 2670 2479 senatores
2696 2464 2710 2488 ,
2764 2423 3090 2479 reverendos
3128 2424 3150 2455 δ
3194 2425 3503 2495 municipali
3554 2440 3790 2496 purpura

2197 2518 2462 2581 ﬂamines,
2483 2518 2502 2547 ⁵
2522 2517 2759 2587 insignes
2787 2517 3027 2586 apicibus
3048 2517 3405 2573 sacerdotes?
3433 2519 3573 2587 Quid
3607 2529 3790 2590 portas
3838 2562 3839 2565 η

2196 2613 2500 2668 virentibus
2527 2613 2687 2666 sertis
2713 2611 3046 2665 coronatas?
3076 2610 3215 2679 Quid
3244 2610 3269 2647 ¹ί
3300 2612 3487 2667 aulaeis
3518 2613 3788 2669 undantes

2198 2707 2425 2776 plateas,
2474 2705 2824 2773 accensisque
2862 2703 3129 2758 funalibus
3170 2713 3387 2757 auctum
3412 2704 3597 2759 diem?
3648 2704 3788 2772 Quid

2196 2798 2421 2855 effusam
2456 2798 2507 2852 in
2537 2798 2811 2868 publicum
2836 2796 3047 2850 turbam
3073 2796 3093 2826 ⁶
3112 2796 3443 2863 domorum,"
3459 2798 3788 2869 gratulantes

2196 2893 2356 2947 annis
2386 2905 2565 2956 senes,
2597 2903 2794 2960 pueros
2852 2888 2945 2944 tibi
2981 2888 3196 2959 longam
3225 2890 3541 2946 servitutem
3585 2905 3788 2945 voven-

2198 2992 2301 3049 tes,
2330 2990 2536 3037 matres
2583 2981 2773 3046 laetas,
2828 2978 3175 3050 virginesque
3229 2981 3488 3035 securas?
3541 2980 3790 3037 Nondum

2195 3089 2358 3131 omne
2383 3074 2699 3130 confeceras
2727 3072 2948 3137 bellum,
2964 3072 3076 3142 jam
3105 3072 3304 3143 agebas
3329 3073 3685 3145 triumphum.

2118 3161 2164 3222 C
2270 3166 2557 3224 XXXVIII.
2600 3165 2717 3223 Ibat
2754 3164 2973 3221 interim
3002 3163 3286 3233 Maximus,
3314 3174 3457 3222 acte
3492 3176 3613 3237 post
3639 3177 3793 3237 terga

1854 3262 2431 3321 INTERPRETATIO.

559 3362 583 3389 ιι
624 3350 942 3409 Turmatim.

564 3422 591 3462 δ
630 3422 881 3494 Assequi.

568 3507 589 3569 ἡ
633 3495 897 3569 acceptas
918 3494 1145 3552 lethales
1171 3496 1373 3569 plagas.

564 3568 592 3607 εἰ
636 3562 814 3619 Turba
846 3566 956 3621 illa.

570 3650 593 3677 ο
633 3633 923 3692 Gressibus
964 3638 1090 3692 tuis.

569 3708 589 3748 ι
630 3704 897 3763 Laetitiam
928 3710 1185 3766 simulare
1212 3720 1409 3782 potest.

2269 3370 2294 3409 ε
2336 3358 2559 3414 Iudicat.

2267 3429 2297 3468 h
2336 3430 2466 3485 Tam
2500 3442 2606 3483 non
2638 3425 2837 3482 fucata.

2274 3502 2290 3539 ί
2335 3499 2668 3570 Significatio
2696 3498 2894 3553 laetitiae
2920 3497 3085 3553 nimis
3112 3497 3405 3553 obstinata.

2270 3572 2283 3623 i
2333 3572 2415 3627 Ad
2446 3571 2664 3626 mtenia.

2266 3643 2294 3680 ιε
2333 3644 2563 3699 Ornatas
2593 3639 2920 3696 undantibus
2952 3639 3183 3713 tapetis.“

2004 3802 2235 3861 NOTAE.

562 3916 804 3993 XXXVI.
827 3951 899 3961 —
927 3922 941 3951 ¹
972 3919 1195 3993 Fiducia
1218 3922 1270 3975 in
1302 3921 1452 3993 pedes
1480 3937 1623 3976 versa
1650 3930 1742 3975 est.
1774 3922 1851 3975 Ac
1872 3934 2017 3993 spes
2039 3920 2088 3974 in

488 3987 609 4060 fuga
656 3992 778 4057 poni
811 4000 987 4059 empta
1023 4002 1125 4045 est.
1170 3987 1450 4059 Sumptum
1492 3993 1622 4046 illud
1661 4007 1726 4046 ex
1769 3987 2092 4060 panegyrico

489 4059 862 4124 Constantini,
904 4070 1126 4115 auctore
1154 4062 1377 4115 Nazario
1396 4103 1408 4122 .
1442 4078 1495 4116 ιι.
1523 4062 1594 4115 28
1617 4104 1631 4125 ,
1671 4062 1757 4115 ubi
1775 4059 2091 4115 ’relaxavcrit

489 4130 648 4191 acies,
677 4140 765 4183 aut
794 4135 938 4197 frons
955 4132 1179 4201 impulsa
1200 4132 1512 4197 titubaverit,
1544 4134 1737 4201 ﬁducia
1766 4148 2007 4186 manuum
2037 4134 2089 4185 in

494 4201 649 4270 pedes
677 4216 822 4255 versa
850 4211 946 4256 est.

564 4273 584 4302 '
621 4271 881 4337 Punctim,
916 4274 1087 4328 cwsim
1116 4273 1288 4341 ferire.
1316 4272 1472 4330 Modo
1498 4275 1775 4344 cuspidem
1822 4276 2083 4329 intentan-

491 4350 594 4406 tes,
639 4346 801 4397 modo
848 4352 1011 4399 totam
1058 4345 1217 4415 gladii
1269 4346 1464 4401 molem
1493 4348 1766 4401 vibrantes
1812 4360 1961 4415 :qua
2012 4348 2088 4399 lo-
2134 4368 2139 4371 -

489 4414 688 4487 quendi
732 4415 956 4470 formula
991 4414 1213 4471 utuntur
1240 4416 1428 4471 Livius
1454 4427 1509 4473 et
1539 4416 1812 4487 Vegetius.
1861 4414 2087 4487 Ipsaque

490 4486 654 4569 cessit
696 4486 745 4539 in
778 4488 1142 4555 proverbium,
1177 4502 1274 4557 pro
1312 4504 1378 4543 eo
1402 4489 1547 4560 quod
1576 4486 1661 4546 est
1704 4492 1823 4543 totis
1853 4489 2046 4543 viribus
2068 4530 2083 4554 ,

492 4572 728 4628 omnique
757 4569 942 4612 conatu
970 4577 1078 4613 rem
1099 4576 1268 4628 agere.

2197 3915 2460 3972 Balduino
2488 3914 2700 3970 videtur
2732 3914 2781 3969 id
2814 3913 2880 3969 de
2909 3914 3153 3985 Aquileia
3185 3917 3296 3986 ipsa
3336 3916 3743 3986 intelligendum
3770 3963 3787 3987 ,

2199 3989 2286 4043 ubi
2337 3997 2666 4055 postremum
2712 3987 2883 4041 victus
2913 3996 2997 4041 est
3024 3987 3303 4043 Maximus.
3353 3988 3459 4044 Sed
3489 3990 3628 4045 male
3672 4007 3789 4047 mea

2196 4059 2410 4130 quidem
2439 4056 2725 4130 sententia.

2268 4132 2287 4161 ²
2321 4128 2564 4203 Crotalis.
2611 4128 2885 4203 Crotalum
2916 4137 3033 4183 erat
3056 4129 3460 4203 crepitaculum
3491 4147 3555 4203 ex
3606 4132 3751 4203 ligno
3771 4176 3787 4197 ,

2195 4216 2335 4266 aere,
2370 4200 2539 4254 aliave
2563 4202 2785 4255 materia
2812 4202 2885 4254 ita
2914 4202 3292 4255 concinnatum
3319 4243 3332 4266 ,
3364 4211 3421 4255 ut
3449 4200 3666 4257 efficere
3702 4218 3792 4256 so-

2195 4288 2321 4327 num
2369 4280 2553 4339 posset
2598 4287 2757 4325 manu
2805 4270 3039 4340 pulsum.
3072 4272 3287 4326 Crotala
3329 4271 3643 4328 dicta'sunt
3687 4278 3791 4331 ἀπὸ

2191 4352 2281 4400 τοῦ
2311 4345 2511 4411 κρούειν
2539 4357 2567 4395 a
2595 4340 2964 4411 percutieudo.

2264 4369 2281 4399 ι
2311 4368 2339 4398 κ
2377 4365 2511 4398 ουειν
2539 4363 2567 4395 a
2596 4363 2964 4411 percuueuuo.

2264 4415 2285 4487 ξ
2327 4363 2562 4487 (ctenim.
2597 4414 2959 4487 Quintilianus
3002 4413 3040 4468 l.
3075 4429 3200 4477 VIII,
3230 4428 3280 4467 c.
3310 4413 3346 4467 2
3391 4432 3404 4467 :
3455 4413 3673 4470 Carmen
3706 4421 3793 4487 fu-

2188 4486 2341 4541 nebre
2382 4485 2586 4557 praprie
2613 4483 2992 4557 nwniaAdieit‘ttt'
3014 4526 3027 4548 ,
3059 4500 3086 4557 a
3119 4489 3310 4540 νείατον
3349 4487 3616 4541 ultimum.
3662 4483 3794 4543 Erat

2190 4558 2333 4612 enim
2368 4553 2614 4609 ultimum
2660 4554 2803 4623 quod
2841 4553 3108 4609 defunctis
3152 4566 3470 4619 caneretur,
3504 4559 3569 4611 ad
3604 4559 3788 4613 tibiam

564 4626 585 4656 ³
616 4627 908 4701 Ροριίιὶιηω
955 4625 1236 4686 imminere.
1292 4628 1427 4687 Tale
1470 4631 1601 4687 illud
1651 4630 1857 4687 Horatii
1906 4630 1942 4683 l.
1991 4645 2084 4697 ιιι,
2114 4638 2168 4701 Ῑ)
2194 4626 2579 4701 ιιηιθῄρτιάεινθτ
2612 4625 3127 4701 sepultum._Horat.
3164 4626 3201 4680 I.
3238 4642 3305 4691 ιι,
3338 4628 3428 4681 od.
3461 4628 3575 4682 20:
3613 4630 3793 4685 Absint

490 4696 581 4751 0d.
614 4698 689 4753 4:

619 4812 749 4881 Mors
765 4819 816 4864 et
838 4812 1061 4881 fugacem
1084 4817 1401 4881 persequitur
1416 4820 1592 4881 virum,

678 4874 963 4940 ljecparcit
988 4874 1198 4927 imbellis
1215 4874 1435 4940 juventa:

681 4936 973 4999 Poplitibus,
1000 4936 1230 4990 timidové
1257 4948 1419 5004 tergo.

494 5095 532 5126 τ.
565 5042 585 5073 ’δ
617 5042 934 5115 Contingere.
971 5047 1047 5103 Ita
1096 5047 1322 5103 restituo
1360 5064 1484 5104 cum
1510 5048 1741 5105 Grutero
1769 5091 1782 5117 ,
1828 5065 1924 5121 pro
1969 5067 2092 5105 con-

493 5125 672 5169 ttnere.

568 5186 588 5215 ⁵
628 5184 838 5242 Veniam
864 5190 1196 5244 necessitatis.
1229 5190 1527 5246 Postulavit
1550 5192 1754 5261 ignosci
1784 5190 1916 5258 sibi,
1943 5191 2089 5260 quod

495 5261 820 5331 necessitate
854 5262 1080 5328 impulsa
1112 5272 1298 5316 contra
1334 5272 1385 5316 te
1419 5271 1726 5331 pugnasset.

570 5327 1211 5386 XXXVIl.—"llmmona.
1227 5332 1367 5388 Urbs
1381 5327 1679 5401 Aquileiam
1692 5346 1755 5385 ex
1771 5330 1901 5385 urbe
1916 5330 2086 5389 Siscia

495 5400 736 5455 tendenti
752 5403 802 5456 in
820 5404 1010 5458 itinere
1025 5400 1459 5457 ltodieLanbach.
1490 5402 1783 5456 Rhenanus
1804 5417 1931 5455 vero
1944 5415 2089 5459 errat

497 5478 554 5543 ut
582 5469 853 5528 Livineius
883 5484 1029 5529 recte
1060 5476 1311 5534 advertit.
1335 5489 1456 5528 cum
1481 5488 1579 5542 pro
1608 5472 1861 5527 Ha’mona
1874 5475 2088 5543 reponit

499 5539 739 5597 Narona.
787 5544 918 5599 Nam
950 5545 1222 5615 quomodo
1248 5539 1585 5599 Theodosius
1628 5539 2089 5613 exercitum'pro—

498 5623 779 5690 p‘erantem
800 5656 817 5679 ,
849 5626 922 5690 ut
944 5617 1114 5690 spatio
1136 5617 1301 5690 Διιιιεὶί
1325 5617 1475 5669 unius
1508 5615 1730 5690 _ll_lyrico
1764 5616 2091 5690 continuaret

504 5678 809 5755 Aquileiam
843 5678 982 5755 (sic
1008 5685 1241 5755 loquitur
1269 5685 1527 5755 Pacatus)
1557 5678 1875 5755 longissimo
1920 5697 2089 5741 tractu

507 5742 655 5801 ιε’·οο
682 5759 802 5818 agat
832 5742 883 5804 in
916 5742 1093 5808 imum'
1113 5754 1249 5823 pene
1280 5742 1574 5823 Illyricum,
1606 5742 1693 5810 ubi
1725 5764 1809 5811 eat
1835 5754 2091 5814 Narona?

2196 4699 2340 4753 inani
2400 4702 2581 4769 funere
2636 4697 2851 4763 meniae,
2902 4695 3191 4767 Luctusque
3239 4706 3409 4767 turpes
3440 4708 3487 4753 et
3538 4702 3792 4770 querimo-

2196 4771 2298 4824 nia:
2321 4811 2335 4834 ,
2366 4779 2469 4823 etc.
3192 4822 3205 4827 ,ν

2269 4840 2290 4869 ’⁸
2318 4837 2626 4906 Municipali
2655 4853 2883 4905 purpura
2908 4840 3165 4908 ﬂamines.
3201 4840 3416 4895 Videtur
3443 4857 3505 4897 ex
3539 4842 3639 4896 hoc
3669 4842 3791 4899 loco

2197 4910 2574 4965 nonnullarum
2625 4909 2900 4963 civitatum
2951 4909 3194 4965 flamines
3242 4912 3494 4968 habuisse
3527 4911 3613 4983 jus
3660 4928 3789 4983 pur-

2238 4998 2367 5037 "NB.

2195 4995 2565 5119 pufﬁnsignes
2590 5050 2844 5123 apicibus.
2871 5050 2928 5105 Id
2954 5061 3037 5105 est
3064 5094 3077 5117 ,
3111 5053 3346 5122 insigniti
3378 5053 3532 5123 pileis
3563 5055 3615 5109 in
3659 5070 3791 5110 acu-

2198 5139 2321 5178 men
2350 5120 2753 5185 desinentibus,
2800 5136 2937 5192 quos
2980 5124 3103 5193 quia
3151 5120 3341 5178 aestivo
3379 5120 3626 5192 iempore
3657 5127 3791 5181 citra

2194 5196 2493 5249 molestiam
2544 5193 2684 5264 ferre
2714 5207 2816 5245 non
2862 5202 3107 5261 poterant
3129 5236 3141 5254 .
3174 5205 3229 5248 et
3257 5196 3413 5248 nudis
3445 5196 3657 5264 penitus
3702 5212 3793 5250 ca-

2195 5266 2393 5337 pitibus
2438 5262 2689 5337 incedere
2724 5264 2875 5317 nefas
2904 5274 3058 5337 erat,
3113 5265 3203 5319 illo
3245 5262 3544 5337 religarunt
3587 5287 3602 5323 :
3649 5268 3793 5321 unde

2192 5336 2435 5389 ﬂamines
2465 5334 2595 5387 dieti
2626 5343 2769 5395 sunt,
2802 5335 2955 5404 quasi
2987 5337 3269 5390 lilamines.

2265 5406 2285 5435 ⁶
2327 5404 2631 5457 Danaorum.
2664 5404 2720 5458 Id
2752 5415 2855 5470 est,
2890 5405 3113 5461 etfusam
3143 5421 3172 5461 e
3200 5406 3450 5462 domibus
3495 5408 3793 5464 multitudi—

2194 5492 2337 5530 nem.
2374 5474 2550 5543 Aliqui
2584 5474 2769 5542 legunt
2792 5476 3063 5533 bonorum.
3092 5478 3149 5532 In
3175 5478 3291 5532 aliis
3320 5478 3653 5535 editionibus
3688 5495 3793 5535 vox

2194 5546 2283 5602 illa
2311 5548 2469 5617 plane
2492 5550 2833 5616 expungitur.

2268 5620 2287 5649 ⁷
2316 5616 2659 5672 ίϐναιιιιαηιεε
2696 5619 2818 5690 anni
2849 5634 3021 5690 senes.
3072 5619 3261 5674 Simile
3306 5620 3559 5690 quiddam
3609 5629 3691 5675 est
3738 5620 3792 5673 in

2195 5688 2353 5743 Plinii
2386 5703 2594 5762 panega
2612 5704 2663 5741 η.
2698 5688 2769 5741 22
2794 5706 2808 5761 ς
2844 5688 2915 5743 Te
2931 5690 3135 5762 parvuli
3157 5688 3365 5747 noscere
3386 5733 3401 5757 ,
3426 5692 3682 5747 ostentare
3702 5692 3795 5759 jiu

2195 5765 2343 5813 bene!
2368 5797 2380 5819 ,
2416 5758 2595 5811 mirari
2620 5770 2761 5811 senes
2784 5758 2799 5819 ,
2829 5758 2937 5813 etc.
