4200 6178
393 196 502 253 51⁸5

1269 191 1751 254 PANEGYRICUS
1788 192 2042 255 PACATI
2080 196 2465 258 THEODOSIO
2504 199 2768 260 DICTUS.

3580 206 3687 263 5M

390 319 707 379 respectans
763 311 814 365 in
861 311 1081 367 modum
1130 314 1362 369 amentis
1417 314 1681 369 attonitus
1708 313 1980 369 avolabat.
2011 314 2057 376 Α
2090 330 2228 386 pene
2257 315 2511 382 dixerim,
2544 318 2658 373 sole
2691 315 2918 387 positus,
2951 317 3127 388 spatio
3180 317 3316 374 locis
3370 317 3531 376 unius
3562 320 3575 371 i
3614 322 3685 376 Il-

387 402 499 457 Nec
528 402 693 467 ullum
718 402 810 459 ille
834 404 1144 471 consilium,
1178 405 1409 460 ullamve
1436 406 1730 471 rationem,
1763 413 1856 460 aut
1882 406 1980 461 de-

388 495 551 565 nique
579 511 755 565 spem,
782 512 902 567 qua:
932 498 946 528 ¹
980 506 1250 567 postrema
1283 496 1532 553 homines
1564 498 1798 566 deserit,
1832 508 1857 535 ιι
1896 513 1984 554 se-

384 591 691 662 quebatur;
733 592 861 663 quin
901 593 1049 663 ipsos
1072 594 1173 648 vim
1220 592 1530 663 implicabat
1578 609 1824 662 errores,
1878 593 1981 650 ctb

387 699 530 740 nunc
560 684 752 740 dexter
773 726 789 752 ,
830 692 923 739 aut
975 685 1142 740 laevus
1162 726 1177 749 ,
1210 699 1351 740 nunc
1378 684 1624 756 vestigiis
1653 687 1765 741 suis
1791 685 1982 741 obvius

384 777 649 834 incertum
676 778 780 833 iter
806 778 1030 849 ancipiti
1061 779 1285 849 ambage
1314 779 1557 834 texebat.
1606 780 1831 847 Quoties
1876 780 1978 835 sibi

383 870 560 939 ipsum
592 882 840 941 putamus
869 871 1096 936 dixisse,
1130 874 1149 901 ²
1177 887 1285 941 quo
1317 872 1506 939 fugio?
1549 872 1833 927 Bellumne
1864 881 1980 928 ten-

384 962 558 1017 tabo?
590 974 610 1001 ρ
644 962 711 1018 Ut
742 978 902 1033 quem
931 963 1137 1018 viribus
1163 964 1291 1017 totis
1320 963 1463 1019 ferre
1488 978 1599 1019 non
1643 964 1797 1033 potui
1828 973 1980 1033 parte

382 1055 718 1112 sustineam!
751 1055 919 1124 Alpes
949 1054 1157 1109 Cottias
1189 1050 1215 1090 ά
1247 1054 1559 1110 obserabo?
1591 1054 1610 1085 ³
1642 1054 1778 1121 Quia
1820 1054 1978 1110 Julia:

379 1148 737 1219 profuerunt!
775 1148 905 1203 Peto
948 1147 1228 1203 Africam?
1264 1162 1423 1216 quam
1475 1146 1725 1203 exhausi.
1765 1146 1977 1216 Repeto

378 1241 756 1296 Britanniam?
787 1255 947 1312 quam
994 1240 1213 1311 reliqui.
1248 1238 1425 1295 Credo
1472 1255 1559 1295 me
1607 1240 1835 1295 Galliae?
1864 1238 1975 1309 ,‘sed

381 1334 401 1366 δ
432 1335 643 1389 invisus
670 1349 809 1388 sum.
846 1332 1117 1403 Hispanitc
1147 1331 1468 1387 committo?
1495 1331 1589 1387 sed
1622 1343 1783 1385 nouts
1824 1346 1965 1384 sum.

376 1425 514 1494 Quid
536 1441 666 1496 ergo
693 1424 909 1490 faciam,
937 1425 1081 1480 inter
1108 1438 1257 1479 arma
1279 1433 1331 1478 et
1360 1422 1483 1478 odia
1513 1422 1763 1477 medius?
1793 1422 1839 1477 A
1864 1431 1974 1477 ter-

373 1537 442 1591 go
473 1534 687 1590 premor
714 1520 979 1586 hostibus,
1013 1533 1041 1572 a
1071 1516 1251 1573 fronte
1278 1517 1615 1573 criminibus.
1641 1517 1693 1571 Si
1728 1530 1973 1571 morerer

377 1616 399 1646 ⁸
425 1628 700 1670 evaserant
721 1613 743 1665 ?
767 1611 874 1666 Sed
897 1627 1025 1667 ecce
1055 1622 1077 1647 ο
1103 1626 1203 1667 nec
1225 1610 1462 1665 animum
1487 1610 1735 1679 sequitur
1757 1622 1970 1675 manus,

377 1723 479 1764 nec
506 1722 722 1762 manum
749 1704 986 1776 gladius;
1020 1704 1222 1759 labitur
1254 1704 1481 1768 ferrum,
1513 1702 1691 1757 tremit
1721 1702 1968 1766 dextera,

381 1800 399 1837 ί
432 1815 583 1854 mens
623 1797 840 1853 fatiscit.
874 1796 918 1852 Ο
968 1813 1129 1867 quam
1166 1796 1382 1852 difficile
1412 1806 1497 1851 est
1544 1794 1761 1850 miseris
1808 1793 1969 1849 etiam

370 1894 587 1964 perire!
647 1892 790 1963 Ergo
844 1900 903 1947 ut
949 1892 1150 1947 clausae
1178 1890 1424 1944 cassibus
1463 1888 1593 1943 ferae
1621 1887 1852 1958 quaesito
1876 1886 1968 1941 diu

365 1986 538 2051 exitu,
565 1984 983 2054 desperatoque,
1012 1983 1338 2046 consistunt,
1387 1988 1443 2036 et
1485 1996 1597 2050 prm
1625 1980 1823 2034 timore
1858 1994 1966 2033 non

364 2080 598 2151 fugiunt,
630 2080 700 2133 ita
732 2079 846 2145 ille,
877 2080 993 2149 ipso
1024 2093 1131 2148 quo
1157 2077 1459 2148 agitabatur
1499 2084 1648 2130 metu
1671 2117 1685 2143 ,
1711 2074 1966 2144 alligatus

363 2171 419 2227 in
470 2172 724 2242 oppidum
764 2181 937 2227 semet
990 2170 1339 2240 Aquileiense
1369 2167 1710 2238 prtecipitat;
1748 2184 1851 2221 non
1908 2176 1963 2221 ut

361 2267 529 2322 vitam
558 2268 877 2324 defenderet
906 2264 1214 2322 resistendo
1242 2305 1258 2330 ,
1312 2263 1411 2319 sed
1466 2278 1534 2317 ne
1577 2276 1794 2332 ptenam
1851 2260 1965 2315 fru-

362 2361 590 2416 strando
644 2360 911 2416 differret.
964 2360 1301 2427 Quamquam
1346 2373 1465 2426 qum
1494 2364 1708 2426 poterat
1736 2355 1964 2410 ulterior

360 2468 486 2509 c~se
528 2453 762 2508 dilatio?
801 2467 922 2507 cum
957 2452 1029 2508 ita
1061 2451 1303 2520 vestigiis
1345 2450 1463 2519 ejus
1489 2463 1553 2503 ac
1583 2457 1735 2518 tergo
1762 2446 1962 2502 ardens

360 2547 519 2602 miles
551 2544 856 2607 insisteret,
908 2553 966 2598 ut
1014 2557 1152 2611 pene
1179 2557 1421 2607 omnem,
1465 2555 1587 2610 qua:
1635 2548 1721 2595 est
1774 2548 1960 2594 secuta

358 2654 613 2709 pompam
639 2635 774 2691 ultio
805 2635 1056 2691 festinata
1087 2634 1108 2664 ⁸
1132 2634 1395 2705 percepit.

430 2728 678 2784 XXXIX.
722 2728 888 2783 Recte
918 2727 1164 2797 profecto
1187 2737 1211 2775 ις
1228 2741 1487 2798 germana
1510 2726 1601 2780 illa
1622 2727 1637 2756 ¹
1664 2724 1956 2795 pictorum,

357 2832 751 2893 poetarumque
778 2830 1090 2875 commenta
1121 2860 1135 2884 ,
1187 2819 1472 2873 victoriam
1504 2818 1713 2872 finxere
1749 2831 1956 2885 penna-

356 2927 466 2974 tam
499 2959 514 2983 ,
544 2917 573 2953 ιι
599 2918 743 2988 quod
785 2917 1064 2972 hominum
1124 2931 1247 2971 cum
1292 2915 1505 2971 fortuna
1554 2915 1799 2969 euntium
1851 2927 1959 2967 non

355 3024 549 3066 cursus
573 3019 678 3075 est,
708 3009 803 3064 sed
834 3010 1068 3063 volatus.
1113 3008 1211 3063 Ille
1260 3009 1330 3063 ab
1361 3006 1555 3062 ultimo
1577 3006 1802 3060 orientis
1832 3004 1957 3060 sinu

2086 408 2255 477 lyrico
2300 410 2639 465 continuavit
2667 408 2993 480 Aquileiam.
3042 409 3186 465 Nihil
3232 421 3414 467 tamen
3465 413 3685 469 sibimet

2082 500 2187 556 hoc
2233 502 2451 557 nomine
2481 504 2500 532 ¹
2534 503 2840 565 vindicant,
2892 511 2947 558 et
2975 501 3022 557 si
3049 502 3266 573 quando
3308 502 3328 533 ³
3370 505 3678 559 mirantium

2082 593 2316 649 circulos
2355 593 2703 663 contrahunt,
2754 603 2848 650 aut
2890 595 3135 651 convivia
3189 604 3374 652 nostra
3426 612 3680 654 sermone

2082 685 2420 755 producunt,
2452 684 2479 723 ιι
2510 701 2728 756 operam
2756 702 2971 742 omnem
3003 702 3155 743 suam
3189 687 3295 744 fine
3320 688 3533 759 Alpium
3562 697 3678 745 ter-

2080 778 2564 846 minantes,deberi
2605 778 2707 835 sibi
2729 779 2970 833 abnuunt
2992 779 3138 834 illam
3158 781 3517 847 celeritatem,
3534 782 3678 851 quod

2080 880 2335 941 expertes
2367 870 2610 924 laborum
2640 871 2956 940 pervenisse
2984 886 3045 926 se
3065 871 3320 936 viderint,
3339 888 3446 942 quo
3468 873 3547 928 ire
3569 889 3677 929 non

2080 973 2382 1019 senserant.
2408 963 2615 1034 Negant
2642 963 2756 1019 imo
2777 978 2837 1019 se
2855 964 2969 1018 suis
2994 972 3177 1019 vectos
3197 978 3320 1020 esse
3336 965 3677 1034 corporibus,

2080 1056 2174 1113 sed
2207 1067 2459 1128 tanquam
2493 1072 2591 1127 per
2617 1056 2829 1128 aliquas
2867 1057 3131 1128 imagines
3182 1058 3518 1112 somniorum
3570 1058 3679 1113 fer-

2079 1159 2266 1205 rentur
2290 1148 2313 1180 "
2340 1149 2613 1215 absentes,
2650 1149 2949 1219 praebuisse
2971 1150 3309 1219 gestantibus
3341 1151 3514 1205 ventis
3540 1151 3675 1207 otio-

2078 1256 2262 1297 sorum
2311 1242 2609 1297 ministeria
2660 1242 3052 1298 membrorum.
3090 1242 3107 1279 1
3145 1242 3255 1297 Nec
3284 1242 3418 1298 fides
3450 1258 3669 1314 anceps.

2076 1333 2212 1388 Nam
2241 1334 2285 1388 si
2308 1334 2437 1387 olim
2469 1334 2645 1389 severi
2679 1333 2965 1390 credidere
2988 1334 3226 1403 majores
3251 1336 3269 1365 ⁵
3295 1331 3552 1392 Castoras
3580 1352 3673 1407 ge-

2078 1427 2275 1491 minos,
2294 1426 2601 1481 albentibus
2622 1426 2800 1496 equis,
2816 1436 2870 1481 et
2896 1428 3127 1482 stellatis
3148 1427 3395 1496 apicibus
3413 1428 3672 1498 insignes,

2079 1521 2355 1589 pulverem
2398 1533 2763 1589 cruoremque
2812 1518 3184 1573 Thessalicum
3234 1521 3390 1590 aquis
3442 1520 3673 1593 'fyberis

2076 1613 2358 1668 abluentes
2384 1654 2399 1678 ,
2442 1622 2497 1668 et
2543 1612 2821 1668 nuntiasse
2854 1613 3157 1678 victoriam,
3188 1622 3241 1668 et
3289 1623 3327 1650 ω
3378 1614 3671 1684 imputasse

2001 1701 2046 1761 Β
2076 1704 2346 1771 militiam,
2398 1720 2498 1760 cur
2538 1719 2642 1759 non
2673 1714 2700 1741 ιι
2730 1714 2834 1759 tuae
2875 1705 3214 1777 publicaeque
3255 1705 3505 1763 vindictae
3532 1723 3667 1762 eou-

2073 1797 2269 1853 fessam
2304 1797 2541 1865 aliquam
2573 1796 2896 1851 immortalis
2938 1797 3025 1852 dei
3057 1814 3242 1853 curam
3283 1809 3533 1868 putemus
3573 1815 3670 1855 an-

2074 1887 2292 1942 nixam?
2341 1888 2451 1943 Nisi
2502 1887 2643 1943 forte
2685 1889 2947 1957 majorem
2990 1887 3157 1943 divini
3202 1890 3401 1945 favoris
3443 1906 3665 1961 operam

2070 1995 2158 2036 res
2197 1981 2438 2036 Romana
2480 1981 2737 2051 poscebat
2775 1980 3124 2037 Macedonico
3170 1982 3415 2053 augenda
3463 1999 3665 2055 regno,

2069 2089 2228 2144 quam
2271 2073 2553 2144 tyrannico
2598 2072 2882 2128 eximenda
2925 2072 3168 2128 servitio.
3215 2073 3330 2145 Ego
3371 2089 3531 2142 vero,
3574 2074 3663 2129 si°

2068 2165 2292 2221 cmleste
2342 2164 2577 2221 studium
2625 2179 2723 2233 pro
2767 2164 3026 2234 dignitate
3070 2178 3353 2220 causarum
3389 2166 3666 2221 aestimau-

2067 2256 2194 2312 dum
2226 2257 2325 2324 sit,
2354 2257 2477 2326 jure
2513 2255 2886 2311 contenderim
2933 2257 3144 2326 equites
3175 2258 3334 2312 tuos“
3366 2258 3616 2327 Pegasis,
3639 2260 3659 2291 ⁷

2067 2351 2329 2405 talaribus
2357 2351 2565 2419 pedites
2597 2357 2783 2405 vectos
2811 2364 2876 2405 ac
2902 2364 3198 2420 suspensos
3231 2350 3446 2407 fuisse.“
3475 2351 3659 2421 Neque

2066 2442 2212 2498 enim
2253 2444 2378 2513 quia
2418 2457 2478 2497 se
2505 2442 2682 2497 divina
2714 2444 3032 2498 mortalibus
3060 2441 3422 2513 dedignantur
3471 2442 3661 2507 fateri,

2040 2534 2268 2590 idcirco
2296 2550 2417 2605 quae
2444 2535 2556 2591 visa
2589 2551 2695 2590 non
2722 2536 2927 2591 fuerint
2953 2535 3318 2592 dubitavimus
3349 2537 3510 2603 facta,
3538 2553 3663 2595 cum

2062 2628 2201 2681 facta
2239 2627 2552 2692 videamus,
2599 2642 2721 2697 quae
2752 2626 3181 2684 dubitaverimus
3221 2643 3343 2684 esse
3389 2627 3662 2687 facienda.

2136 2719 2250 2774 XL.
2296 2731 2323 2769 P
2364 2721 2603 2791 Anguste
2646 2720 2921 2776 fortunam
2968 2731 3147 2789 tuam,
3199 2722 3526 2792 Imperator,
3570 2739 3665 2780 ex-

2064 2813 2251 2883 pendit
2277 2812 2525 2882 quisquis
2552 2811 2605 2867 id
2650 2811 2719 2868 de
2748 2822 2801 2868 te
2841 2824 3079 2878 tantum,
3126 2814 3270 2884 quod
3301 2815 3418 2871 fieri
3448 2826 3662 2887 potest,

2062 2907 2257 2963 credit.
2290 2906 2372 2961 An
2404 2920 2536 2976 ego,
2566 2922 2687 2961 cum
2718 2906 2787 2961 ab
2815 2907 3045 2978 Alpibus
3074 2906 3232 2963 Juliis
3252 2911 3428 2965 otioso
3447 2919 3474 2958 (ι
3506 2909 3663 2965 feria-

2065 3009 2226 3067 toque
2263 2999 2407 3054 ferro
2445 3015 2552 3053 non
2582 2999 2823 3068 praelium
2857 2999 3025 3057 fuisse
3056 3000 3265 3056 videam
3288 3043 3302 3067 ,
3336 3002 3431 3058 sed
3465 3005 3659 3058 trium-

354 3100 627 3156 festiuatis
660 3100 945 3156 itineribus
983 3109 1170 3169 raptus
1201 3101 1503 3168 exercitus,
1558 3098 1571 3136 ί
1608 3107 1688 3155 tot
1719 3097 1950 3152 natioui-
1975 3096 2020 3159 C
2054 3093 2243 3163 phum,
2276 3092 2635 3147 dubitaverim
2670 3092 2819 3148 illam
2845 3095 3136 3165 specialem
3166 3095 3453 3166 quamdam
3481 3107 3502 3135 τ
3537 3096 3659 3154 fcli—

354 3194 459 3250 bus
486 3194 880 3265 relinquendis,
907 3204 986 3250 tot
1010 3194 1323 3271 fluminibus
1351 3194 1656 3258 enatandis,
1686 3202 1762 3247 tot
1793 3207 1951 3248 scan—

353 3287 551 3345 deudis
578 3289 857 3345 montibus
886 3288 1158 3361 fatigatus,
1190 3289 1243 3345 in
1281 3289 1388 3345 alio
1415 3288 1570 3357 orbe,
1599 3295 1655 3344 et
1692 3286 1793 3342 sub
1819 3285 1948 3352 alio,

2056 3185 2236 3241 citatis
2265 3188 2367 3239 tum
2398 3184 2603 3240 dixisse
2633 3184 2877 3240 militiam
2901 3187 2924 3239 ?
2952 3188 3165 3245 Scimus
3193 3188 3444 3258 quidem,
3474 3188 3650 3260 Impe-

2054 3289 2233 3344 rator,
2267 3278 2339 3333 ita
2379 3286 2433 3334 te
2458 3288 2652 3334 cuncta
2680 3278 3121 3348 administrasse,
3153 3290 3174 3317 ³
3204 3289 3261 3337 ut
3289 3295 3398 3338 non
3441 3283 3651 3354 possint

1719 3368 2302 3432 INTERPRETATIO.

428 3483 451 3510 “
492 3474 776 3543 Reliquam
809 3475 1058 3532 habebat.

425 3543 453 3583 ι’
493 3542 654 3601 Modo
681 3548 731 3601 in
764 3548 921 3613 hanc,
950 3548 1111 3601 modo
1140 3548 1191 3601 in
1221 3548 1367 3603 illam
1396 3553 1606 3617 partem
1628 3542 1902 3600 ferebatur
1929 3577 1943 3609 ς

349 3616 889 3715 aitqtlpnvestigiahsua
915 3620 1212 3715 relegebat:
1316 3704 1343 3715 Α
1376 3704 1402 3715 Α
1446 3690 1612 3715 mm“
1642 3702 1744 3715 mm
1776 3686 1922 3715 MM:

429 3700 449 3761 ξ
483 3688 553 3761 lit
582 3690 665 3761 cui
690 3688 957 3750 {resistere
982 3688 1105 3746 cum
1137 3691 1345 3761 integro
1373 3690 1615 3745 exercitu
1642 3702 1745 3744 non
1776 3688 1945 3757 potui.

424 3756 449 3795 ιι
483 3758 833 3815 Ρττεειιιάετη.

428 3842 451 3905 f'
480 3829 589 3905 Nec
619 3833 886 3905 voluntati
908 3848 1098 3889 manus
1128 3842 1303 3905 paret.

431 3899 449 3938 ί
479 3903 704 3957 Animus
733 3902 935 3959 deficit.

425 3981 450 4047 ξ
482 3972 782 4047 Pictoribus
809 3984 860 4030 et
896 3975 1073 4047 poetis
1100 3976 1407 4031 communia
1442 3976 1714 4047 figmenta.

423 4041 449 4165 ξι
479 4044 633 4165 Qluod
662 4047 858 4117 quibus
890 4041 1033 4103 favet
1061 4046 1272 4104 fortuna
1303 4064 1410 4104 non
1447 4041 1553 4103 tam
1593 4053 1756 4113 cunt,
1786 4058 1945 4116 quam

441 4130 506 4165 311
540 4158 552 4165 .

344 4124 552 4170 velant.

428 4186 442 4223 ί
476 4186 578 4242 Tot
606 4188 916 4261 regionibus
938 4191 1307 4263 peragraudis.

2133 3464 2147 3536 i
2190 3464 2268 3536 Ex
2300 3462 2514 3536 Illyrico
2542 3466 2689 3520 venit
2717 3464 3043 3535 Aquileiam.

2130 3534 2156 3573 ¹ί
2188 3534 2483 3604 Susceptos
2512 3554 2539 3589 a
2569 3552 2629 3592 se
2661 3534 2894 3594 labores.

2136 3604 2151 3644 1
2184 3606 2294 3661 Nec
2325 3606 2459 3661 fides
2485 3607 2713 3662 incerta.

2125 3687 2164 3715 ω
2194 3679 2423 3751 Operam
2456 3678 2669 3734 dedisse
2699 3678 2956 3736 Romanis
2984 3680 3037 3737 itt
3070 3696 3135 3739 eo
3165 3684 3371 3751 praelia.

2126 3758 2153 3785 τι
2204 3748 2539 3804 Manifestam
2593 3760 2696 3805 tuae
2741 3752 3078 3823 publicmque
3131 3748 3370 3812 vindicte
3445 3757 3651 3815 allaboo

2053 3836 2202 3878 rasse
2210 3863 2222 3875 .

2126 3904 2149 3930 ο
2184 3894 2416 3948 Deorum
2446 3892 2619 3948 favor.

2126 3975 2151 4015 ρ
2181 3964 2350 4020 Nimis
2379 3979 2539 4034 parce
2568 3965 2637 4021 de
2669 3974 2756 4022 tua
2782 3964 3036 4023 felicitate
3067 3968 3249 4025 sentit.

2129 4048 2156 4086 ιι
2190 4035 2471 4091 Cessante.

2131 4118 2152 4145 τ
2195 4106 2448 4184 [mtuum
2474 4108 2627 4184 quasi
2656 4108 3067 4184 tibimilitantis
3096 4111 3438 4184 obsequium.

2130 4188 2151 4216 ⁸
2199 4178 2270 4235 Ut
2298 4178 2512 4235 casibus
2539 4178 2674 4235 nihil
2699 4181 2919 4238 debeas.

1884 4272 2093 4334 NOTIE
2104 4312 2116 4326 .

423 4374 710 4432 XXXVIII.
740 4408 811 4417 —
842 4380 857 4409 ¹
886 4378 1158 4434 Postrema
1178 4378 1408 4433 homines
1428 4378 1636 4434 deserit.
1662 4376 1832 4433 Notus
1860 4372 1948 4429 ille

2125 4365 2145 4396 ³
2202 4363 2527 4440 ὶῑιὶναηιὶηηιΔ
2544 4365 3139 4440 εἰνραίοςεοηιναὼιηι-
3159 4368 3225 4423 Ει
3250 4370 3293 4423 si
3319 4371 3534 4440 quando
3564 4388 3651 4430 res

344 4446 548 4504 Tibulli
575 4449 871 4505 versiculus
902 4452 942 4505 I.
974 4467 1044 4517 tt,
1072 4452 1210 4521 eleg.
1241 4450 1273 4504 6
1309 4469 1321 4505 :

472 4541 597 4603 Spes
620 4541 772 4606 fovet,
800 4550 854 4594 et
876 4544 1054 4594 melius
1069 4556 1178 4593 cras
1198 4542 1307 4594 fore
1330 4556 1529 4606 semper
1548 4545 1629 4593 ait.

339 4621 509 4680 Plura
549 4641 613 4679 ex
646 4627 1016 4683 selectissimis
1062 4628 1371 4682 auctoribus
1414 4626 1467 4681 in
1516 4642 1679 4681 unum
1721 4623 1942 4694 collegit

337 4696 519 4751 Aldus
543 4696 811 4751 Manutius
840 4700 890 4753 in
920 4698 1030 4753 suis
1058 4699 1123 4752 ad
1152 4697 1440 4753 Catilinam
1474 4699 1633 4753 notis.

417 4769 437 4797 ²
471 4768 583 4833 Qua
614 4770 777 4841 fugio.
811 4769 915 4825 Pro
940 4786 1040 4834 quo
1064 4770 1300 4841 fugiam?
1325 4768 1398 4841 Ut
1428 4770 1624 4838 passim
1647 4768 1786 4839 apud
1809 4766 1938 4822 'I‘ul-

336 4838 475 4894 lium
502 4880 517 4904 ,
549 4838 798 4910 quid'ago
827 4856 923 4908 pro
962 4842 1082 4911 quid
1123 4838 1475 4912 agamiNota
1507 4838 1697 4895 autem
1719 4841 1933 4909 elegan-

338 4919 453 4965 tem
476 4922 529 4964 et
559 4911 755 4965 factum
787 4927 1045 4979 expresse
1069 4911 1281 4966 Maximi
1308 4911 1704 4981 dialogismum.

419 4982 440 5011 ³
469 4982 777 5059 Quialnlia:
796 4985 1116 5053 profuerunt.
1147 4988 1464 5059 Εὶρωνικῶες
1494 4982 1659 5059 ,ΙιιζὶειξΔ
1679 4982 1822 5037 enim
1852 4980 1934 5035 ni-

332 5051 415 5107 hil
450 5051 1019 5123 profuerant,'easque
1052 5051 1364 5123 perruperat
1391 5053 1751 5108 Theodosius.

416 5122 434 5152 ⁸
478 5122 694 5195 invisus
738 5142 873 5179 sum.
920 5122 1144 5195 Propter
1194 5125 1509 5181 Gratianum
1564 5124 1927 5180 interfectum.

413 5196 435 5225 ⁸
466 5194 765 5249 Evaseram.
803 5198 928 5251 Haec
959 5194 1096 5252 mala
1126 5196 1441 5263 eﬂ'ugeram.

414 5267 449 5349 δ’
466 5265 730 5338 Percepit.
762 5268 903 5339 Lege
932 5285 1055 5324 cum
1097 5268 1341 5323 Acidalio
1376 5276 1433 5325 et
1460 5267 1703 5323 Livineio
1735 5281 1929 5338 praece-

373 5350 491 5393 erit.

332 5356 1029 5485 ῗῖενὶὶιῇΧιΧμ-Ἶηεεογιιηι
1044 5454 1058 5477 ,
1075 5422 1455 5485 praetorumque,
1482 5411 1670 5482 Magna
1700 5409 1935 5485 pictores

335 5480 484 5538 inter
514 5490 568 5537 et
586 5496 770 5553 poetas
801 5484 1055 5540 affinitas.
1075 5480 1273 5540 'Ilorat.
1313 5480 1381 5538 de
1409 5483 1542 5538 Arte
1574 5480 1720 5553 poet.
1752 5480 1850 5535 36I
1875 5523 1890 5547 ,

686 5576 750 5626 Ut
777 5578 982 5639 pictura,
1020 5578 1183 5641 poesis
1208 5577 1322 5636 erit,
1341 5584 1437 5625 etc.

348 5680 359 5685 -
410 5669 429 5698 =
488 5659 783 5715 I’indicant.
825 5660 1038 5718 Nullam
1088 5662 1188 5719 sibi
1218 5660 1429 5718 laudem
1458 5657 1528 5716 ob
1566 5656 1621 5714 id
1650 5655 1810 5713 tribui
1842 5668 1935 5710 vo-

331 5730 453 5790 lunt
480 5731 680 5790 milites
706 5733 801 5789 tui.

2051 4444 2230 4508 gestas
2262 4436 2567 4508 narrantia
2604 4436 2820 4491 circulis
2840 4479 2855 4500 ,
2876 4506 2884 4508 Α
2907 4452 2969 4492 ac
2996 4438 3228 4495 coetibus
3259 4436 3537 4497 hominum
3580 4444 3648 4499 ad

2050 4505 2145 4564 éos
2176 4522 2234 4584 se
2259 4505 2512 4561 audiendi
2556 4521 2717 4584 causa
2761 4506 3043 4584 confestim
3084 4510 3435 4581 certatimque
3473 4514 3650 4584 appli-

2048 4579 2286 4651 cantium
2315 4577 2630 4651 :_quomodo
2656 4578 2795 4646 apud
2826 4578 3128 4643 Horatium,
3158 4577 3388 4651 canente
3426 4577 3642 4651 Alcaeo,

2046 4651 2083 4705 Ι.
2119 4666 2177 4713 II,
2209 4650 2297 4703 od.
2332 4649 2420 4704 15.
2454 4647 2666 4722 Pugnae
2698 4659 2747 4702 et
2774 4659 2981 4705 exactos
3012 4660 3259 4722 tyrannos
3286 4650 3516 4711 Densum
3552 4647 3651 4712 Ita-'-

2044 4724 2198 4777 meris
2230 4722 2353 4776 bibit
2381 4737 2506 4775 aure
2541 4720 2744 4792 vulgus.

2114 4814 2133 4843 δ
2175 4813 2457 4887 Absentes.
2483 4810 2653 4887 _Fo_rte
2695 4813 3024 4884 obsequentes
3064 4822 3125 4870 ut
3164 4808 3507 4887 suSpicantu'r
3550 4821 3647 4878 Li-

2044 4884 2256 4940 vineius
2284 4893 2339 4938 et
2364 4883 2659 4937 Acidalius.

2114 4966 2134 4995 ³
2179 4963 2420 5020 Castoras
2459 4964 2709 5033 geminos.
2740 4963 2795 5018 Id
2824 4973 2939 5030 est.
2972 4964 3253 5024 Castorem
3287 4977 3342 5026 et
3366 4969 3641 5028 Pollucem

2039 5040 2233 5093 fratres
2261 5034 2519 5105 gemellos
2549 5050 2615 5090 ex
2648 5034 2793 5090 Leda
2821 5044 2876 5090 et
2900 5035 3054 5093 Jove.

2112 5128 2133 5159 ⁸
2174 5126 2408 5199 Pegasis.
2442 5127 2517 5181 De
2547 5125 2754 5209 Pegaso
2783 5139 3067 5198 poetarum
3116 5131 3308 5189 fabulis
3360 5134 3643 5191 notissimo

2038 5212 2497 5268 supervacaneum
2531 5207 2614 5253 est
2642 5199 2848 5255 dicere.

2110 5281 2129 5312 ⁷
2173 5278 2461 5355 Talaribus.
2499 5278 2603 5355 Per
2631 5281 3100 5355 talariaintelligit
3128 5282 3265 5350 alas,
3297 5297 3432 5351 quas
3462 5284 3515 5339 in
3548 5299 3642 5355 pe-

2037 5349 2199 5407 dibus
2233 5351 2470 5421 Pegasus
2500 5350 2755 5408 habuisse
2780 5351 2998 5407 dicitur.

2112 5445 2133 5475 ⁸
2173 5441 2356 5512 Neque
2379 5443 2534 5497 enim.
2568 5442 2781 5498 Etenim
2806 5458 2926 5497 cum
2958 5442 3137 5497 divina
3166 5443 3487 5501 mortalibus
3513 5462 3641 5503 ocu-

2038 5513 2106 5569 lis
2137 5531 2194 5569 se
2224 5514 2557 5577 subducant,
2587 5512 2836 5567 dubitare
2864 5528 2969 5567 non
2995 5513 3254 5569 debemus
3285 5515 3415 5572 illud
3460 5520 3639 5574 conti-

2038 5586 2218 5656 gisse,
2269 5584 2412 5656 quod
2443 5583 2615 5638 visum
2664 5599 2769 5656 non
2810 5582 3000 5656 fuerit,
3044 5599 3170 5641 cum
3211 5587 3408 5644 factum
3453 5591 3640 5647 videa-

2040 5653 2205 5784 inust3
2230 5653 2429 5720 id'est,
2462 5656 2660 5712 victum
2702 5653 3022 5725 Maximum,
3051 5672 3173 5729 quae
3205 5659 3295 5716 vix
3335 5660 3448 5719 fieri
3479 5678 3640 5736 posse

2041 5737 2164 5784 nuta
2209 5743 2361 5784 amus

2041 5737 2361 5800 putabamus
