4200 6178
422 251 525 309 Sl'l

1328 234 1818 306 PANEGYRICUS
1854 238 2104 304 PACA‘ﬂ
2141 244 2530 305 meonosm
2565 240 2837 305 DICTUS.

3614 244 3718 304 δη

419 376 527 424 tam
556 368 613 423 in
641 365 837 421 vulnus
865 378 1082 423 manum
1105 365 1127 396 ³
1146 366 1419 435 percussit
1444 372 1500 419 et
1521 365 1712 420 tenuit.
1738 364 1852 421 Nisi
1883 380 2011 420 vero
2043 369 2091 427 Α
2118 365 2329 427 saltem,
2361 376 2451 418 aut
2478 365 2764 420 mussitare
2790 362 2963 433 potuit
2981 403 2995 426 ,
3023 361 3151 431 quin
3184 358 3471 415 consilium
3500 373 3661 415 omne
3697 361 3711 398 ι

420 474 474 520 tu
503 473 680 527 tuum,
706 458 1034 515 venerabilis
1056 458 1331 525 Gratiane,
1361 458 1671 513 carnificem
1702 467 1727 494 ο
1752 458 1895 511 Diris
1922 472 2012 512 co.

418 556 642 612 mitatus
666 552 949 608 ultricibus
974 550 1289 615 eheidebus,
1316 560 1371 606 et
1398 551 1533 605 irata
1563 550 1584 580 ‘
1608 550 1792 605 mittas
1818 550 2011 604 umbra

418 648 493 704 ob
548 660 613 702 es
668 645 787 717 ejus
854 644 1153 713 oculosque
1200 641 1470 698 fumantes
1520 642 1743 697 infernis
1806 642 2016 712 ignibus

420 739 611 804 taedas,
645 749 701 795 et
728 737 1051 807 crepitantia
1085 746 1230 791 torto
1256 749 1429 805 angue
1458 733 1623 804 flagra
1652 734 1959 804 quatiebas,
1985 731 2014 772 ¹³

423 848 491 888 ne
521 835 679 886 morti
712 830 960 887 honesta:
990 837 1238 894 vacaret,
1279 842 1349 883 ne
1387 826 1621 897 regalem
1648 825 1798 880 illum
1832 836 2017 881 sacro-

422 935 780 994 sanctumque
821 924 1074 981 vestitum
1118 923 1285 992 impio
1310 935 1506 976 cruore
1560 918 1858 989 pollueret,
1899 928 1967 973 ne
1992 928 2013 956 ο

420 1020 599 1076 cultus
616 1018 745 1074 olim
768 1027 917 1083 tuus,
946 1016 967 1046 ³
994 1030 1057 1070 ac
1077 1014 1335 1083 deinceps
1359 1013 1584 1069 fratrum
1611 1012 1842 1078 futurus,
1868 1012 2019 1068 fune-

420 1119 567 1171 stum
593 1107 620 1151 ἀ
638 1111 981 1179 sanguinem.
1016 1108 1099 1165 vel
1125 1107 1254 1163 dum
1282 1106 1605 1168 vindicatur.
1627 1106 1922 1175 acciperet,
1951 1120 2019 1161 ne

421 1213 705 1274 postremo
746 1213 799 1259 te
828 1217 1017 1258 manus
1046 1201 1399 1257 ulcisceretur
1430 1202 1673 1273 tyranni,
1703 1210 1761 1257 et
1784 1201 2021 1257 deberes

420 1296 661 1353 Itasime
692 1297 773 1353 vel
803 1296 825 1327 ⁸
855 1310 1007 1352 suum
1046 1306 1301 1352 mortem.

495 1385 682 1443 XLIII.
717 1386 784 1443 Et
805 1388 965 1457 plane
992 1388 1065 1442 ita
1080 1394 1273 1442 cuncta
1294 1385 1624 1450 diciderunt,
1649 1394 1707 1440 ut
1726 1394 1751 1423 ε
1768 1400 1876 1440 non
1905 1400 2021 1440 scr-

424 1489 546 1536 vata
570 1479 738 1536 modo
782 1480 951 1546 ultio,
992 1478 1356 1535 sedordinata
1394 1478 1657 1534 videatur.
1694 1477 1823 1533 Nam
1856 1477 2021 1543 unde,

2118 466 2340 521 nudaret
2351 505 2367 533 ,
2398 482 2456 520 se
2470 466 2724 520 videlicet
2744 464 2940 519 favoris
2958 463 3031 516 tui
3049 461 3362 516 obtendisse
3376 468 3714 529 praetextum,

2118 565 2260 635 quod
2307 566 2461 621 aliter
2506 580 2612 619 non
2662 565 2926 636 potuisset
2974 561 3189 617 allicere
3236 561 3463 616 militum
3494 562 3721 616 societa-

2119 677 2248 733 tem,
2278 676 2319 706 ω
2350 669 2451 724 nisi
2484 672 2501 700 ί
2532 670 2918 723 auctoramenti
2951 669 3031 722 sui
3063 675 3115 721 te
3139 665 3384 721 ﬁnxisset
3420 676 3721 719 auctorem.

2190 758 2375 817 XLIV.
2408 761 2473 816 Et
2498 769 2621 831 post
2646 762 2782 815 hanc
2811 771 2865 815 tu
2893 775 3078 814 vocem
3110 770 3213 813 non
3249 759 3397 813 illum
3427 760 3477 813 in
3501 770 3719 813 crucem

2122 858 2277 927 tolli,
2331 875 2436 916 non
2476 861 2631 916 culco
2686 861 2825 915 insui
2852 902 2865 924 ,
2913 876 3020 916 non
3059 860 3297 931 discerpi
3330 859 3381 914 in
3414 856 3583 913 frusta
3606 856 3724 928 jus-

2122 964 2258 1025 sisti.
2311 980 2416 1018 non
2463 973 2736 1033 postremo
2784 963 2929 1018 Illam
2974 964 3104 1018 tanti
3136 976 3282 1017 ream
3317 962 3584 1017 mendacii
3614 962 3721 1018 lin-

2120 1078 2277 1136 guam
2300 1060 2551 1118 radicitus
2577 1062 2690 1117 erui
2714 1063 3042 1135 prmcepisti,
3065 1078 3186 1117 cum
3210 1078 3396 1117 eorum
3416 1072 3567 1133 parte
3588 1072 3615 1098 τι
3642 1064 3721 1116 vi-

2126 1167 2333 1232 talium,
2364 1181 2592 1237 quorum
2628 1165 2798 1220 fuerat
2821 1165 2997 1220 locuta
3024 1166 3427 1221 commentum?
3453 1165 3591 1232 Quin
3612 1164 3721 1235 jam

2124 1282 2367 1336 cmperas
2397 1264 2464 1321 de
2490 1266 2608 1336 ejus
2635 1275 2809 1321 morte
2832 1266 3100 1331 dubitare,
3136 1275 3191 1323 et
3210 1265 3490 1337 dejeceras
3514 1266 3723 1334 oculos,

2124 1379 2181 1427 et
2226 1372 2431 1425 vultum
2483 1372 2684 1425 rubore
2734 1369 3058 1434 suﬁ’uderas,
3107 1378 3311 1425 etcum
3357 1368 3728 1425 misericordia

2124 1470 2451 1543 loquebaris.
2480 1470 2585 1526 Sed
2607 1470 2745 1525 bene
2771 1478 2873 1531 est.
2893 1469 3035 1539 quod
3061 1485 3164 1522 non
3180 1470 3362 1524 omnia
3384 1476 3556 1537 potes.
3586 1470 3600 1499 ¹
3622 1466 3731 1521 Tu.

421 1586 627 1645 quaso,
648 1584 753 1627 tam
771 1572 1048 1642 repentina
1062 1571 1816 1641 conversio,utquioppetere
1833 1570 2027 1627 timue-
2130 1581 2182 1627 te
2224 1571 2499 1625 vindicant
2524 1580 2579 1627 et
2611 1572 2856 1627 invitum.
2888 1572 2909 1602 ⁸
2936 1571 3159 1640 Rapitur
3196 1586 3325 1642 ergo
3346 1586 3413 1626 ex
3438 1570 3643 1637 oculis,
3674 1576 3730 1625 et

423 1674 508 1722 rut
534 1666 831 1731 interitum,
857 1662 877 1702 ί
903 1680 1011 1720 non
1043 1665 1258 1720 timeret
1276 1674 1557 1734 expetere,
1581 1675 1637 1719 et
1664 1680 1823 1734 quem
1850 1664 2027 1720 inclu-
2131 1681 2200 1722 ne
2238 1666 2368 1737 quid
2410 1665 2575 1720 licere
2628 1675 2809 1732 posset
2856 1665 3181 1725 clementiae,
3229 1665 3372 1719 inter
3416 1662 3733 1718 innumeras

424 1769 571 1817 serat
620 1770 829 1827 metus,
858 1758 1131 1826 proferret
1174 1758 1434 1813 audacia?
1463 1756 1560 1812 Hic
1588 1758 1735 1813 nulla
1755 1758 1865 1827 jam
1896 1759 2024 1813 reli-
2055 1756 2103 1817 B
2131 1774 2321 1815 manus
2367 1759 2535 1815 fertur
2578 1758 2643 1812 ad
2696 1767 2947 1813 mortem.
2997 1758 3134 1812 Ecce
3164 1758 3383 1824 iterum,
3416 1758 3730 1827 imperator,

423 1867 528 1922 qua
572 1849 889 1909 festinandis
937 1850 1099 1905 rebus
1130 1865 1304 1905 mora.
1340 1854 1588 1906 Actutum
1616 1850 1897 1906 fortissimi
1920 1851 2023 1906 du-
2128 1851 2412 1914 averteris,
2445 1860 2543 1907 °et
2567 1850 2713 1903 illam
2744 1848 3009 1920 tyrannici
3038 1851 3216 1904 esitus
3252 1847 3570 1904 relationem
3614 1864 3737 1919 gra-

423 1960 517 2002 ces
538 1944 862 2000 inetruendo
886 1943 1245 2014 accinguntur
1269 1942 1565 2012 triumphe,
1588 1945 1748 2011 capiti
1773 1943 2024 1999 diadema
2128 1945 2292 1999 varis.
2341 1942 2460 1999 iam
2496 1947 2606 2011 jam
2647 1953 2765 1997 esto
2794 1956 3052 2006 securus,
3085 1957 3267 2012 geram
3295 1943 3601 1996 clementia:
3628 1951 3733 1997 tum

427 2044 452 2082 κ
484 2034 773 2100 decutnur,
811 2034 1053 2089 humeris
1081 2035 1277 2089 vestris
1319 2036 1575 2096 aufertur.
1612 2034 1836 2103 pedibus
1860 2040 2027 2091 Orna-
2133 2052 2380 2101 moretu;
2427 2034 2571 2106 quod
2623 2034 2843 2091 noluisti
2889 2035 3073 2090 videre
3115 2051 3219 2090 non
3253 2034 3459 2091 audies.
3493 2035 3608 2090 Huc
3630 2033 3736 2090 huc

426 2136 513 2184 tus
555 2130 827 2196 evellitur,
862 2138 1007 2183 tctus
1054 2127 1287 2197 denique
1311 2126 1475 2181 homo
1501 2136 1717 2197 aptatur
1742 2125 1773 2165 ³
1798 2128 1865 2183 ad
1889 2129 2028 2183 inte-
2132 2141 2273 2189 totas
2305 2132 2375 2202 pii
2404 2143 2556 2188 vates
2582 2133 2862 2187 doctarum
2890 2132 3131 2186 noctium
3158 2131 3401 2186 conferte
3426 2145 3605 2195 curas,
3634 2130 3737 2187 hoc

424 2223 607 2277 ritum.
635 2220 855 2278 Publice
878 2220 1120 2291 publicus
1144 2220 1409 2291 spoliator
1453 2219 1691 2286 exuitur,
1740 2230 2027 2278 nectuntur
2132 2228 2379 2283 omnibus
2431 2228 2630 2298 linguis
2672 2228 2977 2297 litterisque
3020 2226 3315 2281 celebrate.
3370 2225 3482 2281 Nec
3527 2226 3645 2280 sitis
3668 2225 3740 2281 de

425 2329 620 2369 manus
659 2328 905 2383 rapaces,
945 2312 1216 2371 nudantur
1245 2328 1402 2368 crura
1434 2310 1693 2383 fugitivo,
1719 2314 1842 2370 talis
1868 2315 2027 2370 deni-

425 2423 533 2478 que
584 2408 690 2462 tuis
728 2405 952 2463 oﬁ'ertur
1004 2406 1175 2462 oculis
1204 2406 1418 2476 qualem
1446 2404 1625 2462 θεειτί
1655 2406 1880 2463 decebat
1915 2408 2028 2463 vic-

430 2500 530 2554 tori
562 2508 809 2567 captum,
843 2498 1063 2552 domino
1092 2513 1341 2565 servum,
1372 2500 1688 2568 imperatori
1716 2508 2027 2570 tyrannum.

427 2593 538 2650 Nec
564 2604 619 2648 tu
648 2594 823 2659 illum,
856 2609 959 2664 qua
986 2609 1047 2649 es
1066 2595 1378 2660 clementia,
1411 2595 1465 2650 in
1494 2606 1849 2663 conspectum
1878 2606 2027 2651 tuum

429 2688 617 2742 venire
640 2687 925 2753 voluisses,
956 2702 1024 2742 ne
1050 2687 1242 2743 oculos
1297 2688 1430 2743 istos
1478 2689 1736 2745 omnibus
1760 2680 2031 2744 salutares

438 2776 453 2815 ί
482 2778 644 2834 homo
667 2779 1193 2850 funebrisimpiaret,
1224 2780 1325 2835 nisi
1345 2779 1543 2836 famam
1568 2781 1852 2838 confutare
1883 2799 2034 2837 men-

429 2873 594 2939 dacii,
629 2883 788 2944 teque
821 2887 1046 2945 purgare
1069 2874 1261 2932 eodem
1294 2876 1490 2939 teste,i
1526 2892 1632 2946 quo
1660 2876 2033 2934 insimulatore

429 2967 712 3023 voluisses.
760 2966 933 3022 Habet
978 2969 1141 3033 vires,
1171 2966 1335 3023 habet
1374 2968 1559 3025 nescio
1607 2983 1743 3039 quos
1788 2970 2034 3025 internus

433 3074 586 3117 mens
608 3060 875 3118 scelerata
904 3060 1208 3127 carniﬁces,
1240 3073 1333 3117 aut
1360 3063 1473 3130 ipsa
1500 3063 1603 3118 sibi
1629 3062 1872 3119 carnifex
1896 3079 2031 3119 con-

2133 2336 2360 2391 Operam
2405 2330 2712 2377 vestrorum
2756 2320 3093 2389 perennitate
3134 2318 3375 2375 solliciti.
3430 2317 3525 2373 Illa
3577 2333 3739 2388 quam

2136 2423 2394 2482 prmstare
2430 2412 2671 2467 historiis
2697 2410 2957 2466 solebatis
2988 2408 3008 2440 ⁸
3036 2410 3105 2465 ab
3128 2409 3356 2466 historia
3379 2409 3563 2465 veniet
3587 2418 3744 2465 teter-

2137 2506 2298 2560 nitas.
2330 2504 2441 2560 Vos
2470 2519 2709 2575 quoque,
2738 2503 2934 2575 quibus
2956 2501 2977 2534 ⁸
3008 2502 3249 2559 secunda
3281 2517 3401 2557 sors
3432 2501 3743 2557 cessitdare

2137 2599 2332 2652 famam
2376 2600 2557 2665 rebus,
2591 2598 2848 2663 artiﬁces,
2883 2598 3096 2670 vulgata
3150 2598 3242 2653 illa
3294 2607 3537 2653 veterum
3591 2597 3742 2654 fabu‘

2138 2689 2308 2745 larum
2351 2699 2665 2759 argumenta
2716 2688 2999 2759 despicite,
3034 2690 3053 2719 ³
3090 2688 3386 2744 Herculeos
3416 2688 3658 2753 labores,
3690 2696 3746 2743 et

2140 2784 2353 2839 Indicos
2380 2780 2558 2838 Liberi
2586 2783 2912 2855 triumphos,
2943 2791 2995 2836 ct
3023 2781 3384 2853 anguipedum
3420 2780 3559 2835 bella
3591 2796 3745 2835 mon-

2138 2886 2395 2932 strorum.
2460 2876 2582 2931 Haec
2630 2878 2828 2946 potius,
2874 2876 2990 2930 haec
3022 2886 3204 2951 gesta
3274 2875 3501 2929 solertes
3557 2888 3747 2929 manus

2140 2973 2408 3039 Pducant;
2441 2970 2672 3038 hlsfora,
2702 2972 2787 3027 liis
2814 2973 3013 3041 templa
3043 2972 3365 3027 decorentur
3390 2972 3403 3035 ';
3436 2968 3553 3024 haec
3582 2968 3748 3024 ebore

2142 3076 2170 3116 ιι
2199 3065 2515 3135 reddantur,
2546 3064 2666 3121 hmc
2690 3078 2981 3129 marmore,
3015 3062 3134 3121 haec
3163 3064 3216 3119 in
3247 3060 3525 3119 coloribus
3546 3062 3749 3129 vivant,

431 3153 655 3208 scientia
682 3163 800 3220 est;
824 3163 936 3221 aut,
970 3154 1116 3223 quod
1146 3154 1316 3224 magis
1342 3155 1529 3223 credo,
1556 3154 1583 3193 ιί
1620 3159 1764 3211 omni
1794 3158 2038 3213 severius
2068 3156 2113 3221 C
2146 3160 2263 3215 lucc
2285 3161 2337 3215 in
2386 3175 2493 3216 sera
2524 3166 2865 3228 moveantur,
2900 3160 3016 3215 htcc
3037 3158 3059 3189 ‘
3087 3158 3316 3230 gemmis
3344 3162 3577 3228 augeant
3606 3168 3753 3225 pra:-

435 3245 735 3313 qumstione
764 3255 845 3299 est
875 3253 979 3300 ate
1010 3245 1353 3315 interrogari.
1385 3246 1464 3301 Ad
1498 3248 1725 3316 primam
1756 3256 1903 3305 tuam
1944 3265 2039 3305 vo-

433 3351 554 3393 cem
578 3337 783 3394 nefario
802 3339 1004 3409 pectori
1024 3353 1251 3395 excussa
1272 3338 1543 3396 confessio
1566 3349 1671 3407 est,
1688 3355 1786 3398 nec
1799 3343 2038 3399 cunctari

2146 3253 2643 3403 dugLVJertinet
2666 3346 2731 3403 ad
2756 3346 3101 3403 securitatem
3132 3342 3371 3399 omnium
3395 3340 3749 3405 saeculorum,

1813 3504 2399 3563 INTBRPRETA'I‘IO.

512 3672 539 3701 ἰ
578 3662 775 3719 Furiis.

510 3733 539 3774 ι’
578 3734 657 3791 Ne
685 3737 965 3790 honestam
1001 3741 1232 3791 mortem
1264 3732 1548 3805 cogitaret.

517 3817 539 3877 (ξ
583 3806 817 3877 Insignia
848 3808 1021 3876 regia.

514 3874 542 3915 δ
582 3874 791 3933 Cruore
821 3874 1206 3931 macularelur.

519 3959 541 3986 θ
571 3948 689 4004 Νοη
732 3949 892 4004 modo
929 3959 1141 4018 sumpta
1187 3945 1423 4004 vindicta
1442 3989 1457 4017 ,
1486 3946 1582 4004 sed
1614 3946 1777 4004 etiam
1806 3961 1928 4005 cum
1954 3960 2045 4006 ore

442 4020 569 4077 dine
593 4030 801 4090 sumpta
834 4019 1097 4075 videatur.

521 4091 540 4131 ί
569 4090 685 4147 Non
706 4092 995 4147 dubitaret.

518 4173 545 4210 8
577 4162 850 4219 Deiicitur.

519 4179 547 4271 ἰ
576 4179 869 4293 ξίῗῖἒὲῗῆ
897 4230 1245 4307 supplicium.

2222 3660 2238 3699 ί
2271 3662 2426 3717 Morti
2456 3661 2758 3717 desnnatus
2788 3661 3075 3730 pollueret.

2220 3732 2235 3802 ᾗ
2275 3733 2375 3802 Qui
2412 3743 2692 3790 accusator
2719 3743 2843 3787 tuus
2875 3732 3067 3789 fuerat.

2218 3800 2241 3841 ¹ί
2278 3800 2453 3859 Uirius
2482 3805 2631 3860 omni
2659 3812 2955 3859 tormento.

2224 3872 2242 3912 ι
2272 3877 2456 3931 Palam
2486 3876 2710 3932 faceret.

2222 3956 2262 3984 ιιι
2290 3948 2400 4004 Nisi
2437 3962 2497 4003 se
2520 3947 2893 4003 auctoritatem
2923 3945 3019 4003 abs
3046 3952 3100 4002 te
3125 3942 3398 4014 accepisse
3422 3941 3757 3999 simulasset.

2224 4026 2251 4054 η
2274 4019 2726 4090 Prtecordiorutn,
2756 4034 2985 4090 quorum
3014 4016 3355 4090 mendacium
3381 4014 3701 4090 protulerat.

2226 4097 2252 4124 °
2286 4089 2355 4164 Et
2384 4090 2529 4164 illum
2567 4090 2637 4147 de
2662 4086 2810 4148 exitii
2841 4089 3079 4164 Tyranni
3104 4090 3467 4147 narrationem
3526 4086 3754 4159 refugis.

2226 4169 2255 4209 P
2288 4161 2628 4235 Exprlmant.

2229 4242 2259 4283 (ι
2285 4234 2680 4293 Ειῒιὶδρθηιυτ.

1988 4413 2222 4473 ΝΟΤΔΕ.

522 4584 543 4617 ³
584 4584 870 4639 Percussit.
900 4580 1094 4639 Utrum
1135 4579 1405 4654 perculsit,
1453 4586 1513 4634 ut
1557 4576 1743 4633 volunt
1764 4574 1950 4648 aliqui,
1976 4588 2045 4629 an

450 4658 767 4800 fvgit;
792 4730 991 4782 umbra.
1036 4724 1167 4780 Nota
1197 4732 1441 4800 veterum
1483 4721 1794 4800 Opinionem
1816 4760 1830 4783 ,
1873 4718 2044 4800 inter-

454 4798 715 4855 fectorum
746 4814 935 4863 manes
966 4800 1060 4863 iis,
1092 4811 1121 4851 a
1154 4796 1349 4865 quibus
1381 4788 1650 4865 interfecti
1680 4804 1803 4865 sunt
1828 4831 1843 4856 ,
1875 4788 2049 4865 infen-

454 4885 545 4926 sos
581 4884 723 4925 esse.
948 4879 1003 4925 et
1042 4859 1329 4942 aPlatone
1362 4864 1593 4942 traditur
1617 4864 1653 4917 l.
1681 4878 1737 4916 ts
1770 4859 2047 4942 detegit).

454 4942 532 4997 sic
553 4934 861 4996 Oresteu'in
889 4940 1165 5010 tragcediis
1194 4936 1538 5010 persequitur
1568 4944 1743 4989 mater
1768 4952 1781 4987 :
1813 4934 1895 4987 sic
1924 4934 2052 4987 Vir—

454 5012 647 5083 giliaua
678 5012 815 5067 Dido
844 5013 881 5067 l.
915 5008 995 5078 tv,
1018 5012 1145 5076 386,
1177 5010 1367 5064 zEnetc
1392 5008 1661 5061 minatur:

551 5127 785 5178 Omnibus
801 5127 973 5177 umbra
1000 5126 1119 5178 locis
1141 5125 1293 5176 adero
1313 5139 1327 5177 :
1346 5124 1487 5174 dabis
1503 5120 1725 5183 improbe
1749 5132 1936 5183 poenas.

460 5306 483 5361 Ι
532 5236 564 5361 ἰ
591 5235 664 5289 Ac
688 5236 932 5307 deinceps
961 5239 1204 5301 fratrum.
1232 5230 1628 5297 Valentiniani,
1669 5228 1759 5300 qui
1799 5225 2049 5284 Gratiani

484 5322 538 5361 ra
570 5322 649 5361 er.

484 5317 649 5361 rater.

532 5380 551 5410 ⁸
591 5378 754 5433 Suam
771 5389 1003 5445 mortem.
1020 5376 1134 5432 Non
1152 5383 1271 5432 erat
1287 5374 1553 5441 maiestati
1576 5370 2052 5436 tuaacouveniens,

463 5457 523 5505 ut
550 5448 784 5505 Maximo
809 5448 1040 5505 deberes
1068 5448 1153 5504 vel
1182 5462 1333 5503 suam
1362 5456 1613 5501 mortem.

533 5528 717 5586 XLlll.
746 5557 818 5571 —-
847 5530 861 5559 ι
911 5527 1293 5583 Auctoramenti
1328 5526 1427 5581 sui.
1463 5524 1617 5580 Hunc
1642 5523 1819 5578 locum
1851 5519 2061 5581 restitui

464 5614 530 5656 ex
558 5600 847 5655 Viennensi
870 5599 1109 5656 editione
1130 5599 1478 5668 omniumque
1498 5596 1863 5668 interpretum
1877 5606 2062 5668 emen-

464 5671 703 5730 datione.
732 5671 790 5728 In
816 5671 934 5729 aliis
958 5680 1080 5742 est,
1107 5670 1207 5729 nisi
1254 5684 1309 5727 se
1333 5664 1706 5727 auctoramenti
1728 5666 1802 5721 tui
1824 5664 2060 5735 ﬁnderet

468 5750 747 5801 auctorem.

2072 4676 2126 4736 D

2223 4568 2408 4627 XLIV.
2448 4599 2522 4611 —
2544 4572 2559 4601 ¹
2594 4566 2690 4622 Tui
2713 4576 2759 4622 te
2783 4566 3063 4621 vindicant.
3092 4565 3382 4633 Sumptum
3411 4561 3543 4617 illud
3567 4577 3633 4618 ex
3653 4561 3755 4617 Pa-

2152 4643 2406 4714 negyrico
2458 4642 2547 4698 ubi
2596 4638 2892 4714 Eumenius
2924 4637 2989 4693 ad
3025 4638 3453 4714 Constantinum
3492 4634 3562 4689 de
3587 4634 3753 4714 alari-

2155 4705 2335 4769 miaito
2362 4714 2524 4769 simili
2564 4714 2722 4782 plane
2743 4710 2948 4765 ratione
2973 4724 3005 4764 u
3036 4709 3308 4764 militibus
3338 4708 3545 4763 occiso.
3582 4705 3669 4762 Dii
3698 4715 3751 4761 te

2152 4788 2432 4849 vindicum,
2458 4786 2650 4854 inquit,
2682 4784 2759 4838 vel
2788 4782 3028 4839 invitum.

2225 4883 2245 4912 ’
2275 4880 2501 4949 Rapitur
2531 4895 2650 4949 ergo
2675 4894 2737 4932 ea:
2766 4876 2947 4932 oculis.
2984 4876 3059 4931 Ita
3092 4872 3261 4929 refert
3300 4872 3578 4929 Socrates.

2228 4972 2249 5004 ⁸
2277 4971 2351 5026 Ab
2380 4973 2610 5026 historia.
2641 4972 2724 5027 Ab
2750 4970 2988 5025 historiae
3008 4968 3180 5040 ipsius
3202 4968 3484 5038 dignitate.

2229 5064 2253 5096 "
2285 5064 2525 5121 Secunda
2554 5079 2684 5118 sors.
2715 5061 2825 5117 Vos
2861 5076 3075 5133 quoque
3121 5060 3355 5133 artiﬁces
3385 5060 3436 5112 in
3464 5057 3655 5133 quilms
3680 5054 3764 5133 al-

2159 5149 2279 5221 tera.
2319 5146 2439 5211 post
2474 5145 2623 5192 vates
2662 5150 2725 5191 ac
2757 5128 3052 5204 scriptores
3081 5131 3402 5189 immortalis
3429 5128 3616 5200 gloriae
3636 5132 3765 5197 spes

2160 5216 2337 5282 posita
2368 5216 2475 5265 est.

2233 5306 2255 5340 "
2286 5304 2566 5362 Herculeos
2597 5304 2812 5361 labores.
2844 5301 2923 5360 De
2961 5301 3209 5358 Herculis
3244 5296 3521 5352 laboribus
3554 5292 3766 5362 adesis,

2162 5382 2206 5437 si
2239 5381 2405 5508 luget,
2436 5380 2827 5451 Panegyricum
2865 5374 3170 5432 Mamertini
3201 5367 3590 5435 Constantino,
3624 5383 3681 5423 II.
3708 5365 3770 5421 4.

2164 5463 2279 5508 not.
2350 5493 2362 5506 .

2164 5463 2279 5508 not.
2304 5463 2362 5508 ὖ.

2237 5545 2258 5577 ⁸
2282 5543 2509 5600 Cenantis
2537 5548 2760 5613 augeant
2781 5532 3373 5613 pretium._ﬁlajus_eniut
3398 5547 3628 5613 gemma
3648 5546 3771 5613 μνοέ

2167 5617 2332 5681 tium,
2377 5602 2657 5687 quau-rio
2689 5602 2930 5687 laborata
2960 5602 3375 5687 nobileaiiqttod
3406 5603 3614 5661 facinus
3633 5602 3659 5672 ,ί
3680 5612 3775 5659 aut

2175 5682 2433 5760 principis
2455 5684 2686 5755 alicuius
2711 5682 2918 5739 vultum
2944 5685 3319 5750 npmemut.
