4200 6178
476 235 583 292 519

1588 227 2035 287 THEODOSIUS
2080 228 2170 287 ET
2208 226 2544 286 PACATUS.

3677 234 3784 292 εει)

477 358 527 437 ᾗ,
533 347 681 429 quod
701 356 798 430 est
812 348 1035 431 factum
1060 343 1234 429 videri
1262 387 1276 410 ,
1311 352 1369 400 ιιι
1390 346 1437 401 si
1462 346 1582 415 quis
1604 361 1837 416 unquam
1867 344 2071 401 nefaria
2101 348 2152 407 A
2179 345 2585 412 domibus'suis,
2604 344 2783 401 cuncti
2803 345 3126 418 conjugibus
3146 360 3209 402 ac
3239 346 3448 415 liberis,
3486 350 3665 406 cuncti
3686 351 3782 408 de-

477 428 613 497 Vota
631 428 978 510 conceperit,
1001 440 1365 494 monumentis
1412 448 1718 494 nostrorum
1771 449 2069 509 temporum

473 531 503 571 ι’
526 532 803 589 recensitis
822 547 916 601 per
945 530 1131 587 oculos
1147 542 1168 570 ο
1186 530 1395 586 hauriat
1410 530 1801 587 innocentiam.
1820 532 2072 603 Quisquis

474 641 707 696 purpura
734 624 1058 695 quandoque
1088 624 1254 694 regali
1279 625 1476 681 vestire
1506 626 1761 680 humeros
1787 625 2068 694 cogitabit;

472 718 741 775 Maximus
776 718 826 774 ei
874 727 1068 773 exutus
1099 727 1365 774 occurrat.
1414 717 1668 789 Quisquis
1714 732 1899 774 aurum
1918 733 2064 790 gern-

474 826 697 881 masque
735 811 956 881 privatis
997 810 1222 881 pedibus
1242 811 1483 880 optabit;
1515 810 1777 867 Maximus
1804 813 1851 867 ei
1878 811 2072 881 plantis

469 903 647 959 nudus
694 911 969 973 appareat.
1018 902 1277 973 Quisquis
1315 903 1594 973 imponere
1634 905 1793 975 capiti
1825 904 2071 959 diadema

472 996 863 1063 meditabitur;
912 996 1157 1052 avulsum
1198 995 1438 1051 humeris
1479 997 1693 1052 Maximi
1736 1008 1916 1069 caput,
1968 1007 2023 1053 et
2053 999 2068 1029 ¹

469 1090 592 1146 sine
641 1091 857 1146 nomine
885 1105 1089 1160 corpus
1114 1090 1361 1169 aspiciat.
1394 1089 1607 1146 Scimus
1636 1091 1855 1161 quidem
1879 1095 1905 1135 d
1936 1090 2071 1145 nihil

471 1198 728 1255 umquam
773 1182 1110 1249 novandum,
1155 1197 1276 1237 cum
1300 1181 1602 1237 Romanum
1651 1197 1868 1252 semper
1904 1182 2074 1251 impe-

469 1276 609 1331 rium
661 1285 757 1330 aut
800 1284 954 1331 tuum
1010 1273 1247 1329 futurum
1298 1274 1400 1339 sit,
1432 1283 1524 1329 aut
1556 1284 1801 1338 tuorum;
1839 1272 2073 1343 pertinet

469 1377 650 1425 tamen
699 1367 766 1423 ad
818 1368 1089 1438 geminam
1139 1366 1451 1435 reipublirrc
1503 1366 1871 1431 securitatem,
1926 1363 2071 1435 quod

468 1461 585 1517 ﬂeri
612 1475 717 1515 non
746 1467 925 1528 potest
954 1459 1120 1514 etiam
1146 1474 1253 1513 non
1282 1458 1482 1513 timeri.
1510 1456 1616 1513 Sed
1637 1467 1928 1527 utcumque
1956 1457 2070 1511 vir-

468 1555 596 1612 tutis
640 1562 744 1609 tute
774 1569 938 1624 opera
976 1552 1206 1609 curiosa:
1232 1551 1566 1622 posteritatis
1595 1550 1769 1606 oculis
1798 1550 2068 1605 artiﬁcum

466 1663 662 1704 manus
689 1646 900 1713 reddet,
926 1662 1049 1701 cum
1074 1653 1125 1700 te
1154 1644 1239 1700 vel
1264 1642 1482 1714 Alpium
1505 1642 1664 1698 dorsa
1692 1651 2065 1713 superantem,

2177 439 2361 508 nique,
2396 437 2538 508 quod
2569 447 2656 493 est
2684 438 2916 504 dulcius,
2947 436 2976 475 ιι
3000 439 3331 495 innocentia:
3366 441 3601 497 restituti
3631 452 3781 500 sunt.

2181 531 2331 597 Vide,
2364 530 2685 601 Imperator,
2728 530 2858 601 quid
2889 532 2991 586 hac
3013 531 3299 588 clementia
3327 544 3654 590 consecutus
3681 535 3782 591 sis.

2175 624 2393 689 Fecisti,
2421 634 2479 679 ut
2504 639 2665 680 nemo
2692 624 2792 679 sibi
2812 626 2988 681 victus
3016 632 3070 681 te
3099 626 3305 683 victore
3326 627 3594 683 videatur.
3618 628 3784 700 Spec-

2175 718 2329 773 tabas
2370 717 2486 773 haec
2524 732 2553 771 a
2599 717 2703 773 tuis
2753 717 3006 785 collibus,
3040 718 3242 787 Roma,
3270 721 3373 790 et“
3401 728 3628 792 septena
3656 736 3783 777 arce

2174 808 2422 864 sublimis
2448 809 2647 864 celsior
2674 809 2872 880 gaudio
2898 811 3180 867 ferebaris.

2247 902 2430 959 XLVI.
2473 902 2552 958 Tu
2578 944 2593 968 ,
2635 918 2756 973 quae
2784 910 3006 974 experta
3053 904 3069 934 ³
3117 904 3389 960 Cinnanos
3436 903 3687 971 furores,
3723 913 3784 962 et

2176 995 2401 1052 Marium
2438 1006 2560 1067 post
2588 996 2748 1052 exilia
2792 996 3103 1063 crudelem,
3151 1006 3207 1052 et
3255 997 3457 1054 Sullam
3497 1008 3584 1055 tua
3624 999 3783 1057 clade

2175 1087 2382 1145 felicem
2403 1130 2417 1152 ,
2449 1098 2503 1143 et
2531 1086 2805 1144 Caesarem
2852 1089 2904 1144 in
2934 1097 3179 1145 mortuos
3220 1090 3622 1147 misericordem
3645 1132 3660 1158 ,
3708 1092 3779 1147 ad

2176 1196 2341 1238 omne
2366 1181 2549 1237 civilis
2575 1193 2755 1238 motus
2777 1182 3062 1239 classicum
3093 1184 3477 1249 Iremiscebas;
3497 1200 3613 1256 qua:
3636 1202 3781 1257 pra:-

2177 1281 2263 1329 ter
2310 1282 2549 1344 stragem
2596 1274 2827 1330 militum
2860 1284 3087 1346 utraque
3118 1275 3215 1331 tibi
3247 1285 3402 1347 parte
3440 1277 3781 1348 pereuntium

2174 1369 2439 1423 exstincta
2463 1368 2610 1423 domi
2639 1379 2863 1425 senatus
2894 1370 2970 1425 tui
3012 1369 3241 1436 lumina,
3286 1369 3479 1426 sulﬂxa
3509 1370 3622 1441 pilo
3650 1385 3786 1427 con-

2174 1459 2353 1515 sulum
2382 1459 2584 1529 capita,
2612 1462 2630 1490 ²
2651 1459 2884 1517 Catones
2923 1461 2978 1516 in
3021 1470 3252 1517 mortem
3294 1473 3536 1528 coactos,
3570 1461 3592 1493 ³
3623 1469 3781 1518 trun-

2173 1566 2376 1624 cosque
2404 1551 2720 1618 Cicerones,
2754 1560 2811 1608 et
2829 1552 2852 1584 δ
2877 1552 3164 1624 Pompeios
3187 1553 3418 1609 ﬂeveras
3448 1554 3783 1623 insepultos;

2172 1650 2257 1704 cui
2305 1649 2501 1704 damna
2532 1650 2794 1720 'graviora
2826 1650 3029 1705 scissus
3074 1650 3129 1705 in
3172 1658 3355 1719 partes
3388 1648 3590 1705 civium
3635 1649 3785 1705 l‘uror

466 1743 553 1799 vel
602 1742 824 1797 ﬂumina
875 1740 1088 1810 objecta
1132 1747 1432 1794 tranantem
1453 1779 1467 1803 ,
1507 1739 1592 1793 vcl
1637 1752 1829 1809 agmen
1871 1736 2067 1793 hostile
2094 1742 2143 1803 Β
2171 1755 2328 1811 quam
2356 1742 2377 1773 ⁵
2405 1740 2574 1812 portis
2604 1743 2897 1797 imminens
2921 1742 3139 1808 Poenus,
3171 1742 3191 1774 ⁶
3213 1751 3307 1797 aut
3328 1752 3583 1814 receptus
3620 1743 3782 1798 muri.

463 1836 879 1908 triumphalibus
896 1834 1133 1904 vestigiis
1150 1840 1497 1899 atterentem,
1516 1834 1781 1903 pictorum
1796 1841 1957 1902 atque
1979 1831 2073 1885 ﬂc-

469 1934 648 1984 torum
678 1935 998 1997 assequetur
1025 1926 1277 1991 imitatio,
1307 1924 1616 1991 clementia,
1638 1924 1960 1995 Imperator,
1983 1937 2071 1977 tua

464 2042 572 2098 quo
596 2027 757 2093 ctelo,
788 2042 895 2098 quo
924 2036 947 2063 ο
978 2024 1275 2097 pigmento,
1306 2040 1414 2096 quo
1433 2040 1565 2091 aere,
1593 2040 1797 2081 aurove
1818 2026 2069 2093 ducetur,

464 2134 570 2189 qua
609 2129 665 2174 tu
696 2118 864 2189 ipsius
885 2121 906 2151 ⁸
954 2101 1193 2173 victoriae
1217 2117 1391 2171 victor
1416 2117 1488 2172 ita
1517 2132 1732 2173 omnem
1755 2134 1878 2173 curn
1906 2118 2072 2173 armis

462 2219 597 2276 iram
627 2218 949 2290 deposuisti,
973 2226 1032 2272 ut
1058 2216 1318 2273 ceciderit
1343 2231 1505 2272 neruo
1536 2229 1657 2287 post
1678 2218 2068 2283 bellum,certe

465 2331 628 2372 nemo
680 2326 802 2387 post
850 2315 1174 2371 Maximum?
1202 2315 1397 2370 Paucis
1450 2314 1758 2371 Maurorum
1813 2318 2071 2383 hostium,

468 2433 605 2492 quos
635 2434 820 2474 secum
847 2417 993 2473 velut
1019 2432 1216 2488 agmen
1242 2415 1511 2471 infernum
1542 2417 1836 2472 moriturus
1859 2418 1879 2449 ⁸
1902 2418 2072 2472 inclu-

465 2529 643 2589 serat,
676 2530 731 2577 et
769 2520 1013 2586 duobus,
1046 2526 1139 2572 aut
1177 2517 1352 2573 tribus
1384 2517 1569 2572 furiosi
1602 2518 1917 2589 gladiatoris
1942 2518 1963 2549 ‘
1995 2518 2074 2573 la-

466 2622 623 2678 nistis
653 2620 671 2660 ί
703 2621 758 2676 in
798 2620 925 2676 belli
957 2618 1227 2690 piaculum
1256 2622 1435 2686 crcsis,
1468 2618 1706 2689 reliquos
1737 2636 1947 2686 omnes,
1982 2635 2073 2675 ve-

464 2723 553 2778 nia
594 2722 907 2794 complexa,
958 2720 1111 2776 velut
1152 2719 1384 2790 quodam
1424 2728 1673 2775 materno
1710 2720 1830 2775 sinu
1855 2720 2069 2777 clausit.

462 2823 671 2881 Nullius
692 2822 827 2876 bona
857 2819 1150 2891 publicata,
1176 2820 1373 2875 nullius
1394 2821 1649 2875 mulctata
1678 2821 1923 2889 libertas,
1949 2822 2071 2877 nul-

459 2922 567 2982 lius
592 2922 864 2995 praeterita
893 2921 1127 2993 dignitas
1148 2920 1448 2977 imminuta.
1490 2920 1662 2977 Nemo
1679 2921 1903 2978 aﬂ‘ectus
1921 2932 2067 2990 nota,

465 3035 491 3074 ε
517 3042 677 3083 nemo
698 3024 964 3090 convicio,
981 3030 1073 3077 aut
1094 3021 1328 3094 denique
1353 3023 1705 3094 castigatione
1727 3024 2066 3094 perstrictus,

2178 1833 2363 1891 Gallus
2392 1834 2649 1891 intulerat
2673 1853 2687 1901 ;
2721 1836 2806 1891 cui
2835 1838 2855 1867 ⁷
2878 1836 3105 1892 Alliensi
3126 1836 3216 1893 die
3237 1838 3259 1870 ⁸
3287 1835 3568 1892 Emathia
3598 1837 3789 1894 funes-

2178 1928 2319 1992 tior,
2365 1927 2385 1960 θ
2416 1926 2617 1982 Cannis
2669 1928 2711 1959 ¹⁰
2761 1928 2968 1984 Collina
3011 1928 3262 1994 feralior,
3310 1937 3420 1985 tam
3474 1929 3611 1985 altas
3655 1930 3783 1985 olim

2176 2018 2514 2089 reliquerunt
2562 2020 2883 2088 cicatrices,
2942 2029 3039 2086 ut,
3095 2022 3316 2091 gravius
3366 2034 3585 2091 semper
3635 2031 3781 2077 tuam

2174 2128 2335 2183 quam
2378 2113 2611 2169 alienam
2653 2124 2883 2185 experta
2930 2114 3224 2180 virtutem,
3280 2115 3415 2170 nihil
3466 2116 3562 2172 tibi
3615 2116 3787 2187 magis

2181 2224 2339 2279 quam
2370 2216 2423 2263 te
2448 2210 2701 2275 timeres;
2732 2209 2917 2264 vidisti
2946 2209 3106 2265 civile
3128 2208 3329 2264 bellum
3350 2207 3582 2265 hostium
3607 2208 3784 2274 caede,

2174 2301 2408 2356 militum
2458 2316 2620 2370 pace,
2665 2300 2833 2357 Italia:
2884 2301 3342 2372 recuperatione,
3392 2309 3480 2357 tua
3530 2301 3783 2357 libertate

2175 2394 2405 2449 ﬁnitum.
2434 2394 2661 2462 Vidisti,
2698 2395 2949 2465 inquam,
2988 2395 3197 2450 [initum
3229 2394 3393 2451 civile
3423 2394 3623 2451 bellum
3646 2436 3662 2464 ,
3693 2394 3784 2450 cui

2174 2485 2473 2541 decernere
2505 2502 2694 2556 posses
2723 2488 3076 2556 triumphum.

2247 2576 2455 2631 XLVII.
2483 2577 2754 2633 Hactenus
2786 2586 3008 2643 memet,
3034 2578 3337 2648 Imperator
3360 2576 3620 2648 Auguste,
3645 2594 3779 2647 prmo

2173 2671 2366 2724 teritas
2396 2686 2483 2725 res
2513 2679 2633 2725 tuas
2661 2678 2986 2727 attrectasse
3008 2669 3089 2725 Ias
3118 2670 3297 2726 fuerit.
3321 2672 3389 2725 At
3418 2685 3540 2725 cum
3567 2678 3782 2739 tempus

2175 2761 2465 2818 admoneat
2492 2762 2806 2818 meminisse
2830 2763 3182 2833 praesentium
3201 2803 3216 2829 ,
3238 2762 3399 2817 linem
3433 2764 3668 2818 sermoni
3701 2761 3784 2816 fa-

2175 2867 2302 2909 cere
2328 2853 2610 2909 rualuerim
2638 2896 2653 2921 ,
2703 2856 2908 2925 quam1
2955 2854 3283 2926 amplissimi
3333 2854 3541 2910 ordinis
3586 2869 3782 2908 munus

2174 2944 2447 3002 invadere.
2476 2947 2707 3002 Dabitur
2734 2956 3022 3019 utcumque
3046 2948 3205 3003 venia
3241 2948 3344 3019 pia:
3376 2948 3663 3004 temeritati
3694 2990 3707 3014 ,
3736 2947 3784 3002 si

2176 3041 2812 3111 usurpassecommunia,
2833 3057 2941 3097 non
2961 3057 3260 3113 occupasse
3280 3042 3562 3098 videamur
3583 3041 3781 3096 aliena.

462 3125 676 3198 culpam
712 3123 904 3196 capitis
931 3124 952 3155 ⁵
980 3122 1195 3179 aurium
1223 3122 1415 3179 saltem
1448 3122 1695 3179 molestia
1729 3123 1849 3179 luit.
1882 3124 2070 3180 Cuncti
2101 3140 2148 3204 α
2178 3134 2419 3191 Licuerit
2445 3137 2575 3192 mihi
2597 3178 2612 3205 ,
2645 3153 2766 3209 qua,
2791 3138 2845 3193 in
2870 3137 3120 3194 barbaris
3149 3137 3424 3209 gentibus,
3448 3136 3785 3209 longinquis-

1819 3238 2404 3306 INTERPRETATIO.

532 3346 557 3373 ιι
586 3335 738 3403 Quod
757 3343 970 3406 gestum
989 3340 1093 3402 est,
1121 3332 1395 3405 conspisci
1420 3347 1452 3387 a
1477 3331 1733 3404 posteris.

526 3407 555 3447 ι»
582 3407 858 3463 Perlectis.

535 3490 557 3518 ο
591 3478 793 3533 Discat.

526 3546 554 3587 ἀ
579 3547 858 3605 Neminem
886 3563 1123 3621 unquam
1150 3561 1240 3604 res
1271 3561 1442 3603 novas
1466 3546 1800 3603 moliturum.

2244 3352 2267 3377 ο
2295 3343 2517 3400 Colore.

2240 3411 2260 3450 τ
2287 3414 2368 3470 Ad
2396 3417 2662 3485 expianda
2686 3417 2813 3475 belli
2840 3417 3070 3476 scelera.

2241 3492 2267 3532 Β
2301 3486 2533 3544 Probro.

2229 3554 2259 3594 ιι
2288 3556 2621 3618 Innocentis
2647 3560 2848 3617 famam
2875 3576 2941 3619 ac
2978 3560 3150 3619 decus
3184 3571 3669 3634 recuperaveruut.

1995 3646 2225 3709 NOTIE.

524 3736 686 3794 XLV.
715 3768 786 3779 —
813 3737 833 3769 ³
865 3737 993 3793 Sine
1021 3736 1224 3793 nomine'
1249 3751 1457 3808 corpus.
1487 3735 1617 3792 Tale
1664 3735 1797 3792 illud
1843 3738 2059 3810 Virgilii

457 3808 674 3867 IEneid.
708 3826 767 3879 ιι,
800 3810 904 3866 557
939 3828 952 3863 :

841 3901 870 3951 Ι
875 3908 986 3952 acet
1006 3903 1184 3966 ingens
1199 3901 1370 3951 littore
1387 3906 1610 3966 truncus,

544 3964 881 4028 Avulsumque
902 3962 1121 4013 humeris
1142 3971 1287 4026 caput
1307 3970 1358 4012 et
1375 3964 1484 4012 sine
1508 3962 1710 4012 nomine
1736 3973 1929 4023 corpus.

525 4049 546 4078 ²
587 4047 821 4101 νὶειονὶω
871 4045 1069 4115 Victor.
1120 4045 1403 4115 Sumptum
1455 4045 1582 4098 illud
1629 4060 1694 4099 ex
1741 4044 1917 4100 Tullio
1961 4059 2058 4115 pro

450 4117 727 4181 Marcello,
757 4133 809 4170 η.
842 4116 911 4171 12
936 4136 948 4170 :
984 4113 1162 4185 Ipsam
1196 4114 1478 4169 Victoriam
1497 4116 1675 4169 vicisse
1703 4116 1913 4183 videris,
1940 4113 2057 4170 cium

444 4204 507 4243 ea
530 4190 663 4259 ipsa,
691 4202 806 4257 qua:
825 4187 919 4241 illa
939 4196 1047 4241 erat
1075 4186 1282 4256 adepta,
1310 4187 1453 4240 victis
1475 4187 1736 4254 remisisti,
1771 4196 1877 4243 etc.

520 4259 542 4290 ³
572 4258 880 4313 Incluserat.
926 4257 985 4313 In
1018 4257 1154 4313 urbe
1200 4256 1558 4314 Aauileiensi.
1603 4257 1694 4313 ubi
1741 4258 1997 4314 obsessus
2028 4274 2059 4314 a

607 4275 880 4312 ncmserat.
927 4275 985 4312 ιιι
1018 4275 1154 4312 lll'De
1200 4275 1558 4312 AGUIICIBDSI.
1603 4275 1694 4312 UDI
1741 4275 1995 4312 008855113

520 4274 542 4290 α
572 4274 880 4313 manserat.
927 4274 985 4313 tn
1018 4274 1154 4313 urbe
1200 4274 1558 4328 AQUllCIenSI,
1603 4274 1694 4313 llDl
1741 4274 1997 4316 oosessus

447 4329 755 4394 Theodosio
783 4338 1078 4400 captusque
1108 4337 1212 4385 est.
1537 4399 1547 4400 ί
1756 4399 1764 4400 ί

520 4402 542 4432 ⁸
563 4401 811 4456 Lanistis.
828 4399 1391 4456 Lanistaadicebantur
1413 4399 1650 4469 praefecti
1678 4399 1819 4455 ludis
1847 4400 2059 4472 gladia-

447 4474 600 4529 toriis
641 4473 913 4543 magistri,
941 4473 1029 4543 qui
1060 4472 1388 4541 gladiatores
1414 4473 1799 4540 instituerent,
1831 4488 2059 4530 exerce-

447 4555 681 4616 rentque
699 4544 770 4600 ad
801 4556 1041 4600 mutuam
1069 4543 1359 4599 lanienam.

521 4640 544 4670 ⁸
571 4639 788 4692 Aurium
816 4639 1068 4693 molestia.
1095 4636 1263 4693 Nemo
1286 4653 1445 4705 quam
1467 4639 1681 4707 culpam
1698 4640 1873 4708 capite
1903 4640 2056 4696 luere

450 4708 640 4765 debuit
667 4752 682 4776 ,
708 4710 974 4764 audienda
1003 4709 1193 4765 saltem
1223 4709 1603 4777 objurgatione
1628 4710 1903 4778 dependit.

454 4851 502 4907 Β
522 4780 543 4811 ⁶
574 4780 797 4851 Septena
820 4797 960 4836 arce.
998 4779 1254 4851 Virgilius
1282 4778 1504 4835 IEneid.
1538 4796 1613 4846 vi,
1645 4781 1781 4849 783,
1808 4780 1876 4837 de
1923 4782 2058 4838 urbe

434 4879 447 4889 -
505 4866 738 4908 omana;

572 4942 878 5006 Septemque
902 4955 999 4993 una
1018 4942 1113 4993 sibi
1129 4955 1267 4994 muro
1288 4942 1609 4995 circumdabit
1634 4958 1796 4997 arces.

519 5025 703 5082 XLVI.
734 5055 809 5066 —
835 5028 850 5057 ¹
881 5025 1142 5081 Cinnanos
1199 5029 1424 5097 (armes.
1470 5027 1545 5081 De
1592 5026 1762 5083 Cinna
1791 5070 1805 5093 ,
1844 5027 2014 5083 Mario
2035 5072 2050 5096 ,

447 5098 592 5170 Sylla
620 5138 636 5163 ,
664 5097 890 5170 confer,
917 5098 963 5170 si
1007 5097 1156 5152 lubet
1176 5096 1206 5170 ,ς
1234 5096 1434 5170 Incerti
1484 5098 1876 5170 Panegyricum
1910 5101 2055 5155 Con-

450 5167 694 5241 stantino
715 5209 729 5234 ,
763 5186 817 5223 n.
870 5168 941 5223 20
966 5208 982 5233 ,
1017 5178 1154 5241 not._
1180 5169 1205 5223 1
1236 5179 1289 5223 ct
1318 5167 2052 5241 4;7fluccrtii'Pauegyricurn

447 5240 775 5297 Maximiano
803 5249 855 5296 et
878 5239 1255 5307 Constantino,
1276 5256 1332 5295 n.
1360 5240 1449 5307 15,
1475 5249 1587 5295 ιιοι.
1612 5240 1702 5295 9i.
1723 5238 1827 5311 (La
1844 5238 2053 5309 'Baune,

449 5310 656 5367 Panea.
688 5311 836 5367 velt.)

506 5329 656 5367 anea.
688 5322 836 5367 velt.)

519 5311 1096 5439 :nC‘r’ziozteel;Z)Catonem
1125 5381 1300 5437 innuit
1320 5357 1523 5437 dictum
1550 5381 1885 5443 Uticensem,
1905 5384 2049 5454 quod

446 5452 707 5522 Pompeio
738 5459 880 5510 victo
910 5453 1076 5510 Utica:
1109 5454 1210 5509 sibi
1240 5470 1428 5508 manus
1454 5454 1720 5508 violentas
1764 5452 2006 5509 attulerit
2028 5497 2043 5519 ,

446 5540 519 5582 ne
547 5527 767 5582 victoris
794 5526 1028 5582 Caesaris
1057 5526 1263 5579 vultum
1312 5526 1510 5580 intueri
1542 5539 1769 5579 necesse
1796 5524 2044 5583 haberet.

519 5594 541 5627 ³
572 5596 802 5652 Truncos
829 5594 1116 5651 Cicerones.
1148 5599 1422 5665 Augustus
1460 5603 1517 5651 et
1545 5595 1816 5667 Antonius
1841 5598 2052 5667 gravis-

448 5665 773 5739 simisodiis
802 5669 945 5723 inter
967 5682 1027 5723 se
1059 5675 1362 5738 pugnantes
1391 5676 1545 5739 pacta
1573 5665 2054 5726 Ciceronis'morte

449 5736 724 5797 conciliati
752 5747 904 5793 sunt.

2080 4569 2136 4629 D

2242 3746 2263 3823 θ
2294 3746 2572 3823 Pompeios
2603 3751 2914 3823 insepultos.
2947 3750 3242 3822 Pompeius
3266 3754 3411 3809 enim
3454 3752 3779 3810 satellitibus

2168 3818 2513 3943 aP‘tolemzteo
2540 3818 2727 3878 missis
2748 3833 3060 3894 peremptus
3089 3818 3158 3880 'in
3192 3823 3372 3881 Nilum
3410 3823 3630 3881 ﬂuvium
3655 3841 3779 3897 pro-

2168 3904 2254 3943 Iec
2281 3907 2342 3943 IIS
2369 3909 2427 3943 es
2459 3935 2474 3943 -

2163 3902 2342 3960 Jectus
2369 3902 2474 3948 est.

2240 3960 2461 4019 “Portis
2510 3965 2779 4021 imminens
2835 3964 3050 4024 Poenus.
3103 3965 3201 4023 Cui
3253 3984 3362 4025 non
3417 3977 3607 4025 notum
3638 3968 3773 4025 illud

2167 4032 2388 4107 Annibal
2417 4036 2485 4089 ad
2506 4047 2684 4107 portas
2702 4038 2728 4091 ?

2240 4104 2261 4135 ⁵
2290 4104 2546 4182 Receptus
2575 4109 2735 4182 muris
2766 4108 2970 4182 Gallus.
2996 4108 3193 4182 Tangit
3220 4108 3617 4168 Senonensiuni
3650 4112 3775 4168 Gal-

2166 4175 2650 4253 lloruininUrbem
2701 4175 3259 4253 irruptionemfcum
3290 4182 3503 4253 direpta
3531 4184 3686 4238 Italia
3718 4184 3771 4239 in

2166 4244 2487 4325 Capitolium
2529 4244 2942 4325 ascendissent,
2976 4252 3031 4306 ni
3058 4252 3129 4307 Μ.
3160 4253 3391 4309 Manlius
3414 4244 3778 4325 'Capitolinus

2164 4319 2421 4393 clangore
2450 4323 2663 4377 anseris
2685 4324 2896 4378 excitus
2923 4338 3020 4379 eos
3048 4324 3361 4393 repulisset.

2237 4390 2258 4421 ⁷
2289 4391 2505 4465 Alliensi
2532 4395 2632 4465 die.
2668 4394 2801 4449 Cum
2837 4395 3065 4448 Romani
3093 4390 3126 4449 ἑ
3146 4395 3317 4452 Gallis
3341 4396 3470 4459 fusi,
3500 4397 3776 4465 fugatique

2164 4460 2232 4516 ad
2274 4462 2488 4517 Alliam.
2534 4464 2674 4518 Allia
2728 4475 2909 4519 antem
2959 4465 3155 4520 ﬂuvius
3211 4478 3296 4521 est
3330 4482 3361 4521 a
3410 4460 3777 4523 Crustuminis

2166 4534 2437 4608 montibus
2467 4535 2882 4608 quadragesimo
2910 4535 2979 4590 ah
3013 4536 3155 4593 Urbe
3184 4537 3368 4608 lapide
3420 4539 3474 4594 iu
3520 4539 3777 4597 Orienta-

2160 4605 2262 4661 lem
2300 4603 2510 4661 Tiberis
2540 4603 2743 4676 partem
2775 4607 3038 4662 deﬂuens.

2233 4700 2254 4730 ⁸
2281 4694 2576 4772 Emathia.
2595 4696 2883 4772 Celebrcm
2913 4713 3142 4772 pugnam
3168 4700 3425 4772 intelligit
3453 4700 3771 4772 Pompeium

2166 4768 2307 4839 inter
2333 4776 2387 4839 et
2414 4767 2688 4824 C:esarem
2742 4770 2793 4823 in
2841 4767 3047 4839 campis
3078 4767 3372 4827 Emathiis
3399 4767 3771 4829 cummi—stram.

2161 4837 2436 4912 .Emarltia
2465 4852 2647 4895 autem
2682 4844 2902 4910 proprie
2929 4837 3079 4912 regio
3120 4851 3205 4896 est
3241 4842 3485 4899 Thraciae
3517 4844 3769 4912 ﬂnitima,

2160 4909 2529 4998 quod-nomen
2560 4909 2800 4995 primum
2824 4909 3345 4998 alicui'Macedo'nire
3376 4917 3618 4998 regionif,
3654 4909 3769 4998 tum

2162 4981 2646 5058 toti__Maeedoui:e,
2673 4992 2838 5053 atque
2876 4984 3037 5038 etiam
3073 4984 3173 5055 ipsi
3215 4981 3512 5042 Thessaliae
3543 5003 3573 5041 a
3596 4981 3771 5058 poetis

2156 5053 2475 5108 attributum
2499 5064 2601 5108 est.

2226 5127 2247 5198 Ῡ
2278 5124 2493 5198 (Ῑαηηὶδἐ
2516 5126 2857 5181 Cannensem
2891 5140 3123 5196 pugnam
3153 5129 3349 5198 tangit,
3378 5128 3469 5183 ubi
3496 5129 3565 5183 ab
3600 5130 3771 5185 Anni-

2159 5194 2280 5251 bale
2303 5211 2442 5251 caesa
2465 5196 2831 5252 Romanorum
2854 5194 3206 5268 quadraginta
3238 5194 3425 5254 millia.
3451 5199 3642 5257 Canna:
3669 5217 3770 5256 au-

2160 5275 2265 5321 tem
2301 5269 2456 5321 vicus
2486 5268 2647 5323 estin
2672 5269 2886 5339 Apulia,
2917 5269 2983 5323 ad
3012 5268 3265 5325 Auﬁdum
3297 5270 3543 5328 ﬂuvium.

2232 5359 2274 5390 ¹⁰
2302 5358 2507 5415 Collina
2535 5360 2769 5431 feralior.
2803 5358 3015 5415 Collina
3041 5370 3219 5430 porta,
3254 5376 3376 5432 qua:
3408 5363 3509 5418 fuit
3538 5364 3591 5419 in
3632 5364 3770 5420 colle

2157 5429 2419 5505 Quirinali
2448 5429 2550 5505 sita
2576 5473 2591 5497 ,
2617 5432 2759 5487 unde
2785 5443 2841 5505 et
2887 5429 3087 5487 nomen
3131 5429 3364 5505 accepit.
3397 5434 3494 5489 Hic
3534 5435 3769 5491 celebris

2159 5502 2494 5629 ἶῖιιιιδγιιίιιιι
2527 5504 2673 5560 inter
2700 5513 2756 5560 et
2786 5503 3010 5559 Marium
3044 5518 3221 5576 pugna
3249 5502 3279 5571 ,⁷
3294 5505 3366 5562 de
3393 5522 3499 5577 qua
3529 5506 3770 5562 Velleius

2213 5590 2257 5628 ts
2282 5590 2365 5630 or.
2424 5590 2521 5631 .ιι.

2230 5668 2444 5743 XLVII.
2473 5700 2542 5710 ——
2571 5671 2587 5701 ¹
2614 5670 2935 5740 Amplissimi
2975 5670 3196 5743 ordinis.
3244 5670 3503 5743 Senatus.
3556 5671 3764 5743 Collige

2160 5755 2227 5796 ex
2250 5740 2355 5798 hoc
2374 5741 2495 5798 loco
2522 5746 2827 5800 orationem
2853 5747 2991 5799 hanc
3017 5742 3204 5799 Romae
3228 5742 3432 5801 dictam
3451 5746 3505 5802 in
3532 5740 3760 5803 Senatu.
