4200 6178
448 282 545 341 521

1259 277 1624 337 THEODOSH
1664 278 1982 336 SELECTA
2024 278 2113 335 DE
2155 277 2524 336 RELIGIONE
2566 278 2915 335 DECRETA.

3639 282 3745 337 5'22

441 412 546 468 quc
586 394 879 467 provinciis
901 398 922 427 ¹
974 410 1071 465 pro
1112 410 1321 451 summa
1372 414 1430 454 re
1462 398 1674 453 fortiter
1705 398 2041 467 feliciterque
2068 400 2115 457 Α
2142 394 2341 464 justius
2364 404 2618 464 poterunt
2650 395 2944 463 prazdicare
2967 408 3087 465 qua)
3116 392 3333 463 propria
3377 398 3523 448 sunt.
3552 390 3599 449 Ο
3628 410 3745 450 mea

443 489 657 555 fecisti,
690 500 743 543 et
792 498 1065 543 annuente
1097 491 1315 544 numine
1344 501 1435 544 tuo
1460 532 1474 553 ,
1509 500 1563 545 et
1607 500 1796 545 senatu
1836 489 2048 544 favente

442 582 668 639 dixisse.
696 581 767 636 Ea
795 597 945 645 vero,
977 597 1097 652 quas
1126 580 1311 637 Roma:
1336 590 1483 655 gesta
1511 595 1638 637 sunt
1666 593 1719 637 et
1745 592 2009 653 geruntur
2031 622 2045 649 ,

444 676 678 747 ingeniis
706 676 1065 746 permittenda
1090 675 1351 731 Romanis
1374 685 1520 743 sunt,
1546 675 1566 706 ³
1594 676 1807 746 qualem
1841 685 1891 730 te
1912 674 2045 730 Urbi

438 767 562 824 dies
589 770 794 838 primus
824 767 1129 832 invexerit;
1164 766 1324 837 quis“
1355 768 1405 821 in
1433 768 1581 822 curia
1616 767 1779 822 fueris
1803 809 1818 833 ,
1851 769 1970 837 quis
1994 766 2046 821 in

443 863 664 927 rostris;
699 872 757 917 ut
788 877 1039 933 pompam
1086 863 1441 933 praeeuntium
1473 862 1494 893 ⁸
1523 862 1848 917 ferculorum
1882 876 2044 917 curru

452 956 612 1013 modo
630 998 645 1025 ,
673 957 836 1013 modo
870 957 1094 1027 pedibus
1122 956 1441 1013 subsecutus
1465 999 1480 1023 ,
1504 958 1716 1012 alterno
1743 956 1921 1012 clarus
1964 957 2047 1010 in-

448 1065 621 1116 cessu,
653 1065 798 1105 nunc
824 1049 890 1106 de
920 1050 1097 1119 bellis,
1127 1065 1269 1105 nunc
1290 1050 1357 1106 de
1383 1050 1632 1121 superbia
1662 1048 2041 1119 triumpharis;

445 1152 503 1197 ut
536 1152 586 1197 te
615 1144 635 1173 ⁶
662 1143 916 1199 omnibus
939 1143 1259 1214 principem,
1291 1143 1514 1213 singulis
1546 1142 1859 1197 exhibueris
1889 1156 2047 1197 sena-

444 1242 651 1299 torem;
694 1244 751 1288 ut
780 1236 1003 1303 crebro,
1051 1234 1305 1305 civilique
1351 1250 1639 1305 progressu
1685 1250 1791 1288 non
1833 1233 2043 1303 publica

441 1334 652 1382 tantum
682 1342 845 1396 Opera
874 1327 1215 1394 lustraveris,
1262 1327 1358 1382 sed
1387 1328 1627 1399 privatas
1657 1342 1873 1398 quoque
1904 1327 2049 1381 a'des

439 1420 638 1475 divinis
670 1421 913 1490 vestigiis
939 1422 1280 1476 consecraris
1303 1462 1316 1486 ,
1352 1430 1561 1477 remota
1601 1420 1847 1475 custodia
1898 1419 2045 1474 mili-

443 1514 544 1568 tari
570 1557 585 1580 ,
616 1514 784 1570 tutior
810 1514 1009 1585 publici
1037 1513 1239 1569 amoris
1265 1514 1529 1570 excubiis.
1557 1512 1759 1569 Horum
1791 1514 1905 1567 hare
1940 1513 2047 1566 litt-

441 1608 585 1680 guis,
618 1608 810 1664 horum
836 1651 851 1673 ,
887 1608 1141 1678 inquam,
1175 1623 1309 1663 voce
1340 1606 1656 1673 laudentur,
1690 1607 1779 1675 qui
1807 1606 1875 1662 de
1898 1620 2047 1661 com-

440 1700 695 1757 munibus
725 1699 938 1772 gaudiis
961 1708 1017 1756 et
1042 1698 1258 1770 dignius
1288 1700 1474 1771 utique
1503 1714 1624 1771 qua:
1667 1698 1898 1754 maxima
1924 1739 1939 1766 ,
1992 1708 2050 1754 et

2152 486 2275 541 felix
2302 489 2659 557 peregrinatio
2687 489 2699 541 l
2724 488 2767 543 Ο
2797 490 2934 542 bene
2964 489 3222 555 suscepti,
3252 496 3309 542 et
3326 486 3573 542 exhausti
3599 486 3750 541 labo-

2151 581 2273 634 res!
2309 579 2513 647 Quibus
2563 595 2662 650 ego
2713 580 2975 633 intersum
3019 579 3213 634 bonis!
3257 589 3283 616 α
3334 578 3557 647 Quibus
3592 594 3754 649 paror

2150 670 2358 741 gaudiis
2390 673 2402 725 !
2436 672 2565 738 Qua:
2597 687 2850 727 reversus
2898 671 3120 726 urbibus
3148 670 3443 727 Galliarum
3468 670 3495 709 ι)
3527 671 3751 741 dispen-

2148 764 2282 820 sabo
2306 765 2561 820 miracula
2590 766 2603 819 !
2652 767 2879 833 Quantis
2922 768 3253 836 stupentium
3309 766 3518 836 populis
3544 808 3559 832 ,
3589 783 3751 839 quam

2152 860 2323 913 multo
2350 860 2733 915 eircumdabor
2761 861 3040 925 auditore,
3093 875 3215 914 cum
3264 859 3485 927 dixero,
3523 860 3750 917 Romam

2150 953 2257 1007 vidi
2297 996 2310 1019 ,
2366 954 2735 1010 Theodosium
2785 953 2927 1021 vidi,
2982 962 3036 1009 et
3076 964 3364 1023 utrumque
3409 956 3569 1010 simul
3603 955 3749 1021 vidi;

2151 1047 2260 1101 vidi
2288 1048 2437 1101 illum
2472 1049 2491 1077 ⁷
2528 1048 2785 1117 principis
2818 1057 3026 1117 patrem
3054 1064 3067 1113 ;
3102 1048 3209 1102 vidi
3256 1048 3407 1102 illum
3440 1050 3461 1080 ⁸
3495 1048 3754 1118 principis

2152 1138 2461 1207 vindicem;
2501 1139 2607 1195 vidi
2654 1140 2803 1194 illum
2833 1143 2852 1171 ⁹
2890 1140 3149 1210 principis
3204 1142 3620 1196 restitutorem!
3673 1141 3755 1198 Ad

2154 1249 2239 1288 me
2271 1234 2576 1305 longinqua!
2610 1236 2939 1289 couanient
2987 1235 3270 1300 civitates;
3306 1252 3333 1290 a
3366 1251 3451 1290 me
3482 1247 3755 1307 gestarum

2152 1326 2395 1381 ordinem
2419 1344 2598 1382 rerum
2623 1329 2798 1400 stylus
2826 1328 3001 1383 omnis
3015 1330 3273 1400 accipiat;
3304 1344 3331 1382 a
3358 1347 3443 1385 tne
3465 1346 3754 1401 argumen-

2151 1430 2259 1475 tum
2280 1422 2487 1491 poetica
2514 1438 2528 1485 ;
2564 1437 2591 1472 a
2620 1436 2704 1474 me
2727 1421 2884 1475 fidem
2908 1430 3085 1477 sumet
3111 1422 3358 1477 historia.
3377 1421 3754 1493 Compensabo

2152 1517 2245 1569 tibi
2298 1517 2491 1579 istam,
2532 1516 2853 1585 imperator,
2890 1516 3181 1585 iujuriam;
3225 1516 3307 1584 si,
3348 1518 3564 1589 quando
3594 1518 3663 1573 de
3706 1528 3758 1574 te

2150 1608 2267 1679 ipse
2294 1607 2424 1661 nihil
2453 1607 2685 1663 dixerim
2708 1649 2723 1675 ,
2760 1609 2802 1640 ¹⁰
2831 1609 2975 1680 quod
3008 1609 3295 1681 legendum
3339 1611 3442 1678 sit,
3489 1612 3752 1668 instruam

2149 1701 2238 1771 qui
2271 1701 2540 1771 legantur.

1803 1811 2388 1873 INTERPRETATIO.

516 1920 541 1948 τι
568 1909 697 1979 Qua:
729 1909 859 1965 mihi
883 1908 1075 1981 gaudia
1104 1918 1381 1980 parantur.

2220 1915 2249 1954 ι)
2284 1909 2585 1966 Enarrabo.

1972 2000 2201 2057 NOTAE.

516 2099 895 2178 fProsumma
916 2116 989 2155 re.
1024 2099 1128 2155 Pro
1163 2097 1532 2169 recuperanda
1555 2098 1709 2155 Italia
1736 2140 1750 2166 ,
1795 2096 1966 2154 Gallia
1998 2108 2052 2153 et
2080 2103 2129 2163 Β
2155 2112 2309 2178 gens,
2340 2096 2559 2178 singulis
2588 2106 2896 2154 senatorem.
2936 2096 3145 2153 Eximia
3174 2108 3262 2157 tua
3293 2103 3550 2160 comitate
3576 2105 3757 2178 singu-

446 2173 744 2229 Britannia.

519 2268 538 2298 ⁸
569 2265 789 2333 Qualem
836 2274 886 2318 te
931 2263 1078 2320 Urbi.
1112 2263 1479 2334 Triumphalis
1520 2264 1814 2320 Theodosii
1866 2264 1917 2319 in
1947 2263 2051 2320 Ur-

445 2337 567 2395 bem
588 2338 865 2405 ingressus
898 2345 1020 2406 post
1040 2350 1240 2390 ciesum
1268 2336 1588 2391 Maximum.

517 2430 536 2460 ⁵⁵
567 2428 635 2483 In
660 2428 992 2500 curia.rQuid
1026 2428 1094 2482 sit
1119 2429 1411 2500 curiavide
1442 2429 1602 2484 Plinii
1638 2446 1829 2500 paneg.
1860 2448 1914 2485 n.
1943 2431 2010 2487 66
2030 2473 2045 2497 ,

445 2512 555 2558 not.
580 2502 637 2568 2,
665 2511 719 2557 et
742 2516 795 2555 η.
829 2499 920 2563 65,
953 2508 1064 2554 not.
1099 2500 1119 2553 1
1156 2499 1231 2564 (la
1260 2499 1459 2565 Baune,
1501 2501 1702 2574 Paneg.
1732 2499 1899 2573 νειμ).

519 2595 538 2625 ⁵
572 2592 937 2667 Ferculorunt.
981 2592 1057 2647 De
1107 2591 1319 2665 ferculis
1360 2608 1523 2664 supra
1566 2594 1618 2648 in
1643 2594 1798 2649 Plinii
1851 2611 2043 2667 paneg.

446 2681 501 2721 η’
523 2667 557 2768 ⁸1
570 2664 1170 2806 Ξίηζᾞὸιιξρνίηεὶρειη.
1201 2734 1315 2790 Tua
1348 2736 1628 2806 majestate
1655 2752 1847 2793 omnes
1868 2749 2049 2809 prote-

477 2926 753 2939 ~—

2182 2184 2242 2222 os
2269 2171 2627 2238 cmnpellaus.

2228 2240 2247 2269 ⁷
2279 2238 2541 2320 Principis
2574 2251 2787 2310 patrem.
2821 2242 2875 2297 Id
2903 2251 3017 2309 est,
3048 2243 3303 2312 Honorii,
3334 2262 3491 2317 quem
3534 2248 3763 2305 Pacatus

2228 2322 2478 2362 insontem
2510 2318 2836 2362 tnlnehatnr.

2196 2322 2478 2365 rtcsentem
2510 2326 2578 2365 ΙΙΙΙ
2592 2322 2836 2365 uehatur.

2157 2322 2478 2381 prtesentem
2510 2322 2836 2368 tntnehatnr.

2230 2384 2251 2413 ⁸
2283 2381 2548 2451 Principis
2581 2385 2853 2438 vindicent.
2891 2384 3132 2442 Gratiani
3160 2404 3189 2441 a
3222 2388 3454 2443 Maximo
3479 2392 3625 2446 orsi.

2229 2456 2249 2487 ⁸
2280 2452 2544 2520 Principis
2574 2460 2933 2510 restitutorem.
2972 2459 3613 2525 Valentinianijunioris.
3662 2506 3679 2513 κ

2230 2526 2271 2556 ¹⁰
2306 2525 2457 2592 Quod
2484 2528 2756 2603 legendum
2776 2530 2864 2583 sit.
2889 2526 3021 2584 Cum
3050 2530 3177 2583 nihil
3203 2531 3434 2587 dixerint
3458 2535 3602 2603 quod
3626 2550 3759 2590 ven-

2156 2605 2335 2651 tnt'um
2373 2600 2530 2651 sitad
2564 2611 2814 2669 posteros
2838 2641 2854 2666 ,
2881 2604 2960 2674 ab,
2983 2605 3047 2656 iis
3098 2603 3403 2672 legendum.
3441 2600 3588 2659 Alios
3619 2622 3758 2674 ego,

2153 2674 2627 2750 quorutnseripta
2676 2679 2889 2726 aetatem
2949 2673 3122 2728 latura
3174 2687 3329 2742 sunt,
3376 2675 3586 2733 docebo
3640 2692 3760 2749 quae

2155 2748 2405 2810 scripturi
2440 2748 2570 2795 sint.

2694 2933 3096 2949 δρα-..ῃ-
3109 2937 3173 2949 —

448 2935 1604 3173 'EHEODOSIUS
1704 3043 2076 3175 MAG

2156 3049 2438 3176 .‘IUS
2558 3046 2788 3175 ET
2902 3049 3746 3185 PACATUS.

1352 3265 2063 3308 ---ςῦ

2071 3264 2123 3306 Ο

2132 3272 2835 3310 ψ-

1734 3398 1978 3494 ἰθαῖέ
2044 3394 2446 3507 semitae,

834 3586 1410 3657 COMPLECTENS
1452 3584 1812 3649 SELECTA
1857 3586 2293 3649 THEODOSII
2335 3589 2439 3649 DE
2483 3590 2924 3656 RELIGIONE
2970 3594 3367 3662 DECRETA.

451 3853 557 3894 LIB.
600 3852 639 3892 1.
681 3851 794 3891 τΙΤ.
840 3851 1011 3913 X..DE
1048 3850 1259 3891 OFFICIO
1296 3849 1510 3892 COIITIS
1550 3848 1828 3890 SACRARUI
1878 3850 2060 3891 LARGI-

2232 3838 2287 3893 5.
2332 3835 2505 3890 [idem
2544 3836 2701 3891 ΑΑΑ.
2746 3836 2816 3890 ad
2857 3834 3169 3893 Florianum
3210 3841 3457 3897 Comitem
3494 3858 3760 3899 sacrarunt

1135 3944 1357 3984 TIONUII.

527 4022 577 4075 i.
622 4018 830 4094 Imppp.
874 4019 1197 4084 Gratianus,
1238 4020 1633 4076 Valentinianus
1661 4031 1707 4075 et
1734 4021 2053 4076 Theodosius

455 4098 610 4169 ΛᾸΑ.
635 4116 704 4169 ad
717 4115 999 4186 Syagrium
1014 4113 1103 4187 Pf.
1134 4113 1200 4168 Ρ.
1234 4114 1505 4169 Palatinos
1527 4125 1780 4171 strenuos
1810 4113 2048 4185 regioni-

451 4209 549 4264 bus
589 4209 814 4279 singulis
852 4209 1140 4263 attributos
1174 4209 1431 4279 jubemus
1470 4224 1588 4264 eam
1630 4209 1682 4263 in
1716 4209 1925 4264 cunctis
1953 4208 2051 4262 ad-

453 4300 639 4357 hibere
677 4302 995 4369 solertiam,
1036 4311 1093 4356 ut
1134 4318 1239 4357 non
1280 4302 1442 4358 modo
1493 4303 1644 4358 abire
1691 4319 1722 4357 e
1774 4302 2048 4372 provincia

456 4408 563 4449 non
603 4393 849 4458 sinatur,
882 4393 971 4464 qui
1004 4409 1267 4450 canonem
1299 4394 1533 4466 promite
1566 4393 2051 4450 administrationis

453 4496 699 4545 exactum
721 4488 1041 4544 certissimis
1072 4498 1306 4557 nequeat
1332 4490 1633 4559 approbare
1673 4487 2013 4543 documentis
2034 4528 2049 4554 ,

454 4598 638 4638 verum
688 4584 849 4638 etiam
905 4582 1337 4639 mansuetudinis
1387 4594 1589 4640 nostrae
1642 4584 1906 4638 instructa
1960 4598 2052 4638 co-

455 4680 622 4749 gnitio
659 4695 781 4734 eum
819 4680 1073 4750 graviore
1112 4679 1345 4735 vindicta
1387 4690 1600 4735 censeat
1642 4677 2047 4749 corrigendum.

455 4769 582 4825 Dat.
613 4770 707 4825 III
744 4770 883 4849 Non.
942 4769 1058 4824 Jul.
1100 4770 1419 4839 Viminacio,
1459 4772 1683 4843 Syagrio
1714 4780 1762 4825 et
1799 4768 2053 4824 Eucherio

459 4861 601 4918 Cass.
647 4863 821 4936 (581).

530 4958 585 5011 2.
630 4956 839 5029 Imppp.
881 4958 1309 5025 Valentinianus,
1353 4958 1674 5013 Theodosius
1713 4967 1758 5012 et
1800 4958 2054 5012 Arcadius

2156 3931 2508 4002 largitionum.
2542 3930 2599 3987 In
2630 3931 2879 3987 omnibus
2911 3935 3093 3989 causis
3124 3934 3193 3988 ita
3226 3937 3518 4006 cognitioni
3546 3939 3758 4010 jurgio-

2155 4039 2276 4078 rum
2336 4039 2555 4095 Operam
2615 4023 2813 4091 dabis,
2879 4034 2938 4079 ut.
2994 4035 3147 4080 extra
3207 4027 3453 4084 ordinem
3519 4046 3581 4086 ac
3640 4032 3759 4089 sine

2157 4117 2492 4187 temporibus
2539 4132 2973 4187 recognoscens,
3023 4130 3271 4188 mature,
3322 4138 3445 4177 cum
3495 4124 3631 4179 ratio
3679 4134 3763 4182 tu-

2153 4206 2310 4275 lerit,
2365 4224 2428 4264 ac
2476 4224 2663 4264 rursus
2706 4210 2986 4276 severius,
3032 4211 3079 4265 si
3118 4212 3329 4282 justitia
3362 4218 3749 4285 persuaserit,

2152 4302 2486 4358 dellnitivam
2531 4308 2672 4359 scias
2701 4304 3051 4375 promendam
3084 4320 3206 4362 esse
3236 4310 3590 4364 sententiam.
3628 4310 3752 4367 Dat.

2165 4395 2203 4450 V
2234 4396 2357 4451 Kal.
2397 4396 2517 4450 Dec.
2552 4398 2774 4452 Arcadia
2798 4397 2862 4451 Α.
2896 4398 2944 4451 I.
2979 4410 3025 4451 et
3056 4397 3292 4455 Raulane
3324 4401 3468 4456 Cass.
3505 4405 3682 4475 (585).

2223 4493 2278 4546 4.
2313 4490 2483 4545 Iidem
2524 4493 2679 4546 ΑΑΔ.
2714 4493 2962 4549 Seuerino
2990 4492 3176 4549 Comiti
3203 4512 3473 4552 sacrarum
3519 4504 3758 4573 largitio-

2155 4602 2297 4639 num.
2349 4585 2765 4652 Comperimns,
2820 4588 3129 4643 inconsulto
3186 4590 3444 4659 praefecto
3489 4596 3641 4649 urbis
3696 4614 3761 4657 ac

2157 4680 2371 4751 penitus
2428 4679 2746 4751 ignorante,
2806 4689 2989 4749 raptos
3047 4681 3112 4735 ad
3171 4684 3494 4754 supplicium
3550 4706 3760 4748 merca-

2159 4780 2305 4827 tores
2328 4814 2340 4834 ,
2373 4771 2747 4838 corporalibus
2788 4770 3014 4827 affectos
3043 4772 3261 4843 injuriis
3281 4816 3295 4840 ,
3326 4779 3506 4849 gravis
3538 4781 3760 4855 insuper

2160 4862 2376 4917 malene
2400 4862 2697 4917 acerbitate
2728 4862 2978 4919 nudatos.
3003 4862 3137 4919 Cum
3165 4864 3333 4937 igitur
3360 4873 3540 4926 omnia
3564 4888 3763 4946 corpo-

2160 4965 2399 5008 ratormn
2441 4970 2673 5025 genera,
2716 4971 2838 5024 qua:
2883 4956 2933 5010 in
2977 4954 3579 5031 Constantitmpolitaua
3624 4969 3759 5023 urbe

460 5048 613 5103 ΛΑΑ.
657 5048 879 5119 Trifolia
909 5048 1096 5103 Comiti
1133 5067 1397 5105 sacrarum
1436 5050 1788 5121 largitionum.
1826 5049 2054 5104 Palatini
2083 5061 2133 5121 D
2158 5056 2467 5113 versantur,
2526 5047 2811 5103 universos
2864 5066 3081 5121 quoque
3152 5053 3299 5110 cives
3368 5068 3529 5126 atque
3584 5074 3758 5129 popu.

458 5144 753 5199 monitores
807 5141 1229 5214 frequentissimi
1282 5145 1348 5199 ad
1403 5144 1768 5216 proﬂigandos
1814 5145 2059 5216 largitio-

466 5236 615 5290 nales
655 5236 839 5291 titulos
871 5236 1144 5306 jndicibus
1184 5238 1474 5295 ordinariis
1513 5255 1732 5309 semper
1758 5240 2052 5305 assistant;

466 5327 662 5383 deinde
688 5370 703 5395 ,
736 5328 780 5382 si
812 5329 1039 5400 alicujus
1078 5330 1356 5386 remissior
1394 5346 1558 5397 super
1589 5332 1692 5387 hoc
1731 5330 1895 5388 fuerit
1925 5344 2054 5385 cura

458 5420 665 5476 detecta
688 5462 703 5488 ,
748 5422 949 5477 tamdiu
987 5422 1355 5492 unusquisque
1378 5422 1545 5495 judex
1575 5440 1603 5477 a
1637 5425 1887 5493 palatinis
1916 5424 2053 5478 intra

458 5516 791 5587 provinciam
833 5532 864 5571 a
893 5532 953 5572 se
986 5517 1417 5573 administratam
1451 5526 1674 5589 peracto
1702 5519 1813 5586 jam
1846 5518 2053 5571 honore

458 5616 730 5674 teneatur,
752 5608 1009 5679 quamdiu
1040 5624 1134 5678 per
1155 5624 1277 5664 eum
1307 5609 1357 5664 id
1379 5651 1393 5674 ,
1423 5608 1566 5680 quod
1594 5608 1837 5664 debitum
1871 5607 2051 5676 fuerit,

458 5701 724 5772 exigatur.
769 5700 893 5756 Dat.
945 5700 1055 5755 VII
1107 5701 1195 5758 Id.
1236 5704 1407 5775 April.
1440 5703 1926 5774 Constantinopoli,
1959 5703 2057 5757 Ar-

461 5794 613 5850 cadia
642 5794 707 5851 Α.
738 5793 789 5851 1.
823 5804 870 5852 et
895 5794 1130 5851 Bautone
1159 5798 1303 5852 Cass.
1337 5798 1515 5870 (585).

980 5890 1255 5951 PATROL.
1291 5889 1471 5951 XIII.

2164 5142 2346 5204 lares,
2394 5140 2727 5210 praefectura:
2771 5143 2994 5199 urbana:
3037 5147 3149 5215 regi
3193 5146 3557 5202 moderamine
3599 5166 3759 5206 recn-

2163 5250 2428 5307 gnoscas:
2472 5236 2515 5289 si
2558 5236 2859 5306 cujuspiam
2907 5238 3140 5293 fortasse
3180 5255 3410 5308 persona
3453 5242 3563 5295 fisci
3604 5243 3757 5315 llagi»

2164 5329 2299 5385 tabit
2327 5344 2552 5383 examen
2573 5372 2587 5394 ,
2618 5331 2703 5382 vel
2736 5330 2786 5385 in
2819 5330 3051 5401 aliquem
3086 5331 3275 5385 horum
3308 5330 3501 5385 similis
3536 5337 3760 5400 posthac

2164 5420 2487 5477 redundabit
2531 5422 2732 5478 invidia
2754 5463 2769 5487 ,
2804 5424 2848 5475 is
2880 5440 2985 5477 non
3020 5438 3115 5493 per
3144 5423 3380 5477 officium
3426 5427 3761 5499 palatinum,

2161 5512 2256 5568 sed
2311 5528 2406 5581 per
2459 5512 2852 5581 apparitionem
2907 5514 3050 5569 sedis
3102 5514 3325 5569 urbanae
3379 5525 3760 5589 cognoscendo

2165 5606 2382 5677 negotio
2413 5613 2745 5677 prieparatus
2766 5646 2782 5671 ,
2816 5606 2882 5661 ad
2913 5622 3037 5662 eum
3078 5610 3417 5679 cognitorem
3443 5655 3456 5678 ,
3500 5616 3585 5669 cui
3629 5620 3762 5678 urbs

2167 5709 2277 5755 tota
2308 5698 2546 5769 subjacet
2568 5739 2581 5763 ,
2610 5697 2929 5768 deducetur,
2958 5708 3017 5754 ut
3044 5702 3112 5756 ab
3138 5717 3205 5757 eo
3233 5705 3403 5774 possit
3431 5706 3602 5765 audiri
3633 5723 3726 5768 aut
3747 5756 3764 5783 ,

2166 5794 2211 5849 si
2244 5794 2541 5850 necessitas
2571 5791 2839 5858 suaserit,
2872 5792 2938 5849 ad
2965 5793 3231 5865 judicium
3266 5806 3414 5854 tuum
3438 5840 3452 5868 ,
3486 5808 3538 5858 te
3570 5815 3763 5874 peten-

3312 5894 3391 5954 17
