  <div class='ocr_page' id='page_1' title='image "/cluster/home/n/w/nwhite01/storage/ocr_20150623/13/hvd.32044096580428/267.png"; bbox 0 0 4200 6178; ppageno 0'>
   <div class='ocr_carea' id='block_1_1' title="bbox 452 260 563 318">
    <p class='ocr_par' dir='ltr' id='par_1_1' title="bbox 452 260 563 318">
     <span class='ocr_line' id='line_1_1' title="bbox 452 260 563 318; baseline -0.054 0"><span class='ocrx_word' id='word_1_1' title='bbox 452 260 563 318; x_wconf 67' lang='lat'><strong>523</strong></span> 
     </span>
    </p>
   </div>
   <div class='ocr_carea' id='block_1_2' title="bbox 1633 255 2570 316">
    <p class='ocr_par' dir='ltr' id='par_1_2' title="bbox 1633 255 2570 316">
     <span class='ocr_line' id='line_1_2' title="bbox 1633 255 2570 316; baseline 0.002 -4"><span class='ocrx_word' id='word_1_2' title='bbox 1633 255 2064 314; x_wconf 77' lang='lat' dir='ltr'><strong>TllEODOSIUS</strong></span> <span class='ocrx_word' id='word_1_3' title='bbox 2101 255 2190 312; x_wconf 82' lang='lat' dir='ltr'><strong>ET</strong></span> <span class='ocrx_word' id='word_1_4' title='bbox 2227 255 2570 316; x_wconf 73' lang='lat' dir='ltr'><strong>PACATUS.</strong></span> 
     </span>
    </p>
   </div>
   <div class='ocr_carea' id='block_1_3' title="bbox 3655 263 3764 322">
    <p class='ocr_par' dir='ltr' id='par_1_3' title="bbox 3655 263 3764 322">
     <span class='ocr_line' id='line_1_3' title="bbox 3655 263 3764 322; baseline 0 -1"><span class='ocrx_word' id='word_1_5' title='bbox 3655 263 3764 322; x_wconf 68' lang='grc' dir='ltr'><strong>δυ</strong></span> 
     </span>
    </p>
   </div>
   <div class='ocr_carea' id='block_1_4' title="bbox 444 368 3758 442">
    <p class='ocr_par' dir='ltr' id='par_1_4' title="bbox 444 368 3758 442">
     <span class='ocr_line' id='line_1_4' title="bbox 444 368 3758 442; baseline 0.002 -16"><span class='ocrx_word' id='word_1_6' title='bbox 444 383 501 432; x_wconf 81' lang='lat' dir='ltr'><strong>te</strong></span> <span class='ocrx_word' id='word_1_7' title='bbox 521 416 535 442; x_wconf 85' lang='lat'><strong>,</strong></span> <span class='ocrx_word' id='word_1_8' title='bbox 573 372 886 430; x_wconf 79' lang='lat' dir='ltr'><strong>transmitti.</strong></span> <span class='ocrx_word' id='word_1_9' title='bbox 946 372 1068 426; x_wconf 91' lang='lat' dir='ltr'><strong>Dat.</strong></span> <span class='ocrx_word' id='word_1_10' title='bbox 1123 371 1172 425; x_wconf 85' lang='lat' dir='ltr'><em>X</em></span> <span class='ocrx_word' id='word_1_11' title='bbox 1186 369 1293 424; x_wconf 78' lang='grc' dir='ltr'><strong>ΠΙ</strong></span> <span class='ocrx_word' id='word_1_12' title='bbox 1350 369 1477 423; x_wconf 92' lang='lat' dir='ltr'><strong>Kal.</strong></span> <span class='ocrx_word' id='word_1_13' title='bbox 1532 369 1662 424; x_wconf 81' lang='lat' dir='ltr'><strong>Mai.</strong></span> <span class='ocrx_word' id='word_1_14' title='bbox 1717 369 2043 435; x_wconf 82' lang='lat' dir='ltr'><strong>Mediolani,</strong></span> <span class='ocrx_word' id='word_1_15' title='bbox 2075 373 2120 431; x_wconf 79' lang='grc' dir='ltr'>Α</span> <span class='ocrx_word' id='word_1_16' title='bbox 2149 385 2363 441; x_wconf 88' lang='lat' dir='ltr'><strong>quoque</strong></span> <span class='ocrx_word' id='word_1_17' title='bbox 2383 371 2756 426; x_wconf 85' lang='lat' dir='ltr'><strong>Januariarunt</strong></span> <span class='ocrx_word' id='word_1_18' title='bbox 2781 379 3070 428; x_wconf 89' lang='lat' dir='ltr'><strong>consuetos</strong></span> <span class='ocrx_word' id='word_1_19' title='bbox 3091 371 3208 427; x_wconf 87' lang='lat' dir='ltr'><strong>dies</strong></span> <span class='ocrx_word' id='word_1_20' title='bbox 3233 368 3758 441; x_wconf 46' lang='lat' dir='ltr'><strong>otio‘mancipamus.</strong></span> 
     </span>
    </p>
   </div>
   <div class='ocr_carea' id='block_1_5' title="bbox 449 464 1478 538">
    <p class='ocr_par' dir='ltr' id='par_1_5' title="bbox 449 464 1478 538">
     <span class='ocr_line' id='line_1_5' title="bbox 449 464 1478 538; baseline -0.007 -16"><span class='ocrx_word' id='word_1_21' title='bbox 449 467 668 524; x_wconf 78' lang='lat' dir='ltr'><strong>Taliane</strong></span> <span class='ocrx_word' id='word_1_22' title='bbox 697 479 744 522; x_wconf 87' lang='lat' dir='ltr'><strong>et</strong></span> <span class='ocrx_word' id='word_1_23' title='bbox 775 467 1088 538; x_wconf 75' lang='lat' dir='ltr'><strong>Symmacho</strong></span> <span class='ocrx_word' id='word_1_24' title='bbox 1117 464 1266 519; x_wconf 89' lang='lat' dir='ltr'><strong>Coss.</strong></span> <span class='ocrx_word' id='word_1_25' title='bbox 1303 464 1478 535; x_wconf 78' lang='grc'>(591).</span> 
     </span>
    </p>
   </div>
   <div class='ocr_carea' id='block_1_6' title="bbox 520 554 2055 630">
    <p class='ocr_par' dir='ltr' id='par_1_6' title="bbox 520 554 2055 630">
     <span class='ocr_line' id='line_1_6' title="bbox 520 554 2055 630; baseline -0.005 -15"><span class='ocrx_word' id='word_1_26' title='bbox 520 561 574 615; x_wconf 88' lang='grc'><strong>8.</strong></span> <span class='ocrx_word' id='word_1_27' title='bbox 608 557 782 630; x_wconf 85' lang='lat' dir='ltr'><strong>Impp.</strong></span> <span class='ocrx_word' id='word_1_28' title='bbox 824 555 1146 611; x_wconf 83' lang='lat' dir='ltr'><strong>Theodosius</strong></span> <span class='ocrx_word' id='word_1_29' title='bbox 1177 566 1226 610; x_wconf 86' lang='lat' dir='ltr'><strong>et</strong></span> <span class='ocrx_word' id='word_1_30' title='bbox 1270 555 1662 610; x_wconf 73' lang='lat' dir='ltr'><strong>Valentinianus</strong></span> <span class='ocrx_word' id='word_1_31' title='bbox 1707 557 1815 610; x_wconf 91' lang='lat' dir='ltr'><strong>AA.</strong></span> <span class='ocrx_word' id='word_1_32' title='bbox 1849 556 1918 608; x_wconf 90' lang='lat' dir='ltr'><strong>ad</strong></span> <span class='ocrx_word' id='word_1_33' title='bbox 1959 554 2055 609; x_wconf 79' lang='lat' dir='ltr'><strong>Vo-</strong></span> 
     </span>
    </p>
   </div>
   <div class='ocr_carea' id='block_1_7' title="bbox 453 652 2055 725">
    <p class='ocr_par' dir='ltr' id='par_1_7' title="bbox 453 652 2055 725">
     <span class='ocr_line' id='line_1_7' title="bbox 453 652 2055 725; baseline -0.002 -15"><span class='ocrx_word' id='word_1_34' title='bbox 453 656 714 710; x_wconf 81' lang='lat' dir='ltr'><strong>lusianum</strong></span> <span class='ocrx_word' id='word_1_35' title='bbox 770 653 860 725; x_wconf 77' lang='grc' dir='ltr'><strong>ΡῙ.</strong></span> <span class='ocrx_word' id='word_1_36' title='bbox 894 652 963 708; x_wconf 87' lang='grc' dir='ltr'>Ρ.</span> <span class='ocrx_word' id='word_1_37' title='bbox 1011 652 1130 708; x_wconf 84' lang='lat' dir='ltr'><strong>Non</strong></span> <span class='ocrx_word' id='word_1_38' title='bbox 1183 653 1418 722; x_wconf 76' lang='lat' dir='ltr'><strong>amplius</strong></span> <span class='ocrx_word' id='word_1_39' title='bbox 1439 694 1454 714; x_wconf 83' lang='lat'><strong>,</strong></span> <span class='ocrx_word' id='word_1_40' title='bbox 1486 669 1648 722; x_wconf 86' lang='lat' dir='ltr'><strong>quam</strong></span> <span class='ocrx_word' id='word_1_41' title='bbox 1679 653 1886 717; x_wconf 87' lang='lat' dir='ltr'><strong>semel,</strong></span> <span class='ocrx_word' id='word_1_42' title='bbox 1917 653 2055 706; x_wconf 87' lang='lat' dir='ltr'><strong>intra</strong></span> 
     </span>
    </p>
   </div>
   <div class='ocr_carea' id='block_1_8' title="bbox 445 744 2058 817">
    <p class='ocr_par' dir='ltr' id='par_1_8' title="bbox 445 744 2058 817">
     <span class='ocr_line' id='line_1_8' title="bbox 445 744 2058 817; baseline -0.004 -14"><span class='ocrx_word' id='word_1_43' title='bbox 445 748 692 803; x_wconf 78' lang='lat' dir='ltr'><strong>eamdem</strong></span> <span class='ocrx_word' id='word_1_44' title='bbox 721 747 1057 816; x_wconf 77' lang='lat' dir='ltr'><strong>provinciam</strong></span> <span class='ocrx_word' id='word_1_45' title='bbox 1085 746 1379 817; x_wconf 83' lang='lat' dir='ltr'><strong>quidquam</strong></span> <span class='ocrx_word' id='word_1_46' title='bbox 1413 746 1611 814; x_wconf 77' lang='lat' dir='ltr'><strong>publici</strong></span> <span class='ocrx_word' id='word_1_47' title='bbox 1641 744 1885 800; x_wconf 88' lang='lat' dir='ltr'><strong>muneris</strong></span> <span class='ocrx_word' id='word_1_48' title='bbox 1912 744 2058 814; x_wconf 85' lang='lat' dir='ltr'><strong>pala-</strong></span> 
     </span>
    </p>
   </div>
   <div class='ocr_carea' id='block_1_9' title="bbox 447 837 2055 908">
    <p class='ocr_par' dir='ltr' id='par_1_9' title="bbox 447 837 2055 908">
     <span class='ocr_line' id='line_1_9' title="bbox 447 837 2055 908; baseline -0.004 -12"><span class='ocrx_word' id='word_1_49' title='bbox 447 839 594 896; x_wconf 85' lang='lat' dir='ltr'><strong>tinus</strong></span> <span class='ocrx_word' id='word_1_50' title='bbox 635 850 926 904; x_wconf 70' lang='lat' dir='ltr'><strong>exerceat,</strong></span> <span class='ocrx_word' id='word_1_51' title='bbox 975 840 1069 894; x_wconf 87' lang='lat' dir='ltr'><strong>sed</strong></span> <span class='ocrx_word' id='word_1_52' title='bbox 1114 839 1380 908; x_wconf 87' lang='lat' dir='ltr'><strong>adjutoris</strong></span> <span class='ocrx_word' id='word_1_53' title='bbox 1421 838 1696 908; x_wconf 76' lang='lat' dir='ltr'><strong>suggestio</strong></span> <span class='ocrx_word' id='word_1_54' title='bbox 1738 837 1907 907; x_wconf 72' lang='lat' dir='ltr'><strong>gestis</strong></span> <span class='ocrx_word' id='word_1_55' title='bbox 1957 852 2055 890; x_wconf 77' lang='lat' dir='ltr'><strong>ex—</strong></span> 
     </span>
    </p>
   </div>
   <div class='ocr_carea' id='block_1_10' title="bbox 450 929 2057 1007">
    <p class='ocr_par' dir='ltr' id='par_1_10' title="bbox 450 929 2057 1007">
     <span class='ocr_line' id='line_1_10' title="bbox 450 929 2057 1007; baseline -0.004 -16"><span class='ocrx_word' id='word_1_56' title='bbox 450 949 644 1007; x_wconf 82' lang='lat' dir='ltr'><strong>pressa</strong></span> <span class='ocrx_word' id='word_1_57' title='bbox 679 943 948 997; x_wconf 84' lang='lat' dir='ltr'><strong>teneatur,</strong></span> <span class='ocrx_word' id='word_1_58' title='bbox 1005 950 1129 1004; x_wconf 77' lang='lat' dir='ltr'><strong>qute</strong></span> <span class='ocrx_word' id='word_1_59' title='bbox 1160 945 1215 987; x_wconf 88' lang='lat' dir='ltr'><strong>et</strong></span> <span class='ocrx_word' id='word_1_60' title='bbox 1247 948 1444 989; x_wconf 90' lang='lat' dir='ltr'><strong>nomen</strong></span> <span class='ocrx_word' id='word_1_61' title='bbox 1480 932 1702 1002; x_wconf 78' lang='lat' dir='ltr'><strong>palatini</strong></span> <span class='ocrx_word' id='word_1_62' title='bbox 1739 940 1798 986; x_wconf 90' lang='lat' dir='ltr'><strong>et</strong></span> <span class='ocrx_word' id='word_1_63' title='bbox 1837 931 1924 997; x_wconf 92' lang='lat' dir='ltr'><strong>ei,</strong></span> <span class='ocrx_word' id='word_1_64' title='bbox 1967 929 2057 998; x_wconf 85' lang='lat' dir='ltr'><strong>qui</strong></span> 
     </span>
    </p>
   </div>
   <div class='ocr_carea' id='block_1_11' title="bbox 451 1023 2056 1097">
    <p class='ocr_par' dir='ltr' id='par_1_11' title="bbox 451 1023 2056 1097">
     <span class='ocr_line' id='line_1_11' title="bbox 451 1023 2056 1097; baseline -0.005 -13"><span class='ocrx_word' id='word_1_65' title='bbox 451 1028 769 1097; x_wconf 83' lang='lat' dir='ltr'><strong>dirigendus</strong></span> <span class='ocrx_word' id='word_1_66' title='bbox 790 1069 805 1094; x_wconf 90' lang='lat'><strong>,</strong></span> <span class='ocrx_word' id='word_1_67' title='bbox 841 1028 892 1080; x_wconf 90' lang='lat' dir='ltr'><strong>in</strong></span> <span class='ocrx_word' id='word_1_68' title='bbox 923 1026 1170 1081; x_wconf 82' lang='lat' dir='ltr'><strong>eamdem</strong></span> <span class='ocrx_word' id='word_1_69' title='bbox 1203 1025 1545 1095; x_wconf 79' lang='lat' dir='ltr'><strong>provinciam</strong></span> <span class='ocrx_word' id='word_1_70' title='bbox 1573 1023 1713 1077; x_wconf 86' lang='lat' dir='ltr'><strong>nihil</strong></span> <span class='ocrx_word' id='word_1_71' title='bbox 1745 1031 1874 1077; x_wconf 78' lang='lat' dir='ltr'><strong>ante</strong></span> <span class='ocrx_word' id='word_1_72' title='bbox 1903 1036 2056 1076; x_wconf 87' lang='lat' dir='ltr'><strong>com-</strong></span> 
     </span>
    </p>
   </div>
   <div class='ocr_carea' id='block_1_12' title="bbox 446 1113 2059 1187">
    <p class='ocr_par' dir='ltr' id='par_1_12' title="bbox 446 1113 2059 1187">
     <span class='ocr_line' id='line_1_12' title="bbox 446 1113 2059 1187; baseline -0.004 -11"><span class='ocrx_word' id='word_1_73' title='bbox 446 1120 716 1184; x_wconf 77' lang='lat' dir='ltr'><strong>missura,</strong></span> <span class='ocrx_word' id='word_1_74' title='bbox 770 1117 1055 1173; x_wconf 76' lang='lat' dir='ltr'><strong>evidenter</strong></span> <span class='ocrx_word' id='word_1_75' title='bbox 1097 1117 1389 1187; x_wconf 78' lang='lat' dir='ltr'><strong>exprimat.</strong></span> <span class='ocrx_word' id='word_1_76' title='bbox 1437 1115 1594 1184; x_wconf 84' lang='lat' dir='ltr'><strong>Quod</strong></span> <span class='ocrx_word' id='word_1_77' title='bbox 1641 1114 1687 1169; x_wconf 88' lang='lat' dir='ltr'><strong>si</strong></span> <span class='ocrx_word' id='word_1_78' title='bbox 1729 1125 1822 1169; x_wconf 86' lang='lat' dir='ltr'><strong>aut</strong></span> <span class='ocrx_word' id='word_1_79' title='bbox 1871 1113 2059 1183; x_wconf 83' lang='lat' dir='ltr'><strong>hujus—</strong></span> 
     </span>
    </p>
   </div>
   <div class='ocr_carea' id='block_1_13' title="bbox 448 1207 2059 1280">
    <p class='ocr_par' dir='ltr' id='par_1_13' title="bbox 448 1207 2059 1280">
     <span class='ocr_line' id='line_1_13' title="bbox 448 1207 2059 1280; baseline -0.005 -11"><span class='ocrx_word' id='word_1_80' title='bbox 448 1212 596 1269; x_wconf 85' lang='lat' dir='ltr'><strong>modi</strong></span> <span class='ocrx_word' id='word_1_81' title='bbox 624 1213 973 1268; x_wconf 84' lang='lat' dir='ltr'><strong>solemnitate</strong></span> <span class='ocrx_word' id='word_1_82' title='bbox 1002 1212 1244 1280; x_wconf 76' lang='lat' dir='ltr'><strong>neglecta</strong></span> <span class='ocrx_word' id='word_1_83' title='bbox 1262 1251 1279 1277; x_wconf 90' lang='lat'><strong>,</strong></span> <span class='ocrx_word' id='word_1_84' title='bbox 1307 1220 1397 1264; x_wconf 89' lang='lat' dir='ltr'><strong>aut</strong></span> <span class='ocrx_word' id='word_1_85' title='bbox 1421 1210 1657 1278; x_wconf 72' lang='lat' dir='ltr'><strong>repetito</strong></span> <span class='ocrx_word' id='word_1_86' title='bbox 1685 1219 1808 1262; x_wconf 81' lang='lat' dir='ltr'><strong>actu</strong></span> <span class='ocrx_word' id='word_1_87' title='bbox 1837 1207 1906 1262; x_wconf 86' lang='lat' dir='ltr'><strong>ad</strong></span> <span class='ocrx_word' id='word_1_88' title='bbox 1937 1223 2059 1275; x_wconf 89' lang='lat' dir='ltr'><strong>pro-</strong></span> 
     </span>
    </p>
   </div>
   <div class='ocr_carea' id='block_1_14' title="bbox 448 1300 2060 1371">
    <p class='ocr_par' dir='ltr' id='par_1_14' title="bbox 448 1300 2060 1371">
     <span class='ocr_line' id='line_1_14' title="bbox 448 1300 2060 1371; baseline -0.003 -12"><span class='ocrx_word' id='word_1_89' title='bbox 448 1305 682 1359; x_wconf 88' lang='lat' dir='ltr'><strong>vinciam</strong></span> <span class='ocrx_word' id='word_1_90' title='bbox 717 1305 918 1359; x_wconf 81' lang='lat' dir='ltr'><strong>missus</strong></span> <span class='ocrx_word' id='word_1_91' title='bbox 952 1304 1113 1358; x_wconf 79' lang='lat' dir='ltr'><strong>fuerit</strong></span> <span class='ocrx_word' id='word_1_92' title='bbox 1145 1303 1449 1371; x_wconf 83' lang='lat' dir='ltr'><strong>palatinos,</strong></span> <span class='ocrx_word' id='word_1_93' title='bbox 1481 1301 1782 1369; x_wconf 84' lang='lat' dir='ltr'><strong>adjutorem</strong></span> <span class='ocrx_word' id='word_1_94' title='bbox 1813 1300 1976 1354; x_wconf 81' lang='lat' dir='ltr'><strong>ofﬁcii</strong></span> <span class='ocrx_word' id='word_1_95' title='bbox 2004 1309 2060 1354; x_wconf 88' lang='lat' dir='ltr'><strong>et</strong></span> 
     </span>
    </p>
   </div>
   <div class='ocr_carea' id='block_1_15' title="bbox 445 1394 2054 1470">
    <p class='ocr_par' dir='ltr' id='par_1_15' title="bbox 445 1394 2054 1470">
     <span class='ocr_line' id='line_1_15' title="bbox 445 1394 2054 1470; baseline -0.004 -17"><span class='ocrx_word' id='word_1_96' title='bbox 445 1399 818 1470; x_wconf 85' lang='lat' dir='ltr'><strong>primiceriutn</strong></span> <span class='ocrx_word' id='word_1_97' title='bbox 849 1409 1012 1469; x_wconf 86' lang='lat' dir='ltr'><strong>atque</strong></span> <span class='ocrx_word' id='word_1_98' title='bbox 1054 1395 1486 1452; x_wconf 82' lang='lat' dir='ltr'><strong>secundicerium</strong></span> <span class='ocrx_word' id='word_1_99' title='bbox 1533 1395 1749 1464; x_wconf 80' lang='lat' dir='ltr'><strong>triginta</strong></span> <span class='ocrx_word' id='word_1_100' title='bbox 1797 1394 2054 1448; x_wconf 86' lang='lat' dir='ltr'><strong>librarum</strong></span> 
     </span>
    </p>
   </div>
   <div class='ocr_carea' id='block_1_16' title="bbox 444 1485 2060 1561">
    <p class='ocr_par' dir='ltr' id='par_1_16' title="bbox 444 1485 2060 1561">
     <span class='ocr_line' id='line_1_16' title="bbox 444 1485 2060 1561; baseline -0.002 -17"><span class='ocrx_word' id='word_1_101' title='bbox 444 1493 564 1545; x_wconf 90' lang='lat' dir='ltr'><strong>auri</strong></span> <span class='ocrx_word' id='word_1_102' title='bbox 623 1505 780 1560; x_wconf 69' lang='lat' dir='ltr'><strong>poma</strong></span> <span class='ocrx_word' id='word_1_103' title='bbox 827 1489 1130 1561; x_wconf 84' lang='lat' dir='ltr'><strong>percellat,</strong></span> <span class='ocrx_word' id='word_1_104' title='bbox 1207 1503 1308 1542; x_wconf 90' lang='lat' dir='ltr'><strong>nec</strong></span> <span class='ocrx_word' id='word_1_105' title='bbox 1355 1489 1432 1542; x_wconf 90' lang='lat' dir='ltr'><strong>uti</strong></span> <span class='ocrx_word' id='word_1_106' title='bbox 1474 1487 1658 1542; x_wconf 89' lang='lat' dir='ltr'><strong>licebit</strong></span> <span class='ocrx_word' id='word_1_107' title='bbox 1703 1485 1786 1539; x_wconf 89' lang='lat' dir='ltr'><strong>his</strong></span> <span class='ocrx_word' id='word_1_108' title='bbox 1829 1485 2060 1540; x_wconf 78' lang='lat' dir='ltr'><strong>fortasse</strong></span> 
     </span>
    </p>
   </div>
   <div class='ocr_carea' id='block_1_17' title="bbox 444 1576 2060 1654">
    <p class='ocr_par' dir='ltr' id='par_1_17' title="bbox 444 1576 2060 1654">
     <span class='ocr_line' id='line_1_17' title="bbox 444 1576 2060 1654; baseline -0.005 -16"><span class='ocrx_word' id='word_1_109' title='bbox 444 1585 736 1654; x_wconf 69' lang='lat' dir='ltr'><strong>praestigiis</strong></span> <span class='ocrx_word' id='word_1_110' title='bbox 757 1627 771 1648; x_wconf 89' lang='lat'><strong>,</strong></span> <span class='ocrx_word' id='word_1_111' title='bbox 805 1583 949 1653; x_wconf 77' lang='lat' dir='ltr'><strong>quod</strong></span> <span class='ocrx_word' id='word_1_112' title='bbox 979 1582 1162 1637; x_wconf 85' lang='lat' dir='ltr'><strong>eidem</strong></span> <span class='ocrx_word' id='word_1_113' title='bbox 1187 1623 1203 1648; x_wconf 91' lang='lat'><strong>,</strong></span> <span class='ocrx_word' id='word_1_114' title='bbox 1237 1597 1346 1634; x_wconf 91' lang='lat' dir='ltr'><strong>non</strong></span> <span class='ocrx_word' id='word_1_115' title='bbox 1379 1580 1568 1633; x_wconf 83' lang='lat' dir='ltr'><strong>eadem</strong></span> <span class='ocrx_word' id='word_1_116' title='bbox 1603 1587 1783 1651; x_wconf 84' lang='lat' dir='ltr'><strong>tamen</strong></span> <span class='ocrx_word' id='word_1_117' title='bbox 1805 1619 1820 1641; x_wconf 89' lang='lat'><strong>,</strong></span> <span class='ocrx_word' id='word_1_118' title='bbox 1852 1576 2060 1645; x_wconf 87' lang='lat' dir='ltr'><strong>possint</strong></span> 
     </span>
    </p>
   </div>
   <div class='ocr_carea' id='block_1_18' title="bbox 448 1671 2058 1746">
    <p class='ocr_par' dir='ltr' id='par_1_18' title="bbox 448 1671 2058 1746">
     <span class='ocr_line' id='line_1_18' title="bbox 448 1671 2058 1746; baseline -0.004 -16"><span class='ocrx_word' id='word_1_119' title='bbox 448 1675 691 1746; x_wconf 77' lang='lat' dir='ltr'><strong>gerenda</strong></span> <span class='ocrx_word' id='word_1_120' title='bbox 729 1675 1034 1729; x_wconf 73' lang='lat' dir='ltr'><strong>committi:</strong></span> <span class='ocrx_word' id='word_1_121' title='bbox 1077 1673 1328 1729; x_wconf 81' lang='lat' dir='ltr'><strong>eumdem</strong></span> <span class='ocrx_word' id='word_1_122' title='bbox 1374 1672 1516 1727; x_wconf 91' lang='lat' dir='ltr'><strong>enim</strong></span> <span class='ocrx_word' id='word_1_123' title='bbox 1563 1672 1862 1740; x_wconf 86' lang='lat' dir='ltr'><strong>palatinum</strong></span> <span class='ocrx_word' id='word_1_124' title='bbox 1915 1671 2058 1724; x_wconf 83' lang='lat' dir='ltr'><strong>intra</strong></span> 
     </span>
    </p>
   </div>
   <div class='ocr_carea' id='block_1_19' title="bbox 2159 459 3761 531">
    <p class='ocr_par' dir='ltr' id='par_1_19' title="bbox 2159 459 3761 531">
     <span class='ocr_line' id='line_1_19' title="bbox 2159 459 3761 531; baseline 0.006 -17"><span class='ocrx_word' id='word_1_125' title='bbox 2159 459 2187 531; x_wconf 85' lang='lat'>§</span> <span class='ocrx_word' id='word_1_126' title='bbox 2225 461 2279 514; x_wconf 79' lang='grc'><strong>2.</strong></span> <span class='ocrx_word' id='word_1_127' title='bbox 2314 462 2406 515; x_wconf 84' lang='lat' dir='ltr'><strong>His</strong></span> <span class='ocrx_word' id='word_1_128' title='bbox 2454 463 2737 531; x_wconf 84' lang='lat' dir='ltr'><strong>adjieimus</strong></span> <span class='ocrx_word' id='word_1_129' title='bbox 2776 464 3047 518; x_wconf 88' lang='lat' dir='ltr'><strong>natalitios</strong></span> <span class='ocrx_word' id='word_1_130' title='bbox 3086 464 3202 518; x_wconf 86' lang='lat' dir='ltr'><strong>dies</strong></span> <span class='ocrx_word' id='word_1_131' title='bbox 3236 464 3449 519; x_wconf 90' lang='lat' dir='ltr'><strong>urbium</strong></span> <span class='ocrx_word' id='word_1_132' title='bbox 3494 469 3761 522; x_wconf 78' lang='lat' dir='ltr'><strong>maxima-</strong></span> 
     </span>
    </p>
   </div>
   <div class='ocr_carea' id='block_1_20' title="bbox 2159 555 3760 628">
    <p class='ocr_par' dir='ltr' id='par_1_20' title="bbox 2159 555 3760 628">
     <span class='ocr_line' id='line_1_20' title="bbox 2159 555 3760 628; baseline 0.006 -20"><span class='ocrx_word' id='word_1_133' title='bbox 2159 569 2300 618; x_wconf 78' lang='lat' dir='ltr'><strong>rum,</strong></span> <span class='ocrx_word' id='word_1_134' title='bbox 2348 555 2533 610; x_wconf 69' lang='lat' dir='ltr'><strong>Romae</strong></span> <span class='ocrx_word' id='word_1_135' title='bbox 2563 565 2725 626; x_wconf 89' lang='lat' dir='ltr'><strong>atque</strong></span> <span class='ocrx_word' id='word_1_136' title='bbox 2755 555 3274 626; x_wconf 65' lang='lat' dir='ltr'><strong>Constantinopolis,</strong></span> <span class='ocrx_word' id='word_1_137' title='bbox 3329 557 3530 628; x_wconf 79' lang='lat' dir='ltr'><strong>quibus</strong></span> <span class='ocrx_word' id='word_1_138' title='bbox 3555 559 3760 616; x_wconf 82' lang='lat' dir='ltr'><strong>debent</strong></span> 
     </span>
    </p>
   </div>
   <div class='ocr_carea' id='block_1_21' title="bbox 2155 647 3764 722">
    <p class='ocr_par' dir='ltr' id='par_1_21' title="bbox 2155 647 3764 722">
     <span class='ocr_line' id='line_1_21' title="bbox 2155 647 3764 722; baseline 0.005 -22"><span class='ocrx_word' id='word_1_139' title='bbox 2155 647 2278 718; x_wconf 83' lang='lat' dir='ltr'><strong>jura</strong></span> <span class='ocrx_word' id='word_1_140' title='bbox 2309 647 2545 714; x_wconf 78' lang='lat' dir='ltr'><strong>deferre,</strong></span> <span class='ocrx_word' id='word_1_141' title='bbox 2577 650 2701 720; x_wconf 83' lang='lat' dir='ltr'><strong>quia</strong></span> <span class='ocrx_word' id='word_1_142' title='bbox 2736 659 2792 704; x_wconf 90' lang='lat' dir='ltr'><strong>et</strong></span> <span class='ocrx_word' id='word_1_143' title='bbox 2835 650 2904 706; x_wconf 84' lang='lat' dir='ltr'><strong>ab</strong></span> <span class='ocrx_word' id='word_1_144' title='bbox 2931 651 3064 718; x_wconf 88' lang='lat' dir='ltr'><strong>ipsis</strong></span> <span class='ocrx_word' id='word_1_145' title='bbox 3089 659 3212 703; x_wconf 84' lang='lat' dir='ltr'><strong>nata</strong></span> <span class='ocrx_word' id='word_1_146' title='bbox 3241 657 3390 704; x_wconf 85' lang='lat' dir='ltr'><strong>sunt.</strong></span> <span class='ocrx_word' id='word_1_147' title='bbox 3424 650 3452 722; x_wconf 62' lang='grc' dir='ltr'>ᾗ</span> <span class='ocrx_word' id='word_1_148' title='bbox 3479 653 3533 706; x_wconf 76' lang='grc'>5.</span> <span class='ocrx_word' id='word_1_149' title='bbox 3565 652 3764 716; x_wconf 82' lang='lat' dir='ltr'><strong>Sacros</strong></span> 
     </span>
    </p>
   </div>
   <div class='ocr_carea' id='block_1_22' title="bbox 2157 739 3768 812">
    <p class='ocr_par' dir='ltr' id='par_1_22' title="bbox 2157 739 3768 812">
     <span class='ocr_line' id='line_1_22' title="bbox 2157 739 3768 812; baseline 0.006 -22"><span class='ocrx_word' id='word_1_150' title='bbox 2157 754 2375 808; x_wconf 88' lang='lat' dir='ltr'><strong>quoque</strong></span> <span class='ocrx_word' id='word_1_151' title='bbox 2404 739 2624 794; x_wconf 75' lang='lat' dir='ltr'><strong>Pascha:</strong></span> <span class='ocrx_word' id='word_1_152' title='bbox 2652 740 2790 807; x_wconf 85' lang='lat' dir='ltr'><strong>dies,</strong></span> <span class='ocrx_word' id='word_1_153' title='bbox 2822 743 2912 811; x_wconf 88' lang='lat' dir='ltr'><strong>qui</strong></span> <span class='ocrx_word' id='word_1_154' title='bbox 2943 750 3174 812; x_wconf 81' lang='lat' dir='ltr'><strong>septeno</strong></span> <span class='ocrx_word' id='word_1_155' title='bbox 3206 741 3293 797; x_wconf 88' lang='lat' dir='ltr'><strong>vel</strong></span> <span class='ocrx_word' id='word_1_156' title='bbox 3322 743 3641 812; x_wconf 56' lang='lat' dir='ltr'><strong>praecedunt</strong></span> <span class='ocrx_word' id='word_1_157' title='bbox 3668 761 3768 800; x_wconf 81' lang='lat' dir='ltr'><strong>ou-</strong></span> 
     </span>
    </p>
   </div>
   <div class='ocr_carea' id='block_1_23' title="bbox 2161 831 3764 900">
    <p class='ocr_par' dir='ltr' id='par_1_23' title="bbox 2161 831 3764 900">
     <span class='ocr_line' id='line_1_23' title="bbox 2161 831 3764 900; baseline 0.004 -16"><span class='ocrx_word' id='word_1_158' title='bbox 2161 845 2321 886; x_wconf 89' lang='lat' dir='ltr'><strong>mero</strong></span> <span class='ocrx_word' id='word_1_159' title='bbox 2342 831 2427 884; x_wconf 86' lang='lat' dir='ltr'><strong>vel</strong></span> <span class='ocrx_word' id='word_1_160' title='bbox 2454 843 2774 900; x_wconf 86' lang='lat' dir='ltr'><strong>sequuntur,</strong></span> <span class='ocrx_word' id='word_1_161' title='bbox 2809 832 2861 887; x_wconf 92' lang='lat' dir='ltr'><strong>in</strong></span> <span class='ocrx_word' id='word_1_162' title='bbox 2886 833 3077 887; x_wconf 87' lang='lat' dir='ltr'><strong>eadem</strong></span> <span class='ocrx_word' id='word_1_163' title='bbox 3103 833 3489 889; x_wconf 73' lang='lat' dir='ltr'><strong>observatione</strong></span> <span class='ocrx_word' id='word_1_164' title='bbox 3513 851 3764 892; x_wconf 80' lang='lat' dir='ltr'><strong>numera-</strong></span> 
     </span>
    </p>
   </div>
   <div class='ocr_carea' id='block_1_24' title="bbox 2163 926 3768 998">
    <p class='ocr_par' dir='ltr' id='par_1_24' title="bbox 2163 926 3768 998">
     <span class='ocr_line' id='line_1_24' title="bbox 2163 926 3768 998; baseline 0.005 -20"><span class='ocrx_word' id='word_1_165' title='bbox 2163 941 2302 989; x_wconf 83' lang='lat' dir='ltr'><strong>mus,</strong></span> <span class='ocrx_word' id='word_1_166' title='bbox 2329 940 2431 982; x_wconf 88' lang='lat' dir='ltr'><strong>nec</strong></span> <span class='ocrx_word' id='word_1_167' title='bbox 2458 943 2562 982; x_wconf 91' lang='lat' dir='ltr'><strong>non</strong></span> <span class='ocrx_word' id='word_1_168' title='bbox 2585 936 2640 982; x_wconf 89' lang='lat' dir='ltr'><strong>et</strong></span> <span class='ocrx_word' id='word_1_169' title='bbox 2666 926 2788 982; x_wconf 87' lang='lat' dir='ltr'><strong>dies</strong></span> <span class='ocrx_word' id='word_1_170' title='bbox 2815 926 2967 987; x_wconf 86' lang='lat' dir='ltr'><strong>solis.</strong></span> <span class='ocrx_word' id='word_1_171' title='bbox 2995 927 3088 997; x_wconf 86' lang='lat' dir='ltr'><strong>qui</strong></span> <span class='ocrx_word' id='word_1_172' title='bbox 3127 929 3360 998; x_wconf 83' lang='lat' dir='ltr'><strong>repetito</strong></span> <span class='ocrx_word' id='word_1_173' title='bbox 3387 929 3441 984; x_wconf 82' lang='lat' dir='ltr'><strong>in</strong></span> <span class='ocrx_word' id='word_1_174' title='bbox 3469 944 3528 985; x_wconf 87' lang='lat' dir='ltr'><strong>se</strong></span> <span class='ocrx_word' id='word_1_175' title='bbox 3557 931 3768 986; x_wconf 88' lang='lat' dir='ltr'><strong>calculo</strong></span> 
     </span>
    </p>
   </div>
   <div class='ocr_carea' id='block_1_25' title="bbox 2162 1018 3765 1090">
    <p class='ocr_par' dir='ltr' id='par_1_25' title="bbox 2162 1018 3765 1090">
     <span class='ocr_line' id='line_1_25' title="bbox 2162 1018 3765 1090; baseline 0.002 -16"><span class='ocrx_word' id='word_1_176' title='bbox 2162 1018 2534 1074; x_wconf 86' lang='lat' dir='ltr'><strong>revolvuntur.</strong></span> <span class='ocrx_word' id='word_1_177' title='bbox 2562 1019 2664 1090; x_wconf 66' lang='lat' dir='ltr'><strong>§l.</strong></span> <span class='ocrx_word' id='word_1_178' title='bbox 2699 1020 2889 1074; x_wconf 86' lang='lat' dir='ltr'><strong>Parem</strong></span> <span class='ocrx_word' id='word_1_179' title='bbox 2918 1035 3142 1076; x_wconf 86' lang='lat' dir='ltr'><strong>necesse</strong></span> <span class='ocrx_word' id='word_1_180' title='bbox 3171 1031 3257 1076; x_wconf 79' lang='lat' dir='ltr'><strong>est</strong></span> <span class='ocrx_word' id='word_1_181' title='bbox 3287 1021 3469 1078; x_wconf 87' lang='lat' dir='ltr'><strong>haberi</strong></span> <span class='ocrx_word' id='word_1_182' title='bbox 3502 1039 3765 1080; x_wconf 80' lang='lat' dir='ltr'><strong>reveren-</strong></span> 
     </span>
    </p>
   </div>
   <div class='ocr_carea' id='block_1_26' title="bbox 2163 1111 3763 1186">
    <p class='ocr_par' dir='ltr' id='par_1_26' title="bbox 2163 1111 3763 1186">
     <span class='ocr_line' id='line_1_26' title="bbox 2163 1111 3763 1186; baseline 0.006 -22"><span class='ocrx_word' id='word_1_183' title='bbox 2163 1112 2292 1164; x_wconf 87' lang='lat' dir='ltr'><strong>tiam</strong></span> <span class='ocrx_word' id='word_1_184' title='bbox 2323 1113 2524 1166; x_wconf 87' lang='lat' dir='ltr'><strong>nostris</strong></span> <span class='ocrx_word' id='word_1_185' title='bbox 2557 1113 2720 1166; x_wconf 87' lang='lat' dir='ltr'><strong>etiam</strong></span> <span class='ocrx_word' id='word_1_186' title='bbox 2761 1111 2977 1175; x_wconf 90' lang='lat' dir='ltr'><strong>diebus.</strong></span> <span class='ocrx_word' id='word_1_187' title='bbox 3009 1114 3099 1182; x_wconf 89' lang='lat' dir='ltr'><strong>qui</strong></span> <span class='ocrx_word' id='word_1_188' title='bbox 3131 1114 3215 1168; x_wconf 87' lang='lat' dir='ltr'><strong>vel</strong></span> <span class='ocrx_word' id='word_1_189' title='bbox 3245 1114 3382 1169; x_wconf 87' lang='lat' dir='ltr'><strong>lueis</strong></span> <span class='ocrx_word' id='word_1_190' title='bbox 3408 1117 3645 1186; x_wconf 79' lang='lat' dir='ltr'><strong>auspicia</strong></span> <span class='ocrx_word' id='word_1_191' title='bbox 3678 1117 3763 1174; x_wconf 89' lang='lat' dir='ltr'><strong>vel</strong></span> 
     </span>
    </p>
   </div>
   <div class='ocr_carea' id='block_1_27' title="bbox 2161 1201 3759 1278">
    <p class='ocr_par' dir='ltr' id='par_1_27' title="bbox 2161 1201 3759 1278">
     <span class='ocr_line' id='line_1_27' title="bbox 2161 1201 3759 1278; baseline 0.005 -23"><span class='ocrx_word' id='word_1_192' title='bbox 2161 1211 2316 1257; x_wconf 88' lang='lat' dir='ltr'><strong>ortus</strong></span> <span class='ocrx_word' id='word_1_193' title='bbox 2344 1203 2551 1273; x_wconf 87' lang='lat' dir='ltr'><strong>imperii</strong></span> <span class='ocrx_word' id='word_1_194' title='bbox 2585 1203 2944 1271; x_wconf 88' lang='lat' dir='ltr'><strong>protulerunt.</strong></span> <span class='ocrx_word' id='word_1_195' title='bbox 2978 1201 3102 1259; x_wconf 86' lang='lat' dir='ltr'><strong>Dat.</strong></span> <span class='ocrx_word' id='word_1_196' title='bbox 3135 1202 3245 1258; x_wconf 82' lang='grc' dir='ltr'><strong>νη</strong></span> <span class='ocrx_word' id='word_1_197' title='bbox 3267 1203 3355 1259; x_wconf 91' lang='lat' dir='ltr'><strong>Id.</strong></span> <span class='ocrx_word' id='word_1_198' title='bbox 3381 1206 3515 1278; x_wconf 83' lang='lat' dir='ltr'><strong>Aug.</strong></span> <span class='ocrx_word' id='word_1_199' title='bbox 3557 1207 3759 1263; x_wconf 71' lang='lat' dir='ltr'><strong>Ranae.</strong></span> 
     </span>
    </p>
   </div>
   <div class='ocr_carea' id='block_1_28' title="bbox 2163 1293 3133 1368">
    <p class='ocr_par' dir='ltr' id='par_1_28' title="bbox 2163 1293 3133 1368">
     <span class='ocr_line' id='line_1_28' title="bbox 2163 1293 3133 1368; baseline 0.001 -20"><span class='ocrx_word' id='word_1_200' title='bbox 2163 1293 2392 1349; x_wconf 85' lang='lat' dir='ltr'><strong>Timasio</strong></span> <span class='ocrx_word' id='word_1_201' title='bbox 2417 1304 2463 1348; x_wconf 90' lang='lat' dir='ltr'><strong>et</strong></span> <span class='ocrx_word' id='word_1_202' title='bbox 2493 1293 2748 1350; x_wconf 73' lang='lat' dir='ltr'><strong>Pmmoto</strong></span> <span class='ocrx_word' id='word_1_203' title='bbox 2778 1293 2927 1350; x_wconf 72' lang='lat' dir='ltr'><strong>Cosa.</strong></span> <span class='ocrx_word' id='word_1_204' title='bbox 2960 1293 3133 1368; x_wconf 81' lang='grc'>(589).</span> 
     </span>
    </p>
   </div>
   <div class='ocr_carea' id='block_1_29' title="bbox 2234 1388 3769 1462">
    <p class='ocr_par' dir='ltr' id='par_1_29' title="bbox 2234 1388 3769 1462">
     <span class='ocr_line' id='line_1_29' title="bbox 2234 1388 3769 1462; baseline 0.003 -18"><span class='ocrx_word' id='word_1_205' title='bbox 2234 1391 2682 1445; x_wconf 72' lang='lat' dir='ltr'><strong>lurenrnen&#39;no.</strong></span> <span class='ocrx_word' id='word_1_206' title='bbox 2725 1388 2922 1446; x_wconf 91' lang='lat' dir='ltr'><strong>Causas</strong></span> <span class='ocrx_word' id='word_1_207' title='bbox 2971 1407 3066 1460; x_wconf 77' lang='lat' dir='ltr'><strong>per</strong></span> <span class='ocrx_word' id='word_1_208' title='bbox 3093 1391 3217 1445; x_wconf 84' lang='lat' dir='ltr'><strong>anni</strong></span> <span class='ocrx_word' id='word_1_209' title='bbox 3264 1396 3490 1462; x_wconf 81' lang='lat' dir='ltr'><strong>spatium</strong></span> <span class='ocrx_word' id='word_1_210' title='bbox 3535 1395 3769 1450; x_wconf 73' lang='lat' dir='ltr'><strong>omnibus</strong></span> 
     </span>
    </p>
   </div>
   <div class='ocr_carea' id='block_1_30' title="bbox 2162 1482 3770 1556">
    <p class='ocr_par' dir='ltr' id='par_1_30' title="bbox 2162 1482 3770 1556">
     <span class='ocr_line' id='line_1_30' title="bbox 2162 1482 3770 1556; baseline 0.006 -21"><span class='ocrx_word' id='word_1_211' title='bbox 2162 1482 2344 1537; x_wconf 85' lang='lat' dir='ltr'><strong>diebus</strong></span> <span class='ocrx_word' id='word_1_212' title='bbox 2374 1484 2653 1539; x_wconf 77' lang='lat' dir='ltr'><strong>secundum</strong></span> <span class='ocrx_word' id='word_1_213' title='bbox 2685 1484 2818 1556; x_wconf 80' lang='lat' dir='ltr'><strong>leges</strong></span> <span class='ocrx_word' id='word_1_214' title='bbox 2852 1485 3029 1538; x_wconf 82' lang='lat' dir='ltr'><strong>audiri</strong></span> <span class='ocrx_word' id='word_1_215' title='bbox 3053 1486 3404 1555; x_wconf 76' lang='lat' dir='ltr'><strong>prcecipimus.</strong></span> <span class='ocrx_word' id='word_1_216' title='bbox 3451 1486 3521 1541; x_wconf 78' lang='lat' dir='ltr'><strong>Et</strong></span> <span class='ocrx_word' id='word_1_217' title='bbox 3542 1489 3658 1544; x_wconf 86' lang='lat' dir='ltr'><strong>licet</strong></span> <span class='ocrx_word' id='word_1_218' title='bbox 3686 1489 3770 1545; x_wconf 79' lang='lat' dir='ltr'><strong>lea:</strong></span> 
     </span>
    </p>
   </div>
   <div class='ocr_carea' id='block_1_31' title="bbox 2160 1576 3768 1647">
    <p class='ocr_par' dir='ltr' id='par_1_31' title="bbox 2160 1576 3768 1647">
     <span class='ocr_line' id='line_1_31' title="bbox 2160 1576 3768 1647; baseline 0.006 -20"><span class='ocrx_word' id='word_1_219' title='bbox 2160 1587 2384 1645; x_wconf 85' lang='lat' dir='ltr'><strong>quatuor</strong></span> <span class='ocrx_word' id='word_1_220' title='bbox 2412 1593 2607 1630; x_wconf 82' lang='lat' dir='ltr'><strong>menses</strong></span> <span class='ocrx_word' id='word_1_221' title='bbox 2635 1576 2706 1640; x_wconf 83' lang='lat' dir='ltr'><strong>ad</strong></span> <span class='ocrx_word' id='word_1_222' title='bbox 2729 1580 2932 1647; x_wconf 71' lang='lat' dir='ltr'><strong>[ructus</strong></span> <span class='ocrx_word' id='word_1_223' title='bbox 2961 1578 3282 1646; x_wconf 80' lang='lat' dir='ltr'><strong>colligendos</strong></span> <span class='ocrx_word' id='word_1_224' title='bbox 3328 1579 3625 1645; x_wconf 82' lang='lat' dir='ltr'><strong>indulserit,</strong></span> <span class='ocrx_word' id='word_1_225' title='bbox 3675 1580 3768 1636; x_wconf 79' lang='lat' dir='ltr'><strong>sed</strong></span> 
     </span>
    </p>
   </div>
   <div class='ocr_carea' id='block_1_32' title="bbox 2160 1669 3766 1738">
    <p class='ocr_par' dir='ltr' id='par_1_32' title="bbox 2160 1669 3766 1738">
     <span class='ocr_line' id='line_1_32' title="bbox 2160 1669 3766 1738; baseline 0.004 -17"><span class='ocrx_word' id='word_1_226' title='bbox 2160 1670 2236 1722; x_wconf 81' lang='lat' dir='ltr'><strong>ita</strong></span> <span class='ocrx_word' id='word_1_227' title='bbox 2260 1687 2356 1734; x_wconf 84' lang='lat' dir='ltr'><strong>pro</strong></span> <span class='ocrx_word' id='word_1_228' title='bbox 2387 1671 2766 1737; x_wconf 74' lang='lat' dir='ltr'><strong>provinciarum</strong></span> <span class='ocrx_word' id='word_1_229' title='bbox 2787 1669 3039 1738; x_wconf 79' lang='lat' dir='ltr'><strong>qualitate</strong></span> <span class='ocrx_word' id='word_1_230' title='bbox 3063 1681 3113 1724; x_wconf 79' lang='lat' dir='ltr'><strong>et</strong></span> <span class='ocrx_word' id='word_1_231' title='bbox 3137 1671 3416 1736; x_wconf 64' lang='lat' dir='ltr'><strong>presentia</strong></span> <span class='ocrx_word' id='word_1_232' title='bbox 3443 1673 3766 1727; x_wconf 66' lang='lat' dir='ltr'><strong>dominorum</strong></span> 
     </span>
    </p>
   </div>
   <div class='ocr_carea' id='block_1_33' title="bbox 444 1762 3765 1837">
    <p class='ocr_par' dir='ltr' id='par_1_33' title="bbox 444 1762 3765 1837">
     <span class='ocr_line' id='line_1_33' title="bbox 444 1762 3765 1837; baseline -0.001 -14"><span class='ocrx_word' id='word_1_233' title='bbox 444 1769 691 1823; x_wconf 88' lang='lat' dir='ltr'><strong>eamdem</strong></span> <span class='ocrx_word' id='word_1_234' title='bbox 727 1767 1056 1837; x_wconf 90' lang='lat' dir='ltr'><strong>provinciam</strong></span> <span class='ocrx_word' id='word_1_235' title='bbox 1099 1767 1391 1835; x_wconf 88' lang='lat' dir='ltr'><strong>quidquam</strong></span> <span class='ocrx_word' id='word_1_236' title='bbox 1428 1763 1627 1832; x_wconf 80' lang='lat' dir='ltr'><strong>pubiici</strong></span> <span class='ocrx_word' id='word_1_237' title='bbox 1673 1762 1917 1816; x_wconf 84' lang='lat' dir='ltr'><strong>muneris</strong></span> <span class='ocrx_word' id='word_1_238' title='bbox 1957 1763 2050 1817; x_wconf 88' lang='lat' dir='ltr'><strong>ite-</strong></span> <span class='ocrx_word' id='word_1_239' title='bbox 2089 1765 2135 1825; x_wconf 86' lang='lat' dir='ltr'><strong>B</strong></span> <span class='ocrx_word' id='word_1_240' title='bbox 2162 1763 2474 1816; x_wconf 79' lang='lat' dir='ltr'><strong>credidimus</strong></span> <span class='ocrx_word' id='word_1_241' title='bbox 2518 1763 2846 1833; x_wconf 72' lang='lat' dir='ltr'><strong>faciendum,</strong></span> <span class='ocrx_word' id='word_1_242' title='bbox 2890 1773 2948 1816; x_wconf 87' lang='lat' dir='ltr'><strong>ut</strong></span> <span class='ocrx_word' id='word_1_243' title='bbox 2992 1781 3024 1817; x_wconf 93' lang='lat' dir='ltr'><strong>a</strong></span> <span class='ocrx_word' id='word_1_244' title='bbox 3073 1764 3156 1817; x_wconf 84' lang='lat' dir='ltr'><strong>die</strong></span> <span class='ocrx_word' id='word_1_245' title='bbox 3197 1762 3348 1817; x_wconf 84' lang='lat' dir='ltr'><strong><em>VIII</em></strong></span> <span class='ocrx_word' id='word_1_246' title='bbox 3404 1764 3765 1821; x_wconf 81' lang='lat' dir='ltr'><strong>Kalendarum</strong></span> 
     </span>
    </p>
   </div>
   <div class='ocr_carea' id='block_1_34' title="bbox 432 1855 2047 1928">
    <p class='ocr_par' dir='ltr' id='par_1_34' title="bbox 432 1855 2047 1928">
     <span class='ocr_line' id='line_1_34' title="bbox 432 1855 2047 1928; baseline -0.002 -16"><span class='ocrx_word' id='word_1_247' title='bbox 432 1875 560 1915; x_wconf 85' lang='lat' dir='ltr'><strong>rum</strong></span> <span class='ocrx_word' id='word_1_248' title='bbox 596 1875 889 1928; x_wconf 82' lang='lat' dir='ltr'><strong>procurare</strong></span> <span class='ocrx_word' id='word_1_249' title='bbox 921 1875 1029 1912; x_wconf 91' lang='lat' dir='ltr'><strong>non</strong></span> <span class='ocrx_word' id='word_1_250' title='bbox 1064 1859 1210 1912; x_wconf 87' lang='lat' dir='ltr'><strong>licet.</strong></span> <span class='ocrx_word' id='word_1_251' title='bbox 1255 1856 1483 1912; x_wconf 76' lang='lat' dir='ltr'><strong>Palatini</strong></span> <span class='ocrx_word' id='word_1_252' title='bbox 1524 1872 1653 1910; x_wconf 90' lang='lat' dir='ltr'><strong>vero</strong></span> <span class='ocrx_word' id='word_1_253' title='bbox 1693 1855 1903 1920; x_wconf 89' lang='lat' dir='ltr'><strong>scient,</strong></span> <span class='ocrx_word' id='word_1_254' title='bbox 1947 1855 2047 1908; x_wconf 87' lang='lat' dir='ltr'><strong>sibi</strong></span> 
     </span>
    </p>
   </div>
   <div class='ocr_carea' id='block_1_35' title="bbox 447 1948 2050 2022">
    <p class='ocr_par' dir='ltr' id='par_1_35' title="bbox 447 1948 2050 2022">
     <span class='ocr_line' id='line_1_35' title="bbox 447 1948 2050 2022; baseline -0.002 -15"><span class='ocrx_word' id='word_1_255' title='bbox 447 1967 569 2007; x_wconf 90' lang='lat' dir='ltr'><strong>cum</strong></span> <span class='ocrx_word' id='word_1_256' title='bbox 615 1952 1044 2022; x_wconf 85' lang='lat' dir='ltr'><strong>provincialibus</strong></span> <span class='ocrx_word' id='word_1_257' title='bbox 1088 1951 1224 2004; x_wconf 88' lang='lat' dir='ltr'><strong>nihil</strong></span> <span class='ocrx_word' id='word_1_258' title='bbox 1267 1967 1388 2004; x_wconf 79' lang='lat' dir='ltr'><strong>esse</strong></span> <span class='ocrx_word' id='word_1_259' title='bbox 1428 1965 1737 2004; x_wconf 89' lang='lat' dir='ltr'><strong>commune.</strong></span> <span class='ocrx_word' id='word_1_260' title='bbox 1771 1948 2050 2003; x_wconf 73' lang='lat' dir='ltr'><strong>indicibus</strong></span> 
     </span>
    </p>
   </div>
   <div class='ocr_carea' id='block_1_36' title="bbox 439 2041 2049 2113">
    <p class='ocr_par' dir='ltr' id='par_1_36' title="bbox 439 2041 2049 2113">
     <span class='ocr_line' id='line_1_36' title="bbox 439 2041 2049 2113; baseline -0.002 -13"><span class='ocrx_word' id='word_1_261' title='bbox 439 2059 573 2100; x_wconf 85' lang='lat' dir='ltr'><strong>sane</strong></span> <span class='ocrx_word' id='word_1_262' title='bbox 599 2044 875 2113; x_wconf 85' lang='lat' dir='ltr'><strong>oportebit</strong></span> <span class='ocrx_word' id='word_1_263' title='bbox 901 2044 1178 2107; x_wconf 71' lang='lat' dir='ltr'><strong>insistere,</strong></span> <span class='ocrx_word' id='word_1_264' title='bbox 1211 2052 1265 2096; x_wconf 90' lang='lat' dir='ltr'><strong>et</strong></span> <span class='ocrx_word' id='word_1_265' title='bbox 1293 2043 1335 2096; x_wconf 91' lang='lat' dir='ltr'><strong>si</strong></span> <span class='ocrx_word' id='word_1_266' title='bbox 1367 2043 1512 2096; x_wconf 89' lang='lat' dir='ltr'><strong>inter</strong></span> <span class='ocrx_word' id='word_1_267' title='bbox 1539 2057 1630 2096; x_wconf 79' lang='lat' dir='ltr'><strong>eos</strong></span> <span class='ocrx_word' id='word_1_268' title='bbox 1667 2041 1879 2106; x_wconf 73' lang='lat' dir='ltr'><strong>breves,</strong></span> <span class='ocrx_word' id='word_1_269' title='bbox 1914 2055 2049 2110; x_wconf 89' lang='lat' dir='ltr'><strong>quos</strong></span> 
     </span>
    </p>
   </div>
   <div class='ocr_carea' id='block_1_37' title="bbox 439 2132 2048 2204">
    <p class='ocr_par' dir='ltr' id='par_1_37' title="bbox 439 2132 2048 2204">
     <span class='ocr_line' id='line_1_37' title="bbox 439 2132 2048 2204; baseline -0.004 -15"><span class='ocrx_word' id='word_1_270' title='bbox 439 2133 506 2189; x_wconf 87' lang='lat' dir='ltr'><strong>ad</strong></span> <span class='ocrx_word' id='word_1_271' title='bbox 542 2135 877 2204; x_wconf 71' lang='lat' dir='ltr'><strong>provinciam</strong></span> <span class='ocrx_word' id='word_1_272' title='bbox 926 2134 1212 2199; x_wconf 75' lang='lat' dir='ltr'><strong>dolerent,</strong></span> <span class='ocrx_word' id='word_1_273' title='bbox 1261 2143 1316 2187; x_wconf 92' lang='lat' dir='ltr'><strong>et</strong></span> <span class='ocrx_word' id='word_1_274' title='bbox 1357 2149 1481 2198; x_wconf 81' lang='lat' dir='ltr'><strong>eos,</strong></span> <span class='ocrx_word' id='word_1_275' title='bbox 1528 2135 1618 2202; x_wconf 91' lang='lat' dir='ltr'><strong>qui</strong></span> <span class='ocrx_word' id='word_1_276' title='bbox 1664 2149 1693 2186; x_wconf 89' lang='lat' dir='ltr'><strong>a</strong></span> <span class='ocrx_word' id='word_1_277' title='bbox 1739 2132 2048 2202; x_wconf 78' lang='lat' dir='ltr'><strong>provincia-</strong></span> 
     </span>
    </p>
   </div>
   <div class='ocr_carea' id='block_1_38' title="bbox 439 2227 2044 2297">
    <p class='ocr_par' dir='ltr' id='par_1_38' title="bbox 439 2227 2044 2297">
     <span class='ocr_line' id='line_1_38' title="bbox 439 2227 2044 2297; baseline -0.005 -10"><span class='ocrx_word' id='word_1_278' title='bbox 439 2246 558 2287; x_wconf 90' lang='lat' dir='ltr'><strong>rum</strong></span> <span class='ocrx_word' id='word_1_279' title='bbox 591 2229 871 2285; x_wconf 85' lang='lat' dir='ltr'><strong>tabulariis</strong></span> <span class='ocrx_word' id='word_1_280' title='bbox 906 2228 1274 2297; x_wconf 77' lang='lat' dir='ltr'><strong>proferuntur,</strong></span> <span class='ocrx_word' id='word_1_281' title='bbox 1311 2227 1472 2282; x_wconf 82' lang='lat' dir='ltr'><strong>fuerit</strong></span> <span class='ocrx_word' id='word_1_282' title='bbox 1500 2228 1678 2296; x_wconf 88' lang='lat' dir='ltr'><strong>aliqua</strong></span> <span class='ocrx_word' id='word_1_283' title='bbox 1709 2227 2000 2281; x_wconf 83' lang='lat' dir='ltr'><strong>diversitas</strong></span> <span class='ocrx_word' id='word_1_284' title='bbox 2030 2267 2044 2292; x_wconf 92' lang='lat'><strong>,</strong></span> 
     </span>
    </p>
   </div>
   <div class='ocr_carea' id='block_1_39' title="bbox 442 2320 2046 2391">
    <p class='ocr_par' dir='ltr' id='par_1_39' title="bbox 442 2320 2046 2391">
     <span class='ocr_line' id='line_1_39' title="bbox 442 2320 2046 2391; baseline -0.002 -15"><span class='ocrx_word' id='word_1_285' title='bbox 442 2323 665 2378; x_wconf 85' lang='lat' dir='ltr'><strong>adscitis</strong></span> <span class='ocrx_word' id='word_1_286' title='bbox 687 2323 788 2375; x_wconf 87' lang='lat' dir='ltr'><strong>sibi</strong></span> <span class='ocrx_word' id='word_1_287' title='bbox 834 2323 884 2374; x_wconf 91' lang='lat' dir='ltr'><strong>iu</strong></span> <span class='ocrx_word' id='word_1_288' title='bbox 928 2322 1218 2376; x_wconf 87' lang='lat' dir='ltr'><strong>consilium</strong></span> <span class='ocrx_word' id='word_1_289' title='bbox 1251 2337 1316 2375; x_wconf 84' lang='lat' dir='ltr'><strong>ex</strong></span> <span class='ocrx_word' id='word_1_290' title='bbox 1344 2321 1619 2390; x_wconf 83' lang='lat' dir='ltr'><strong>provincia</strong></span> <span class='ocrx_word' id='word_1_291' title='bbox 1665 2321 1902 2391; x_wconf 82' lang='lat' dir='ltr'><strong>quinque</strong></span> <span class='ocrx_word' id='word_1_292' title='bbox 1943 2320 2046 2374; x_wconf 60' lang='lat' dir='ltr'><strong>bo-</strong></span> 
     </span>
    </p>
   </div>
   <div class='ocr_carea' id='block_1_40' title="bbox 440 2412 2046 2485">
    <p class='ocr_par' dir='ltr' id='par_1_40' title="bbox 440 2412 2046 2485">
     <span class='ocr_line' id='line_1_40' title="bbox 440 2412 2046 2485; baseline -0.001 -16"><span class='ocrx_word' id='word_1_293' title='bbox 440 2415 685 2481; x_wconf 87' lang='lat' dir='ltr'><strong>noratis,</strong></span> <span class='ocrx_word' id='word_1_294' title='bbox 733 2415 876 2468; x_wconf 89' lang='lat' dir='ltr'><strong>inter</strong></span> <span class='ocrx_word' id='word_1_295' title='bbox 925 2414 1224 2485; x_wconf 73' lang='lat' dir='ltr'><strong>palatinum</strong></span> <span class='ocrx_word' id='word_1_296' title='bbox 1272 2429 1334 2466; x_wconf 88' lang='lat' dir='ltr'><strong>ac</strong></span> <span class='ocrx_word' id='word_1_297' title='bbox 1376 2413 1700 2467; x_wconf 81' lang='lat' dir='ltr'><strong>tabularium</strong></span> <span class='ocrx_word' id='word_1_298' title='bbox 1749 2412 2046 2482; x_wconf 72' lang='lat' dir='ltr'><strong>provincia:</strong></span> 
     </span>
    </p>
   </div>
   <div class='ocr_carea' id='block_1_41' title="bbox 434 2505 2046 2574">
    <p class='ocr_par' dir='ltr' id='par_1_41' title="bbox 434 2505 2046 2574">
     <span class='ocr_line' id='line_1_41' title="bbox 434 2505 2046 2574; baseline -0.002 -11"><span class='ocrx_word' id='word_1_299' title='bbox 434 2506 748 2563; x_wconf 87' lang='lat' dir='ltr'><strong>moderator</strong></span> <span class='ocrx_word' id='word_1_300' title='bbox 779 2515 1116 2574; x_wconf 75' lang='lat' dir='ltr'><strong>cognoscat,</strong></span> <span class='ocrx_word' id='word_1_301' title='bbox 1153 2517 1207 2561; x_wconf 90' lang='lat' dir='ltr'><strong>et</strong></span> <span class='ocrx_word' id='word_1_302' title='bbox 1236 2507 1482 2561; x_wconf 80' lang='lat' dir='ltr'><strong>discussa</strong></span> <span class='ocrx_word' id='word_1_303' title='bbox 1523 2505 1771 2560; x_wconf 84' lang='lat' dir='ltr'><strong>brevium</strong></span> <span class='ocrx_word' id='word_1_304' title='bbox 1812 2506 1916 2559; x_wconf 90' lang='lat' dir='ltr'><strong>ﬁde</strong></span> <span class='ocrx_word' id='word_1_305' title='bbox 1956 2521 2046 2559; x_wconf 87' lang='lat' dir='ltr'><strong>ac-</strong></span> 
     </span>
    </p>
   </div>
   <div class='ocr_carea' id='block_1_42' title="bbox 439 2600 2047 2670">
    <p class='ocr_par' dir='ltr' id='par_1_42' title="bbox 439 2600 2047 2670">
     <span class='ocr_line' id='line_1_42' title="bbox 439 2600 2047 2670; baseline -0.002 -12"><span class='ocrx_word' id='word_1_306' title='bbox 439 2603 671 2658; x_wconf 87' lang='lat' dir='ltr'><strong>celerari</strong></span> <span class='ocrx_word' id='word_1_307' title='bbox 703 2601 1044 2657; x_wconf 74' lang='lat' dir='ltr'><strong>exactionem</strong></span> <span class='ocrx_word' id='word_1_308' title='bbox 1070 2600 1283 2669; x_wconf 88' lang='lat' dir='ltr'><strong>jubebit</strong></span> <span class='ocrx_word' id='word_1_309' title='bbox 1313 2608 1405 2653; x_wconf 90' lang='lat' dir='ltr'><strong>aut</strong></span> <span class='ocrx_word' id='word_1_310' title='bbox 1443 2614 1689 2654; x_wconf 65' lang='lat' dir='ltr'><strong>censurae</strong></span> <span class='ocrx_word' id='word_1_311' title='bbox 1734 2600 1910 2670; x_wconf 83' lang='lat' dir='ltr'><strong>legum</strong></span> <span class='ocrx_word' id='word_1_312' title='bbox 1956 2616 2047 2654; x_wconf 84' lang='lat' dir='ltr'><strong>ve-</strong></span> 
     </span>
    </p>
   </div>
   <div class='ocr_carea' id='block_1_43' title="bbox 435 2695 2044 2765">
    <p class='ocr_par' dir='ltr' id='par_1_43' title="bbox 435 2695 2044 2765">
     <span class='ocr_line' id='line_1_43' title="bbox 435 2695 2044 2765; baseline -0.001 -14"><span class='ocrx_word' id='word_1_313' title='bbox 435 2703 612 2751; x_wconf 88' lang='lat' dir='ltr'><strong>terum</strong></span> <span class='ocrx_word' id='word_1_314' title='bbox 645 2695 968 2765; x_wconf 88' lang='lat' dir='ltr'><strong>subjacebit.</strong></span> <span class='ocrx_word' id='word_1_315' title='bbox 1015 2695 1272 2750; x_wconf 85' lang='lat' dir='ltr'><strong>Noverint</strong></span> <span class='ocrx_word' id='word_1_316' title='bbox 1316 2710 1446 2749; x_wconf 85' lang='lat' dir='ltr'><strong>sane</strong></span> <span class='ocrx_word' id='word_1_317' title='bbox 1490 2695 1889 2764; x_wconf 85' lang='lat' dir='ltr'><strong>provinciarum</strong></span> <span class='ocrx_word' id='word_1_318' title='bbox 1929 2709 2044 2749; x_wconf 85' lang='lat' dir='ltr'><strong>mo-</strong></span> 
     </span>
    </p>
   </div>
   <div class='ocr_carea' id='block_1_44' title="bbox 436 2785 2043 2854">
    <p class='ocr_par' dir='ltr' id='par_1_44' title="bbox 436 2785 2043 2854">
     <span class='ocr_line' id='line_1_44' title="bbox 436 2785 2043 2854; baseline -0.001 -12"><span class='ocrx_word' id='word_1_319' title='bbox 436 2787 757 2851; x_wconf 89' lang='lat' dir='ltr'><strong>deratores,</strong></span> <span class='ocrx_word' id='word_1_320' title='bbox 813 2787 1011 2841; x_wconf 90' lang='lat' dir='ltr'><strong>nullam</strong></span> <span class='ocrx_word' id='word_1_321' title='bbox 1072 2801 1296 2853; x_wconf 85' lang='lat' dir='ltr'><strong>prorsus</strong></span> <span class='ocrx_word' id='word_1_322' title='bbox 1346 2787 1648 2841; x_wconf 79' lang='lat' dir='ltr'><strong>exactionis</strong></span> <span class='ocrx_word' id='word_1_323' title='bbox 1711 2795 1918 2854; x_wconf 86' lang='lat' dir='ltr'><strong>partem</strong></span> <span class='ocrx_word' id='word_1_324' title='bbox 1974 2785 2043 2840; x_wconf 88' lang='lat' dir='ltr'><strong>ad</strong></span> 
     </span>
    </p>
   </div>
   <div class='ocr_carea' id='block_1_45' title="bbox 434 2879 2045 2950">
    <p class='ocr_par' dir='ltr' id='par_1_45' title="bbox 434 2879 2045 2950">
     <span class='ocr_line' id='line_1_45' title="bbox 434 2879 2045 2950; baseline -0.001 -18"><span class='ocrx_word' id='word_1_325' title='bbox 434 2879 734 2950; x_wconf 85' lang='lat' dir='ltr'><strong>palatinum</strong></span> <span class='ocrx_word' id='word_1_326' title='bbox 767 2879 1004 2934; x_wconf 83' lang='lat' dir='ltr'><strong>ofﬁcium</strong></span> <span class='ocrx_word' id='word_1_327' title='bbox 1048 2880 1322 2948; x_wconf 78' lang='lat' dir='ltr'><strong>pertinere</strong></span> <span class='ocrx_word' id='word_1_328' title='bbox 1348 2921 1361 2944; x_wconf 90' lang='lat'><strong>,</strong></span> <span class='ocrx_word' id='word_1_329' title='bbox 1406 2895 1503 2934; x_wconf 88' lang='lat' dir='ltr'><strong>nec</strong></span> <span class='ocrx_word' id='word_1_330' title='bbox 1544 2895 1778 2948; x_wconf 85' lang='lat' dir='ltr'><strong>unquam</strong></span> <span class='ocrx_word' id='word_1_331' title='bbox 1824 2879 1906 2932; x_wconf 89' lang='lat' dir='ltr'><strong>bis</strong></span> <span class='ocrx_word' id='word_1_332' title='bbox 1947 2879 2045 2933; x_wconf 90' lang='lat' dir='ltr'><strong>ad-</strong></span> 
     </span>
    </p>
   </div>
   <div class='ocr_carea' id='block_1_46' title="bbox 437 2971 2045 3043">
    <p class='ocr_par' dir='ltr' id='par_1_46' title="bbox 437 2971 2045 3043">
     <span class='ocr_line' id='line_1_46' title="bbox 437 2971 2045 3043; baseline -0.001 -16"><span class='ocrx_word' id='word_1_333' title='bbox 437 2973 695 3028; x_wconf 89' lang='lat' dir='ltr'><strong>minicula</strong></span> <span class='ocrx_word' id='word_1_334' title='bbox 729 2972 1052 3043; x_wconf 69' lang='lat' dir='ltr'><strong>prmltenda;</strong></span> <span class='ocrx_word' id='word_1_335' title='bbox 1087 2971 1180 3026; x_wconf 91' lang='lat' dir='ltr'><strong>sed</strong></span> <span class='ocrx_word' id='word_1_336' title='bbox 1216 2988 1314 3026; x_wconf 89' lang='lat' dir='ltr'><strong>nec</strong></span> <span class='ocrx_word' id='word_1_337' title='bbox 1351 2973 1652 3040; x_wconf 59' lang='lat' dir='ltr'><strong>suscepturi</strong></span> <span class='ocrx_word' id='word_1_338' title='bbox 1692 2972 1911 3038; x_wconf 89' lang='lat' dir='ltr'><strong>quidem</strong></span> <span class='ocrx_word' id='word_1_339' title='bbox 1953 2981 2045 3026; x_wconf 87' lang='lat' dir='ltr'><strong>aut</strong></span> 
     </span>
    </p>
   </div>
   <div class='ocr_carea' id='block_1_47' title="bbox 438 3063 2042 3136">
    <p class='ocr_par' dir='ltr' id='par_1_47' title="bbox 438 3063 2042 3136">
     <span class='ocr_line' id='line_1_47' title="bbox 438 3063 2042 3136; baseline -0.002 -14"><span class='ocrx_word' id='word_1_340' title='bbox 438 3065 708 3122; x_wconf 86' lang='lat' dir='ltr'><strong>tabulario</strong></span> <span class='ocrx_word' id='word_1_341' title='bbox 757 3064 1054 3136; x_wconf 70' lang='lat' dir='ltr'><strong>provincia:</strong></span> <span class='ocrx_word' id='word_1_342' title='bbox 1105 3065 1381 3135; x_wconf 85' lang='lat' dir='ltr'><strong>palatinos</strong></span> <span class='ocrx_word' id='word_1_343' title='bbox 1420 3063 1731 3126; x_wconf 84' lang='lat' dir='ltr'><strong>incumbet,</strong></span> <span class='ocrx_word' id='word_1_344' title='bbox 1783 3079 1964 3133; x_wconf 90' lang='lat' dir='ltr'><strong>neque</strong></span> <span class='ocrx_word' id='word_1_345' title='bbox 2006 3077 2042 3119; x_wconf 61' lang='grc' dir='ltr'><strong>ιθ</strong></span> 
     </span>
    </p>
   </div>
   <div class='ocr_carea' id='block_1_48' title="bbox 2155 1851 3762 1928">
    <p class='ocr_par' dir='ltr' id='par_1_48' title="bbox 2155 1851 3762 1928">
     <span class='ocr_line' id='line_1_48' title="bbox 2155 1851 3762 1928; baseline 0.005 -24"><span class='ocrx_word' id='word_1_346' title='bbox 2155 1851 2417 1907; x_wconf 86' lang='lat' dir='ltr'><strong>Jaliarum</strong></span> <span class='ocrx_word' id='word_1_347' title='bbox 2465 1872 2620 1924; x_wconf 87' lang='lat' dir='ltr'><strong>usque</strong></span> <span class='ocrx_word' id='word_1_348' title='bbox 2662 1855 2717 1908; x_wconf 88' lang='lat' dir='ltr'><strong>in</strong></span> <span class='ocrx_word' id='word_1_349' title='bbox 2771 1854 3041 1910; x_wconf 84' lang='lat' dir='ltr'><strong>Kalendas</strong></span> <span class='ocrx_word' id='word_1_350' title='bbox 3085 1854 3306 1928; x_wconf 83' lang='lat' dir='ltr'><strong>Augusti</strong></span> <span class='ocrx_word' id='word_1_351' title='bbox 3347 1859 3578 1913; x_wconf 79' lang='lat' dir='ltr'><strong>messiva:</strong></span> <span class='ocrx_word' id='word_1_352' title='bbox 3616 1859 3762 1926; x_wconf 76' lang='lat' dir='ltr'><strong>feriae</strong></span> 
     </span>
    </p>
   </div>
   <div class='ocr_carea' id='block_1_49' title="bbox 2154 1944 3766 2022">
    <p class='ocr_par' dir='ltr' id='par_1_49' title="bbox 2154 1944 3766 2022">
     <span class='ocr_line' id='line_1_49' title="bbox 2154 1944 3766 2022; baseline 0.003 -22"><span class='ocrx_word' id='word_1_353' title='bbox 2154 1949 2522 2009; x_wconf 85' lang='lat' dir='ltr'><strong>concedantur.</strong></span> <span class='ocrx_word' id='word_1_354' title='bbox 2555 1958 2601 2001; x_wconf 88' lang='lat' dir='ltr'><strong>el</strong></span> <span class='ocrx_word' id='word_1_355' title='bbox 2653 1947 2716 2000; x_wconf 89' lang='lat' dir='ltr'><strong>de</strong></span> <span class='ocrx_word' id='word_1_356' title='bbox 2755 1945 3010 2002; x_wconf 84' lang='lat' dir='ltr'><strong>Kalendis</strong></span> <span class='ocrx_word' id='word_1_357' title='bbox 3055 1949 3270 2022; x_wconf 70' lang='lat' dir='ltr'><strong>Augusti</strong></span> <span class='ocrx_word' id='word_1_358' title='bbox 3303 1966 3467 2020; x_wconf 89' lang='lat' dir='ltr'><strong>usque</strong></span> <span class='ocrx_word' id='word_1_359' title='bbox 3495 1951 3544 2003; x_wconf 90' lang='lat' dir='ltr'><strong>in</strong></span> <span class='ocrx_word' id='word_1_360' title='bbox 3570 1944 3622 2003; x_wconf 80' lang='grc' dir='ltr'><em>Χ</em></span> <span class='ocrx_word' id='word_1_361' title='bbox 3651 1949 3766 2006; x_wconf 52' lang='lat' dir='ltr'><strong>Kac</strong></span> 
     </span>
    </p>
   </div>
   <div class='ocr_carea' id='block_1_50' title="bbox 2155 2042 3765 2113">
    <p class='ocr_par' dir='ltr' id='par_1_50' title="bbox 2155 2042 3765 2113">
     <span class='ocr_line' id='line_1_50' title="bbox 2155 2042 3765 2113; baseline 0.002 -19"><span class='ocrx_word' id='word_1_362' title='bbox 2155 2042 2334 2095; x_wconf 87' lang='lat' dir='ltr'><strong>lendas</strong></span> <span class='ocrx_word' id='word_1_363' title='bbox 2365 2042 2679 2110; x_wconf 74' lang='lat' dir='ltr'><strong>Septembris</strong></span> <span class='ocrx_word' id='word_1_364' title='bbox 2727 2043 3052 2113; x_wconf 89' lang='lat' dir='ltr'><strong>agendarum</strong></span> <span class='ocrx_word' id='word_1_365' title='bbox 3100 2059 3373 2098; x_wconf 78' lang='lat' dir='ltr'><strong>causarum</strong></span> <span class='ocrx_word' id='word_1_366' title='bbox 3423 2044 3632 2099; x_wconf 78' lang='lat' dir='ltr'><strong>licentia</strong></span> <span class='ocrx_word' id='word_1_367' title='bbox 3667 2045 3765 2099; x_wconf 85' lang='lat' dir='ltr'><strong>tri-</strong></span> 
     </span>
    </p>
   </div>
   <div class='ocr_carea' id='block_1_51' title="bbox 2157 2133 3762 2206">
    <p class='ocr_par' dir='ltr' id='par_1_51' title="bbox 2157 2133 3762 2206">
     <span class='ocr_line' id='line_1_51' title="bbox 2157 2133 3762 2206; baseline 0.002 -17"><span class='ocrx_word' id='word_1_368' title='bbox 2157 2135 2363 2189; x_wconf 85' lang='lat' dir='ltr'><strong>buatur.</strong></span> <span class='ocrx_word' id='word_1_369' title='bbox 2405 2136 2448 2188; x_wconf 86' lang='lat' dir='ltr'><strong>A</strong></span> <span class='ocrx_word' id='word_1_370' title='bbox 2479 2133 2529 2188; x_wconf 82' lang='lat' dir='ltr'><strong><em>X</em></strong></span> <span class='ocrx_word' id='word_1_371' title='bbox 2558 2145 2726 2188; x_wconf 88' lang='lat' dir='ltr'><strong>autem</strong></span> <span class='ocrx_word' id='word_1_372' title='bbox 2764 2134 2990 2189; x_wconf 83' lang='lat' dir='ltr'><strong>Kalend.</strong></span> <span class='ocrx_word' id='word_1_373' title='bbox 3036 2133 3298 2204; x_wconf 85' lang='lat' dir='ltr'><strong>Septemb.</strong></span> <span class='ocrx_word' id='word_1_374' title='bbox 3336 2152 3492 2206; x_wconf 89' lang='lat' dir='ltr'><strong>usque</strong></span> <span class='ocrx_word' id='word_1_375' title='bbox 3543 2137 3598 2189; x_wconf 83' lang='lat' dir='ltr'><strong>in</strong></span> <span class='ocrx_word' id='word_1_376' title='bbox 3631 2135 3762 2192; x_wconf 70' lang='lat' dir='ltr'><strong>ldus</strong></span> 
     </span>
    </p>
   </div>
   <div class='ocr_carea' id='block_1_52' title="bbox 2159 2224 3759 2297">
    <p class='ocr_par' dir='ltr' id='par_1_52' title="bbox 2159 2224 3759 2297">
     <span class='ocr_line' id='line_1_52' title="bbox 2159 2224 3759 2297; baseline 0.001 -17"><span class='ocrx_word' id='word_1_377' title='bbox 2159 2226 2370 2280; x_wconf 76' lang='lat' dir='ltr'><strong>Octobr.</strong></span> <span class='ocrx_word' id='word_1_378' title='bbox 2403 2226 2735 2280; x_wconf 70' lang='lat' dir='ltr'><strong>vindemiolas</strong></span> <span class='ocrx_word' id='word_1_379' title='bbox 2764 2226 2909 2297; x_wconf 73' lang='lat' dir='ltr'><strong>ferite</strong></span> <span class='ocrx_word' id='word_1_380' title='bbox 2928 2225 3299 2280; x_wconf 79' lang='lat' dir='ltr'><strong>concedantur.</strong></span> <span class='ocrx_word' id='word_1_381' title='bbox 3333 2224 3460 2280; x_wconf 80' lang='lat' dir='ltr'><strong>Dies</strong></span> <span class='ocrx_word' id='word_1_382' title='bbox 3483 2228 3636 2282; x_wconf 71' lang='lat' dir='ltr'><strong>etiam</strong></span> <span class='ocrx_word' id='word_1_383' title='bbox 3660 2228 3759 2282; x_wconf 84' lang='lat' dir='ltr'><strong>do-</strong></span> 
     </span>
    </p>
   </div>
   <div class='ocr_carea' id='block_1_53' title="bbox 2153 2318 3763 2391">
    <p class='ocr_par' dir='ltr' id='par_1_53' title="bbox 2153 2318 3763 2391">
     <span class='ocr_line' id='line_1_53' title="bbox 2153 2318 3763 2391; baseline 0.004 -20"><span class='ocrx_word' id='word_1_384' title='bbox 2153 2320 2484 2385; x_wconf 87' lang='lat' dir='ltr'><strong>ntinicarum,</strong></span> <span class='ocrx_word' id='word_1_385' title='bbox 2516 2320 2604 2386; x_wconf 85' lang='lat' dir='ltr'><strong>qui</strong></span> <span class='ocrx_word' id='word_1_386' title='bbox 2635 2319 2809 2388; x_wconf 79' lang='lat' dir='ltr'><strong>feriati</strong></span> <span class='ocrx_word' id='word_1_387' title='bbox 2838 2328 2999 2384; x_wconf 84' lang='lat' dir='ltr'><strong>sunt,</strong></span> <span class='ocrx_word' id='word_1_388' title='bbox 3052 2318 3116 2372; x_wconf 73' lang='lat' dir='ltr'><strong>ab</strong></span> <span class='ocrx_word' id='word_1_389' title='bbox 3143 2319 3414 2374; x_wconf 73' lang='lat' dir='ltr'><strong>audiendis</strong></span> <span class='ocrx_word' id='word_1_390' title='bbox 3444 2321 3659 2391; x_wconf 77' lang='lat' dir='ltr'><strong>negotiis</strong></span> <span class='ocrx_word' id='word_1_391' title='bbox 3684 2321 3763 2377; x_wconf 80' lang='lat' dir='ltr'><strong>vel</strong></span> 
     </span>
    </p>
   </div>
   <div class='ocr_carea' id='block_1_54' title="bbox 2153 2411 3761 2484">
    <p class='ocr_par' dir='ltr' id='par_1_54' title="bbox 2153 2411 3761 2484">
     <span class='ocr_line' id='line_1_54' title="bbox 2153 2411 3761 2484; baseline 0.004 -20"><span class='ocrx_word' id='word_1_392' title='bbox 2153 2412 2415 2484; x_wconf 72' lang='lat' dir='ltr'><strong>exigendis</strong></span> <span class='ocrx_word' id='word_1_393' title='bbox 2445 2411 2633 2466; x_wconf 83' lang='lat' dir='ltr'><strong>debitis</strong></span> <span class='ocrx_word' id='word_1_394' title='bbox 2668 2422 3073 2482; x_wconf 81' lang='lat' dir='ltr'><strong>sequestramus.</strong></span> <span class='ocrx_word' id='word_1_395' title='bbox 3110 2411 3332 2467; x_wconf 84' lang='lat' dir='ltr'><strong>Sanctas</strong></span> <span class='ocrx_word' id='word_1_396' title='bbox 3357 2414 3510 2468; x_wconf 84' lang='lat' dir='ltr'><strong>etiam</strong></span> <span class='ocrx_word' id='word_1_397' title='bbox 3540 2413 3761 2470; x_wconf 66' lang='lat' dir='ltr'><strong>Pascha:</strong></span> 
     </span>
    </p>
   </div>
   <div class='ocr_carea' id='block_1_55' title="bbox 2152 2503 3757 2577">
    <p class='ocr_par' dir='ltr' id='par_1_55' title="bbox 2152 2503 3757 2577">
     <span class='ocr_line' id='line_1_55' title="bbox 2152 2503 3757 2577; baseline 0.004 -22"><span class='ocrx_word' id='word_1_398' title='bbox 2152 2503 2283 2568; x_wconf 84' lang='lat' dir='ltr'><strong>dies,</strong></span> <span class='ocrx_word' id='word_1_399' title='bbox 2316 2504 2370 2556; x_wconf 87' lang='lat' dir='ltr'><strong>id</strong></span> <span class='ocrx_word' id='word_1_400' title='bbox 2401 2512 2472 2556; x_wconf 88' lang='lat' dir='ltr'><strong>est</strong></span> <span class='ocrx_word' id='word_1_401' title='bbox 2498 2513 2689 2572; x_wconf 81' lang='lat' dir='ltr'><strong>septem</strong></span> <span class='ocrx_word' id='word_1_402' title='bbox 2717 2503 2806 2574; x_wconf 87' lang='lat' dir='ltr'><strong>qui</strong></span> <span class='ocrx_word' id='word_1_403' title='bbox 2848 2503 3180 2568; x_wconf 88' lang='lat' dir='ltr'><strong>antecedunt,</strong></span> <span class='ocrx_word' id='word_1_404' title='bbox 3223 2513 3272 2557; x_wconf 88' lang='lat' dir='ltr'><strong>et</strong></span> <span class='ocrx_word' id='word_1_405' title='bbox 3314 2515 3507 2576; x_wconf 87' lang='lat' dir='ltr'><strong>septem</strong></span> <span class='ocrx_word' id='word_1_406' title='bbox 3543 2509 3632 2577; x_wconf 88' lang='lat' dir='ltr'><strong>qui</strong></span> <span class='ocrx_word' id='word_1_407' title='bbox 3673 2525 3757 2562; x_wconf 84' lang='lat' dir='ltr'><strong>se-</strong></span> 
     </span>
    </p>
   </div>
   <div class='ocr_carea' id='block_1_56' title="bbox 2149 2592 3757 2670">
    <p class='ocr_par' dir='ltr' id='par_1_56' title="bbox 2149 2592 3757 2670">
     <span class='ocr_line' id='line_1_56' title="bbox 2149 2592 3757 2670; baseline 0.003 -23"><span class='ocrx_word' id='word_1_408' title='bbox 2149 2605 2397 2665; x_wconf 85' lang='lat' dir='ltr'><strong>quuntur.</strong></span> <span class='ocrx_word' id='word_1_409' title='bbox 2429 2593 2538 2648; x_wconf 83' lang='lat' dir='ltr'><strong>Nec</strong></span> <span class='ocrx_word' id='word_1_410' title='bbox 2566 2611 2666 2648; x_wconf 89' lang='lat' dir='ltr'><strong>non</strong></span> <span class='ocrx_word' id='word_1_411' title='bbox 2689 2602 2735 2648; x_wconf 86' lang='lat' dir='ltr'><strong>et</strong></span> <span class='ocrx_word' id='word_1_412' title='bbox 2751 2593 2858 2648; x_wconf 87' lang='lat' dir='ltr'><strong>dies</strong></span> <span class='ocrx_word' id='word_1_413' title='bbox 2873 2594 3064 2648; x_wconf 81' lang='lat' dir='ltr'><strong>natalis</strong></span> <span class='ocrx_word' id='word_1_414' title='bbox 3093 2592 3302 2648; x_wconf 88' lang='lat' dir='ltr'><strong>Domini</strong></span> <span class='ocrx_word' id='word_1_415' title='bbox 3327 2597 3490 2651; x_wconf 86' lang='lat' dir='ltr'><strong>nostri</strong></span> <span class='ocrx_word' id='word_1_416' title='bbox 3518 2599 3599 2651; x_wconf 87' lang='lat' dir='ltr'><strong>vel</strong></span> <span class='ocrx_word' id='word_1_417' title='bbox 3625 2595 3757 2670; x_wconf 78' lang='lat' dir='ltr'><strong>Epi-</strong></span> 
     </span>
    </p>
   </div>
   <div class='ocr_carea' id='block_1_57' title="bbox 2151 2686 3754 2758">
    <p class='ocr_par' dir='ltr' id='par_1_57' title="bbox 2151 2686 3754 2758">
     <span class='ocr_line' id='line_1_57' title="bbox 2151 2686 3754 2758; baseline 0.004 -20"><span class='ocrx_word' id='word_1_418' title='bbox 2151 2686 2355 2753; x_wconf 74' lang='lat' dir='ltr'><strong>pltania:</strong></span> <span class='ocrx_word' id='word_1_419' title='bbox 2387 2687 2498 2740; x_wconf 85' lang='lat' dir='ltr'><strong>sine</strong></span> <span class='ocrx_word' id='word_1_420' title='bbox 2529 2689 2722 2758; x_wconf 76' lang='lat' dir='ltr'><strong>forensi</strong></span> <span class='ocrx_word' id='word_1_421' title='bbox 2747 2688 2961 2757; x_wconf 79' lang='lat' dir='ltr'><strong>strepitu</strong></span> <span class='ocrx_word' id='word_1_422' title='bbox 2992 2687 3222 2742; x_wconf 87' lang='lat' dir='ltr'><strong>volumus</strong></span> <span class='ocrx_word' id='word_1_423' title='bbox 3259 2689 3531 2746; x_wconf 74' lang='lat' dir='ltr'><strong>celebrari.</strong></span> <span class='ocrx_word' id='word_1_424' title='bbox 3581 2690 3754 2746; x_wconf 81' lang='lat' dir='ltr'><strong>Nata-</strong></span> 
     </span>
    </p>
   </div>
   <div class='ocr_carea' id='block_1_58' title="bbox 2149 2778 3748 2851">
    <p class='ocr_par' dir='ltr' id='par_1_58' title="bbox 2149 2778 3748 2851">
     <span class='ocr_line' id='line_1_58' title="bbox 2149 2778 3748 2851; baseline 0.005 -20"><span class='ocrx_word' id='word_1_425' title='bbox 2149 2778 2248 2832; x_wconf 90' lang='lat' dir='ltr'><strong>lem</strong></span> <span class='ocrx_word' id='word_1_426' title='bbox 2277 2780 2426 2831; x_wconf 83' lang='lat' dir='ltr'><strong>etiam</strong></span> <span class='ocrx_word' id='word_1_427' title='bbox 2473 2780 2722 2849; x_wconf 83' lang='lat' dir='ltr'><strong>principis</strong></span> <span class='ocrx_word' id='word_1_428' title='bbox 2757 2779 2835 2833; x_wconf 85' lang='lat' dir='ltr'><strong>vel</strong></span> <span class='ocrx_word' id='word_1_429' title='bbox 2873 2781 3078 2834; x_wconf 83' lang='lat' dir='ltr'><strong>initium</strong></span> <span class='ocrx_word' id='word_1_430' title='bbox 3124 2781 3269 2851; x_wconf 86' lang='lat' dir='ltr'><strong>regni</strong></span> <span class='ocrx_word' id='word_1_431' title='bbox 3309 2783 3425 2850; x_wconf 89' lang='lat' dir='ltr'><strong>pari</strong></span> <span class='ocrx_word' id='word_1_432' title='bbox 3463 2785 3748 2838; x_wconf 87' lang='lat' dir='ltr'><strong>reverentia</strong></span> 
     </span>
    </p>
   </div>
   <div class='ocr_carea' id='block_1_59' title="bbox 2150 2870 2692 2927">
    <p class='ocr_par' dir='ltr' id='par_1_59' title="bbox 2150 2870 2692 2927">
     <span class='ocr_line' id='line_1_59' title="bbox 2150 2870 2692 2927; baseline 0.004 -5"><span class='ocrx_word' id='word_1_433' title='bbox 2150 2871 2383 2924; x_wconf 87' lang='lat' dir='ltr'><strong>convenit</strong></span> <span class='ocrx_word' id='word_1_434' title='bbox 2414 2870 2692 2927; x_wconf 83' lang='lat' dir='ltr'><strong>observari.</strong></span> 
     </span>
    </p>
   </div>
   <div class='ocr_carea' id='block_1_60' title="bbox 2219 2963 3755 3039">
    <p class='ocr_par' dir='ltr' id='par_1_60' title="bbox 2219 2963 3755 3039">
     <span class='ocr_line' id='line_1_60' title="bbox 2219 2963 3755 3039; baseline 0.003 -20"><span class='ocrx_word' id='word_1_435' title='bbox 2219 2964 2309 3019; x_wconf 73' lang='lat'><strong>20.</strong></span> <span class='ocrx_word' id='word_1_436' title='bbox 2349 2963 2513 3018; x_wconf 87' lang='lat' dir='ltr'><strong>Iidem</strong></span> <span class='ocrx_word' id='word_1_437' title='bbox 2544 2965 2699 3018; x_wconf 85' lang='lat' dir='ltr'><strong>AAA.</strong></span> <span class='ocrx_word' id='word_1_438' title='bbox 2727 2964 2955 3022; x_wconf 89' lang='lat' dir='ltr'><strong>Proculo</strong></span> <span class='ocrx_word' id='word_1_439' title='bbox 2982 2966 3071 3039; x_wconf 76' lang='lat' dir='ltr'><strong>Pf.</strong></span> <span class='ocrx_word' id='word_1_440' title='bbox 3106 2967 3174 3024; x_wconf 92' lang='lat' dir='ltr'><strong>U.</strong></span> <span class='ocrx_word' id='word_1_441' title='bbox 3200 2968 3378 3024; x_wconf 86' lang='lat' dir='ltr'><strong>Festis</strong></span> <span class='ocrx_word' id='word_1_442' title='bbox 3403 2969 3534 3024; x_wconf 91' lang='lat' dir='ltr'><strong>solis</strong></span> <span class='ocrx_word' id='word_1_443' title='bbox 3564 2969 3755 3026; x_wconf 85' lang='lat' dir='ltr'><strong>diebus</strong></span> 
     </span>
    </p>
   </div>
   <div class='ocr_carea' id='block_1_61' title="bbox 2147 3056 3754 3133">
    <p class='ocr_par' dir='ltr' id='par_1_61' title="bbox 2147 3056 3754 3133">
     <span class='ocr_line' id='line_1_61' title="bbox 2147 3056 3754 3133; baseline 0.002 -19"><span class='ocrx_word' id='word_1_444' title='bbox 2147 3056 2484 3114; x_wconf 83' lang='lat' dir='ltr'><strong>Circensium</strong></span> <span class='ocrx_word' id='word_1_445' title='bbox 2517 3067 2644 3113; x_wconf 83' lang='lat' dir='ltr'><strong>sunt</strong></span> <span class='ocrx_word' id='word_1_446' title='bbox 2673 3057 2966 3115; x_wconf 86' lang='lat' dir='ltr'><strong>inhibenda</strong></span> <span class='ocrx_word' id='word_1_447' title='bbox 2992 3061 3318 3132; x_wconf 70' lang='lat' dir='ltr'><strong>certamina,</strong></span> <span class='ocrx_word' id='word_1_448' title='bbox 3352 3077 3460 3133; x_wconf 83' lang='lat' dir='ltr'><strong>quo</strong></span> <span class='ocrx_word' id='word_1_449' title='bbox 3478 3062 3754 3118; x_wconf 75' lang='lat' dir='ltr'><strong>Christia-</strong></span> 
     </span>
    </p>
   </div>
   <div class='ocr_carea' id='block_1_62' title="bbox 435 3151 3752 3228">
    <p class='ocr_par' dir='ltr' id='par_1_62' title="bbox 435 3151 3752 3228">
     <span class='ocr_line' id='line_1_62' title="bbox 435 3151 3752 3228; baseline -0.002 -12"><span class='ocrx_word' id='word_1_450' title='bbox 435 3167 756 3228; x_wconf 84' lang='lat' dir='ltr'><strong>susceptore</strong></span> <span class='ocrx_word' id='word_1_451' title='bbox 785 3173 1050 3212; x_wconf 88' lang='lat' dir='ltr'><strong>summam</strong></span> <span class='ocrx_word' id='word_1_452' title='bbox 1081 3158 1357 3210; x_wconf 88' lang='lat' dir='ltr'><strong>illatorum</strong></span> <span class='ocrx_word' id='word_1_453' title='bbox 1382 3196 1398 3220; x_wconf 88' lang='lat'><strong>,</strong></span> <span class='ocrx_word' id='word_1_454' title='bbox 1431 3172 1605 3226; x_wconf 87' lang='lat' dir='ltr'><strong>neque</strong></span> <span class='ocrx_word' id='word_1_455' title='bbox 1645 3156 2043 3210; x_wconf 80' lang='lat' dir='ltr'><strong>nominatorios</strong></span> <span class='ocrx_word' id='word_1_456' title='bbox 2071 3155 2117 3218; x_wconf 88' lang='lat' dir='ltr'><strong>C</strong></span> <span class='ocrx_word' id='word_1_457' title='bbox 2150 3167 2234 3205; x_wconf 73' lang='lat' dir='ltr'><strong>na:</strong></span> <span class='ocrx_word' id='word_1_458' title='bbox 2265 3151 2399 3222; x_wconf 71' lang='lat' dir='ltr'><strong>legis</strong></span> <span class='ocrx_word' id='word_1_459' title='bbox 2431 3153 2739 3208; x_wconf 88' lang='lat' dir='ltr'><strong>veneranda</strong></span> <span class='ocrx_word' id='word_1_460' title='bbox 2790 3155 3048 3225; x_wconf 85' lang='lat' dir='ltr'><strong>mysteria</strong></span> <span class='ocrx_word' id='word_1_461' title='bbox 3099 3155 3278 3210; x_wconf 83' lang='lat' dir='ltr'><strong>nullus</strong></span> <span class='ocrx_word' id='word_1_462' title='bbox 3316 3157 3752 3225; x_wconf 82' lang='lat' dir='ltr'><strong>spectaculorum</strong></span> 
     </span>
    </p>
   </div>
   <div class='ocr_carea' id='block_1_63' title="bbox 435 3247 2042 3318">
    <p class='ocr_par' dir='ltr' id='par_1_63' title="bbox 435 3247 2042 3318">
     <span class='ocr_line' id='line_1_63' title="bbox 435 3247 2042 3318; baseline -0.002 -12"><span class='ocrx_word' id='word_1_463' title='bbox 435 3251 630 3306; x_wconf 83' lang='lat' dir='ltr'><strong>breves</strong></span> <span class='ocrx_word' id='word_1_464' title='bbox 659 3265 688 3303; x_wconf 88' lang='lat' dir='ltr'><strong>a</strong></span> <span class='ocrx_word' id='word_1_465' title='bbox 722 3249 988 3304; x_wconf 81' lang='lat' dir='ltr'><strong>tabulario</strong></span> <span class='ocrx_word' id='word_1_466' title='bbox 1023 3249 1346 3318; x_wconf 62' lang='lat' dir='ltr'><strong>postulabit,</strong></span> <span class='ocrx_word' id='word_1_467' title='bbox 1381 3262 1500 3302; x_wconf 89' lang='lat' dir='ltr'><strong>cum</strong></span> <span class='ocrx_word' id='word_1_468' title='bbox 1533 3247 1648 3301; x_wconf 65' lang='lat' dir='ltr'><strong>hmc</strong></span> <span class='ocrx_word' id='word_1_469' title='bbox 1679 3247 1860 3302; x_wconf 90' lang='lat' dir='ltr'><strong>omnis</strong></span> <span class='ocrx_word' id='word_1_470' title='bbox 1891 3249 2042 3303; x_wconf 85' lang='lat' dir='ltr'><strong>solli-</strong></span> 
     </span>
    </p>
   </div>
   <div class='ocr_carea' id='block_1_64' title="bbox 437 3339 2044 3412">
    <p class='ocr_par' dir='ltr' id='par_1_64' title="bbox 437 3339 2044 3412">
     <span class='ocr_line' id='line_1_64' title="bbox 437 3339 2044 3412; baseline -0.002 -14"><span class='ocrx_word' id='word_1_471' title='bbox 437 3342 622 3398; x_wconf 91' lang='lat' dir='ltr'><strong>citudo</strong></span> <span class='ocrx_word' id='word_1_472' title='bbox 651 3343 721 3396; x_wconf 90' lang='lat' dir='ltr'><strong>sit</strong></span> <span class='ocrx_word' id='word_1_473' title='bbox 759 3341 979 3412; x_wconf 88' lang='lat' dir='ltr'><strong>judicis.</strong></span> <span class='ocrx_word' id='word_1_474' title='bbox 1034 3340 1336 3394; x_wconf 84' lang='lat' dir='ltr'><strong>Comitibus</strong></span> <span class='ocrx_word' id='word_1_475' title='bbox 1383 3353 1600 3408; x_wconf 86' lang='lat' dir='ltr'><strong>quoque</strong></span> <span class='ocrx_word' id='word_1_476' title='bbox 1652 3339 1962 3404; x_wconf 86' lang='lat' dir='ltr'><strong>titulorum,</strong></span> <span class='ocrx_word' id='word_1_477' title='bbox 1995 3339 2044 3394; x_wconf 88' lang='lat' dir='ltr'><strong>si</strong></span> 
     </span>
    </p>
   </div>
   <div class='ocr_carea' id='block_1_65' title="bbox 438 3431 2044 3507">
    <p class='ocr_par' dir='ltr' id='par_1_65' title="bbox 438 3431 2044 3507">
     <span class='ocr_line' id='line_1_65' title="bbox 438 3431 2044 3507; baseline -0.001 -19"><span class='ocrx_word' id='word_1_478' title='bbox 438 3434 657 3507; x_wconf 88' lang='lat' dir='ltr'><strong>quando</strong></span> <span class='ocrx_word' id='word_1_479' title='bbox 708 3448 802 3488; x_wconf 87' lang='lat' dir='ltr'><strong>eos</strong></span> <span class='ocrx_word' id='word_1_480' title='bbox 848 3433 913 3485; x_wconf 90' lang='lat' dir='ltr'><strong>ad</strong></span> <span class='ocrx_word' id='word_1_481' title='bbox 961 3434 1295 3502; x_wconf 80' lang='lat' dir='ltr'><strong>previiiciam</strong></span> <span class='ocrx_word' id='word_1_482' title='bbox 1343 3431 1481 3485; x_wconf 86' lang='lat' dir='ltr'><strong>mitti</strong></span> <span class='ocrx_word' id='word_1_483' title='bbox 1522 3433 1660 3484; x_wconf 90' lang='lat' dir='ltr'><strong>ratio</strong></span> <span class='ocrx_word' id='word_1_484' title='bbox 1703 3431 2044 3487; x_wconf 82' lang='lat' dir='ltr'><strong>necessitatis</strong></span> 
     </span>
    </p>
   </div>
   <div class='ocr_carea' id='block_1_66' title="bbox 433 3522 2043 3596">
    <p class='ocr_par' dir='ltr' id='par_1_66' title="bbox 433 3522 2043 3596">
     <span class='ocr_line' id='line_1_66' title="bbox 433 3522 2043 3596; baseline -0.001 -15"><span class='ocrx_word' id='word_1_485' title='bbox 433 3526 708 3596; x_wconf 81' lang='lat' dir='ltr'><strong>exegerit,</strong></span> <span class='ocrx_word' id='word_1_486' title='bbox 764 3524 908 3578; x_wconf 87' lang='lat' dir='ltr'><strong>nulla</strong></span> <span class='ocrx_word' id='word_1_487' title='bbox 951 3524 1278 3578; x_wconf 83' lang='lat' dir='ltr'><strong>adminicula</strong></span> <span class='ocrx_word' id='word_1_488' title='bbox 1329 3523 1396 3577; x_wconf 90' lang='lat' dir='ltr'><strong>de</strong></span> <span class='ocrx_word' id='word_1_489' title='bbox 1442 3523 1678 3594; x_wconf 86' lang='lat' dir='ltr'><strong>palatino</strong></span> <span class='ocrx_word' id='word_1_490' title='bbox 1729 3522 1845 3577; x_wconf 88' lang='lat' dir='ltr'><strong>dari</strong></span> <span class='ocrx_word' id='word_1_491' title='bbox 1885 3524 2043 3594; x_wconf 84' lang='lat' dir='ltr'><strong>jube-</strong></span> 
     </span>
    </p>
   </div>
   <div class='ocr_carea' id='block_1_67' title="bbox 438 3608 2043 3686">
    <p class='ocr_par' dir='ltr' id='par_1_67' title="bbox 438 3608 2043 3686">
     <span class='ocr_line' id='line_1_67' title="bbox 438 3608 2043 3686; baseline -0.001 -13"><span class='ocrx_word' id='word_1_492' title='bbox 438 3634 560 3674; x_wconf 89' lang='lat' dir='ltr'><strong>mus</strong></span> <span class='ocrx_word' id='word_1_493' title='bbox 599 3608 812 3682; x_wconf 83' lang='lat' dir='ltr'><strong>ofﬁcio,</strong></span> <span class='ocrx_word' id='word_1_494' title='bbox 853 3614 946 3671; x_wconf 89' lang='lat' dir='ltr'><strong>sed</strong></span> <span class='ocrx_word' id='word_1_495' title='bbox 991 3615 1104 3670; x_wconf 86' lang='lat' dir='ltr'><strong>sola</strong></span> <span class='ocrx_word' id='word_1_496' title='bbox 1145 3617 1222 3670; x_wconf 86' lang='lat' dir='ltr'><strong>eis</strong></span> <span class='ocrx_word' id='word_1_497' title='bbox 1265 3615 1610 3684; x_wconf 83' lang='lat' dir='ltr'><strong>provincialis</strong></span> <span class='ocrx_word' id='word_1_498' title='bbox 1650 3616 1917 3684; x_wconf 86' lang='lat' dir='ltr'><strong>apparitio</strong></span> <span class='ocrx_word' id='word_1_499' title='bbox 1949 3632 2043 3686; x_wconf 88' lang='lat' dir='ltr'><strong>pa-</strong></span> 
     </span>
    </p>
   </div>
   <div class='ocr_carea' id='block_1_68' title="bbox 436 3707 2040 3779">
    <p class='ocr_par' dir='ltr' id='par_1_68' title="bbox 436 3707 2040 3779">
     <span class='ocr_line' id='line_1_68' title="bbox 436 3707 2040 3779; baseline -0.004 -11"><span class='ocrx_word' id='word_1_500' title='bbox 436 3711 577 3768; x_wconf 89' lang='lat' dir='ltr'><strong>rebit</strong></span> <span class='ocrx_word' id='word_1_501' title='bbox 605 3752 620 3778; x_wconf 93' lang='lat'><strong>,</strong></span> <span class='ocrx_word' id='word_1_502' title='bbox 658 3725 815 3779; x_wconf 67' lang='lat' dir='ltr'><strong>poena</strong></span> <span class='ocrx_word' id='word_1_503' title='bbox 861 3709 1048 3778; x_wconf 78' lang='lat' dir='ltr'><strong>viginti</strong></span> <span class='ocrx_word' id='word_1_504' title='bbox 1094 3708 1352 3763; x_wconf 87' lang='lat' dir='ltr'><strong>librarqu</strong></span> <span class='ocrx_word' id='word_1_505' title='bbox 1403 3710 1518 3761; x_wconf 84' lang='lat' dir='ltr'><strong>auri</strong></span> <span class='ocrx_word' id='word_1_506' title='bbox 1562 3707 1814 3762; x_wconf 90' lang='lat' dir='ltr'><strong>comitem</strong></span> <span class='ocrx_word' id='word_1_507' title='bbox 1862 3709 2040 3762; x_wconf 86' lang='lat' dir='ltr'><strong>titulo-</strong></span> 
     </span>
    </p>
   </div>
   <div class='ocr_carea' id='block_1_69' title="bbox 434 3798 2042 3868">
    <p class='ocr_par' dir='ltr' id='par_1_69' title="bbox 434 3798 2042 3868">
     <span class='ocr_line' id='line_1_69' title="bbox 434 3798 2042 3868; baseline -0.003 -10"><span class='ocrx_word' id='word_1_508' title='bbox 434 3819 557 3858; x_wconf 87' lang='lat' dir='ltr'><strong>rum</strong></span> <span class='ocrx_word' id='word_1_509' title='bbox 587 3813 641 3858; x_wconf 89' lang='lat' dir='ltr'><strong>et</strong></span> <span class='ocrx_word' id='word_1_510' title='bbox 663 3801 903 3856; x_wconf 70' lang='lat' dir='ltr'><strong>ofﬁcium</strong></span> <span class='ocrx_word' id='word_1_511' title='bbox 933 3800 1162 3855; x_wconf 76' lang='lat' dir='ltr'><strong>feriente</strong></span> <span class='ocrx_word' id='word_1_512' title='bbox 1187 3800 1480 3868; x_wconf 80' lang='lat' dir='ltr'><strong>palatinum</strong></span> <span class='ocrx_word' id='word_1_513' title='bbox 1506 3798 1590 3866; x_wconf 37' lang='lat' dir='ltr'><strong>,vsi</strong></span> <span class='ocrx_word' id='word_1_514' title='bbox 1621 3800 1744 3868; x_wconf 90' lang='lat' dir='ltr'><strong>quis</strong></span> <span class='ocrx_word' id='word_1_515' title='bbox 1775 3799 2042 3868; x_wconf 81' lang='lat' dir='ltr'><strong>palatino-</strong></span> 
     </span>
    </p>
   </div>
   <div class='ocr_carea' id='block_1_70' title="bbox 436 3888 2037 3959">
    <p class='ocr_par' dir='ltr' id='par_1_70' title="bbox 436 3888 2037 3959">
     <span class='ocr_line' id='line_1_70' title="bbox 436 3888 2037 3959; baseline -0.004 -8"><span class='ocrx_word' id='word_1_516' title='bbox 436 3912 558 3951; x_wconf 86' lang='lat' dir='ltr'><strong>rum</strong></span> <span class='ocrx_word' id='word_1_517' title='bbox 585 3895 810 3950; x_wconf 89' lang='lat' dir='ltr'><strong>cuilibet</strong></span> <span class='ocrx_word' id='word_1_518' title='bbox 840 3895 1025 3949; x_wconf 88' lang='lat' dir='ltr'><strong>comiti</strong></span> <span class='ocrx_word' id='word_1_519' title='bbox 1062 3893 1340 3947; x_wconf 88' lang='lat' dir='ltr'><strong>titulorum</strong></span> <span class='ocrx_word' id='word_1_520' title='bbox 1373 3891 1536 3946; x_wconf 78' lang='lat' dir='ltr'><strong>fuerit</strong></span> <span class='ocrx_word' id='word_1_521' title='bbox 1569 3890 1876 3959; x_wconf 84' lang='lat' dir='ltr'><strong>adjunctus.</strong></span> <span class='ocrx_word' id='word_1_522' title='bbox 1911 3888 2037 3944; x_wconf 85' lang='lat' dir='ltr'><strong>Dat.</strong></span> 
     </span>
    </p>
   </div>
   <div class='ocr_carea' id='block_1_71' title="bbox 437 3977 2011 4052">
    <p class='ocr_par' dir='ltr' id='par_1_71' title="bbox 437 3977 2011 4052">
     <span class='ocr_line' id='line_1_71' title="bbox 437 3977 2011 4052; baseline -0.006 -8"><span class='ocrx_word' id='word_1_523' title='bbox 437 3988 537 4044; x_wconf 85' lang='grc'><strong>111</strong></span> <span class='ocrx_word' id='word_1_524' title='bbox 563 3987 685 4043; x_wconf 91' lang='lat' dir='ltr'><strong>Kal.</strong></span> <span class='ocrx_word' id='word_1_525' title='bbox 712 3987 870 4041; x_wconf 84' lang='lat' dir='ltr'><strong>Mart.</strong></span> <span class='ocrx_word' id='word_1_526' title='bbox 899 3986 1174 4050; x_wconf 73' lang='lat' dir='ltr'><strong>(iuventae,</strong></span> <span class='ocrx_word' id='word_1_527' title='bbox 1203 3982 1381 4036; x_wconf 84' lang='lat' dir='ltr'><strong>Felice</strong></span> <span class='ocrx_word' id='word_1_528' title='bbox 1400 3993 1446 4036; x_wconf 89' lang='lat' dir='ltr'><strong>et</strong></span> <span class='ocrx_word' id='word_1_529' title='bbox 1474 3981 1643 4036; x_wconf 83' lang='lat' dir='ltr'><strong>Tauro</strong></span> <span class='ocrx_word' id='word_1_530' title='bbox 1665 3977 1810 4034; x_wconf 74' lang='lat' dir='ltr'><strong>Cosa.</strong></span> <span class='ocrx_word' id='word_1_531' title='bbox 1837 3981 2011 4052; x_wconf 67' lang='grc'>(428).</span> 
     </span>
    </p>
   </div>
   <div class='ocr_carea' id='block_1_72' title="bbox 861 4132 1639 4177">
    <p class='ocr_par' dir='ltr' id='par_1_72' title="bbox 861 4132 1639 4177">
     <span class='ocr_line' id='line_1_72' title="bbox 861 4132 1639 4177; baseline -0.006 0"><span class='ocrx_word' id='word_1_532' title='bbox 861 4138 965 4177; x_wconf 83' lang='lat' dir='ltr'><strong>LIB.</strong></span> <span class='ocrx_word' id='word_1_533' title='bbox 993 4135 1052 4175; x_wconf 79' lang='grc'><strong>11.</strong></span> <span class='ocrx_word' id='word_1_534' title='bbox 1075 4133 1186 4175; x_wconf 81' lang='grc' dir='ltr'><strong>τιτ.</strong></span> <span class='ocrx_word' id='word_1_535' title='bbox 1211 4133 1325 4174; x_wconf 77' lang='lat' dir='ltr'><strong>VIII.</strong></span> <span class='ocrx_word' id='word_1_536' title='bbox 1353 4134 1421 4173; x_wconf 82' lang='lat' dir='ltr'><strong>DE</strong></span> <span class='ocrx_word' id='word_1_537' title='bbox 1447 4132 1639 4172; x_wconf 75' lang='lat' dir='ltr'><strong>FERHS.</strong></span> 
     </span>
    </p>
   </div>
   <div class='ocr_carea' id='block_1_73' title="bbox 511 4251 2039 4332">
    <p class='ocr_par' dir='ltr' id='par_1_73' title="bbox 511 4251 2039 4332">
     <span class='ocr_line' id='line_1_73' title="bbox 511 4251 2039 4332; baseline -0.007 -16"><span class='ocrx_word' id='word_1_538' title='bbox 511 4262 598 4316; x_wconf 82' lang='grc'><strong>18.</strong></span> <span class='ocrx_word' id='word_1_539' title='bbox 629 4260 839 4332; x_wconf 83' lang='lat' dir='ltr'><strong>Imppp.</strong></span> <span class='ocrx_word' id='word_1_540' title='bbox 870 4255 1172 4316; x_wconf 77' lang='lat' dir='ltr'><strong>Gratianus.</strong></span> <span class='ocrx_word' id='word_1_541' title='bbox 1211 4253 1603 4308; x_wconf 84' lang='lat' dir='ltr'><strong>Valentinianus</strong></span> <span class='ocrx_word' id='word_1_542' title='bbox 1644 4262 1689 4305; x_wconf 89' lang='lat' dir='ltr'><strong>et</strong></span> <span class='ocrx_word' id='word_1_543' title='bbox 1723 4251 2039 4306; x_wconf 83' lang='lat' dir='ltr'><strong>Theodosius</strong></span> 
     </span>
    </p>
   </div>
   <div class='ocr_carea' id='block_1_74' title="bbox 437 4346 2041 4422">
    <p class='ocr_par' dir='ltr' id='par_1_74' title="bbox 437 4346 2041 4422">
     <span class='ocr_line' id='line_1_74' title="bbox 437 4346 2041 4422; baseline -0.009 -9"><span class='ocrx_word' id='word_1_544' title='bbox 437 4356 596 4412; x_wconf 84' lang='lat' dir='ltr'><strong>AAA.</strong></span> <span class='ocrx_word' id='word_1_545' title='bbox 618 4355 687 4410; x_wconf 80' lang='lat' dir='ltr'><strong>ad</strong></span> <span class='ocrx_word' id='word_1_546' title='bbox 713 4351 1032 4422; x_wconf 86' lang='lat' dir='ltr'><strong>Principium</strong></span> <span class='ocrx_word' id='word_1_547' title='bbox 1053 4346 1140 4416; x_wconf 68' lang='lat' dir='ltr'><strong>Pi.</strong></span> <span class='ocrx_word' id='word_1_548' title='bbox 1168 4347 1236 4401; x_wconf 90' lang='lat' dir='ltr'><strong>P.</strong></span> <span class='ocrx_word' id='word_1_549' title='bbox 1257 4347 1396 4402; x_wconf 88' lang='lat' dir='ltr'><strong>Solis</strong></span> <span class='ocrx_word' id='word_1_550' title='bbox 1422 4348 1524 4412; x_wconf 88' lang='lat' dir='ltr'><strong>die,</strong></span> <span class='ocrx_word' id='word_1_551' title='bbox 1549 4361 1697 4415; x_wconf 81' lang='lat' dir='ltr'><strong>queat</strong></span> <span class='ocrx_word' id='word_1_552' title='bbox 1725 4347 2041 4399; x_wconf 80' lang='lat' dir='ltr'><strong>dominicum</strong></span> 
     </span>
    </p>
   </div>
   <div class='ocr_carea' id='block_1_75' title="bbox 435 4441 2040 4518">
    <p class='ocr_par' dir='ltr' id='par_1_75' title="bbox 435 4441 2040 4518">
     <span class='ocr_line' id='line_1_75' title="bbox 435 4441 2040 4518; baseline -0.006 -13"><span class='ocrx_word' id='word_1_553' title='bbox 435 4454 533 4506; x_wconf 85' lang='lat' dir='ltr'><strong>rite</strong></span> <span class='ocrx_word' id='word_1_554' title='bbox 585 4452 760 4504; x_wconf 57' lang='lat' dir='ltr'><strong>(liuere</strong></span> <span class='ocrx_word' id='word_1_555' title='bbox 805 4449 1050 4518; x_wconf 85' lang='lat' dir='ltr'><strong>majores,</strong></span> <span class='ocrx_word' id='word_1_556' title='bbox 1108 4443 1335 4497; x_wconf 73' lang='lat' dir='ltr'><strong>ninnium</strong></span> <span class='ocrx_word' id='word_1_557' title='bbox 1377 4442 1584 4495; x_wconf 87' lang='lat' dir='ltr'><strong>omnino</strong></span> <span class='ocrx_word' id='word_1_558' title='bbox 1633 4441 1831 4504; x_wconf 85' lang='lat' dir='ltr'><strong>litium,</strong></span> <span class='ocrx_word' id='word_1_559' title='bbox 1884 4458 2040 4513; x_wconf 84' lang='lat' dir='ltr'><strong>nega-</strong></span> 
     </span>
    </p>
   </div>
   <div class='ocr_carea' id='block_1_76' title="bbox 439 4532 2116 4614">
    <p class='ocr_par' dir='ltr' id='par_1_76' title="bbox 439 4532 2116 4614">
     <span class='ocr_line' id='line_1_76' title="bbox 439 4532 2116 4614; baseline -0.009 -16"><span class='ocrx_word' id='word_1_560' title='bbox 439 4547 649 4607; x_wconf 87' lang='lat' dir='ltr'><strong>tiorum,</strong></span> <span class='ocrx_word' id='word_1_561' title='bbox 684 4539 1075 4594; x_wconf 87' lang='lat' dir='ltr'><strong>conventionum</strong></span> <span class='ocrx_word' id='word_1_562' title='bbox 1123 4537 1348 4599; x_wconf 86' lang='lat' dir='ltr'><strong>quiescat</strong></span> <span class='ocrx_word' id='word_1_563' title='bbox 1383 4534 1634 4598; x_wconf 86' lang='lat' dir='ltr'><strong>intentio;</strong></span> <span class='ocrx_word' id='word_1_564' title='bbox 1683 4532 1909 4587; x_wconf 85' lang='lat' dir='ltr'><strong>debitum</strong></span> <span class='ocrx_word' id='word_1_565' title='bbox 1939 4550 2032 4603; x_wconf 84' lang='lat' dir='ltr'><strong>pu-</strong></span> <span class='ocrx_word' id='word_1_566' title='bbox 2062 4554 2116 4614; x_wconf 74' lang='grc' dir='ltr'>ι)</span> 
     </span>
    </p>
   </div>
   <div class='ocr_carea' id='block_1_77' title="bbox 433 4627 2034 4702">
    <p class='ocr_par' dir='ltr' id='par_1_77' title="bbox 433 4627 2034 4702">
     <span class='ocr_line' id='line_1_77' title="bbox 433 4627 2034 4702; baseline -0.005 -14"><span class='ocrx_word' id='word_1_567' title='bbox 433 4636 620 4689; x_wconf 87' lang='lat' dir='ltr'><strong>blicum</strong></span> <span class='ocrx_word' id='word_1_568' title='bbox 653 4635 1004 4702; x_wconf 83' lang='lat' dir='ltr'><strong>privatumque</strong></span> <span class='ocrx_word' id='word_1_569' title='bbox 1035 4628 1210 4681; x_wconf 88' lang='lat' dir='ltr'><strong>nullus</strong></span> <span class='ocrx_word' id='word_1_570' title='bbox 1260 4627 1544 4696; x_wconf 77' lang='lat' dir='ltr'><strong>efﬂagitet;</strong></span> <span class='ocrx_word' id='word_1_571' title='bbox 1591 4641 1680 4679; x_wconf 90' lang='lat' dir='ltr'><strong>nec</strong></span> <span class='ocrx_word' id='word_1_572' title='bbox 1728 4627 1867 4695; x_wconf 84' lang='lat' dir='ltr'><strong>apud</strong></span> <span class='ocrx_word' id='word_1_573' title='bbox 1897 4627 2034 4695; x_wconf 86' lang='lat' dir='ltr'><strong>ipsos</strong></span> 
     </span>
    </p>
   </div>
   <div class='ocr_carea' id='block_1_78' title="bbox 435 4718 2024 4798">
    <p class='ocr_par' dir='ltr' id='par_1_78' title="bbox 435 4718 2024 4798">
     <span class='ocr_line' id='line_1_78' title="bbox 435 4718 2024 4798; baseline -0.004 -18"><span class='ocrx_word' id='word_1_574' title='bbox 435 4728 639 4798; x_wconf 87' lang='lat' dir='ltr'><strong>quidem</strong></span> <span class='ocrx_word' id='word_1_575' title='bbox 686 4724 904 4776; x_wconf 84' lang='lat' dir='ltr'><strong>arbitros</strong></span> <span class='ocrx_word' id='word_1_576' title='bbox 952 4722 1033 4776; x_wconf 88' lang='lat' dir='ltr'><strong>vel</strong></span> <span class='ocrx_word' id='word_1_577' title='bbox 1058 4720 1278 4789; x_wconf 87' lang='lat' dir='ltr'><strong>judiciis</strong></span> <span class='ocrx_word' id='word_1_578' title='bbox 1302 4718 1569 4786; x_wconf 74' lang='lat' dir='ltr'><strong>ﬂagitatus</strong></span> <span class='ocrx_word' id='word_1_579' title='bbox 1597 4718 1681 4772; x_wconf 88' lang='lat' dir='ltr'><strong>vel</strong></span> <span class='ocrx_word' id='word_1_580' title='bbox 1710 4728 1901 4788; x_wconf 81' lang='lat' dir='ltr'><strong>Sponte</strong></span> <span class='ocrx_word' id='word_1_581' title='bbox 1932 4719 2024 4774; x_wconf 81' lang='lat' dir='ltr'><strong>dc-</strong></span> 
     </span>
    </p>
   </div>
   <div class='ocr_carea' id='block_1_79' title="bbox 431 4813 2034 4887">
    <p class='ocr_par' dir='ltr' id='par_1_79' title="bbox 431 4813 2034 4887">
     <span class='ocr_line' id='line_1_79' title="bbox 431 4813 2034 4887; baseline -0.007 -8"><span class='ocrx_word' id='word_1_582' title='bbox 431 4825 603 4879; x_wconf 77' lang='lat' dir='ltr'><strong>lectos</strong></span> <span class='ocrx_word' id='word_1_583' title='bbox 632 4820 740 4874; x_wconf 89' lang='lat' dir='ltr'><strong>ulla</strong></span> <span class='ocrx_word' id='word_1_584' title='bbox 771 4821 841 4872; x_wconf 88' lang='lat' dir='ltr'><strong>sit</strong></span> <span class='ocrx_word' id='word_1_585' title='bbox 869 4817 1069 4887; x_wconf 78' lang='lat' dir='ltr'><strong>agnitio</strong></span> <span class='ocrx_word' id='word_1_586' title='bbox 1089 4815 1418 4884; x_wconf 78' lang='lat' dir='ltr'><strong>jurgiormn.</strong></span> <span class='ocrx_word' id='word_1_587' title='bbox 1453 4813 1520 4867; x_wconf 88' lang='lat' dir='ltr'><strong>Et</strong></span> <span class='ocrx_word' id='word_1_588' title='bbox 1550 4829 1655 4868; x_wconf 91' lang='lat' dir='ltr'><strong>non</strong></span> <span class='ocrx_word' id='word_1_589' title='bbox 1691 4815 1859 4869; x_wconf 89' lang='lat' dir='ltr'><strong>modo.</strong></span> <span class='ocrx_word' id='word_1_590' title='bbox 1882 4827 2034 4870; x_wconf 88' lang='lat' dir='ltr'><strong>nota-</strong></span> 
     </span>
    </p>
   </div>
   <div class='ocr_carea' id='block_1_80' title="bbox 426 4907 2033 4982">
    <p class='ocr_par' dir='ltr' id='par_1_80' title="bbox 426 4907 2033 4982">
     <span class='ocr_line' id='line_1_80' title="bbox 426 4907 2033 4982; baseline -0.006 -8"><span class='ocrx_word' id='word_1_591' title='bbox 426 4919 574 4982; x_wconf 85' lang='lat' dir='ltr'><strong>bilis,</strong></span> <span class='ocrx_word' id='word_1_592' title='bbox 601 4930 782 4968; x_wconf 87' lang='lat' dir='ltr'><strong>verum</strong></span> <span class='ocrx_word' id='word_1_593' title='bbox 813 4912 975 4967; x_wconf 85' lang='lat' dir='ltr'><strong>etiam</strong></span> <span class='ocrx_word' id='word_1_594' title='bbox 1017 4909 1309 4978; x_wconf 83' lang='lat' dir='ltr'><strong>sacrilegus</strong></span> <span class='ocrx_word' id='word_1_595' title='bbox 1332 4907 1622 4974; x_wconf 72' lang='lat' dir='ltr'><strong>iudicetur,</strong></span> <span class='ocrx_word' id='word_1_596' title='bbox 1652 4908 1744 4978; x_wconf 88' lang='lat' dir='ltr'><strong>qui</strong></span> <span class='ocrx_word' id='word_1_597' title='bbox 1774 4927 1800 4963; x_wconf 85' lang='lat' dir='ltr'><strong>a</strong></span> <span class='ocrx_word' id='word_1_598' title='bbox 1829 4922 2033 4964; x_wconf 74' lang='lat' dir='ltr'><strong>sancta:</strong></span> 
     </span>
    </p>
   </div>
   <div class='ocr_carea' id='block_1_81' title="bbox 425 4999 2024 5079">
    <p class='ocr_par' dir='ltr' id='par_1_81' title="bbox 425 4999 2024 5079">
     <span class='ocr_line' id='line_1_81' title="bbox 425 4999 2024 5079; baseline -0.006 -13"><span class='ocrx_word' id='word_1_599' title='bbox 425 5010 706 5079; x_wconf 80' lang='lat' dir='ltr'><strong>religionis</strong></span> <span class='ocrx_word' id='word_1_600' title='bbox 736 5006 991 5058; x_wconf 88' lang='lat' dir='ltr'><strong>instinctu</strong></span> <span class='ocrx_word' id='word_1_601' title='bbox 1022 5003 1198 5055; x_wconf 85' lang='lat' dir='ltr'><strong>ritnve</strong></span> <span class='ocrx_word' id='word_1_602' title='bbox 1231 4999 1535 5056; x_wconf 77' lang='lat' dir='ltr'><strong>deﬂexerit.</strong></span> <span class='ocrx_word' id='word_1_603' title='bbox 1574 5000 1689 5055; x_wconf 85' lang='lat' dir='ltr'><strong>PP.</strong></span> <span class='ocrx_word' id='word_1_604' title='bbox 1750 5000 1846 5055; x_wconf 87' lang='lat' dir='ltr'><strong><em>III</em></strong></span> <span class='ocrx_word' id='word_1_605' title='bbox 1879 5001 2024 5057; x_wconf 89' lang='lat' dir='ltr'><strong>Non.</strong></span> 
     </span>
    </p>
   </div>
   <div class='ocr_carea' id='block_1_82' title="bbox 430 5091 2029 5166">
    <p class='ocr_par' dir='ltr' id='par_1_82' title="bbox 430 5091 2029 5166">
     <span class='ocr_line' id='line_1_82' title="bbox 430 5091 2029 5166; baseline -0.008 -6"><span class='ocrx_word' id='word_1_606' title='bbox 430 5101 682 5159; x_wconf 86' lang='lat' dir='ltr'><strong>Novemb.</strong></span> <span class='ocrx_word' id='word_1_607' title='bbox 715 5098 979 5166; x_wconf 67' lang='lat' dir='ltr'><strong>Aquileia.</strong></span> <span class='ocrx_word' id='word_1_608' title='bbox 1012 5096 1134 5148; x_wconf 83' lang='lat' dir='ltr'><strong>Acc.</strong></span> <span class='ocrx_word' id='word_1_609' title='bbox 1169 5091 1334 5146; x_wconf 71' lang='lat' dir='ltr'><strong>VIII.</strong></span> <span class='ocrx_word' id='word_1_610' title='bbox 1369 5093 1494 5148; x_wconf 89' lang='lat' dir='ltr'><strong>Kal.</strong></span> <span class='ocrx_word' id='word_1_611' title='bbox 1524 5094 1650 5149; x_wconf 90' lang='lat' dir='ltr'><strong>Dec.</strong></span> <span class='ocrx_word' id='word_1_612' title='bbox 1680 5095 1879 5162; x_wconf 74' lang='lat' dir='ltr'><strong>Ranae,</strong></span> <span class='ocrx_word' id='word_1_613' title='bbox 1919 5095 2029 5149; x_wconf 73' lang='lat' dir='ltr'><strong>lio-</strong></span> 
     </span>
    </p>
   </div>
   <div class='ocr_carea' id='block_1_83' title="bbox 427 5186 1450 5258">
    <p class='ocr_par' dir='ltr' id='par_1_83' title="bbox 427 5186 1450 5258">
     <span class='ocr_line' id='line_1_83' title="bbox 427 5186 1450 5258; baseline -0.01 -9"><span class='ocrx_word' id='word_1_614' title='bbox 427 5197 574 5251; x_wconf 86' lang='lat' dir='ltr'><strong>norio</strong></span> <span class='ocrx_word' id='word_1_615' title='bbox 595 5195 665 5248; x_wconf 85' lang='lat' dir='ltr'><strong>N.</strong></span> <span class='ocrx_word' id='word_1_616' title='bbox 695 5193 761 5246; x_wconf 88' lang='grc' dir='ltr'><strong>Ρ.</strong></span> <span class='ocrx_word' id='word_1_617' title='bbox 796 5201 844 5246; x_wconf 89' lang='lat' dir='ltr'><strong>et</strong></span> <span class='ocrx_word' id='word_1_618' title='bbox 876 5189 1067 5243; x_wconf 79' lang='lat' dir='ltr'><strong>Evodio</strong></span> <span class='ocrx_word' id='word_1_619' title='bbox 1099 5187 1238 5240; x_wconf 85' lang='lat' dir='ltr'><strong>Cass.</strong></span> <span class='ocrx_word' id='word_1_620' title='bbox 1275 5186 1450 5258; x_wconf 78' lang='grc'>(586).</span> 
     </span>
    </p>
   </div>
   <div class='ocr_carea' id='block_1_84' title="bbox 499 5280 2022 5359">
    <p class='ocr_par' dir='ltr' id='par_1_84' title="bbox 499 5280 2022 5359">
     <span class='ocr_line' id='line_1_84' title="bbox 499 5280 2022 5359; baseline -0.005 -16"><span class='ocrx_word' id='word_1_621' title='bbox 499 5288 586 5343; x_wconf 80' lang='grc'>19.</span> <span class='ocrx_word' id='word_1_622' title='bbox 630 5285 840 5359; x_wconf 82' lang='lat' dir='ltr'><strong>Imppp.</strong></span> <span class='ocrx_word' id='word_1_623' title='bbox 884 5283 1299 5349; x_wconf 75' lang='lat' dir='ltr'><strong>Valentinianus,</strong></span> <span class='ocrx_word' id='word_1_624' title='bbox 1330 5280 1646 5334; x_wconf 82' lang='lat' dir='ltr'><strong>Theodosius</strong></span> <span class='ocrx_word' id='word_1_625' title='bbox 1678 5289 1726 5333; x_wconf 86' lang='lat' dir='ltr'><strong>et</strong></span> <span class='ocrx_word' id='word_1_626' title='bbox 1766 5280 2022 5336; x_wconf 78' lang='lat' dir='ltr'><strong>Arcadius</strong></span> 
     </span>
    </p>
   </div>
   <div class='ocr_carea' id='block_1_85' title="bbox 423 5373 2023 5447">
    <p class='ocr_par' dir='ltr' id='par_1_85' title="bbox 423 5373 2023 5447">
     <span class='ocr_line' id='line_1_85' title="bbox 423 5373 2023 5447; baseline -0.004 -13"><span class='ocrx_word' id='word_1_627' title='bbox 423 5381 582 5434; x_wconf 80' lang='lat' dir='ltr'><strong>AAA.</strong></span> <span class='ocrx_word' id='word_1_628' title='bbox 632 5379 816 5432; x_wconf 87' lang='lat' dir='ltr'><strong>Albino</strong></span> <span class='ocrx_word' id='word_1_629' title='bbox 851 5376 940 5447; x_wconf 69' lang='lat' dir='ltr'><strong>Pi.</strong></span> <span class='ocrx_word' id='word_1_630' title='bbox 996 5373 1063 5431; x_wconf 80' lang='grc' dir='ltr'>υ.</span> <span class='ocrx_word' id='word_1_631' title='bbox 1098 5375 1297 5429; x_wconf 86' lang='lat' dir='ltr'><strong>Omnes</strong></span> <span class='ocrx_word' id='word_1_632' title='bbox 1325 5373 1442 5426; x_wconf 86' lang='lat' dir='ltr'><strong>dies</strong></span> <span class='ocrx_word' id='word_1_633' title='bbox 1469 5373 1724 5441; x_wconf 69' lang='lat' dir='ltr'><strong>iubemus</strong></span> <span class='ocrx_word' id='word_1_634' title='bbox 1749 5387 1870 5426; x_wconf 86' lang='lat' dir='ltr'><strong>esse</strong></span> <span class='ocrx_word' id='word_1_635' title='bbox 1889 5373 2023 5442; x_wconf 83' lang='lat' dir='ltr'><strong>juri-</strong></span> 
     </span>
    </p>
   </div>
   <div class='ocr_carea' id='block_1_86' title="bbox 423 5464 2018 5532">
    <p class='ocr_par' dir='ltr' id='par_1_86' title="bbox 423 5464 2018 5532">
     <span class='ocr_line' id='line_1_86' title="bbox 423 5464 2018 5532; baseline -0.003 -7"><span class='ocrx_word' id='word_1_636' title='bbox 423 5473 592 5526; x_wconf 73' lang='lat' dir='ltr'><strong>dicos.</strong></span> <span class='ocrx_word' id='word_1_637' title='bbox 643 5472 763 5525; x_wconf 89' lang='lat' dir='ltr'><strong>Illos</strong></span> <span class='ocrx_word' id='word_1_638' title='bbox 815 5475 1020 5524; x_wconf 86' lang='lat' dir='ltr'><strong>tantum</strong></span> <span class='ocrx_word' id='word_1_639' title='bbox 1067 5483 1287 5523; x_wconf 86' lang='lat' dir='ltr'><strong>manere</strong></span> <span class='ocrx_word' id='word_1_640' title='bbox 1329 5466 1582 5521; x_wconf 80' lang='lat' dir='ltr'><strong>feriarum</strong></span> <span class='ocrx_word' id='word_1_641' title='bbox 1635 5464 1752 5519; x_wconf 87' lang='lat' dir='ltr'><strong>dies</strong></span> <span class='ocrx_word' id='word_1_642' title='bbox 1784 5465 1862 5518; x_wconf 82' lang='lat' dir='ltr'><strong>las</strong></span> <span class='ocrx_word' id='word_1_643' title='bbox 1894 5467 2018 5532; x_wconf 88' lang='lat' dir='ltr'><strong>erit,</strong></span> 
     </span>
    </p>
   </div>
   <div class='ocr_carea' id='block_1_87' title="bbox 419 5558 2018 5633">
    <p class='ocr_par' dir='ltr' id='par_1_87' title="bbox 419 5558 2018 5633">
     <span class='ocr_line' id='line_1_87' title="bbox 419 5558 2018 5633; baseline -0.001 -17"><span class='ocrx_word' id='word_1_644' title='bbox 419 5578 558 5633; x_wconf 90' lang='lat' dir='ltr'><strong>quos</strong></span> <span class='ocrx_word' id='word_1_645' title='bbox 582 5564 810 5630; x_wconf 80' lang='lat' dir='ltr'><strong>geminis</strong></span> <span class='ocrx_word' id='word_1_646' title='bbox 839 5561 1116 5616; x_wconf 89' lang='lat' dir='ltr'><strong>mensibus</strong></span> <span class='ocrx_word' id='word_1_647' title='bbox 1137 5561 1201 5615; x_wconf 91' lang='lat' dir='ltr'><strong>ad</strong></span> <span class='ocrx_word' id='word_1_648' title='bbox 1237 5559 1476 5630; x_wconf 89' lang='lat' dir='ltr'><strong>requiem</strong></span> <span class='ocrx_word' id='word_1_649' title='bbox 1505 5558 1702 5614; x_wconf 83' lang='lat' dir='ltr'><strong>laboris</strong></span> <span class='ocrx_word' id='word_1_650' title='bbox 1732 5558 2018 5630; x_wconf 79' lang='lat' dir='ltr'><strong>indulgen-</strong></span> 
     </span>
    </p>
   </div>
   <div class='ocr_carea' id='block_1_88' title="bbox 414 5651 2016 5724">
    <p class='ocr_par' dir='ltr' id='par_1_88' title="bbox 414 5651 2016 5724">
     <span class='ocr_line' id='line_1_88' title="bbox 414 5651 2016 5724; baseline -0.001 -11"><span class='ocrx_word' id='word_1_651' title='bbox 414 5658 522 5713; x_wconf 88' lang='lat' dir='ltr'><strong>tior</strong></span> <span class='ocrx_word' id='word_1_652' title='bbox 545 5669 716 5708; x_wconf 82' lang='lat' dir='ltr'><strong>amnis</strong></span> <span class='ocrx_word' id='word_1_653' title='bbox 741 5655 966 5724; x_wconf 87' lang='lat' dir='ltr'><strong>accepit,</strong></span> <span class='ocrx_word' id='word_1_654' title='bbox 998 5653 1200 5710; x_wconf 72' lang='lat' dir='ltr'><strong>aestivis</strong></span> <span class='ocrx_word' id='word_1_655' title='bbox 1245 5651 1549 5709; x_wconf 81' lang='lat' dir='ltr'><strong>fervoribus</strong></span> <span class='ocrx_word' id='word_1_656' title='bbox 1598 5653 1928 5724; x_wconf 74' lang='lat' dir='ltr'><strong>mitigandis,</strong></span> <span class='ocrx_word' id='word_1_657' title='bbox 1958 5663 2016 5711; x_wconf 89' lang='lat' dir='ltr'><strong>et</strong></span> 
     </span>
    </p>
   </div>
   <div class='ocr_carea' id='block_1_89' title="bbox 415 5745 2006 5819">
    <p class='ocr_par' dir='ltr' id='par_1_89' title="bbox 415 5745 2006 5819">
     <span class='ocr_line' id='line_1_89' title="bbox 415 5745 2006 5819; baseline -0.001 -12"><span class='ocrx_word' id='word_1_658' title='bbox 415 5748 691 5807; x_wconf 80' lang='lat' dir='ltr'><strong>autumnis</strong></span> <span class='ocrx_word' id='word_1_659' title='bbox 745 5747 966 5803; x_wconf 64' lang='lat' dir='ltr'><strong>latibus</strong></span> <span class='ocrx_word' id='word_1_660' title='bbox 1013 5745 1390 5817; x_wconf 84' lang='lat' dir='ltr'><strong>decerpendis.</strong></span> <span class='ocrx_word' id='word_1_661' title='bbox 1450 5745 1477 5819; x_wconf 68' lang='lat' dir='ltr'>ﬁ</span> <span class='ocrx_word' id='word_1_662' title='bbox 1532 5746 1583 5801; x_wconf 86' lang='grc'><strong>1.</strong></span> <span class='ocrx_word' id='word_1_663' title='bbox 1635 5745 2006 5806; x_wconf 79' lang='lat' dir='ltr'><strong>Kalendarum</strong></span> 
     </span>
    </p>
   </div>
   <div class='ocr_carea' id='block_1_90' title="bbox 2149 3247 3754 3315">
    <p class='ocr_par' dir='ltr' id='par_1_90' title="bbox 2149 3247 3754 3315">
     <span class='ocr_line' id='line_1_90' title="bbox 2149 3247 3754 3315; baseline 0.002 -15"><span class='ocrx_word' id='word_1_664' title='bbox 2149 3258 2446 3300; x_wconf 70' lang='lat' dir='ltr'><strong>concuisus</strong></span> <span class='ocrx_word' id='word_1_665' title='bbox 2475 3253 2704 3312; x_wconf 84' lang='lat' dir='ltr'><strong>avertat,</strong></span> <span class='ocrx_word' id='word_1_666' title='bbox 2741 3256 2940 3315; x_wconf 62' lang='lat' dir='ltr'><strong>printer</strong></span> <span class='ocrx_word' id='word_1_667' title='bbox 2983 3248 3287 3302; x_wconf 67' lang='lat' dir='ltr'><strong>clementia:</strong></span> <span class='ocrx_word' id='word_1_668' title='bbox 3329 3261 3530 3303; x_wconf 73' lang='lat' dir='ltr'><strong>nostra:</strong></span> <span class='ocrx_word' id='word_1_669' title='bbox 3561 3247 3754 3303; x_wconf 84' lang='lat' dir='ltr'><strong>natali-</strong></span> 
     </span>
    </p>
   </div>
   <div class='ocr_carea' id='block_1_91' title="bbox 2152 3336 3753 3412">
    <p class='ocr_par' dir='ltr' id='par_1_91' title="bbox 2152 3336 3753 3412">
     <span class='ocr_line' id='line_1_91' title="bbox 2152 3336 3753 3412; baseline 0.004 -22"><span class='ocrx_word' id='word_1_670' title='bbox 2152 3338 2254 3391; x_wconf 89' lang='lat' dir='ltr'><strong>tios</strong></span> <span class='ocrx_word' id='word_1_671' title='bbox 2276 3337 2412 3392; x_wconf 89' lang='lat' dir='ltr'><strong>dies.</strong></span> <span class='ocrx_word' id='word_1_672' title='bbox 2444 3336 2568 3390; x_wconf 88' lang='lat' dir='ltr'><strong>Dat.</strong></span> <span class='ocrx_word' id='word_1_673' title='bbox 2607 3337 2658 3390; x_wconf 79' lang='grc' dir='ltr'><em>Χ</em></span> <span class='ocrx_word' id='word_1_674' title='bbox 2675 3336 2713 3391; x_wconf 83' lang='grc' dir='ltr'><strong><em>γ</em></strong></span> <span class='ocrx_word' id='word_1_675' title='bbox 2762 3337 2885 3392; x_wconf 89' lang='lat' dir='ltr'><strong>Kal.</strong></span> <span class='ocrx_word' id='word_1_676' title='bbox 2935 3338 3064 3392; x_wconf 81' lang='lat' dir='ltr'><strong>Mai.</strong></span> <span class='ocrx_word' id='word_1_677' title='bbox 3097 3339 3564 3412; x_wconf 79' lang='lat' dir='ltr'><strong>Constantinopoli,</strong></span> <span class='ocrx_word' id='word_1_678' title='bbox 3591 3342 3753 3396; x_wconf 82' lang='lat' dir='ltr'><strong>Arca-</strong></span> 
     </span>
    </p>
   </div>
   <div class='ocr_carea' id='block_1_92' title="bbox 2149 3427 3830 3503">
    <p class='ocr_par' dir='ltr' id='par_1_92' title="bbox 2149 3427 3830 3503">
     <span class='ocr_line' id='line_1_92' title="bbox 2149 3427 3830 3503; baseline 0.004 -21"><span class='ocrx_word' id='word_1_679' title='bbox 2149 3429 2236 3483; x_wconf 91' lang='lat' dir='ltr'><strong>dio</strong></span> <span class='ocrx_word' id='word_1_680' title='bbox 2267 3430 2328 3482; x_wconf 88' lang='lat' dir='ltr'><strong>A.</strong></span> <span class='ocrx_word' id='word_1_681' title='bbox 2361 3427 2448 3496; x_wconf 82' lang='lat' dir='ltr'><strong>Il,</strong></span> <span class='ocrx_word' id='word_1_682' title='bbox 2478 3440 2524 3483; x_wconf 87' lang='lat' dir='ltr'><strong>et</strong></span> <span class='ocrx_word' id='word_1_683' title='bbox 2560 3429 2748 3500; x_wconf 82' lang='lat' dir='ltr'><strong>Ruﬁno</strong></span> <span class='ocrx_word' id='word_1_684' title='bbox 2773 3429 2920 3486; x_wconf 82' lang='lat' dir='ltr'><strong>Cass.</strong></span> <span class='ocrx_word' id='word_1_685' title='bbox 2953 3430 3128 3503; x_wconf 74' lang='grc'>(592).</span> <span class='ocrx_word' id='word_1_686' title='bbox 3827 3432 3830 3436; x_wconf 79' lang='grc'><em>’</em></span> 
     </span>
    </p>
   </div>
   <div class='ocr_carea' id='block_1_93' title="bbox 2222 3521 3747 3596">
    <p class='ocr_par' dir='ltr' id='par_1_93' title="bbox 2222 3521 3747 3596">
     <span class='ocr_line' id='line_1_93' title="bbox 2222 3521 3747 3596; baseline 0.005 -20"><span class='ocrx_word' id='word_1_687' title='bbox 2222 3523 2314 3576; x_wconf 72' lang='grc'>21.</span> <span class='ocrx_word' id='word_1_688' title='bbox 2359 3521 2528 3577; x_wconf 81' lang='lat' dir='ltr'><strong>Iidem</strong></span> <span class='ocrx_word' id='word_1_689' title='bbox 2571 3523 2724 3576; x_wconf 85' lang='lat' dir='ltr'><strong>AAA.</strong></span> <span class='ocrx_word' id='word_1_690' title='bbox 2760 3523 2976 3578; x_wconf 81' lang='lat' dir='ltr'><strong>Taliane</strong></span> <span class='ocrx_word' id='word_1_691' title='bbox 3005 3523 3103 3596; x_wconf 73' lang='grc' dir='ltr'><strong>ΡῙ.</strong></span> <span class='ocrx_word' id='word_1_692' title='bbox 3143 3525 3203 3580; x_wconf 87' lang='grc' dir='ltr'><strong>Ρ.</strong></span> <span class='ocrx_word' id='word_1_693' title='bbox 3233 3525 3401 3583; x_wconf 74' lang='lat' dir='ltr'><strong>Actus</strong></span> <span class='ocrx_word' id='word_1_694' title='bbox 3429 3543 3621 3582; x_wconf 89' lang='lat' dir='ltr'><strong>omnes</strong></span> <span class='ocrx_word' id='word_1_695' title='bbox 3649 3543 3747 3584; x_wconf 87' lang='lat' dir='ltr'><strong>seu</strong></span> 
     </span>
    </p>
   </div>
   <div class='ocr_carea' id='block_1_94' title="bbox 2148 3613 3748 3686">
    <p class='ocr_par' dir='ltr' id='par_1_94' title="bbox 2148 3613 3748 3686">
     <span class='ocr_line' id='line_1_94' title="bbox 2148 3613 3748 3686; baseline 0.007 -19"><span class='ocrx_word' id='word_1_696' title='bbox 2148 3616 2345 3686; x_wconf 88' lang='lat' dir='ltr'><strong>publici</strong></span> <span class='ocrx_word' id='word_1_697' title='bbox 2376 3631 2472 3671; x_wconf 71' lang='grc' dir='ltr'><strong>ευιι</strong></span> <span class='ocrx_word' id='word_1_698' title='bbox 2501 3618 2689 3685; x_wconf 90' lang='lat' dir='ltr'><strong>privati</strong></span> <span class='ocrx_word' id='word_1_699' title='bbox 2723 3613 2916 3674; x_wconf 88' lang='lat' dir='ltr'><strong>diebus</strong></span> <span class='ocrx_word' id='word_1_700' title='bbox 2937 3617 3243 3686; x_wconf 84' lang='lat' dir='ltr'><strong>quindecim</strong></span> <span class='ocrx_word' id='word_1_701' title='bbox 3275 3617 3631 3678; x_wconf 86' lang='lat' dir='ltr'><strong>Paschalibus</strong></span> <span class='ocrx_word' id='word_1_702' title='bbox 3663 3638 3748 3678; x_wconf 81' lang='lat' dir='ltr'><strong>se-</strong></span> 
     </span>
    </p>
   </div>
   <div class='ocr_carea' id='block_1_95' title="bbox 2147 3708 3746 3784">
    <p class='ocr_par' dir='ltr' id='par_1_95' title="bbox 2147 3708 3746 3784">
     <span class='ocr_line' id='line_1_95' title="bbox 2147 3708 3746 3784; baseline 0.004 -22"><span class='ocrx_word' id='word_1_703' title='bbox 2147 3719 2517 3779; x_wconf 89' lang='lat' dir='ltr'><strong>questrenlnr.</strong></span> <span class='ocrx_word' id='word_1_704' title='bbox 2577 3709 2702 3762; x_wconf 91' lang='lat' dir='ltr'><strong>Dat.</strong></span> <span class='ocrx_word' id='word_1_705' title='bbox 2768 3709 2836 3764; x_wconf 82' lang='lat' dir='ltr'><strong>VI</strong></span> <span class='ocrx_word' id='word_1_706' title='bbox 2907 3708 3034 3765; x_wconf 91' lang='lat' dir='ltr'><strong>Kal.</strong></span> <span class='ocrx_word' id='word_1_707' title='bbox 3091 3709 3221 3765; x_wconf 80' lang='lat' dir='ltr'><strong>Jun.</strong></span> <span class='ocrx_word' id='word_1_708' title='bbox 3276 3712 3746 3784; x_wconf 82' lang='lat' dir='ltr'><strong>ConstantinOpoli,</strong></span> 
     </span>
    </p>
   </div>
   <div class='ocr_carea' id='block_1_96' title="bbox 2147 3800 3255 3877">
    <p class='ocr_par' dir='ltr' id='par_1_96' title="bbox 2147 3800 3255 3877">
     <span class='ocr_line' id='line_1_96' title="bbox 2147 3800 3255 3877; baseline 0.006 -23"><span class='ocrx_word' id='word_1_709' title='bbox 2147 3801 2373 3855; x_wconf 82' lang='lat' dir='ltr'><strong>Arcadio</strong></span> <span class='ocrx_word' id='word_1_710' title='bbox 2401 3802 2465 3856; x_wconf 83' lang='lat' dir='ltr'><strong>A.</strong></span> <span class='ocrx_word' id='word_1_711' title='bbox 2495 3800 2559 3856; x_wconf 83' lang='lat' dir='ltr'><em>II</em></span> <span class='ocrx_word' id='word_1_712' title='bbox 2587 3815 2635 3858; x_wconf 80' lang='lat' dir='ltr'><strong>et</strong></span> <span class='ocrx_word' id='word_1_713' title='bbox 2670 3801 2861 3873; x_wconf 75' lang='lat' dir='ltr'><strong>Ruﬁno</strong></span> <span class='ocrx_word' id='word_1_714' title='bbox 2885 3802 3030 3859; x_wconf 80' lang='lat' dir='ltr'><strong>Cass.</strong></span> <span class='ocrx_word' id='word_1_715' title='bbox 3072 3803 3255 3877; x_wconf 71' lang='grc'>(592).</span> 
     </span>
    </p>
   </div>
   <div class='ocr_carea' id='block_1_97' title="bbox 2217 3893 3742 3970">
    <p class='ocr_par' dir='ltr' id='par_1_97' title="bbox 2217 3893 3742 3970">
     <span class='ocr_line' id='line_1_97' title="bbox 2217 3893 3742 3970; baseline 0.007 -24"><span class='ocrx_word' id='word_1_716' title='bbox 2217 3893 2306 3948; x_wconf 73' lang='grc'><strong>25.</strong></span> <span class='ocrx_word' id='word_1_717' title='bbox 2336 3893 2513 3963; x_wconf 86' lang='lat' dir='ltr'><strong>lmpp.</strong></span> <span class='ocrx_word' id='word_1_718' title='bbox 2538 3893 2800 3949; x_wconf 85' lang='lat' dir='ltr'><strong>Honorius</strong></span> <span class='ocrx_word' id='word_1_719' title='bbox 2822 3905 2868 3949; x_wconf 86' lang='lat' dir='ltr'><strong>et</strong></span> <span class='ocrx_word' id='word_1_720' title='bbox 2891 3895 3212 3952; x_wconf 69' lang='lat' dir='ltr'><strong>Theodosius</strong></span> <span class='ocrx_word' id='word_1_721' title='bbox 3237 3899 3350 3952; x_wconf 92' lang='lat' dir='ltr'><strong>AA.</strong></span> <span class='ocrx_word' id='word_1_722' title='bbox 3375 3899 3528 3954; x_wconf 83' lang='lat' dir='ltr'><strong>Jovio</strong></span> <span class='ocrx_word' id='word_1_723' title='bbox 3553 3899 3642 3970; x_wconf 79' lang='lat' dir='ltr'><strong>Pf.</strong></span> <span class='ocrx_word' id='word_1_724' title='bbox 3674 3895 3742 3957; x_wconf 83' lang='grc' dir='ltr'>Ρ.</span> 
     </span>
    </p>
   </div>
   <div class='ocr_carea' id='block_1_98' title="bbox 2147 3984 3742 4066">
    <p class='ocr_par' dir='ltr' id='par_1_98' title="bbox 2147 3984 3742 4066">
     <span class='ocr_line' id='line_1_98' title="bbox 2147 3984 3742 4066; baseline 0.006 -26"><span class='ocrx_word' id='word_1_725' title='bbox 2147 3984 2274 4040; x_wconf 84' lang='lat' dir='ltr'><strong>Post</strong></span> <span class='ocrx_word' id='word_1_726' title='bbox 2297 3987 2404 4040; x_wconf 87' lang='lat' dir='ltr'><strong>alia</strong></span> <span class='ocrx_word' id='word_1_727' title='bbox 2437 4002 2455 4041; x_wconf 92' lang='lat'><em>:</em></span> <span class='ocrx_word' id='word_1_728' title='bbox 2485 3987 2761 4044; x_wconf 89' lang='lat' dir='ltr'><strong>Dominica</strong></span> <span class='ocrx_word' id='word_1_729' title='bbox 2784 3989 2896 4056; x_wconf 87' lang='lat' dir='ltr'><strong>die,</strong></span> <span class='ocrx_word' id='word_1_730' title='bbox 2922 4005 3083 4061; x_wconf 83' lang='lat' dir='ltr'><strong>quam</strong></span> <span class='ocrx_word' id='word_1_731' title='bbox 3106 3991 3268 4061; x_wconf 70' lang='lat' dir='ltr'><strong>vulgo</strong></span> <span class='ocrx_word' id='word_1_732' title='bbox 3287 3992 3420 4048; x_wconf 72' lang='lat' dir='ltr'><strong>solis</strong></span> <span class='ocrx_word' id='word_1_733' title='bbox 3439 3994 3742 4066; x_wconf 68' lang='lat' dir='ltr'><strong>appellant,</strong></span> 
     </span>
    </p>
   </div>
   <div class='ocr_carea' id='block_1_99' title="bbox 2145 4079 3746 4154">
    <p class='ocr_par' dir='ltr' id='par_1_99' title="bbox 2145 4079 3746 4154">
     <span class='ocr_line' id='line_1_99' title="bbox 2145 4079 3746 4154; baseline 0.007 -22"><span class='ocrx_word' id='word_1_734' title='bbox 2145 4079 2322 4132; x_wconf 87' lang='lat' dir='ltr'><strong>nullas</strong></span> <span class='ocrx_word' id='word_1_735' title='bbox 2349 4079 2435 4133; x_wconf 88' lang='lat' dir='ltr'><strong>edi</strong></span> <span class='ocrx_word' id='word_1_736' title='bbox 2490 4081 2704 4150; x_wconf 89' lang='lat' dir='ltr'><strong>penitus</strong></span> <span class='ocrx_word' id='word_1_737' title='bbox 2752 4083 2987 4151; x_wconf 86' lang='lat' dir='ltr'><strong>patimur</strong></span> <span class='ocrx_word' id='word_1_738' title='bbox 3015 4083 3343 4154; x_wconf 81' lang='lat' dir='ltr'><strong>voluptates,</strong></span> <span class='ocrx_word' id='word_1_739' title='bbox 3371 4086 3475 4140; x_wconf 79' lang='lat' dir='ltr'><strong>etsi</strong></span> <span class='ocrx_word' id='word_1_740' title='bbox 3517 4087 3746 4144; x_wconf 74' lang='lat' dir='ltr'><strong>lortuito</strong></span> 
     </span>
    </p>
   </div>
   <div class='ocr_carea' id='block_1_100' title="bbox 2146 4171 3746 4244">
    <p class='ocr_par' dir='ltr' id='par_1_100' title="bbox 2146 4171 3746 4244">
     <span class='ocr_line' id='line_1_100' title="bbox 2146 4171 3746 4244; baseline 0.007 -19"><span class='ocrx_word' id='word_1_741' title='bbox 2146 4171 2200 4226; x_wconf 79' lang='lat' dir='ltr'><strong>in</strong></span> <span class='ocrx_word' id='word_1_742' title='bbox 2231 4187 2294 4227; x_wconf 87' lang='lat' dir='ltr'><strong>ea</strong></span> <span class='ocrx_word' id='word_1_743' title='bbox 2325 4182 2420 4227; x_wconf 86' lang='lat' dir='ltr'><strong>aut</strong></span> <span class='ocrx_word' id='word_1_744' title='bbox 2443 4173 2660 4242; x_wconf 86' lang='lat' dir='ltr'><strong>imperii</strong></span> <span class='ocrx_word' id='word_1_745' title='bbox 2689 4178 2862 4231; x_wconf 88' lang='lat' dir='ltr'><strong>nostri</strong></span> <span class='ocrx_word' id='word_1_746' title='bbox 2894 4187 3067 4244; x_wconf 89' lang='lat' dir='ltr'><strong>ortus,</strong></span> <span class='ocrx_word' id='word_1_747' title='bbox 3101 4178 3453 4235; x_wconf 81' lang='lat' dir='ltr'><strong>redeuntibus</strong></span> <span class='ocrx_word' id='word_1_748' title='bbox 3481 4181 3536 4236; x_wconf 88' lang='lat' dir='ltr'><strong>i</strong></span> <span class='ocrx_word' id='word_1_749' title='bbox 3567 4193 3746 4238; x_wconf 84' lang='lat' dir='ltr'><strong>semet</strong></span> 
     </span>
    </p>
   </div>
   <div class='ocr_carea' id='block_1_101' title="bbox 2144 4268 3747 4338">
    <p class='ocr_par' dir='ltr' id='par_1_101' title="bbox 2144 4268 3747 4338">
     <span class='ocr_line' id='line_1_101' title="bbox 2144 4268 3747 4338; baseline 0.008 -16"><span class='ocrx_word' id='word_1_750' title='bbox 2144 4268 2270 4322; x_wconf 85' lang='lat' dir='ltr'><strong>anni</strong></span> <span class='ocrx_word' id='word_1_751' title='bbox 2299 4268 2479 4335; x_wconf 84' lang='lat' dir='ltr'><strong>metis,</strong></span> <span class='ocrx_word' id='word_1_752' title='bbox 2513 4269 2796 4338; x_wconf 74' lang='lat' dir='ltr'><strong>oﬁ‘ulserit,</strong></span> <span class='ocrx_word' id='word_1_753' title='bbox 2823 4281 2918 4328; x_wconf 80' lang='lat' dir='ltr'><strong>aut</strong></span> <span class='ocrx_word' id='word_1_754' title='bbox 2947 4274 3108 4328; x_wconf 80' lang='lat' dir='ltr'><strong>natali</strong></span> <span class='ocrx_word' id='word_1_755' title='bbox 3136 4273 3317 4330; x_wconf 90' lang='lat' dir='ltr'><strong>debita</strong></span> <span class='ocrx_word' id='word_1_756' title='bbox 3343 4277 3611 4333; x_wconf 83' lang='lat' dir='ltr'><strong>solemnia</strong></span> <span class='ocrx_word' id='word_1_757' title='bbox 3649 4279 3747 4334; x_wconf 62' lang='lat' dir='ltr'><strong>dea</strong></span> 
     </span>
    </p>
   </div>
   <div class='ocr_carea' id='block_1_102' title="bbox 2144 4361 3744 4440">
    <p class='ocr_par' dir='ltr' id='par_1_102' title="bbox 2144 4361 3744 4440">
     <span class='ocr_line' id='line_1_102' title="bbox 2144 4361 3744 4440; baseline 0.008 -26"><span class='ocrx_word' id='word_1_758' title='bbox 2144 4361 2410 4417; x_wconf 73' lang='lat' dir='ltr'><strong>feramur.</strong></span> <span class='ocrx_word' id='word_1_759' title='bbox 2456 4361 2580 4418; x_wconf 87' lang='lat' dir='ltr'><strong>Dat.</strong></span> <span class='ocrx_word' id='word_1_760' title='bbox 2612 4364 2736 4419; x_wconf 89' lang='lat' dir='ltr'><strong>Kal.</strong></span> <span class='ocrx_word' id='word_1_761' title='bbox 2768 4366 2939 4434; x_wconf 85' lang='lat' dir='ltr'><strong>April.</strong></span> <span class='ocrx_word' id='word_1_762' title='bbox 2977 4365 3269 4434; x_wconf 75' lang='lat' dir='ltr'><strong>Ravennw,</strong></span> <span class='ocrx_word' id='word_1_763' title='bbox 3307 4367 3540 4425; x_wconf 70' lang='lat' dir='ltr'><strong>Honorio</strong></span> <span class='ocrx_word' id='word_1_764' title='bbox 3571 4371 3744 4440; x_wconf 80' lang='lat' dir='ltr'><strong>VIII,</strong></span> 
     </span>
    </p>
   </div>
   <div class='ocr_carea' id='block_1_103' title="bbox 2144 4453 3166 4532">
    <p class='ocr_par' dir='ltr' id='par_1_103' title="bbox 2144 4453 3166 4532">
     <span class='ocr_line' id='line_1_103' title="bbox 2144 4453 3166 4532; baseline 0.007 -24"><span class='ocrx_word' id='word_1_765' title='bbox 2144 4465 2190 4509; x_wconf 91' lang='lat' dir='ltr'><strong>et</strong></span> <span class='ocrx_word' id='word_1_766' title='bbox 2221 4453 2507 4510; x_wconf 77' lang='lat' dir='ltr'><strong>Tlteodosio</strong></span> <span class='ocrx_word' id='word_1_767' title='bbox 2533 4457 2559 4509; x_wconf 91' lang='grc' dir='ltr'><em>ι</em></span> <span class='ocrx_word' id='word_1_768' title='bbox 2569 4455 2594 4510; x_wconf 92' lang='grc' dir='ltr'><strong><em>Ι</em></strong></span> <span class='ocrx_word' id='word_1_769' title='bbox 2603 4455 2654 4521; x_wconf 81' lang='lat'><strong>1,</strong></span> <span class='ocrx_word' id='word_1_770' title='bbox 2683 4458 2794 4512; x_wconf 85' lang='lat' dir='ltr'><strong>AA.</strong></span> <span class='ocrx_word' id='word_1_771' title='bbox 2821 4457 2964 4514; x_wconf 86' lang='lat' dir='ltr'><strong>Cass.</strong></span> <span class='ocrx_word' id='word_1_772' title='bbox 2990 4459 3166 4532; x_wconf 69' lang='grc'>(409).</span> 
     </span>
    </p>
   </div>
   <div class='ocr_carea' id='block_1_104' title="bbox 2209 4547 3741 4624">
    <p class='ocr_par' dir='ltr' id='par_1_104' title="bbox 2209 4547 3741 4624">
     <span class='ocr_line' id='line_1_104' title="bbox 2209 4547 3741 4624; baseline 0.008 -22"><span class='ocrx_word' id='word_1_773' title='bbox 2209 4549 2300 4604; x_wconf 71' lang='lat'><strong>26.</strong></span> <span class='ocrx_word' id='word_1_774' title='bbox 2337 4547 2506 4603; x_wconf 82' lang='lat' dir='ltr'><strong>Iidem</strong></span> <span class='ocrx_word' id='word_1_775' title='bbox 2532 4550 2641 4603; x_wconf 78' lang='lat' dir='ltr'><strong>AA.</strong></span> <span class='ocrx_word' id='word_1_776' title='bbox 2678 4549 2872 4605; x_wconf 80' lang='lat' dir='ltr'><strong>Joanni</strong></span> <span class='ocrx_word' id='word_1_777' title='bbox 2903 4551 2995 4624; x_wconf 75' lang='lat' dir='ltr'><strong>Pr.</strong></span> <span class='ocrx_word' id='word_1_778' title='bbox 3029 4552 3096 4608; x_wconf 91' lang='lat' dir='ltr'><strong>P.</strong></span> <span class='ocrx_word' id='word_1_779' title='bbox 3129 4551 3262 4608; x_wconf 87' lang='lat' dir='ltr'><strong>Post</strong></span> <span class='ocrx_word' id='word_1_780' title='bbox 3287 4555 3399 4610; x_wconf 86' lang='lat' dir='ltr'><strong>alia</strong></span> <span class='ocrx_word' id='word_1_781' title='bbox 3421 4573 3440 4611; x_wconf 92' lang='lat'><strong><em>:</em></strong></span> <span class='ocrx_word' id='word_1_782' title='bbox 3471 4556 3568 4612; x_wconf 89' lang='lat' dir='ltr'><strong>Die</strong></span> <span class='ocrx_word' id='word_1_783' title='bbox 3601 4558 3741 4614; x_wconf 84' lang='lat' dir='ltr'><strong>Sab-</strong></span> 
     </span>
    </p>
   </div>
   <div class='ocr_carea' id='block_1_105' title="bbox 2141 4642 3745 4719">
    <p class='ocr_par' dir='ltr' id='par_1_105' title="bbox 2141 4642 3745 4719">
     <span class='ocr_line' id='line_1_105' title="bbox 2141 4642 3745 4719; baseline 0.007 -22"><span class='ocrx_word' id='word_1_784' title='bbox 2141 4642 2269 4697; x_wconf 90' lang='lat' dir='ltr'><strong>bato</strong></span> <span class='ocrx_word' id='word_1_785' title='bbox 2309 4659 2372 4698; x_wconf 91' lang='lat' dir='ltr'><strong>ac</strong></span> <span class='ocrx_word' id='word_1_786' title='bbox 2401 4644 2642 4714; x_wconf 88' lang='lat' dir='ltr'><strong>reliquis,</strong></span> <span class='ocrx_word' id='word_1_787' title='bbox 2675 4645 2776 4700; x_wconf 88' lang='lat' dir='ltr'><strong>sub</strong></span> <span class='ocrx_word' id='word_1_788' title='bbox 2807 4657 3072 4717; x_wconf 88' lang='lat' dir='ltr'><strong>tempore,</strong></span> <span class='ocrx_word' id='word_1_789' title='bbox 3101 4663 3210 4719; x_wconf 89' lang='lat' dir='ltr'><strong>quo</strong></span> <span class='ocrx_word' id='word_1_790' title='bbox 3235 4647 3411 4705; x_wconf 70' lang='lat' dir='ltr'><strong>Judaei</strong></span> <span class='ocrx_word' id='word_1_791' title='bbox 3453 4653 3632 4707; x_wconf 83' lang='lat' dir='ltr'><strong>cultus</strong></span> <span class='ocrx_word' id='word_1_792' title='bbox 3655 4647 3745 4708; x_wconf 80' lang='lat' dir='ltr'><strong>sui</strong></span> 
     </span>
    </p>
   </div>
   <div class='ocr_carea' id='block_1_106' title="bbox 2138 4735 3740 4814">
    <p class='ocr_par' dir='ltr' id='par_1_106' title="bbox 2138 4735 3740 4814">
     <span class='ocr_line' id='line_1_106' title="bbox 2138 4735 3740 4814; baseline 0.006 -25"><span class='ocrx_word' id='word_1_793' title='bbox 2138 4735 2496 4790; x_wconf 78' lang='lat' dir='ltr'><strong>reverentiam</strong></span> <span class='ocrx_word' id='word_1_794' title='bbox 2544 4746 2811 4804; x_wconf 87' lang='lat' dir='ltr'><strong>servant,</strong></span> <span class='ocrx_word' id='word_1_795' title='bbox 2861 4740 3134 4794; x_wconf 90' lang='lat' dir='ltr'><strong>neminem</strong></span> <span class='ocrx_word' id='word_1_796' title='bbox 3192 4751 3287 4795; x_wconf 87' lang='lat' dir='ltr'><strong>aut</strong></span> <span class='ocrx_word' id='word_1_797' title='bbox 3328 4741 3508 4798; x_wconf 80' lang='lat' dir='ltr'><strong>facere</strong></span> <span class='ocrx_word' id='word_1_798' title='bbox 3536 4744 3740 4814; x_wconf 88' lang='lat' dir='ltr'><strong>aliquid</strong></span> 
     </span>
    </p>
   </div>
   <div class='ocr_carea' id='block_1_107' title="bbox 2137 4828 3740 4905">
    <p class='ocr_par' dir='ltr' id='par_1_107' title="bbox 2137 4828 3740 4905">
     <span class='ocr_line' id='line_1_107' title="bbox 2137 4828 3740 4905; baseline 0.007 -23"><span class='ocrx_word' id='word_1_799' title='bbox 2137 4837 2230 4882; x_wconf 90' lang='lat' dir='ltr'><strong>aut</strong></span> <span class='ocrx_word' id='word_1_800' title='bbox 2258 4828 2364 4881; x_wconf 85' lang='lat' dir='ltr'><strong>ulla</strong></span> <span class='ocrx_word' id='word_1_801' title='bbox 2393 4846 2459 4885; x_wconf 78' lang='lat' dir='ltr'><strong>ex</strong></span> <span class='ocrx_word' id='word_1_802' title='bbox 2487 4839 2636 4898; x_wconf 87' lang='lat' dir='ltr'><strong>parte</strong></span> <span class='ocrx_word' id='word_1_803' title='bbox 2660 4832 2938 4886; x_wconf 87' lang='lat' dir='ltr'><strong>conveniri</strong></span> <span class='ocrx_word' id='word_1_804' title='bbox 2964 4833 3165 4888; x_wconf 89' lang='lat' dir='ltr'><strong>debere</strong></span> <span class='ocrx_word' id='word_1_805' title='bbox 3191 4836 3540 4905; x_wconf 72' lang='lat' dir='ltr'><strong>praecipimus</strong></span> <span class='ocrx_word' id='word_1_806' title='bbox 3570 4856 3582 4891; x_wconf 91' lang='lat'>:</span> <span class='ocrx_word' id='word_1_807' title='bbox 3617 4853 3740 4894; x_wconf 67' lang='lat' dir='ltr'><strong>cum</strong></span> 
     </span>
    </p>
   </div>
   <div class='ocr_carea' id='block_1_108' title="bbox 2135 4919 3738 4994">
    <p class='ocr_par' dir='ltr' id='par_1_108' title="bbox 2135 4919 3738 4994">
     <span class='ocr_line' id='line_1_108' title="bbox 2135 4919 3738 4994; baseline 0.006 -21"><span class='ocrx_word' id='word_1_808' title='bbox 2135 4919 2409 4976; x_wconf 86' lang='lat' dir='ltr'><strong>ﬁscalibus</strong></span> <span class='ocrx_word' id='word_1_809' title='bbox 2437 4923 2742 4980; x_wconf 83' lang='lat' dir='ltr'><strong>cotnmodis</strong></span> <span class='ocrx_word' id='word_1_810' title='bbox 2787 4933 2842 4976; x_wconf 89' lang='lat' dir='ltr'><strong>et</strong></span> <span class='ocrx_word' id='word_1_811' title='bbox 2899 4923 3083 4994; x_wconf 78' lang='lat' dir='ltr'><strong>litigiis</strong></span> <span class='ocrx_word' id='word_1_812' title='bbox 3137 4927 3481 4994; x_wconf 77' lang='lat' dir='ltr'><strong>privatorum</strong></span> <span class='ocrx_word' id='word_1_813' title='bbox 3521 4937 3738 4984; x_wconf 84' lang='lat' dir='ltr'><strong>constat</strong></span> 
     </span>
    </p>
   </div>
   <div class='ocr_carea' id='block_1_109' title="bbox 2139 5012 3736 5083">
    <p class='ocr_par' dir='ltr' id='par_1_109' title="bbox 2139 5012 3736 5083">
     <span class='ocr_line' id='line_1_109' title="bbox 2139 5012 3736 5083; baseline 0.008 -18"><span class='ocrx_word' id='word_1_814' title='bbox 2139 5012 2376 5082; x_wconf 88' lang='lat' dir='ltr'><strong>reliquos</strong></span> <span class='ocrx_word' id='word_1_815' title='bbox 2430 5015 2546 5069; x_wconf 89' lang='lat' dir='ltr'><strong>dies</strong></span> <span class='ocrx_word' id='word_1_816' title='bbox 2599 5030 2759 5083; x_wconf 72' lang='lat' dir='ltr'><strong>posse</strong></span> <span class='ocrx_word' id='word_1_817' title='bbox 2807 5012 3080 5079; x_wconf 81' lang='lat' dir='ltr'><strong>sufﬁcere.</strong></span> <span class='ocrx_word' id='word_1_818' title='bbox 3131 5027 3241 5071; x_wconf 90' lang='lat' dir='ltr'><strong>etc.</strong></span> <span class='ocrx_word' id='word_1_819' title='bbox 3283 5017 3406 5073; x_wconf 74' lang='lat' dir='ltr'><strong>Dat.</strong></span> <span class='ocrx_word' id='word_1_820' title='bbox 3469 5018 3578 5072; x_wconf 82' lang='lat' dir='ltr'><strong>Vl!</strong></span> <span class='ocrx_word' id='word_1_821' title='bbox 3609 5019 3736 5079; x_wconf 72' lang='lat' dir='ltr'><strong>Kal.</strong></span> 
     </span>
    </p>
   </div>
   <div class='ocr_carea' id='block_1_110' title="bbox 2135 5105 3739 5178">
    <p class='ocr_par' dir='ltr' id='par_1_110' title="bbox 2135 5105 3739 5178">
     <span class='ocr_line' id='line_1_110' title="bbox 2135 5105 3739 5178; baseline 0.007 -20"><span class='ocrx_word' id='word_1_822' title='bbox 2135 5105 2268 5175; x_wconf 81' lang='lat' dir='ltr'><strong>Aug.</strong></span> <span class='ocrx_word' id='word_1_823' title='bbox 2299 5105 2575 5173; x_wconf 71' lang='lat' dir='ltr'><strong>Ravenna&#39;,</strong></span> <span class='ocrx_word' id='word_1_824' title='bbox 2613 5105 2732 5161; x_wconf 86' lang='lat' dir='ltr'><strong>DD.</strong></span> <span class='ocrx_word' id='word_1_825' title='bbox 2780 5105 2912 5162; x_wconf 87' lang='grc' dir='ltr'><strong>ΝΝ.</strong></span> <span class='ocrx_word' id='word_1_826' title='bbox 2940 5107 3179 5164; x_wconf 82' lang='lat' dir='ltr'><strong>Honorio</strong></span> <span class='ocrx_word' id='word_1_827' title='bbox 3221 5109 3390 5178; x_wconf 81' lang='lat' dir='ltr'><strong><em>VIII,</em></strong></span> <span class='ocrx_word' id='word_1_828' title='bbox 3421 5122 3470 5167; x_wconf 82' lang='lat' dir='ltr'><strong>el</strong></span> <span class='ocrx_word' id='word_1_829' title='bbox 3499 5111 3739 5169; x_wconf 69' lang='grc' dir='ltr'><strong>ΤΙιωάοε</strong></span> 
     </span>
    </p>
   </div>
   <div class='ocr_carea' id='block_1_111' title="bbox 2132 5196 2876 5269">
    <p class='ocr_par' dir='ltr' id='par_1_111' title="bbox 2132 5196 2876 5269">
     <span class='ocr_line' id='line_1_111' title="bbox 2132 5196 2876 5269; baseline 0.005 -20"><span class='ocrx_word' id='word_1_830' title='bbox 2132 5197 2210 5250; x_wconf 87' lang='lat' dir='ltr'><strong>sio</strong></span> <span class='ocrx_word' id='word_1_831' title='bbox 2242 5196 2361 5252; x_wconf 87' lang='grc' dir='ltr'><strong>ΙΙΙ.</strong></span> <span class='ocrx_word' id='word_1_832' title='bbox 2387 5199 2495 5253; x_wconf 84' lang='lat' dir='ltr'><strong>AA.</strong></span> <span class='ocrx_word' id='word_1_833' title='bbox 2525 5197 2670 5254; x_wconf 84' lang='lat' dir='ltr'><strong>Cass.</strong></span> <span class='ocrx_word' id='word_1_834' title='bbox 2704 5197 2876 5269; x_wconf 61' lang='lat'><strong>($09).</strong></span> 
     </span>
    </p>
   </div>
   <div class='ocr_carea' id='block_1_112' title="bbox 2199 5288 3727 5353">
    <p class='ocr_par' dir='ltr' id='par_1_112' title="bbox 2199 5288 3727 5353">
     <span class='ocr_line' id='line_1_112' title="bbox 2199 5288 3727 5353; baseline 0.008 -12"><span class='ocrx_word' id='word_1_835' title='bbox 2199 5288 2654 5344; x_wconf 68' lang='lat' dir='ltr'><strong>INTEBPRBTATIO.</strong></span> <span class='ocrx_word' id='word_1_836' title='bbox 2686 5289 2784 5344; x_wconf 87' lang='lat' dir='ltr'><strong>Die</strong></span> <span class='ocrx_word' id='word_1_837' title='bbox 2813 5289 3029 5347; x_wconf 78' lang='lat' dir='ltr'><strong>Subbati</strong></span> <span class='ocrx_word' id='word_1_838' title='bbox 3055 5293 3254 5347; x_wconf 82' lang='lat' dir='ltr'><strong>nullum</strong></span> <span class='ocrx_word' id='word_1_839' title='bbox 3291 5293 3600 5351; x_wconf 71' lang='lat' dir='ltr'><strong>Judworuur</strong></span> <span class='ocrx_word' id='word_1_840' title='bbox 3635 5309 3727 5353; x_wconf 78' lang='lat' dir='ltr'><strong>aut</strong></span> 
     </span>
    </p>
   </div>
   <div class='ocr_carea' id='block_1_113' title="bbox 2132 5381 3732 5459">
    <p class='ocr_par' dir='ltr' id='par_1_113' title="bbox 2132 5381 3732 5459">
     <span class='ocr_line' id='line_1_113' title="bbox 2132 5381 3732 5459; baseline 0.009 -26"><span class='ocrx_word' id='word_1_841' title='bbox 2132 5396 2226 5450; x_wconf 86' lang='lat' dir='ltr'><strong>pro</strong></span> <span class='ocrx_word' id='word_1_842' title='bbox 2256 5381 2420 5448; x_wconf 82' lang='lat' dir='ltr'><strong>ﬁscali</strong></span> <span class='ocrx_word' id='word_1_843' title='bbox 2467 5382 2692 5436; x_wconf 76' lang='lat' dir='ltr'><strong>utilitate</strong></span> <span class='ocrx_word' id='word_1_844' title='bbox 2730 5394 2820 5438; x_wconf 85' lang='lat' dir='ltr'><strong>aut</strong></span> <span class='ocrx_word' id='word_1_845' title='bbox 2850 5401 2943 5452; x_wconf 81' lang='lat' dir='ltr'><strong>pro</strong></span> <span class='ocrx_word' id='word_1_846' title='bbox 2987 5386 3213 5454; x_wconf 83' lang='lat' dir='ltr'><strong>quolibet</strong></span> <span class='ocrx_word' id='word_1_847' title='bbox 3261 5389 3464 5459; x_wconf 73' lang='lat' dir='ltr'><strong>negotio</strong></span> <span class='ocrx_word' id='word_1_848' title='bbox 3497 5391 3732 5447; x_wconf 68' lang='lat' dir='ltr'><strong>volumus</strong></span> 
     </span>
    </p>
   </div>
   <div class='ocr_carea' id='block_1_114' title="bbox 2129 5475 3737 5546">
    <p class='ocr_par' dir='ltr' id='par_1_114' title="bbox 2129 5475 3737 5546">
     <span class='ocr_line' id='line_1_114' title="bbox 2129 5475 3737 5546; baseline 0.012 -22"><span class='ocrx_word' id='word_1_849' title='bbox 2129 5475 2406 5538; x_wconf 83' lang='lat' dir='ltr'><strong>conveniri,</strong></span> <span class='ocrx_word' id='word_1_850' title='bbox 2435 5475 2556 5544; x_wconf 86' lang='lat' dir='ltr'><strong>quia</strong></span> <span class='ocrx_word' id='word_1_851' title='bbox 2584 5476 2848 5546; x_wconf 83' lang='lat' dir='ltr'><strong>religionis</strong></span> <span class='ocrx_word' id='word_1_852' title='bbox 2865 5494 3043 5533; x_wconf 81' lang='lat' dir='ltr'><strong>eorsnn</strong></span> <span class='ocrx_word' id='word_1_853' title='bbox 3075 5479 3184 5535; x_wconf 85' lang='lat' dir='ltr'><strong>dies</strong></span> <span class='ocrx_word' id='word_1_854' title='bbox 3209 5498 3314 5537; x_wconf 77' lang='lat' dir='ltr'><strong>non</strong></span> <span class='ocrx_word' id='word_1_855' title='bbox 3347 5483 3498 5540; x_wconf 73' lang='lat' dir='ltr'><strong>debet</strong></span> <span class='ocrx_word' id='word_1_856' title='bbox 3521 5485 3737 5542; x_wconf 61' lang='lat' dir='ltr'><strong>actioni</strong></span> 
     </span>
    </p>
   </div>
   <div class='ocr_carea' id='block_1_115' title="bbox 2126 5551 3330 5636">
    <p class='ocr_par' dir='ltr' id='par_1_115' title="bbox 2126 5551 3330 5636">
     <span class='ocr_line' id='line_1_115' title="bbox 2126 5551 3330 5636; baseline 0.01 -19"><span class='ocrx_word' id='word_1_857' title='bbox 2126 5564 2300 5636; x_wconf 86' lang='lat' dir='ltr'><strong>aliqua</strong></span> <span class='ocrx_word' id='word_1_858' title='bbox 2323 5551 2632 5635; x_wconf 81' lang='lat' dir='ltr'><strong>perturbari.</strong></span> <span class='ocrx_word' id='word_1_859' title='bbox 3314 5580 3330 5594; x_wconf 82' lang='lat'><strong><em>‘</em></strong></span> 
     </span>
    </p>
   </div>
   <div class='ocr_carea' id='block_1_116' title="bbox 2497 5676 3330 5723">
    <p class='ocr_par' dir='ltr' id='par_1_116' title="bbox 2497 5676 3330 5723">
     <span class='ocr_line' id='line_1_116' title="bbox 2497 5676 3330 5723; baseline 0.006 -6"><span class='ocrx_word' id='word_1_860' title='bbox 2497 5677 2599 5717; x_wconf 78' lang='lat' dir='ltr'><strong>LIB.</strong></span> <span class='ocrx_word' id='word_1_861' title='bbox 2629 5679 2709 5719; x_wconf 80' lang='grc'><strong>111.</strong></span> <span class='ocrx_word' id='word_1_862' title='bbox 2741 5679 2854 5718; x_wconf 79' lang='grc' dir='ltr'>τιτ.</span> <span class='ocrx_word' id='word_1_863' title='bbox 2886 5676 2978 5720; x_wconf 55' lang='lat' dir='ltr'><strong>VII.</strong></span> <span class='ocrx_word' id='word_1_864' title='bbox 3009 5680 3079 5722; x_wconf 67' lang='lat' dir='ltr'><strong>DE</strong></span> <span class='ocrx_word' id='word_1_865' title='bbox 3105 5680 3330 5723; x_wconf 75' lang='lat' dir='ltr'><strong>NUPTIIS.</strong></span> 
     </span>
    </p>
   </div>
   <div class='ocr_carea' id='block_1_117' title="bbox 2189 5751 3720 5826">
    <p class='ocr_par' dir='ltr' id='par_1_117' title="bbox 2189 5751 3720 5826">
     <span class='ocr_line' id='line_1_117' title="bbox 2189 5751 3720 5826; baseline 0.012 -22"><span class='ocrx_word' id='word_1_866' title='bbox 2189 5751 2244 5804; x_wconf 69' lang='lat'><strong>2.</strong></span> <span class='ocrx_word' id='word_1_867' title='bbox 2290 5751 2503 5825; x_wconf 84' lang='lat' dir='ltr'><strong>lmppp.</strong></span> <span class='ocrx_word' id='word_1_868' title='bbox 2545 5753 2960 5826; x_wconf 73' lang='lat' dir='ltr'><strong>Valentinianus,</strong></span> <span class='ocrx_word' id='word_1_869' title='bbox 2991 5755 3321 5817; x_wconf 62' lang='lat' dir='ltr'><strong>Theodosia</strong></span> <span class='ocrx_word' id='word_1_870' title='bbox 3367 5770 3416 5818; x_wconf 84' lang='lat' dir='ltr'><strong>et</strong></span> 
     </span>
    </p>
   </div>
  </div>
