4200 6178
448 258 554 312 525

1259 256 1622 316 THEODOSII
1663 256 1976 317 SELECTA
2016 254 2106 314 DE
2147 254 2522 315 RELIGIONE
2561 257 2906 316 DECRETA.

3645 263 3750 321 526

446 372 604 427 ΑΑΑ.
638 370 863 443 Cynegio
894 372 983 446 Pf.
1016 374 1082 429 P.
1114 374 1192 430 Nc
1214 377 1334 446 quis
1359 376 1727 430 Christianam
1760 375 2042 429 mulierem
2072 377 2121 436 Α
2154 388 2267 437 xus,
2294 375 2857 444 conditionis,mtatis,
2879 391 3018 448 quos
3038 376 3317 435 barbarica
3334 378 3519 435 feritas
3538 382 3751 450 captiva

446 464 500 519 in
562 466 965 520 matrimonium
1016 466 1236 521 .Iudaaus
1286 467 1515 533 accipiat
1550 508 1564 533 ,
1624 482 1798 535 neque
1846 466 2048 521 Judzece

445 555 787 611 Christianus
813 558 1125 627 conjugium
1150 558 1426 612 sortiatur.
1463 559 1592 612 Nam
1626 559 1670 611 si
1694 559 1816 627 quis
1846 557 2046 628 aliquid

445 649 754 716 linjusmodi
781 649 1083 716 admiserit,
1111 651 1364 705 adulterii
1390 655 1559 704 vicem
1586 648 1863 704 commissi
1889 649 2047 717 hujus

445 744 653 798 crimen
684 743 978 805 obtinebit.
1029 745 1285 799 libertate
1319 746 1369 797 in
1420 744 1783 798 accusandum
1819 741 2046 811 publicis

444 850 662 905 quoque
688 836 915 889 vocibus
945 838 1206 889 relaxata.
1240 835 1363 889 Dat.
1396 836 1532 905 prid.
1568 835 1653 889 Id.
1685 834 1843 889 Mart.
1879 834 2042 888 Thes-

440 929 707 993 salonica,
755 928 1049 984 Theodosia
1085 930 1149 984 Α.
1201 928 1265 983 II
1304 942 1351 986 et
1401 928 1624 1003 Cynegio
1668 928 1733 985 V.
1779 928 1839 984 (ἐ.
1894 928 2042 983 Cass.

443 1022 625 1094 (388).

514 1118 975 1173 [arsuram-tirio.
1010 1117 1161 1191 Legis
1209 1119 1363 1189 hujus
1399 1119 1661 1171 severitate
1724 1114 2040 1182 prohibetur,

443 1224 501 1266 ut
545 1228 637 1264 nec
687 1211 905 1265 Jndwus
954 1212 1261 1265 Christianae
1308 1214 1633 1266 matrimonio
1684 1221 1896 1274 utatur,
1954 1226 2043 1263 nec

431 1304 754 1359 Christianus
793 1306 945 1357 homo
986 1302 1227 1358 Judwum
1258 1321 1468 1358 uxorein
1518 1304 1759 1365 accipiat.
1798 1302 1948 1369 Quod
1997 1303 2040 1355 si

436 1399 599 1466 aliqui
625 1409 806 1451 contra
845 1400 1052 1453 vetitum
1099 1415 1154 1452 se
1182 1400 1272 1452 tali
1315 1399 1671 1471 conjunctioni
1718 1398 2035 1459 miscuerint,

428 1492 659 1545 nouerint
687 1506 739 1544 se
765 1507 827 1544 ea
871 1508 1037 1559 pana,
1086 1508 1187 1559 qua
1215 1490 1437 1543 adulteri
1482 1492 1828 1553 damnantur,
1871 1505 2043 1557 ρεισκε

425 1582 673 1652 quendas.
724 1593 771 1635 et
819 1584 1196 1637 accusationem
1236 1581 1395 1655 hujus
1436 1583 1667 1636 criminis
1722 1597 1824 1634 non
1870 1581 2039 1634 solum

426 1676 763 1745 propinquis,
794 1676 882 1729 sed
924 1678 1078 1731 etiam
1105 1676 1173 1731 ad
1215 1675 1625 1746 persequendum
1667 1673 1901 1729 omnibus
1928 1689 2039 1728 esse

430 1770 759 1841 permissam.

608 1897 712 1937 ΜΒ.
753 1897 807 1936 ν.
848 1896 963 1936 τιτ.
1009 1898 1086 1937 111.
1131 1898 1201 1937 DE
1240 1896 1389 1937 BONIS
1427 1897 1767 1938 CLERICORUI
1807 1896 1876 1936 ΕΤ

1038 1988 1425 2029 IONACHORUI.

504 2088 551 2139 l.
598 2086 769 2159 lnipp.
808 2085 1122 2141 Theodosius
1148 2097 1192 2140 et
1247 2085 1641 2141 Valentinianus
1670 2088 1779 2141 ΑΑ.
1808 2086 1875 2139 ad
1901 2085 2037 2139 Tau-

428 2197 541 2233 rum
561 2178 650 2249 Pf.
684 2178 747 2232 Ρ.
774 2190 818 2232 et
844 2178 1149 2233 Patririum.
1178 2179 1232 2233 Si
1257 2181 1375 2248 quis
1398 2180 1683 2247 episcopus
1705 2188 1798 2234 aut
1817 2178 2038 2249 presby-

429 2280 520 2324 ter
551 2280 644 2325 aut
665 2272 927 2325 iliaciinus
960 2283 1049 2324 aut
1079 2271 1380 2326 diaconissa
1434 2282 1523 2324 aut
1554 2272 1919 2326 subdiaconus
1950 2268 2035 2323 vel

425 2366 711 2432 cujuslibet
763 2364 987 2417 alti-rius
1041 2364 1142 2417 loci
1179 2365 1411 2418 clericiis
1455 2374 1547 2417 aut
1598 2365 1893 2418 monachus
1943 2370 2037 2415 aut

426 2458 639 2518 mulier,
673 2471 793 2526 quin
824 2457 1083 2509 Stilillll‘ltB
1108 2458 1229 2509 vitae
1261 2456 1441 2510 ilcdita
1474 2468 1575 2521 est,
1614 2456 1759 2509 nullo
1809 2454 2031 2510 condito

429 2560 755 2605 testamento
800 2550 1097 2605 (lt'Ct'SSCl‘ll
1128 2592 1141 2613 ,
1189 2565 1287 2604 nec
1336 2550 1384 2604 ei
1445 2558 1698 2617 parentes
1754 2550 2035 2616 utriusque

426 2657 589 2697 sexus
614 2642 694 2694 vel
719 2640 897 2705 liberi,
933 2641 1018 2695 vel
1052 2642 1094 2694 si
1140 2643 1228 2711 qui
1279 2641 1583 2710 agnationis
1628 2640 2035 2708 cognatioiiisve

420 2734 543 2805 jure
569 2734 871 2804 junguntur
898 2734 976 2787 vel
1006 2750 1143 2787 uxor
1167 2734 1456 2798 exstiterit,
1479 2734 1640 2793 bona,
1671 2748 1789 2802 quin
1816 2732 1881 2783 ad
1906 2746 2031 2783 eum

427 2827 804 2898 pertinuerint,
850 2836 1208 2882 sacrosancta:
1252 2827 1498 2881 ecclesia:
1553 2825 1637 2879 vel
1671 2826 2025 2888 monasterio,

424 2924 509 2978 cui
536 2923 703 2977 fuerat
726 2921 1411 2989 destinatus,omnifariam
1466 2920 1743 2973 sociemur
1788 2920 2032 2987 (excep-

426 3016 493 3069 tis
524 3015 589 3070 iis
616 3013 983 3079 facultatibus,
1020 3029 1153 3083 quas
1190 3015 1326 3067 forte
1353 3012 1607 3066 censibus
1640 3011 1897 3079 adscripti
1942 3010 2026 3065 vel

420 3108 526 3176 jui-i
553 3116 867 3176 patronalus
918 3106 1148 3174 subjecti
1180 3107 1263 3159 vel
1294 3107 1482 3160 ctiriali
1514 3106 1810 3159 conditiooi
1860 3105 2031 3159 obno-

422 3200 498 3254 xii
526 3200 707 3255 clerici
730 3200 808 3253 vel
832 3198 1078 3252 monachi
1095 3199 1481 3268 cuiuscumque
1512 3212 1672 3251 sexus
1688 3198 2022 3266 relinquunt.

420 3290 531 3345 Nec
557 3294 700 3345 enim
727 3292 932 3361 justum
964 3301 1070 3355 est,
1099 3291 1235 3343 bona
1261 3306 1358 3343 seu
1393 3290 1623 3358 peculia,
1652 3302 1772 3356 quae
1805 3297 1899 3342 aut
1927 3304 2021 3358 pa-

420 3394 581 3439 trono
614 3384 820 3453 legibus
851 3386 1119 3438 debentur
1150 3394 1238 3437 aut
1269 3383 1489 3437 domino
1526 3382 1908 3450 passessiouis,
1936 3382 2024 3437 cui

417 3479 539 3545 quis
564 3492 752 3530 eorum
801 3476 976 3531 fuerat
999 3474 1323 3546 adscriptus,
1358 3485 1447 3526 aut
1496 3473 1561 3527 ad
1597 3473 1780 3551 curias
1816 3490 1909 3537 pro
1940 3484 2022 3527 te-

422 3587 556 3626 nore
580 3570 785 3626 dudum
809 3570 930 3625 lane
968 3572 1372 3625 constitutionis
1403 3568 1502 3622 sub
1526 3578 1673 3621 certa
1696 3568 1865 3622 forma
1902 3583 2023 3636 per-

420 3666 596 3719 tinere
644 3674 975 3729 noscuntur,
1027 3664 1096 3715 ab
1126 3662 1370 3717 ecclesiis
1400 3663 1662 3726 detineri;
1720 3661 2021 3715 actiooibus

418 3757 669 3811 videlicet
690 3764 1065 3824 competenter
1092 3756 1453 3809 sacrosaiirtis
1490 3754 1735 3808 ecclesiis
1767 3768 2018 3808 reserva-

421 3851 509 3915 tis,
562 3854 605 3902 si
636 3851 752 3918 quis
802 3850 940 3903 forte
982 3848 1253 3917 prtcdictis
1306 3846 1706 3901 conditionibus
1755 3847 2019 3901 obnoxius

416 3951 508 3995 aut
532 3957 596 3995 ex
622 3941 792 4011 gestis
823 3942 1054 4009 negotiis
1096 3947 1189 3992 aut
1218 3954 1283 3992 ex
1314 3937 1645 4002 quibuslibet
1696 3936 1816 3991 aliis
1843 3938 2018 3991 eccle-

412 4032 648 4088 siasticis
679 4034 887 4087 aclibus
916 4032 1180 4103 obligatus
1208 4028 1427 4099 oliieril)
1453 4047 1464 4081 :
1501 4032 1569 4082 ita
1600 4040 1674 4091 ut,
1708 4029 1875 4098 siqua
1912 4029 2018 4083 liti-

417 4127 501 4196 gia
552 4141 614 4179 ex
669 4125 979 4193 huiusmodi
1012 4123 1492 4193 competitimiibus
1542 4122 1593 4174 iii
1636 4122 1857 4191 jutliciis
1887 4138 2016 4186 pen-

413 4212 561 4283 dent,
588 4219 803 4288 penitus
833 4219 1249 4289 sopiautur,nec
1283 4216 1679 4297 liceat‘petitori
1707 4226 1825 4279 post
1854 4215 2016 4281 hujus

415 4312 547 4383 legis
575 4313 989 4382 ptiblieationein
1029 4313 1289 4381 judicium
1326 4312 1554 4381 ingredi.
1588 4310 1674 4363 vel
1716 4310 2015 4363 mconomis

412 4411 507 4458 aut
536 4405 813 4459 monachis
834 4416 921 4457 aut
964 4405 1407 4475 procuratoribus
1432 4401 1631 4457 inferre
1682 4401 2009 4464 molestiam,

412 4496 524 4565 iper
561 4497 820 4564 petitione
861 4498 1159 4566 antiquata,
1192 4508 1245 4549 et
1278 4495 1449 4558 bonis,
1494 4512 1611 4556 qua"
1644 4494 1826 4548 relicta
1861 4504 2007 4558 sunt,

2157 468 2477 521 necessitate
2514 469 2915 533 transduxerat,
2948 470 3147 524 invitos
3176 486 3336 526 nemo
3368 472 3625 538 retineat,
3656 474 3751 528 sed

2153 559 2217 612 ad
2249 562 2461 629 propria
2493 560 2670 614 redire
2698 563 3039 629 eripientibus
3064 563 3229 616 libera
3262 564 3329 618 sit
3360 564 3603 618 facultas.
3640 564 3667 633 §
3697 566 3747 622 l.

2153 650 2358 714 Quibus
2400 652 2441 705 si
2484 653 2771 722 quidquam
2821 654 2872 707 in
2907 670 3059 708 iisiim
3091 655 3317 709 vestium
3368 656 3451 710 vel
3482 657 3754 711 aliuiouiie

2154 743 2455 812 impensum
2481 756 2584 807 ρει,
2620 744 2933 799 humanitati
2959 747 3028 799 sit
3054 749 3373 818 prirstitum,
3408 765 3509 804 nec
3536 760 3751 806 maneat

2152 834 2400 887 victualis
2445 845 2689 904 Sumptus
2721 837 3006 904 repetitio:
3041 842 3280 906 exceptis
3310 842 3374 894 iis
3396 884 3411 907 ,
3455 857 3592 912 ques
3620 843 3750 900 bar-

2152 926 2296 981 baris
2342 930 2700 984 vendentibus
2745 943 2955 999 emptos
3003 947 3125 987 e~se
3166 932 3446 987 docebitur
3490 937 3745 1002 aquibus

2150 1030 2323 1073 status
2374 1022 2454 1073 sui
2505 1022 2771 1092 pretium,
2830 1034 3052 1091 prapter
3100 1026 3383 1081 utilitatem
3438 1028 3746 1097 publicam,

2150 1114 2490 1175 emptoribus
2520 1130 2729 1184 :rquum
2776 1127 2857 1169 est
2905 1116 3199 1172 redhiberi.
3244 1119 3319 1171 Ne
3359 1120 3574 1188 quando
3603 1122 3747 1176 enim

2149 1203 2333 1257 tlainiii
2361 1206 2731 1260 Considi-ratio
2760 1208 2812 1261 in
2846 1208 2937 1261 tali
2979 1212 3301 1264 necessitate
3345 1212 3532 1281 positis
3564 1213 3749 1283 negari

2148 1293 2305 1349 faciat
2334 1299 2688 1363 emptionem,
2713 1300 2872 1354 decet
2902 1301 3212 1371 redemptos
3245 1311 3337 1356 aut
3360 1305 3539 1359 datum
3572 1322 3666 1373 pro
3690 1321 3750 1362 se

2152 1389 2381 1455 pretium
2416 1391 2751 1458 eiiiptoribtis
2782 1392 3090 1459 restituere,
3126 1406 3217 1447 aut
3240 1395 3453 1460 labore,
3488 1396 3749 1468 obsequio

2150 1482 2231 1535 vel
2261 1498 2425 1549 opere
2458 1484 2810 1553 quinquennii
2846 1487 3012 1539 viceni
3044 1487 3249 1541 referre
3282 1488 3555 1552 lieni-ﬁcii,
3597 1491 3749 1544 habi-

2150 1584 2298 1627 tur0s
2328 1574 2677 1641 incolumem,
2713 1577 2756 1629 si
2790 1578 2842 1629 in
2871 1592 2934 1631 ea
2966 1580 3073 1632 nati
3106 1562 3249 1645 aunt,
3289 1581 3613 1636 libertatem.
3642 1583 3743 1653 §2.

2148 1664 2466 1720 Reddantur
2502 1667 2662 1735 igitur
2702 1668 2927 1722 sedibus
2960 1671 3191 1739 propriis
3221 1672 3321 1725 sub
3352 1674 3743 1742 moderatione,

2068 1767 2117 1828 Β
2146 1776 2247 1829 qua
2274 1761 2558 1828 jussinius,
2585 1763 2781 1831 quibus
2808 1763 2928 1832 jure
2963 1765 3277 1831 postliminii
3304 1768 3468 1821 etiam
3502 1779 3746 1824 veterum

2147 1855 2425 1920 responsis
2457 1855 2743 1909 ineiilumia
2768 1862 2962 1909 cuncta
2987 1867 3198 1910 servata
3225 1868 3370 1912 sunt.
3407 1858 3433 1929 §
3458 1860 3511 1913 3.
3540 1860 3594 1915 Si
3625 1863 3747 1929 quis

2144 1947 2326 2017 itaque
2355 1947 2479 2002 huic
2507 1958 2778 2019 pra-cepto
2810 1950 2969 2005 luerit
2998 1962 3228 2006 conatus
3254 1955 3525 2011 obsistere
3572 1966 3745 2022 actor,

2144 2042 2446 2097 conductor
2476 2053 2923 2114 procuratorque,
2954 2045 3066 2099 dari
3098 2063 3158 2101 se
3182 2049 3413 2103 metalli~
3436 2065 3559 2103 cum
3586 2066 3744 2121 paena

2142 2133 2533 2202 deportationis
2564 2152 2671 2189 non
2700 2136 2967 2205 ambigat;
3002 2138 3048 2192 si
3093 2154 3223 2193 vero
3255 2143 3614 2209 possessionis
3643 2144 3744 2197 do-

2144 2228 2353 2291 minus,
2403 2245 2515 2282 rem
2559 2244 2711 2283 suam
2759 2229 2889 2283 ﬁsco
2921 2232 3135 2285 noverit
3168 2232 3549 2287 vindicandam
3580 2249 3747 2305 seque

2144 2324 2559 2392 deportandum.
2587 2322 2615 2393 §
2648 2324 2701 2378 4.
2739 2325 2803 2377 Ει
2832 2333 2889 2378 ut
2916 2324 3088 2379 facilis
3130 2329 3411 2380 exsecutio
3440 2330 3741 2396 proveniat,

2141 2418 2481 2473 Christianos
2513 2418 2885 2488 proximorum
2921 2420 3161 2475 locorum
3194 2420 3442 2475 volumus
3477 2421 3633 2491 hujus
3665 2422 3743 2477 rei

2142 2512 2562 2568 sollicitudinem
2595 2528 2805 2580 gerere.
2849 2512 3096 2567 Curiales
3128 2528 3343 2582 quoque
3376 2510 3745 2580 proximarum

2140 2606 2418 2660 civitatum
2455 2604 2649 2671 placuit
2678 2603 2957 2660 admoueri
2976 2648 2989 2670 ,
3034 2614 3093 2658 ut
3116 2606 3523 2674 eniergentibus
3544 2606 3746 2663 talibus

2140 2703 2318 2754 causis
2348 2702 2543 2764 sciant,
2570 2701 2704 2769 legis
2733 2707 2931 2753 nostra:
2958 2699 3219 2753 auxilium
3248 2699 3638 2763 deferendum;
3671 2704 3743 2756 ita

2140 2804 2199 2847 ut
2233 2794 2483 2848 noverint
2530 2802 2768 2847 rectores
2800 2793 3076 2860 universi,
3117 2793 3306 2848 decem
3351 2794 3517 2851 libras
3562 2797 3742 2853 auria

2140 2904 2197 2943 se
2230 2898 2283 2941 rt
2313 2888 2627 2943 tantundem
2656 2904 2686 2942 a
2718 2887 2832 2944 suis
2860 2888 3291 2956 apparitionibus
3321 2890 3669 2958 exigendum,
3696 2891 3743 2945 si

2139 2992 2468 3050 praeceptum
2504 2982 2863 3050 neglexerint.
2912 2978 3039 3035 Dat.
3073 2979 3160 3035 IV
3219 2980 3308 3037 Id.
3347 2980 3586 3037 Decenib.
3633 2982 3741 3037 lia-

2137 3091 2334 3142 venna,
2384 3074 2621 3130 Honorio
2660 3073 2825 3141 VIII,
2868 3087 2916 3130 et
2971 3075 3264 3132 Theodosio
3293 3075 3416 3143 ΙΙΙ,
3446 3078 3561 3135 AA.
3593 3078 3739 3134 Cass.

2058 3158 2105 3221 C
2139 3168 2317 3237 (409i.

2210 3264 2662 3317 lN‘l'EMB‘I‘ATIO.
2713 3260 2803 3325 Hi,
2826 3262 2913 3330 qui
2945 3261 3008 3314 ab
3029 3260 3262 3315 hostibus
3301 3272 3529 3328 tempore
3570 3263 3738 3331 capti-

2133 3358 2303 3411 uitatis
2341 3358 2484 3409 ducti
2527 3366 2675 3419 sunt,
2704 3357 2747 3409 si
2776 3355 2839 3409 ab
2867 3353 3123 3421 aliquibus
3154 3355 3231 3407 vel
3254 3354 3323 3407 ad
3346 3354 3535 3407 uictum
3564 3356 3641 3409 vel
3667 3357 3739 3409 ad

2132 3450 2367 3503 vestitum
2412 3449 2611 3517 aliquid
2665 3457 3003 3517 acceperunt,
3051 3463 3165 3499 cum
3208 3448 3375 3500 redire
3414 3448 3483 3500 ad
3526 3450 3736 3521 propria

2132 3547 2417 3610 uoluerint,
2448 3545 2658 3597 minime
2679 3543 2878 3613 aliquid
2902 3559 2997 3613 pro
3023 3559 3200 3597 eorum
3224 3544 3513 3611 requiratur
3546 3560 3736 3612 expiat-

2128 3639 2220 3690 sis.
2254 3635 2450 3690 Tamen
2478 3637 2521 3688 si
2550 3636 2769 3706 pretium
2798 3651 2891 3703 pro
2921 3636 3120 3705 captiua
3162 3650 3255 3688 suo
3302 3636 3560 3702 prwdatar
3588 3651 3735 3690 acce-

2130 3732 2283 3800 perit,
2312 3730 2450 3799 quod
2473 3729 2673 3783 dedisse
2702 3741 2901 3799 emptor
2934 3728 3221 3797 probaverit
3241 3769 3256 3793 ,
3287 3729 3394 3783 sine
3421 3730 3737 3785 dubitatione

2126 3828 2360 3897 recipiat.
2396 3826 2547 3891 Quod
2576 3827 2620 3878 si
2675 3825 2901 3893 pretium
2933 3840 3035 3877 non
3076 3823 3344 3888 habuerit,
3388 3824 3736 3893 quinquennia

2126 3920 2311 3973 seruiat
2329 3920 2560 3989 captiuus
2582 3918 2803 3984 emptori
2823 3925 2868 3968 et
2888 3926 3002 3982 post
3019 3916 3427 3984 quinquennium
3445 3915 3555 3967 sine
3572 3915 3733 3981 pretio

2122 4010 2431 4079 ingenuitati
2476 4008 2750 4071 reddatur,
2794 4007 2917 4076 qui,
2966 4023 3083 4060 cum
3125 4008 3193 4058 ad
3240 4007 3455 4076 propria
3498 4007 3728 4071 redierit,

2124 4104 2300 4156 omnia
2326 4119 2422 4156 sua
2445 4103 2647 4171 integra
2670 4111 2717 4155 et
2743 4102 2884 4155 salva
2906 4102 3143 4169 recipiat.
3177 4101 3235 4155 Si
3264 4102 3379 4167 quis
3410 4103 3579 4172 itaque
3606 4100 3729 4155 huic

2124 4207 2227 4250 tam
2253 4200 2411 4266 justi:
2433 4197 2764 4267 praeceptioni
2795 4196 3030 4249 resistere
3060 4196 3351 4259 tentauerit,
3381 4199 3571 4250 noverit
3598 4213 3653 4250 se
3674 4198 3730 4251 in

2122 4292 2304 4345 exsilio
2325 4292 2673 4358 deputandum
2697 4306 2716 4343 :
2738 4290 2783 4342 si
2805 4306 2921 4343 vero
2945 4304 3204 4355 possessor
3228 4289 3403 4358 fuerit,
3431 4290 3728 4347 facultatem

2120 4398 2268 4435 suam
2296 4382 2407 4448 ﬁsci
2435 4383 2629 4434 viribus
2667 4380 3031 4433 addicendam.
3073 4380 3215 4434 Sane
3250 4378 3603 4443 Christianos,
3635 4384 3725 4450 qui

2117 4475 2453 4544 redemptioni
2480 4474 2687 4525 studere
2712 4473 2925 4535 debent,
2960 4488 3053 4541 pro
3095 4470 3309 4541 captiuis
3350 4474 3583 4525 volumus
3614 4490 3722 4528 esse

411 4587 833 4657 religiosissimis
859 4588 1105 4642 ecclesiis
1133 4588 1215 4642 vel
1269 4586 1634 4650 tnonasmriis,
1683 4585 1880 4656 quibus
1905 4586 2002 4639 de-
2039 4551 2091 4609 Ι)
2116 4568 2383 4619 “mam”
2432 4567 2507 4617 Ad
2544 4564 2767 4657 εαῗίαίθδ
2802 4565 2956 4618 “iam
2986 4566 3085 4657 ma
3115 4565 3412 4657 mallii-mdo
3440 4576 3715 4637 Palma":

410 4678 571 4734 diuiti
629 4679 855 4741 fuerant,
888 4680 1238 4733 con~ccraiis.
1292 4678 1413 4732 Dat.
1452 4676 1660 4767 XJ’III
1719 4677 1841 4731 Kal.
1876 4678 2003 4731 Jan.

408 4772 689 4827 Ariovindo
719 4787 763 4827 et
794 4775 989 4843 Aspare
1016 4771 1162 4827 Cass.

478 4887 927 4945 Iarumanno.
972 4889 1032 4945 Si
1058 4892 1171 4959 quis
1191 4890 1580 4957 episc0piis.vel
1604 4906 1728 4958 quas
1778 4890 1861 4944 lea:
1894 4890 2007 4959 ipsa

408 4995 768 5037 commemorat
790 5026 801 5042 .
832 4994 920 5037 aut
948 4984 1155 5051 quilibet
1183 4984 1407 5055 religiosi
1448 4984 1522 5037 rel
1566 4984 1818 5051 religiosa:
1845 4984 2005 5037 infes-

407 5076 499 5129 tati
549 5078 656 5131 sine
696 5076 840 5145 ﬁliis.
876 5078 1176 5147 propinquis
1224 5078 1300 5130 vel
1360 5094 1517 5131 uxore
1552 5079 1877 5141 decesserint,
1920 5080 2005 5147 qui

404 5177 571 5221 tamen
612 5187 699 5223 nec
713 5172 869 5224 aurita
896 5171 1173 5241 quidquam
1204 5171 1464 5223 debuerint
1488 5186 1575 5225 nec
1599 5182 1836 5239 patrona,
1862 5172 2013 5241 quid-

402 5260 529 5328 quid
559 5262 938 5330 dereliquerint,
972 5262 1038 5314 ad
1076 5262 1313 5314 ecclesias
1350 5265 1425 5316 vel
1476 5265 1787 5316 monasteria
1827 5263 2010 5333 quibus

403 5350 629 5405 obsecuti
673 5355 863 5423 fuerint
890 5396 903 5412 ,
948 5354 1236 5424 pertinebit.
1283 5353 1379 5419 Qui
1414 5356 1458 5407 si
1505 5356 1680 5408 testari
1719 5354 2003 5418 voluerint,

406 5442 661 5496 habebunt
693 5445 903 5497 liberant
946 5454 1266 5513 patestatein.

724 5572 905 5613 uv.v.
952 5575 1062 5613 'm'.
1098 5575 1147 5613 v.
1201 5575 1268 5614 nr:
1316 5552 1676 5615 commutato.

471 5669 525 5723 2.
548 5667 727 5739 Imp.
765 5671 1030 5728 Honorius
1052 5684 1101 5727 et
1123 5673 1443 5729 Theodosius
1464 5675 1577 5731 AA.
1613 5674 1882 5727 Theodoro
1907 5673 2001 5745 Pf.

402 5759 474 5817 P.
510 5762 855 5820 Diversarum
888 5766 1139 5823 homines
1170 5769 1571 5837 provinciarum
1603 5767 1895 5838 cujuslibet
1918 5783 2010 5824 sc-

2114 4659 2187 4712 ita
2208 4669 2261 4711 ut
2294 4674 2465 4710 omnes
2494 4656 2701 4725 judices
2727 4658 2890 4708 sciant
2911 4696 2928 4720 ,
2973 4656 3145 4709 decem
3184 4655 3342 4709 libras
3370 4659 3489 4711 auri
3513 4659 3639 4727 ﬁsco
3668 4677 3722 4715 se

2117 4752 2350 4814 daturos,
2382 4751 2467 4820 qui
2491 4750 2648 4821 hujus
2669 4749 2795 4819 legis
2818 4760 3071 4820 praecepta
3094 4751 3435 4821 neglexerint.

2120 4898 2223 4936 LIB.
2261 4898 2332 4937 IX.
2378 4897 2489 4935 τιτ.
2530 4896 2626 4935 Vll.
2674 4898 2741 4936 AD
2780 4897 2953 4937 ιεῦειι
2992 4899 3216 4951 ιυιιΑιιί,
3258 4902 3325 4941 DE
3374 4904 3715 4946 ADULTERIIS.

2190 5021 2244 5074 5.
2287 5016 2500 5088 Imppp.
2541 5016 2955 5081 Valentinianus.
3008 5020 3327 5079 Theodosius
3369 5035 3418 5079 et
3464 5028 3717 5082 Arcadius

2124 5114 2281 5167 ΑΑΑ.
2310 5114 2532 5183 Cynegio
2564 5112 2655 5183 ΡῙ.
2690 5112 2754 5165 Ρ.
2792 5114 2867 5167 Ne
2899 5117 3017 5185 quis
3042 5115 3401 5174 Christianam
3434 5123 3713 5177 mulierem

2121 5209 2173 5263 in
2229 5208 2626 5263 matrimonium
2683 5208 2902 5285 .ludu'us
2959 5211 3229 5278 accipiat,
3286 5228 3458 5281 neque
3510 5214 3714 5273 Judaei!)

2117 5298 2319 5354 ChriSIi
2340 5318 2457 5355 inus
2486 5302 2795 5371 eoiijngiuiu
2822 5303 3100 5357 sortiatur.
3126 5302 3256 5358 Nam
3286 5304 3331 5357 si
3360 5308 3478 5371 quis
3507 5309 3712 5379 aliquid

2117 5390 2276 5459 hujus
2302 5393 2444 5445 modi
2466 5393 2767 5458 admiserit,
2793 5393 3036 5446 adulterii
3064 5393 3232 5447 vicem
3257 5397 3531 5453 commissi
3554 5399 3711 5469 hujus

2114 5487 2320 5541 Crimen
2353 5487 2650 5542 obtinebit.
2695 5486 2943 5539 libertate
2980 5487 3030 5539 in
3077 5489 3436 5542 accusandum
3484 5494 3714 5559 publicis

2116 5595 2329 5648 quoque
2360 5580 2582 5631 Vocibus
2614 5578 2872 5631 relaxata.
2916 5576 3039 5629 Dat.
3082 5576 3183 5630 ΙΙΙ
3228 5578 3316 5633 Id.
3352 5580 3511 5638 Mart.
3548 5583 3714 5643 Thes-

2117 5675 2370 5739 salonica,
2398 5672 2688 5727 Theodosio
2715 5674 2777 5724 Α.
2806 5669 2868 5724 ΙΙ
2907 5681 2954 5725 et
2976 5670 3201 5746 Cyttrgio
3230 5675 3371 5731 Cass.
3404 5678 3575 5751 (588).

2194 5769 2653 5826 hausurum.
2700 5766 2813 5823 Nec
2837 5764 3057 5825 ludus
3078 5769 3430 5831 Christianus
3449 5779 3540 5834 nec
3562 5777 3721 5834 Chri-
