4200 6178
464 281 571 338 527

1655 274 1742 331 ΤΗ
1754 273 2087 333 EODOSIUS
2126 273 2214 332 ET
2253 273 2589 333 PACATUS.

3667 274 3777 331 528

467 396 668 450 stianus
692 391 933 447 Judream
960 390 1113 443 ducat
1137 404 1367 444 uxorem.
1406 387 1558 458 Quod
1589 388 1632 443 si
1664 391 1862 460 fecerit,
1886 394 2061 463 cujus-
2087 391 2140 453 Α
2168 390 2553 445 maleliciorum
2581 430 2594 455 ,
2628 389 2799 458 stupri
2832 396 2993 459 atque
3031 386 3283 443 adulterii
3312 387 3539 459 parique
3570 388 3773 443 imma-

468 487 589 542 libet
613 485 955 550 accusatione,
988 482 1121 536 velut
1151 483 1203 535 in
1225 481 1486 536 adulteros
1510 482 1810 536 vindicetur.

470 618 574 657 LIB.
621 617 696 655 IX.
742 616 854 655 ἸΊΤ.
914 615 1041 654 XXV.
1088 616 1155 654 DE
1196 614 1370 653 RAPTU
1416 614 1515 652 YEL
1549 599 1900 655 ’LIATRIMONIO
1939 615 2065 654 SAN-

679 711 1064 752 CTIIONIALIL'M
1111 711 1360 750 VIRGINUM
1405 710 1510 749 νει.
1552 710 1844 749 νιυυλῐιυδι.

540 790 593 844 3.
637 786 811 859 lmpp.
848 786 1110 840 Honorius
1135 798 1183 841 et
1209 786 1525 840 Theodosius
1550 785 1658 839 ΛΑ.
1688 785 1933 839 Palladio
1968 784 2061 855 Pf.

464 879 534 936 P.
572 880 695 935 Post
731 881 881 934 alia:
911 881 968 935 Si
998 882 1116 949 quis
1148 881 1375 934 dicatam
1413 880 1523 934 Deo
1552 880 1844 948 virginem,
1878 878 2064 948 prodi-

464 990 564 1043 ευρ.
591 973 707 1033 sui.
758 981 941 1042 raptor
968 973 1250 1038 ambierit,
1294 972 1579 1042 publicatis
1625 971 1782 1026 bonis
1812 972 2066 1043 deporta-

461 1069 612 1123 ti0ne
639 1070 941 1137 plectatur;
974 1070 1184 1123 cunctis
1230 1068 1593 1123 accusationis
1642 1068 1801 1137 hujus
1849 1068 2065 1123 licentia

464 1160 670 1225 absque
714 1170 858 1214 metu
907 1160 1194 1215 delationis
1226 1160 1455 1214 indulta.
1498 1160 1682 1229 Neque
1731 1161 1875 1215 enim
1923 1162 2062 1231 exigi

464 1255 719 1309 convenit
749 1254 1112 1323 proditorem,
1149 1272 1307 1324 quem
1352 1271 1453 1325 pro
1497 1256 1755 1324 pudicitia
1788 1255 2065 1325 religionis

460 1346 655 1401 invitat
677 1348 1001 1401 humanitas.
1028 1346 1151 1400 Dat.
1180 1346 1328 1400 VIII
1348 1346 1435 1399 Id.
1462 1346 1592 1400 Maii
1608 1347 1873 1411 Ravenna,
1899 1348 2064 1402 Thea-

440 1418 605 1494 ‘dosio
632 1440 696 1493 Α.
721 1440 828 1505 ΙΧ,
854 1452 900 1494 et
927 1440 1224 1496 Constantio
1252 1439 1373 1505 III,
1420 1441 1477 1495 V.
1512 1440 1570 1495 C.
1600 1442 1744 1496 Cass.
1779 1440 1953 1513 (4'20).

706 1573 809 1612 LIB.
848 1560 1246 1611 tx.1'n'.nxv.
1277 1572 1344 1610 ne
1390 1571 1808 1618 QUESTIONIBUS.

535 1676 590 1730 4.
620 1675 834 1747 lmppp.
879 1673 1154 1728 Gratianus
1180 1716 1194 1737 ,
1232 1672 1631 1727 Valentinianus
1660 1682 1705 1725 et
1749 1671 2065 1727 Theodosius

463 1767 620 1823 AAA.
674 1767 959 1821 Albuciano
1016 1766 1224 1820 Vicario
1290 1764 1639 1819 Macedoniae.

456 1861 668 1923 diebus,
700 1862 789 1930 qui
818 1858 1062 1928 auspicio
1091 1860 1539 1912 cmremoniarmn
1573 1858 1828 1925 paschale
1858 1866 2071 1925 tempus

456 1954 795 2020 anticipant,
844 1951 1020 2005 Omnis
1068 1950 1305 2018 cognitio
1351 1949 1661 2004 inlubeatur
1709 1948 2067 2003 criminalium

457 2048 839 2117 quaistionum.
869 2044 992 2096 Dat.
1030 2042 1106 2096 Vl
1139 2041 1264 2097 Kal.
1297 2045 1461 2115 April.
1497 2041 1903 2108 Thessalonica,
1937 2039 2070 2095 Gra-

457 2139 595 2193 tiauo
628 2138 690 2192 A.
734 2137 795 2199 V,
824 2147 870 2191 et
902 2135 1188 2190 Theodosia
1220 2137 1282 2188 Α.
1317 2134 1369 2199 1,
1404 2133 1550 2189 Cass.
1585 2136 1756 2206 (580).

528 2231 970 2285 ΙΝΤι-ειιιιιιετλτιο
999 2228 1191 2281 Diebus
1230 2228 1638 2299 quadragesima:
1670 2244 1765 2297 pro
1786 2229 2068 2283 reverentia

455 2326 722 2397 religionis
767 2327 931 2379 omnis
959 2325 1246 2379 criminalis
1275 2326 1408 2379 actio
1431 2326 1773 2395 conquiescat.

529 2420 583 2472 5.
628 2416 843 2485 Imppp.
892 2415 1323 2480 Valentinianus,
1384 2415 1704 2470 Theodosius
1732 2426 1779 2469 et
1810 2416 2067 2470 Arcadius

457 2513 616 2567 ΑΑΑ.
670 2511 890 2565 Ταιὶαηο
930 2509 1022 2581 Pf.
1084 2510 1152 2565 Ρ.
1183 2512 1421 2566 Sacratis
1467 2511 1900 2581 quadragesima:
1952 2511 2066 2565 dic-

457 2605 560 2661 bus
591 2604 731 2658 nulla
756 2603 1021 2673 supplicia
1049 2605 1156 2657 sint
1210 2604 1454 2669 corporis
1478 2645 1491 2666 ,
1544 2604 1738 2672 quibus
1792 2603 2065 2657 absolutio

460 2706 810 2765 exspectatur
840 2695 1165 2749 animarum.
1198 2694 1322 2748 Dat.
1362 2693 1511 2748 Vlll
1542 2693 1642 2747 .Id.
1689 2695 1838 2765 Sept.
1892 2694 2066 2749 Foro-

472 2788 716 2857 ﬂaminii,
744 2786 967 2841 Timasio
995 2796 1040 2842 et
1067 2786 1316 2842 Promoto
1347 2786 1492 2841 Gass.
1523 2787 1701 2859 (589).

544 2918 626 2957 LIB
681 2918 757 2957 IX.
791 2918 905 2957 'l'l'l'.
946 2917 1181 2957 XXXVIII.
1217 2918 1285 2957 DE
1315 2918 1679 2958 INDULGENTIIS
1716 2919 1997 2960 CRIIIINUM.

532 2996 585 3049 6.
630 2994 845 3067 lnippp.
869 2993 1150 3049 Gratianus
1171 3035 1186 3059 ,
1248 2994 1634 3048 Valentinianus
1674 3005 1720 3048 et
1748 2994 2067 3049 Theodosius

458 3088 616 3144 AAA.
646 3089 714 3143 ad
736 3089 1001 3142 Antidium
1038 3087 1101 3141 V.
1137 3087 1194 3142 C.
1240 3086 1521 3141 Vicarium.
1565 3088 1839 3142 Paschalis
1865 3088 2064 3143 Iustitiae

460 3181 578 3235 dies
630 3196 696 3234 ne
718 3180 811 3233 illa
844 3180 1061 3250 quidem
1087 3190 1275 3234 tenere
1306 3178 1435 3233 sinit
1463 3179 1697 3249 ingenia,
1727 3196 1847 3250 qua;
1872 3181 2068 3248 ﬂagitia
2098 3170 2141 3232 C

457 3274 735 3339 fecerunt;
786 3282 963 3343 pateat
1013 3274 1238 3327 insuetis
1264 3273 1514 3328 horridus
1554 3289 1741 3329 carcer
1778 3274 2068 3340 aliquando

458 3369 772 3422 luminibus.
806 3366 1058 3421 Alienum
1086 3376 1265 3420 autem
1291 3380 1577 3421 censemus
1607 3369 1675 3421 ab
1698 3366 2029 3436 indulgentia
2052 3410 2065 3434 ,

458 3464 549 3532 qui
578 3461 837 3517 nefariam
866 3463 1155 3517 criminum
1199 3462 1586 3516 conscientiam
1638 3461 1690 3515 in
1726 3466 2066 3530 majestatcm

460 3556 695 3622 superbe
721 3555 1064 3620 animaverit,
1093 3555 1180 3623 qui
1207 3553 1512 3622 parricidali
1540 3554 1920 3623 iuroreraptus
1935 3570 2068 3609 sano

455 3649 621 3719 guine
663 3650 885 3718 proprio
915 3664 1133 3702 manmn
1166 3647 1321 3701 tinxit
1351 3689 1366 3713 ,
1400 3648 1493 3716 qui
1519 3647 1778 3717 cujusque
1801 3656 2067 3717 prteterea

462 3740 697 3795 hominis
739 3740 890 3795 cat-de
939 3740 1239 3794 maculatus
1283 3747 1405 3804 est,
1451 3741 1543 3810 qui
1592 3741 1819 3810 genialis
1874 3741 1974 3795 ιοτί
2006 3754 2070 3794 ac

459 3834 642 3889 lectuli
676 3834 771 3888 luit
798 3834 1018 3888 invasor
1049 3833 1207 3886 alieni
1229 3873 1245 3899 ,
1279 3833 1369 3903 qui
1410 3832 1753 3887 verecundia:
1789 3832 2070 3902 virginalis

462 3938 649 3997 raptor
693 3928 937 3992 exstitit,
981 3927 1074 3997 qui
1126 3927 1492 3982 venerandum
1545 3924 1758 3995 cognati
1788 3926 2068 3993 sanguinis

462 4020 739 4074 vinculum
793 4019 1018 4089 profano
1063 4034 1240 4073 οωοιιε
1264 4019 1485 4072 violavit
1534 4019 1740 4072 incestu
1772 4047 1804 4083 ,ο
1838 4017 1922 4071 vel
1977 4018 2068 4086 qui

462 4113 648 4166 noxiis
689 4113 912 4182 quaesita
972 4111 1306 4183 graminibus
1365 4120 1420 4164 et
1468 4110 1601 4165 diris
1661 4112 2068 4165 immurmurata

464 4206 691 4261 secretis
741 4205 938 4259 mentis
969 4214 1024 4261 et
1058 4204 1303 4274 corporis
1331 4219 1538 4258 venena
1569 4204 1875 4272 composuit
1901 4244 1915 4268 ,
1976 4212 2071 4257 aut

463 4298 707 4368 quisacri
735 4297 1099 4353 orisimitator
1121 4306 1176 4353 et
1199 4297 1505 4352 divinorum
1536 4298 1775 4352 vultuum
1801 4298 2070 4368 appetitor

464 4388 805 4443 venerabiles
836 4386 1038 4443 formas
1064 4388 1347 4454 sacrilegio
1373 4387 1617 4443 eruditus
1649 4388 1942 4455 impressit.
1972 4387 2069 4443 His

465 4495 596 4548 ergo
628 4480 716 4534 tali
747 4496 960 4550 qucque
986 4480 1086 4536 sub
1135 4480 1477 4536 absolutione
1528 4481 1798 4536 damnatis
1824 4524 1839 4549 ,
1888 4482 2069 4537 inditi-

2170 484 2339 537 nitate
2383 481 2651 552 sacrilegii
2683 523 2698 547 ,
2758 480 3103 551 sepulcrique
3150 480 3371 535 violatio
3394 523 3409 546 ,
3445 492 3628 550 raptus
3660 496 3777 535 mo-

2169 584 2416 643 nctthue
2457 574 2757 629 adulterata
2809 574 3078 644 ﬁguratio.
3136 572 3257 629 Dat.
3309 573 3398 629 XI
3446 573 3572 630 Kal.
3604 576 3774 647 April.

2168 669 2491 730 Mediolano,
2520 668 2822 722 Richomere
2847 678 2891 722 et
2924 667 3171 723 Clearcho
3199 669 3347 726 Cass.
3375 669 3555 740 (584).

2240 762 2290 817 8.
2325 759 2496 814 Iidem
2518 759 2676 814 AAA.
2709 761 2776 813 ad
2813 759 3117 815 Neoterium
3146 760 3240 831 ΡῙ.
3296 761 3367 815 Ρ.
3418 761 3592 818 Nemo
3621 761 3777 817 dein-
3854 780 3859 783 ‘

2166 868 2293 924 ceps
2323 853 2590 909 tardiores
2636 854 2881 908 fortassis
2925 853 3122 909 allatus
3169 865 3369 909 nostrae
3419 855 3779 924 pereunitatis

2169 958 2479 1018 exSpectet:
2506 957 2880 1019 exsequantur
2905 947 3114 1016 judiccs
3132 991 3146 1015 ,
3172 948 3313 1019 quod
3335 947 3621 1019 indulgere
3652 964 3784 1005 con-

2168 1044 2461 1098 suevimus.
2494 1042 2593 1099 Ubi
2625 1044 2857 1112 primum
2885 1042 3001 1098 dies
3028 1042 3295 1112 paschalis
3318 1045 3613 1105 exstiterit,
3653 1043 3779 1098 nul-

2167 1141 2280 1193 lum
2314 1147 2493 1193 teneat
2518 1154 2704 1193 carcer
2732 1138 3026 1205 inclusmn,
3055 1139 3296 1193 omnium
3327 1139 3539 1193 vincula
3564 1138 3780 1193 solvan-

2171 1241 2277 1286 tur.
2312 1231 2417 1289 Sed
2446 1232 2515 1286 ah
2538 1232 2619 1286 his
2650 1230 2985 1287 secernimus
3016 1247 3109 1287 eos
3131 1274 3145 1297 ,
3191 1231 3386 1302 quibus
3415 1232 3779 1287 contaminari

2170 1327 2347 1395 potius
2395 1326 2585 1396 gaudia
2616 1327 2966 1394 ltetitiamque
2997 1342 3339 1382 communem
3366 1368 3380 1389 ,
3433 1328 3477 1382 si
3507 1326 3785 1381 dimittan-

2170 1428 2256 1473 tur
2282 1464 2293 1485 ,
2351 1420 2705 1474 advertimus.
2739 1419 2869 1487 Quis
2890 1419 3033 1474 enim
3068 1419 3332 1490 sacrilego
3363 1420 3556 1474 diehus
3583 1420 3785 1475 sanctis

2170 1512 2487 1582 indulgeat?
2536 1514 2658 1583 quis
2683 1513 2927 1567 adultero
2952 1513 3036 1568 vel
3065 1512 3253 1567 inceSti
3279 1528 3372 1568 reo
3396 1524 3638 1583 tempore
3659 1527 3783 1569 cas-

2170 1607 2340 1661 titatis
2417 1606 2704 1675 ignoscat?
2763 1607 2883 1675 quis
2936 1624 3042 1662 non
3111 1616 3384 1676 raptorem
3464 1608 3515 1662 in
3570 1622 3781 1662 summa

2170 1701 2352 1770 quiete
2381 1711 2438 1755 et
2462 1701 2660 1771 gaudio
2707 1701 2979 1756 communi
3032 1711 3388 1772 persequatur
3442 1700 3779 1757 insmntius?

1699 1765 2063 1834 Quadraginta

2175 1791 2382 1845 Nullam
2405 1793 2634 1860 accipiat
2661 1793 2903 1861 requiem
2934 1793 3313 1859 vinculorum,
3362 1795 3453 1863 qui
3500 1793 3783 1863 quiescere

2174 1886 2414 1954 sepultos
2429 1885 2656 1953 quadam
2675 1885 2897 1941 sceleris
2914 1884 3252 1940 immanitate
3270 1901 3373 1939 non
3391 1886 3576 1949 scivit;
3604 1885 3781 1956 patia-

2172 1988 2262 2035 tur
2309 1991 2572 2036 tormenta
2623 1982 2940 2049 venaticus,
3001 1982 3281 2036 maleﬁcus
3332 1980 3782 2050 adulteratorquc

2176 2087 2409 2131 moneta.-
2436 2092 2450 2141 ;
2506 2076 2771 2129 homicida
2795 2117 2808 2140 ,
2835 2075 2978 2145 quod
3004 2074 3128 2129 fecit
3152 2117 3165 2138 ,
3195 2090 3411 2144 semper
3456 2083 3735 2143 exspectet
3762 2089 3778 2141 ;

2172 2183 2297 2222 reus
2341 2169 2504 2222 etiam
2559 2168 2859 2237 majestatis
2911 2167 2977 2221 de
3006 2166 3227 2222 domino
3250 2207 3266 2233 ,
3304 2166 3589 2220 adversum
3620 2179 3782 2234 quem

2172 2261 2298 2313 talia
2331 2260 2548 2313 molitus
2570 2270 2674 2323 cst,
2704 2261 2913 2313 veniam
2939 2274 3161 2330 sperare
3197 2276 3301 2313 non
3347 2257 3529 2313 debet.
3570 2256 3691 2311 Dat.
3745 2255 3782 2309 V

2172 2350 2301 2405 Kal.
2362 2352 2521 2407 Mart.
2582 2350 2918 2417 Mediolano,
2986 2352 3205 2406 Arcadio
3257 2351 3321 2405 Α.
3380 2349 3407 2403 l
3458 2359 3505 2405 et
3551 2349 3786 2405 Bautane

2172 2443 2317 2498 Cass.
2348 2443 2497 2517 (585)
2516 2485 2529 2500 .

2244 2538 2697 2594 larcurnc'rttrto.
2754 2540 3052 2612 Sacrilegus
3079 2582 3091 2605 ,
3121 2538 3326 2594 adulter
3351 2581 3365 2605 ,
3419 2539 3596 2594 incesti
3625 2555 3743 2594 reus
3762 2579 3780 2606 ,

2171 2643 2388 2704 raptor,
2438 2634 2789 2703 sepulcrorum
2830 2635 3087 2701 violator,
3140 2636 3423 2705 veneﬁcus,
3481 2635 3777 2704 maleﬁcus,

2170 2726 2486 2779 adulteratar
2523 2737 2736 2781 moneta:
2756 2770 2768 2790 ,
2795 2726 3053 2781 homicida
3084 2729 3261 2782 diebus
3289 2726 3513 2782 Pascha:
3552 2726 3783 2781 nullate-

2173 2835 2270 2871 nus
2300 2821 2648 2874 absolvantur.
2681 2820 2890 2890 Reliqui
2917 2838 3110 2881 omnes.
3143 2838 3270 2890 quos
3314 2821 3568 2875 minorum
3595 2835 3785 2873 causa-

2172 2928 2287 2965 rum
2341 2914 2494 2983 culpa
2548 2915 2887 2987 constringit,
2938 2915 3113 2970 diebus
3153 2915 3523 2970 uenerabilibus
3565 2914 3787 2969 Pascha:

2174 3006 2463 3075 specialiter
2487 3005 2840 3062 absolvantur.

2326 3139 2431 3177 LIB.
2465 3139 2539 3177 IX.
2572 3138 2684 3177 Tl'l'.
2719 3139 2844 3178 XLV.
2880 3140 2948 3179 DE
2979 3139 3063 3179 HIS
3101 3138 3188 3187 QUI
3227 3140 3294 3179 AD
3341 3138 3627 3180 ECCLESIAS

2534 3202 2540 3208 ἣ
2828 3233 3185 3275 (ΞΟΜ-ὋϐΙῦΝΤ.

2253 3333 2300 3386 l.
2346 3330 2557 3404 Imppp.
2593 3330 2940 3398 Theodosius,
2973 3333 3227 3387 Arcadius
3253 3342 3298 3387 et
3334 3333 3599 3387 Honorius
3621 3332 3781 3387 ΑΑΑ.

2175 3423 2399 3479 Romulo
2430 3424 2619 3480 Comiti
2668 3426 2730 3480 S.
2765 3425 2824 3478 L.
2857 3426 3115 3482 Publicos
3159 3426 3456 3493 debitores,
3493 3428 3538 3481 si
3594 3426 3788 3481 confu-

2175 3520 2425 3588 giendum
2459 3520 2525 3573 ad
2553 3519 2813 3575 ecclesias
2843 3520 3198 3580 crediderint.
3232 3531 3322 3576 aut
3370 3523 3514 3577 illico
3564 3522 3777 3578 extrahi

2174 3611 2241 3665 de
2267 3612 2491 3666 latebris
2522 3613 2812 3681 oportebit,
2844 3626 2936 3668 aut
2970 3630 3065 3684 pro
3096 3615 3179 3670 his
3222 3615 3391 3685 ipsos,
3422 3616 3511 3685 qui
3561 3631 3656 3671 eos
3686 3632 3784 3672 oc-

2174 3707 2382 3760 cultare
2417 3707 2735 3776 probantur,
2770 3708 3055 3777 epiSCopos
3080 3710 3241 3779 exigi.
3274 3709 3424 3764 Sciat
3453 3711 3613 3781 igitur
3645 3726 3783 3776 prte-

2175 3798 2379 3853 cellens
2421 3800 2717 3854 auctoritas
2751 3809 2861 3865 tua,
2912 3802 3182 3856 neminem
3212 3802 3519 3858 debitorum
3553 3802 3779 3873 posthac

2174 3903 2202 3940 a
2230 3888 2447 3941 clericis
2478 3888 2906 3955 defendendum,
2933 3903 3027 3945 aut
3070 3907 3164 3961 per
3185 3908 3279 3947 eos
3324 3892 3465 3963 ejus,
3496 3909 3657 3964 quem
3686 3893 3784 3949 de-

2174 3978 2501 4035 fendendum
2521 3996 2641 4037 esse
2660 3982 3010 4050 crediderint,
3028 3984 3268 4040 debitum
3292 4000 3413 4041 esse
3435 3986 3783 4041 solvendum.

2172 4072 2298 4128 Dat.
2340 4072 2443 4128 XV
2485 4073 2611 4129 Kal.
2649 4075 2787 4130 Nov.
2830 4075 3315 4150 Constantinopoli,
3348 4078 3573 4135 Arcadia
3599 4080 3662 4133 Α.
3694 4078 3781 4135 II.

2172 4176 2218 4222 et
2252 4167 2443 4237 Ruﬁno
2481 4169 2626 4225 Cass.
2661 4170 2832 4243 (592).
3792 4171 3796 4174 ’

2542 4299 2645 4339 LIB.
2673 4290 2762 4340 xv.
2794 4301 2904 4342 τιτ.
2939 4301 3032 4341 vn.
3063 4302 3130 4341 ne
3161 4301 3419 4343 sccmcrs.

2245 4399 2298 4453 4.
2343 4396 2554 4471 lmppp.
2588 4400 2896 4461 Gratianus.
2937 4400 3333 4456 Valentinianus
3376 4394 3439 4456 ρι’
3464 4401 3787 4457 Theodosius

2176 4490 2337 4543 ΑΑΑ.
2385 4493 2453 4543 ad
2484 4491 2768 4547 Paulinum
2817 4492 2909 4562 Pr.
2944 4492 3011 4547 U.
3048 4492 3324 4559 Mulieres,
3355 4510 3475 4565 qua:
3513 4510 3580 4549 ex
3607 4494 3784 4548 viliori

464 4581 574 4625 tum
630 4581 830 4626 nostra:
878 4574 1186 4628 serenitatis
1232 4587 1298 4628 eo
1374 4574 1635 4643 prmcepti
1686 4576 1792 4628 line
1849 4576 2072 4629 conclu-
2098 4559 2153 4620 Ῑ)
2180 4594 2330 4638 sorte
2356 4586 2650 4653 progenita:
2674 4585 3109 4655 spectaculorum
3129 4587 3399 4643 debentur
3420 4588 3711 4659 obsequiis,
3737 4588 3785 4643 si

465 4662 643 4717 dimus
667 4704 681 4726 ,
709 4671 768 4717 ut
816 4666 1192 4718 remissionem
1221 4665 1394 4719 venia:
1436 4666 1663 4719 crimina
1694 4706 1708 4730 ,
1743 4665 1847 4719 nisi
1904 4667 2072 4721 semel

466 4754 755 4811 commissa
784 4797 798 4819 ,
827 4772 933 4811 non
966 4742 1196 4813 habeant
1221 4796 1237 4824 ,
1291 4772 1360 4813 ne
1401 4758 1453 4810 in
1482 4772 1577 4812 eos
1608 4758 1948 4812 liberalitatis
1977 4775 2073 4815 au-

464 4860 635 4927 gustic
670 4849 937 4903 referatur
978 4851 1313 4918 humanitas,
1348 4853 1437 4919 qui
1469 4852 1845 4922 impunitatem
1872 4855 2070 4909 veteris

463 4940 685 4996 admissi
719 4956 822 4995 non
849 4942 1213 4997 emendationi
1269 4946 1448 5011 potius
1484 4962 1645 5016 quam
1680 4945 2065 5002 consuetudini

465 5034 812 5105 depulerunt.
846 5032 1077 5087 Recitata
1120 5032 1237 5087 XII
1284 5034 1411 5090 Kal.
1448 5039 1579 5109 Aug.
1613 5038 1813 5106 Romw,
1848 5040 2069 5113 Syagrio

466 5143 511 5183 et
546 5127 801 5183 Eucherio
830 5127 973 5183 Cass.
1003 5127 1175 5201 (581).

542 5224 591 5275 7.
654 5222 819 5277 [idem
868 5222 1025 5276 ΑΑΛ.
1070 5222 1137 5275 ad
1169 5220 1497 5278 Marcianum
1536 5224 1820 5279 Vicarium.
1860 5226 2069 5297 Religio

462 5316 850 5371 anniversariae
885 5315 1276 5371 ohsecrationis
1304 5317 1569 5382 hortatur,
1592 5326 1649 5371 ut
1675 5332 1865 5371 omnes
1890 5318 2068 5372 omni-

463 5423 532 5460 no
579 5410 817 5476 periculo
848 5410 1083 5464 carceris
1116 5418 1370 5477 metuque
1402 5423 1682 5477 pinnatum
1712 5410 1875 5463 eximi
1908 5410 2068 5479 jube-

462 5514 646 5552 remus
666 5539 681 5561 ,
708 5500 801 5570 qui
850 5502 1053 5556 leviore
1084 5503 1315 5557 crimine
1340 5501 1417 5555 rei
1440 5511 1565 5556 sunt
1593 5503 1869 5572 postulati.
1909 5502 2064 5559 Unde

458 5595 683 5673 apparet
709 5605 806 5644 eos
828 5592 1032 5661 excipi,
1072 5610 1207 5661 quos
1234 5603 1388 5647 atrox
1440 5594 1710 5663 cupiditas
1762 5596 1814 5648 in
1852 5596 2061 5650 scelera

456 5679 720 5746 compulit
767 5683 990 5736 saeviora
1018 5702 1029 5735 :
1061 5687 1112 5738 in
1145 5688 1343 5756 quibus
1373 5695 1458 5742 est
1487 5688 1717 5756 primum
1749 5688 1954 5743 crimen
1999 5697 2057 5745 et

449 5771 684 5831 maxime
704 5773 1001 5840 majestatis
1023 5819 1037 5842 ,
1068 5778 1263 5835 deinde
1293 5780 1568 5837 homicidii
1600 5782 1958 5855 veneﬁciique
1979 5799 2045 5840 ac

2182 4676 2396 4729 scenica
2421 4675 2597 4730 officia
2632 4677 2976 4743 declinarint,
3010 4679 3234 4735 ludicris
3271 4680 3587 4735 ministeriis
3617 4680 3789 4749 depu-

2186 4774 2388 4831 tentur,
2409 4781 2545 4835 quas
2565 4760 2793 4823 necllum
2818 4778 2997 4824 tamen
3026 4770 3392 4826 consideratio
3404 4770 3787 4827 sacratissima:

2178 4856 2457 4927 religionis
2488 4866 2544 4913 et
2590 4858 2911 4915 Christiana:
2955 4862 3091 4932 legis
3138 4862 3447 4917 reverentia
3500 4876 3614 4916 suae
3658 4860 3785 4915 iidei

2182 4953 2537 5021 mancipavit;
2593 4968 2687 5009 eas
2734 4956 2902 5022 enim,
2945 4970 3081 5026 quas
3140 4956 3335 5011 melior
3388 4955 3599 5011 vivendi
3655 4968 3788 5010 usus

2186 5045 2406 5101 vinculo
2463 5050 2725 5104 naturalis
2774 5049 3101 5105 conditionis
3149 5052 3371 5117 evolvit,
3406 5048 3605 5106 retrahi
3630 5058 3779 5105 veta-

2184 5154 2324 5192 mus.
2358 5139 2483 5193 Illas
2514 5140 2678 5195 etiam
2714 5140 2943 5195 feminas
2971 5142 3172 5197 liberas
3218 5158 3249 5197 a
3286 5142 3645 5199 contubernio
3667 5156 3784 5197 sce-

2181 5230 2287 5285 nici
2321 5231 2617 5300 prtI‘jUdICii
2640 5233 2836 5289 durare
2864 5232 3232 5305 prmcipintus,
3267 5252 3389 5306 qua:
3418 5234 3784 5291 mansuetudi-

2182 5322 2264 5376 nis
2297 5332 2499 5377 n0stra:
2528 5324 2793 5380 beneficio
2823 5338 3078 5397 expertes
3112 5328 3353 5383 muneris
3382 5327 3639 5397 turpioris
3662 5340 3785 5382 esse

2176 5426 2512 5468 meruerunt.
2550 5414 2673 5469 Dat.
2717 5415 2778 5469 V.
2826 5417 2949 5472 Kal.
2980 5418 3112 5474 Maii
3146 5418 3474 5484 Mediolano,
3529 5416 3785 5472 Gratiana

2181 5504 2246 5569 γ,
2280 5516 2327 5559 et
2352 5506 2643 5561 Theodosia
2676 5507 2729 5575 Ι,
2763 5509 2873 5562 ΛΑ.
2901 5507 3046 5565 Cass.
3084 5509 3258 5583 (580).

2242 5597 2295 5654 5.
2338 5599 2508 5655 Iidem
2532 5603 2688 5657 ΑΑΑ.
2723 5605 2793 5657 ad
2825 5603 3112 5659 Paulinum
3144 5604 3237 5675 Pf.
3276 5604 3343 5659 U.
3375 5604 3633 5675 Quisquis
3661 5604 3780 5675 thy-

2169 5694 2417 5749 melicam
2461 5712 2527 5750 ex
2558 5697 2721 5753 urbe.
2748 5698 3070 5766 venerabili,
3126 5699 3413 5755 immemor
3452 5698 3776 5765 honestatis,

2168 5783 2458 5843 abduxerit
2482 5788 2841 5859 eamdemque
2888 5790 2941 5846 in
2969 5791 3261 5863 longinqua
3293 5791 3654 5857 transtulerit,
3682 5804 3778 5845 seu
3868 5846 3873 5857 ,
