4200 6178
451 252 559 310 599

1283 261 1645 323 THEODOSII
1685 264 2000 322 SELECTA
2039 265 2129 323 DE
2171 267 2546 330 RELlGlONE
2588 275 2928 336 DECRE’I‘A.

3652 287 3758 344 550

451 373 615 428 etiam
673 375 812 433 intra
859 378 1078 439 domum
1131 382 1422 452 propriam,
1455 383 1528 437 ita
1578 391 1636 438 ut
1687 383 2053 452 voluptatibus
2083 387 2386 458 Agemmis
2415 392 2581 459 collo,
2602 395 2862 464 brachiis,
2909 397 3128 469 cingulo
3171 413 3278 456 non
3322 412 3584 457 vetamus.
3633 400 3760 459 Dat.

453 466 683 536 publicis
715 485 822 525 non
871 473 1095 539 serviat,
1152 476 1454 537 retentarit.
1505 477 1743 548 quinque
1792 477 2050 532 librarum

445 560 564 614 auri
590 561 834 618 illatione
859 565 1168 622 mulclctur.
1196 565 1318 622 Dat.
1345 568 1386 621 V
1424 568 1547 623 Kal.
1577 569 1707 624 Maii
1726 570 2048 639 Mediolano,

447 649 704 710 Gratiana
737 655 804 722 V,
831 668 877 711 et
907 658 1196 715 Theodosio
1224 660 1276 726 I,
1301 661 1411 716 AA.
1441 661 1556 716 Cos.
1588 661 1761 735 (380).

520 746 574 801 6.
617 745 789 802 Iidem
860 751 1021 806 AAA.
1075 752 1142 806 ad
1196 752 1533 808 Valerianum
1583 754 1674 826 Pr.
1730 753 1797 810 U.
1847 755 2048 828 Equos,

450 853 588 908 quos
617 841 681 895 ad
706 842 950 898 solemne
978 854 1254 901 certamen
1279 848 1359 901 vel
1392 847 1820 903 mansuetudinis
1853 859 2050 905 nostra:

448 933 664 1003 largitio
707 935 1084 992 subministrat
1111 939 1198 994 vel
1231 939 1572 996 diversarum
1605 958 1674 998 ex
1713 943 2049 1014 amplissimo

449 1024 639 1080 ordine
670 1029 1104 1097 magistratuum,
1139 1030 1400 1088 hactenus
1425 1034 1491 1087 ad
1524 1035 1734 1104 copiam
1765 1035 2052 1105 providen-

445 1115 546 1172 dos
572 1120 843 1175 serenitas
867 1131 1048 1177 nostra
1078 1122 1342 1191 decrevit,
1369 1135 1456 1187 ut,
1481 1127 1742 1198 quidquid
1766 1128 1893 1182 illud
1925 1135 2009 1183 est
2033 1170 2048 1193 ,

445 1211 589 1281 quod
638 1212 936 1282 palmarum
990 1231 1218 1272 numero
1273 1219 1606 1288 gloriosum,
1657 1232 1709 1276 et
1761 1221 2050 1277 celebratis

453 1308 724 1378 utrimque
779 1310 1020 1365 victoriis
1073 1313 1252 1368 nobile
1299 1328 1675 1385 congregatur,
1728 1317 2051 1386 spectaculis

444 1399 626 1468 potius
653 1400 875 1456 urbanae
903 1402 1079 1470 plebis
1129 1404 1409 1472 inserviat,
1451 1422 1612 1476 quam
1666 1409 1861 1477 prmda:
1888 1417 2052 1478 atque

441 1492 764 1561 compendio
790 1493 1102 1562 deputetur.
1125 1495 1380 1567 Quisquis
1401 1497 1558 1567 igitur
1579 1515 1644 1553 ex
1673 1513 1758 1563 eo,
1791 1500 1936 1569 quod
1962 1501 2049 1555 vel

440 1588 708 1641 serenitas
735 1596 921 1641 nostra
953 1588 1036 1642 vel
1085 1589 1343 1644 ordinarii
1392 1592 1646 1645 consules
1670 1593 1750 1645 vel
1786 1602 2050 1662 praetores

441 1676 494 1731 in
550 1677 775 1746 hujusce
829 1678 976 1734 modi
1065 1681 1308 1737 tribuunt
1365 1684 1698 1754 voluptates,
1751 1685 2051 1755 quamlibet

2153 479 2241 536 XI
2273 482 2395 538 Kal.
2449 483 2563 540 Oct.
2599 485 3050 562 Constantinapoli
3075 535 3088 558 ,
3120 492 3410 550 Theodosia
3476 495 3540 549 A.
3587 493 3684 550 III
3715 507 3763 553 et

2156 573 2482 630 Abundantio
2513 577 2660 633 Cass.
2692 582 2864 652 (595).

2226 669 2312 723 l2.
2358 669 2524 724 Iidem
2565 673 2722 728 AAA.
2773 676 2966 745 Rufino
2996 677 3090 750 Pf.
3123 679 3190 732 Ρ.
3226 679 3281 735 Si
3313 697 3416 752 qua
3443 681 3494 737 in
3530 683 3758 753 publicis

2156 764 2451 832 porticibus
2474 767 2555 821 vel
2580 767 2631 821 in
2657 767 2739 822 his
2762 770 3038 826 civitatum
3061 772 3222 839 locis,
3257 775 3308 830 in
3329 777 3526 846 quibus
3558 789 3759 834 nostra:

2153 857 2331 911 solent
2395 859 2656 932 imagines
2707 865 3050 934 Const-cruri,
3100 870 3302 938 pictura
3368 869 3755 938 pantomimum

2157 964 2238 1003 ves
2254 959 2304 1004 te
2337 951 2526 1008 humili
2551 967 2601 1010 et
2635 959 2847 1028 rugosis
2887 960 3096 1015 sinibus
3124 963 3443 1031 agitatorem
3473 973 3566 1019 ant
3594 965 3756 1021 vilem

2154 1041 2346 1097 oll'erat
2378 1045 2722 1114 histrionem,
2773 1050 2918 1104 illico
2952 1053 3244 1107 revellatur
3267 1095 3282 1120 ,
3317 1069 3493 1123 neque
3521 1072 3756 1126 unquam

2153 1135 2380 1205 posthac
2433 1137 2587 1193 liceat
2617 1141 2668 1194 in
2721 1142 2840 1195 loco
2871 1141 3100 1198 honesto
3144 1145 3458 1202 inhonestas
3495 1162 3757 1205 annotare

2155 1245 2436 1300 personas.
2473 1234 2525 1288 In
2554 1235 2704 1290 aditu
2736 1253 2863 1292 vero
2893 1238 3054 1305 circi,
3090 1243 3173 1296 vel
3203 1242 3253 1294 in
3301 1241 3493 1296 theatri
3535 1258 3756 1312 prosce-

2155 1324 2260 1377 niis
2289 1334 2344 1378 ut
2371 1327 2730 1392 collocentur,
2763 1347 2866 1384 non
2892 1343 3158 1388 velamus.
3195 1334 3220 1405 §
3254 1334 3293 1389 Ι.
3333 1335 3427 1389 llis
3459 1335 3588 1391 illud
3614 1337 3756 1406 adji-

2153 1415 2326 1470 cimns
2347 1460 2361 1478 ,
2395 1428 2450 1471 ut
2480 1420 2688 1486 inimaa,
2715 1431 2769 1475 et
2813 1439 2932 1492 qua:
2963 1424 3194 1478 ludibrio
3220 1428 3463 1496 corporis
3490 1429 3574 1481 sui
3604 1444 3756 1498 qua:-

2154 1519 2295 1560 stntu
2336 1508 2569 1578 faciunt,
2607 1513 2824 1580 publice
2857 1515 3040 1570 habitu
3065 1533 3250 1571 earum
3299 1521 3599 1589 virginum,
3633 1535 3754 1590 qua:

2154 1601 2254 1654 deo
2283 1601 2472 1656 dicata:
2527 1614 2652 1658 sunt
2677 1647 2689 1668 ,
2724 1622 2827 1659 non
2861 1617 3106 1670 utantur,
3142 1619 3196 1663 et
3238 1622 3292 1664 ut
3333 1611 3478 1666 nulla
3514 1612 3710 1668 femina
3733 1655 3746 1678 ,

2155 1711 2252 1748 nec
2276 1711 2407 1765 puer
2435 1696 2707 1768 thymelici
2740 1704 3016 1756 consortio
3045 1703 3374 1768 imbuuntur,
3411 1710 3452 1760 si
3485 1705 3751 1761 Christia-

447 1773 752 1828 commodis
782 1774 1212 1845 compendioque
1243 1779 1450 1845 privato
1491 1778 1842 1834 derivandaui
1873 1779 2042 1835 duxe-
2072 1782 2118 1841 Β
2148 1803 2230 1840 me
2261 1789 2536 1856 religionis
2577 1805 2696 1846 esse
2742 1797 3108 1863 cognoscitur.
3169 1797 3291 1851 Dat.
3326 1796 3425 1851 III
3456 1797 3584 1854 Kal.
3632 1799 3747 1856 Jul.

441 1865 514 1920 tit
547 1881 667 1920 esse
686 1865 977 1936 jacturam,
1012 1870 1173 1922 unius
1219 1869 1338 1924 auri
1391 1869 1540 1925 libra:
1589 1871 2041 1926 condemnatione

446 1959 762 2026 mulctatus,
792 1959 1174 2029 largitionibus
1203 1965 1401 2017 nostris
1431 1972 1650 2034 cogatur
1680 1979 1802 2020 esse
1831 1965 2044 2019 munifi-

439 2067 555 2105 cus.
593 2050 716 2106 Dat.
754 2050 894 2106 VIII
951 2052 1076 2107 Kal.
1111 2052 1245 2108 Maii
1278 2053 1518 2124 Treviris,
1545 2054 1799 2112 Eucherio
1821 2067 1868 2112 et
1909 2057 2043 2132 Sya-

439 2145 554 2216 grio
581 2143 728 2201 Cass.
764 2147 943 2219 (581).

514 2241 566 2293 7.
612 2239 778 2295 Iidem
836 2244 994 2296 AAA.
1049 2245 1118 2298 ad
1176 2244 1506 2301 Valerianum
1550 2246 1640 2319 Pf.
1690 2247 1756 2304 U.
1805 2249 1912 2304 Eos
1953 2250 2043 2322 qui

440 2333 682 2402 agitandi
705 2353 900 2392 munus
926 2349 1204 2406 exercent,
1240 2341 1463 2397 illustris
1492 2350 1782 2400 auctoritas
1811 2356 1897 2400 tua
1924 2348 2044 2402 nul-

441 2426 530 2493 lis,
563 2437 760 2497 prazter
779 2429 1026 2485 cireunse
1055 2443 1351 2499 certamen,
1381 2437 1520 2491 allici
1551 2439 1760 2493 noverit
1789 2449 2044 2507 oportere

442 2523 746 2594 supplicIis.
793 2523 912 2581 Dat.
953 2525 1101 2580 VIII
1153 2525 1242 2584 Id.
1290 2528 1418 2584 Maii
1459 2529 1714 2586 Eucherio
1745 2542 1790 2587 et
1818 2534 2044 2606 Syagrio

445 2616 591 2674 Cass.
624 2620 798 2690 (581).

516 2717 568 2768 8.
617 2711 784 2767 Iidem
815 2714 971 2770 AAA.
998 2716 1067 2770 ad
1102 2716 1434 2772 Valerianum
1459 2718 1547 2788 Pl.
1599 2719 1666 2775 U.
1697 2719 1885 2776 Scena:
1927 2738 2044 2777 mu-

445 2805 546 2862 lier
573 2808 618 2862 si
652 2809 990 2864 vacationem
1032 2811 1309 2881 religionis
1357 2813 1576 2867 nomine
1615 2814 1921 2882 postularit,
1949 2817 2046 2871 ob-

445 2909 596 2958 lentu
625 2903 840 2974 quidem
869 2903 1144 2972 petitionis
1194 2907 1366 2960 venite
1414 2922 1521 2961 non
1552 2907 1690 2961 desit
1719 2926 1729 2961 :
1757 2924 1942 2962 verum
1997 2911 2042 2964 si

447 3008 590 3068 post,
624 2998 871 3068 turpibus
903 2985 1136 3053 volutata
1187 3000 1582 3070 complexibus,
1615 3011 1670 3055 et
1699 3002 2040 3073 religionem,

445 3107 605 3163 quam
638 3093 942 3163 expeticrit,
971 3093 1294 3162 prodidisse,
1339 3105 1393 3150 et
1442 3112 1653 3167 gerere,
1688 3099 1830 3170 quod
1862 3099 2044 3154 officio

445 3185 704 3255 desierat,
732 3189 912 3242 animo
944 3196 1122 3244 tamen
1155 3189 1368 3244 scenica
1391 3189 1694 3259 detegetnr,
1726 3201 1955 3247 retracta
1991 3196 2041 3249 in

447 3279 737 3349 pulpitum,
770 3279 887 3336 sine
916 3297 1012 3350 spe
1057 3283 1418 3338 absolutionis
1450 3285 1609 3338 ullius
1653 3285 1725 3339 ibi
1758 3303 1822 3340 co
1873 3303 2042 3357 usque

445 3374 782 3443 permaneat,
814 3372 990 3429 donec
1021 3389 1158 3429 anns
1188 3375 1431 3444 ridicula,
1451 3389 1731 3432 senectute
1761 3380 2037 3447 deformis;

446 3480 544 3519 nec
578 3473 706 3519 tunc
763 3466 982 3536 quidem
1035 3467 1380 3523 absolutione
1421 3470 1674 3538 potiatttr,
1721 3486 1842 3523 cum
1897 3473 2040 3526 aliud
2087 3458 2090 3461 ’

443 3574 602 3629 quam
657 3570 804 3614 casta
847 3576 970 3617 esse
1014 3577 1117 3615 non
1171 3564 1361 3633 possit.
1425 3562 1550 3619 Dat.
1601 3563 1745 3618 VIII
1789 3564 1876 3619 Id.
1912 3566 2040 3621 Maii

443 3652 705 3724 Aquileia,
747 3652 972 3726 Syagrio
1003 3665 1051 3708 et
1081 3653 1338 3710 Eucherio
1368 3654 1511 3710 Cass.
1543 3656 1714 3730 (581).

514 3745 569 3800 9.
611 3744 780 3800 Iidem
812 3748 968 3800 AAA.
1017 3747 1235 3802 Herasio
1288 3747 1596 3802 Procousuli
1642 3751 1852 3822 Africae.
1882 3750 2040 3819 Quan-

443 3856 674 3910 cuinque
707 3857 772 3895 cx
819 3841 978 3911 hujus
1007 3843 1150 3896 modi
1181 3843 1310 3898 faece
1344 3843 1638 3915 progenitae
1667 3846 1878 3900 scenica
1921 3844 2042 3900 offi-

443 3935 522 3988 cia
556 3933 856 4001 declinare,
895 3935 1117 3990 ludicris
1164 3936 1476 3990 ministeriis
1525 3936 1869 4006 deputentur,
1907 3955 2040 4009 quas

443 4025 674 4080 necdum
706 4037 882 4082 tamen
914 4026 1268 4082 sanctissima:
1324 4027 1568 4098 religioni
1615 4030 1752 4084 etin
1804 4047 2040 4100 perenne

444 4119 723 4174 servandte
741 4119 1060 4174 Christianae
1091 4119 1220 4188 legis
1243 4132 1572 4175 secretorum
1601 4123 1899 4176 reverentia
1929 4139 2040 4178 sua:

446 4211 567 4264 lidei
601 4211 904 4267 vindicarit.
938 4212 1057 4266 Illas
1082 4214 1240 4266 etiam
1275 4211 1519 4268 laminas
1549 4213 1804 4267 liberatas
1843 4227 2038 4269 contu-

445 4302 632 4358 bernio
683 4306 882 4360 scenici
933 4305 1228 4375 pra-judicii
1273 4306 1472 4361 durare
1517 4307 1882 4376 praecipimus,
1915 4322 2038 4378 quae

444 4397 873 4452 mansuetudinis
925 4411 1124 4453 nosuae
1173 4398 1435 4454 beneficio
1491 4409 1738 4468 expertes
1801 4402 2040 4456 muneris

446 4493 698 4560 turpioris
734 4507 856 4547 esse
881 4487 1214 4548 meruerunt.
1245 4493 1366 4548 PP.
1401 4493 1746 4567 Karthagine,
1802 4494 1844 4548 V
1907 4495 2032 4551 Kal.

445 4585 593 4658 Sept.
628 4585 882 4639 Eucherio
908 4595 951 4638 et
981 4587 1205 4659 Syagrio
1235 4585 1380 4641 Cass.
1406 4588 1577 4659 (58l).

518 4676 604 4731 10.
651 4675 817 4730 Iidem
859 4678 1015 4731 AAA.
1062 4678 1286 4752 Cynegio
1332 4677 1425 4751 Pf.
1456 4679 1524 4734 P.
1561 4679 1857 4736 Fidicinam
1902 4681 2034 4736 nulli

443 4766 603 4822 liceat
631 4769 714 4824 vel
740 4785 921 4825 emere
964 4771 1044 4826 vel
1075 4771 1270 4826 docere
1294 4771 1376 4826 vel
1410 4772 1641 4827 vendere
1669 4773 1754 4826 vel
1777 4775 2039 4830 conviviis

442 4869 534 4914 aut
589 4863 912 4931 spectaculis
963 4862 1244 4919 adhibere.
1278 4863 1388 4920 Nec
1413 4865 1665 4934 cuiquam
1699 4865 1763 4919 ad
1797 4866 2036 4921 delecta-

443 4953 605 5009 tionis
633 4954 963 5010 desiderium
1011 4955 1221 5010 crudila
1253 4955 1481 5011 feminea
1514 4957 1731 5011 musica:
1759 4957 1888 5012 artis
1927 4969 2041 5012 stu-

444 5045 535 5099 dio
586 5046 744 5102 liceat
785 5047 983 5102 habere
1043 5049 1330 5118 mancipia.
1384 5048 1506 5103 Dat.
1566 5047 1709 5102 VIII
1761 5049 1885 5104 Kal.
1917 5048 2033 5104 .Iul.

442 5139 911 5210 Constantinopoli,
957 5141 1178 5195 Arcadio
1206 5146 1265 5196 A.
1299 5140 1326 5195 I
1359 5153 1403 5196 et
1428 5141 1664 5197 Bautone
1684 5143 1830 5200 Cass.
1860 5143 2036 5216 (585).

517 5235 602 5289 ll.
660 5233 876 5305 Imppp.
938 5234 1298 5303 Theodosius,
1359 5237 1615 5292 Arcadius
1671 5247 1718 5290 et
1773 5236 2038 5292 Honorius

444 5324 603 5380 AAA.
631 5314 827 5396 tiu/ina
850 5327 941 5399 Pf.
979 5327 1043 5383 Ρ.
1068 5326 1227 5382 Nulla
1257 5330 1417 5382 mima
1446 5330 1696 5399 gemmis,
1726 5329 1871 5384 nulla
1894 5330 2041 5399 sigil-

445 5419 569 5474 latis
624 5421 814 5476 sericis
863 5429 957 5475 aut
1011 5422 1170 5476 textis
1219 5430 1403 5476 utatur
1452 5423 1677 5477 auratis.
1709 5422 1802 5476 llis
1829 5437 2042 5492 quoque

446 5513 684 5568 vestibus
725 5513 1400 5580 noveriutabsdnendum,
1445 5530 1578 5585 quas
1608 5514 1798 5569 Graeco
1826 5515 2044 5568 nomine

445 5622 474 5662 a
508 5606 700 5662 Latino
729 5618 940 5662 crustas
971 5616 1188 5670 vocant,
1223 5607 1274 5662 in
1304 5607 1496 5677 quibus
1523 5607 1627 5660 alio
1650 5605 1918 5660 admixtus
1948 5621 2042 5660 co-

448 5702 550 5758 lari
602 5703 718 5772 puri
767 5702 930 5758 rubor
961 5703 1185 5756 muricis
1231 5701 1541 5756 inardescit.
1572 5699 1661 5756 Uti
1687 5714 1817 5754 sane
1847 5699 2037 5757 iisdem

446 5793 730 5852 ltcutulatis
759 5804 812 5851 et
859 5795 1022 5850 variis
1073 5795 1343 5851 coloribus
1393 5794 1603 5858 sericis,
1650 5807 1886 5864 auroque
1928 5794 2046 5848 sine

2152 1877 2457 1947 Ileraclete,
2504 1882 2724 1938 Arcadio
2753 1885 2814 1938 A.
2865 1883 2986 1952 III,
3032 1899 3077 1942 et
3131 1887 3363 1945 Honorio
3397 1891 3458 1946 A.
3493 1889 3578 1959 II,
3604 1892 3746 1948 Cass.

2149 1972 2326 2045 (59l).

2426 2087 2529 2124 LIB.
2565 2088 2676 2128 ινῐ.
2707 2089 2812 2128 ΤΙΤ.
2839 2091 2877 2130 ι.
2909 2092 2977 2131 DE
3006 2093 3128 2132 FIDE
3152 2093 3469 2136 CATHOLICA.

2221 2158 2274 2211 ‘2.
2306 2157 2516 2232 Imppp.
2549 2162 2860 2232 Gratianus,
2902 2166 3294 2224 l’alenliuiunus
3333 2181 3379 2224 et
3426 2169 3749 2228 Theodosius

2153 2251 2308 2304 AAA.
2334 2253 2572 2307 Edictum
2595 2258 2663 2309 ad
2695 2255 2954 2328 Populum
2979 2261 3120 2313 urbis
3143 2260 3742 2335 Constantinpolitame.

2149 2348 2384 2403 (Iunctus
2416 2351 2675 2420 populos,
2710 2368 2844 2422 quos
2875 2355 3181 2410 clementiae
3211 2366 3408 2411 nostr:e
3441 2359 3577 2428 regit
3609 2368 3748 2413 tem-

2155 2453 2562 2511 peramentum,
2619 2445 2671 2499 iu
2744 2446 2836 2500 tali
2893 2448 3144 2503 volumus
3193 2449 3454 2520 religione
3499 2453 3742 2518 vers'ari,

2151 2551 2308 2604 quam
2335 2536 2578 2591 divinum
2608 2536 2825 2592 Petrum
2854 2542 3157 2609 apostolum
3188 2543 3471 2598 tradidisse
3493 2543 3748 2600 Romanis

2151 2629 2340 2699 religio
2369 2645 2541 2699 usque
2572 2632 2638 2685 ad
2690 2648 2832 2687 nunc
2885 2635 2953 2687 ab
3004 2635 3119 2704 ipso
3151 2636 3417 2691 insinuata
3467 2637 3744 2704 declarat,

2149 2739 2416 2794 quantque
2443 2726 2752 2795 pontificem
2786 2728 3069 2782 Damasum
3095 2732 3244 2800 sequi
3267 2733 3435 2786 claret
3456 2743 3508 2786 et
3529 2733 3745 2788 Petrum

2151 2814 2494 2869 Alexandrirc
2547 2818 2899 2887 episcOpum,
2955 2821 3130 2875 virum
3187 2824 3498 2891 apostolicae
3550 2826 3751 2880 sancti-

2151 2908 2309 2973 tatis;
2343 2908 2444 2961 hoc
2487 2919 2570 2964 est
2599 2919 2656 2964 ut
2682 2927 2823 2965 secu:
2851 2911 2978 2966 dum
3009 2916 3359 2983 apostolicam
3399 2917 3744 2982 disciplinam

2148 3003 2628 3073 evangelicamque
2659 3004 2958 3060 doctrinam
2985 3006 3158 3062 Patris
3189 3020 3239 3062 et
3274 3008 3396 3063 Filii
3430 3020 3481 3064 et
3509 3010 3745 3079 Spiritus

2150 3095 2321 3149 sancti
2354 3111 2514 3150 unam
2548 3098 2799 3152 deitatem
2833 3099 2932 3152 sub
2962 3099 3115 3169 parili
3144 3101 3426 3172 majestate
3446 3114 3497 3157 et
3526 3104 3628 3158 sub
3660 3105 3746 3174 pia

2069 3181 2113 3242 C
2151 3188 2387 3242 trinitate
2408 3189 2763 3261 credamus.§
2797 3192 2845 3244 l.
2880 3191 3027 3245 Hanc
3055 3192 3226 3263 legem
3250 3205 3537 3264 sequentes
3558 3193 3746 3251 Chris-

2148 3281 2415 3334 tianorum
2467 3283 2857 3338 catholicorum
2909 3299 3102 3338 nomen
3156 3286 3412 3355 jubemns
3455 3287 3742 3356 amplecti,

2147 3372 2380 3448 reliquos
2411 3390 2540 3429 vero
2569 3374 2848 3429 detinentes
2873 3392 3209 3448 vesanosque
3230 3377 3540 3448 judicnntes
3572 3381 3746 3436 haere-

2147 3447 2236 3519 tici
2265 3465 2532 3536 dogmatis
2583 3467 2854 3522 infamiam
2888 3471 3188 3533 sustinere,
3237 3487 3337 3526 uec
3383 3473 3744 3530 cOnciliabula

2144 3574 2331 3614 eorum
2371 3560 2724 3614 ecclesiarum
2759 3577 2955 3616 nomen
2981 3566 3262 3633 accipere,
3294 3565 3474 3622 divina
3509 3567 3745 3638 primum

2146 3651 2378 3706 vindicta
2399 3693 2413 3715 ,
2442 3664 2560 3722 post
2587 3654 2748 3706 ctiam
2782 3663 2959 3709 motus
3005 3657 3210 3723 nostri,
3241 3674 3400 3727 quem
3429 3675 3497 3714 ex
3533 3661 3768 3735 (mlesti.

2143 3747 2368 3799 arbitrio
2397 3752 2790 3817 sumpserimus
2817 3791 2831 3815 ,
2883 3749 3089 3804 ultione
3115 3749 3451 3818 plectendos.
3490 3751 3610 3806 Dat.
3644 3750 3744 3804 III

2144 3835 2268 3891 Kal.
2320 3837 2478 3892 Mart.
2539 3839 2903 3894 Thessalonica
2931 3883 2944 3906 ,
3000 3839 3247 3896 Gratiano
3288 3843 3352 3896 A.
3397 3843 3464 3910 V,
3495 3854 3542 3898 et
3569 3843 3744 3899 Theo-

2143 3932 2287 3985 dosio
2310 3931 2375 3984 A.
2411 3930 2462 3996 I,
2493 3931 2634 3987 Cass.
2669 3933 2844 4004 (580).

2216 4025 2266 4079 5.
2301 4021 2470 4077 Iidem
2522 4025 2678 4077 AAA.
2729 4029 2796 4077 ad
2851 4023 3146 4080 Auxanium
3183 4027 3539 4096 proconsulem
3583 4027 3740 4083 Asia.

2142 4117 2427 4187 Episc0pis
2485 4117 2622 4172 tradi
2667 4133 2854 4172 omnes
2894 4119 3152 4174 ecclesias
3187 4137 3310 4175 mox
3337 4119 3620 4191 jubemus,
3653 4121 3747 4192 qui

2144 4210 2301 4263 unius
2351 4210 2651 4278 majestatis
2681 4220 2842 4280 atque
2871 4213 3087 4266 virtutis
3114 4212 3328 4267 Patrem
3374 4225 3425 4268 et
3450 4213 3644 4268 Filium
3691 4224 3746 4269 et

2143 4302 2404 4371 Spiritum
2431 4313 2678 4358 sanctum
2714 4304 3061 4367 confitentur,
3096 4306 3337 4374 ejusdem
3372 4308 3558 4376 gloria:
3583 4349 3597 4372 ,
3631 4307 3747 4362 cla-

2143 4396 2318 4450 ritatis
2369 4397 2554 4463 unius,
2608 4398 2741 4450 nihil
2786 4397 3065 4452 dissonum
3095 4402 3314 4468 profana
3366 4399 3634 4454 divisione
3663 4405 3744 4454 fa-

2142 4490 2349 4543 cientes
2369 4529 2385 4556 ,
2414 4489 2509 4544 sed
2565 4490 2819 4543 trinitatis
2848 4489 3093 4544 ordinem
3113 4533 3126 4557 ,
3178 4507 3532 4560 personarum
3563 4506 3745 4548 asser-

2063 4563 2117 4624 Ῑ)
2147 4583 2345 4636 tionem
2377 4591 2431 4636 et
2461 4581 2757 4637 divinitatis
2790 4583 3080 4647 unitatem;
3126 4598 3261 4649 quos
3294 4583 3564 4638 constabit
3590 4598 3745 4637 com-

2144 4675 2399 4730 munione
2431 4673 2664 4730 Nectarii
2719 4675 2958 4744 episcopi
2992 4674 3614 4743 Constantinopolitauze
3643 4677 3746 4732 Ec-

2144 4771 2353 4832 ClCSlLlB,
2405 4767 2681 4823 Timothei
2731 4783 2940 4822 necnon
2986 4770 3121 4822 intra
3153 4767 3448 4841 Egyptqu
3505 4771 3743 4826 Alexan-

2145 4862 2316 4917 drina:
2339 4863 2514 4928 urbis,
2549 4865 2834 4932 episcopos
2856 4878 2978 4918 esse
3016 4865 3282 4930 sociatos;
3335 4881 3470 4936 quos
3497 4869 3658 4922 etiam
3689 4867 3743 4921 in

2145 4957 2381 5011 Orientis
2431 4956 2673 5027 partibus
2739 4956 2955 5027 Pelagio
3003 4958 3260 5028 episcopo
3307 4958 3627 5016 Laodicensi
3687 4969 3743 5014 et

2147 5049 2383 5104 Diodoro
2405 5049 2659 5119 episcopo
2689 5049 2944 5105 Tarsensi
2974 5069 2986 5104 :
3019 5053 3069 5104 in
3101 5055 3224 5106 Asia
3259 5068 3464 5107 necnon
3511 5067 3743 5123 procon-

2146 5141 2312 5197 sulari
2366 5152 2526 5212 atque
2580 5142 2780 5196 Asiana
2827 5143 3049 5198 dioecesi
3097 5143 3436 5213 Amphilocio
3490 5145 3748 5214 episcopo

2149 5236 2412 5292 lconiensi
2447 5246 2498 5291 et
2529 5236 2746 5307 Optimo
2793 5237 3048 5308 episeopo
3075 5236 3413 5291 Antiocheno
3464 5255 3477 5291 :
3511 5237 3564 5291 iu
3606 5237 3752 5293 Pon-

2151 5328 2254 5384 tica
2291 5327 2515 5383 dioecesi
2550 5327 2792 5383 Helladio
2840 5328 3094 5398 episcopo
3119 5327 3443 5382 Caesariensi
3471 5337 3528 5384 et
3567 5327 3752 5385 Otreio

2150 5419 2407 5477 Meliteno
2434 5429 2489 5475 et
2536 5419 2800 5490 Gregorio
2840 5420 3098 5488 episc0po
3143 5418 3390 5488 Nysseno
3417 5461 3433 5487 ,
3475 5419 3749 5479 'l‘crennio

2149 5515 2406 5584 episcopo
2457 5511 2715 5580 Scylhize,
2746 5509 3034 5564 Marmario
3064 5511 3318 5580 episc0po
3344 5511 3753 5584 Martianopoli-

2152 5615 2277 5660 tauo
2325 5603 2725 5658 communicare
2787 5600 3111 5658 constiterit.
3166 5601 3274 5656 llos
3316 5605 3381 5659 ad
3428 5605 3755 5664 obtinendas

2154 5700 2446 5755 catlioliCas
2499 5695 2769 5751 Ecclesias
2815 5711 2882 5750 ex
2937 5696 3316 5754 communione
3375 5710 3425 5755 et
3477 5702 3755 5758 consortio

2161 5793 2518 5865 probabilium
2574 5789 2916 5846 sacerdotum
2947 5791 3216 5860 oportebit
3267 5789 3478 5850 admitti
3521 5784 3756 5850 :omues
