4200 6178
464 285 562 339 lilii

1642 273 2081 333 TllEUDOSlUS
2121 270 2208 331 ΕΤ
2250 274 2584 332 PACATUS.

3667 282 3772 339 .5752

463 411 645 455 autem
666 441 677 459 .
702 401 793 469 qui
822 399 890 454 ab
915 412 1100 453 eorum
1122 436 1135 461 ,
1180 411 1316 466 quos
1344 396 1793 450 commemoratio
1817 392 2064 462 specialis
2091 401 2145 461 Α
2172 392 2348 448 fructu
2371 436 2385 456 ,
2418 404 2472 448 et
2512 398 2798 452 summotis
2831 398 2914 453 his
2946 409 3106 471 atque
3138 404 3364 474 dt-jectis
3394 406 3445 459 in
3490 404 3776 459 ltmredita-

464 495 769 561 extiresslt,
802 491 925 546 ﬁdei
954 490 1339 545 communione
1392 488 1752 552 dissentiunt,
1809 496 1864 541 ut
1896 484 2065 540 manl-

464 584 631 639 festos
662 585 947 635 luci-otiaris
975 582 1041 635 ab
1068 582 1317 635 CCt'lesiiS
1344 581 1577 647 expelli,
1634 595 1809 647 neque
1862 578 1944 631 his
1974 593 2067 647 pe-

465 678 612 731 nitus
643 675 864 745 posthac
896 673 1317 727 obtinendarum
1348 674 1699 727 ecclesiarum:
1733 671 2063 739 pontitiriunn

466 769 886 835 facultatemque
927 766 1161 834 permitti
1188 805 1201 829 ,
1248 774 1306 817 ut
1331 780 1474 818 verm
1499 779 1559 817 ac
1587 762 1802 817 Nicena:
1833 762 1953 814 lidei
1983 776 2068 814 sa-

466 847 707 903 cerdotia
772 856 917 901 easta
987 856 1377 913 permaneant,
1428 858 1527 899 nec
1586 854 1707 913 post
1762 842 2064 897 evidentem

466 941 722 1011 praerepti
750 939 916 992 nostri
942 937 1169 993 formam
1195 937 1442 1006 maligna.-
1463 938 1613 991 locus
1636 936 1793 990 detur
1816 933 2024 989 astutia-
2052 951 2064 987 :

464 1032 591 1086 Dat.
636 1029 737 1084 III
774 1028 900 1084 Kal.
948 1030 1083 1101 Aug.
1134 1028 1382 1083 Heraclea
1410 1071 1423 1094 ,
1482 1028 1735 1082 Eucherio
1763 1037 1811 1081 el
1845 1026 2071 1097 Syagrio

469 1121 613 1177 Cass.
643 1122 762 1195 (εει
780 1120 820 1193 ).

464 1274 567 1314 LIB.
606 1275 713 1313 XVI.
747 1272 860 1312 Tl'l'.
893 1272 950 1314 ΙΙ.
986 1274 1051 1314 DE
1083 1270 1379 1325 EPISCOPIS,
1413 1273 1678 1313 ECCLESIIS
1707 1273 1773 1312 ET
1804 1272 2069 1314 CLEBICIS.

540 1395 629 1450 25.
674 1392 887 1467 Imppp.
937 1393 1251 1459 Gratianus,
1308 1393 1705 1448 Valentinianus
1737 1406 1783 1448 et
1829 1395 2072 1449 Theodo.

466 1489 571 1541 sius
600 1485 882 1541 ΑΑΑ......
913 1486 1012 1553 Qui
1044 1487 1239 1540 divinas
1286 1486 1416 1556 legis
1458 1488 1796 1542 sanetitatem
1844 1498 1935 1541 aut
1982 1503 2076 1543 ne-

468 1580 692 1635 sciendo
716 1579 1047 1633 contundunt
1076 1590 1168 1632 aut
1199 1580 1519 1649 negligendo
1547 1578 1751 1633 violant
1798 1591 1851 1635 et
1898 1580 2074 1636 oll‘en-

471 1674 601 1726 dtmt
626 1712 638 1733 ,
672 1670 1013 1741 sacrilegium
1045 1672 1410 1725 committunt.
1466 1670 1586 1724 Dat.
1620 1670 1713 1723 III
1750 1670 1872 1724 Kal.
1911 1670 2073 1726 Mart.

2174 484 2269 537 riis
2297 487 2617 553 corporibus
2651 498 2917 553 pote~tate
2950 501 3128 545 utatur
3153 494 3404 550 hmredis.
3442 495 3468 565 ᾗ
3502 496 3774 550 LFaatni-

2171 590 2275 641 me,
2298 591 2417 643 qua:
2443 576 2649 631 crinem
2676 593 2831 634 suum
2857 594 3042 636 COnlra
3068 586 3282 639 divinas
3315 586 3777 657 humanasquele-

2173 681 2263 733 ge»
2286 667 2541 721 instincm
2568 685 2839 737 persuasa:
2855 672 3208 739 professionis
3233 676 3587 744 absciderint,
3605 679 3672 732 ab
3690 695 3777 734 cc-

2172 757 2352 811 ch-size
2370 759 2575 813 foribus
2593 772 2896 817 arceantur.
2920 765 3031 819 Nan
3057 767 3161 819 illis
3192 768 3265 820 lae
3293 768 3382 831 sit,
3404 782 3612 823 sacrata
3631 769 3779 824 adire

2173 851 2431 920 my-teria
2452 891 2466 915 ,
2492 867 2663 919 neque
2692 855 2816 908 ullis
2837 858 3331 925 supplicationibus
3357 870 3669 915 mereantur
3688 876 3778 917 ve-

2175 942 2415 995 neranda
2444 944 2698 999 omnibus
2728 948 2917 1001 altaria
2953 948 3332 1019 frequentare;
3365 952 3503 1008 adeo
3531 954 3775 1023 quidem,

2175 1044 2233 1088 ut
2262 1038 2582 1106 episcopus,
2618 1046 2777 1095 tonso
2801 1043 2976 1111 Capite
3008 1043 3262 1099 feminam
3306 1046 3350 1098 si
3389 1047 3613 1099 introire
3654 1061 3780 1114 per-

2176 1129 2417 1196 miserit,
2475 1129 2720 1201 dejectns
2763 1133 2881 1187 loco
2928 1137 3089 1189 etiam
3143 1137 3258 1204 ipse
3301 1151 3422 1190 cuin
3469 1136 3780 1205 hujusmodi

2176 1224 2547 1279 contuberniis
2572 1236 2822 1281 arceatur
2854 1245 2867 1281 :
2896 1244 2957 1283 ac
2987 1244 3092 1284 non
3120 1229 3281 1283 modo
3305 1231 3349 1285 si
3382 1227 3501 1284 ﬂeri
3522 1231 3778 1297 suaserit,

2176 1329 2360 1369 verum
2392 1316 2553 1370 etiam
2582 1316 2627 1370 si
2657 1318 2759 1372 hoc
2782 1318 2849 1373 ab
2883 1320 3152 1388 aliquibus
3186 1322 3364 1390 exigi,
3394 1320 3593 1375 laetum
3632 1320 3784 1376 deni-

2179 1423 2285 1476 que
2311 1422 2431 1463 esse
2457 1424 2798 1479 quacumque
2839 1413 3053 1466 ratione
3094 1412 3456 1481 compererit,
3508 1412 3641 1466 nihil
3681 1413 3783 1466 sibi

2180 1502 2445 1572 intelligat
2464 1503 2736 1571 opitulari.
2768 1504 2878 1559 Hoc
2900 1506 3103 1575 absque
3126 1508 3291 1561 dubio
3311 1508 3666 1563 emendandis
3691 1522 3785 1577 pro

2182 1597 2299 1665 lege
2338 1594 2479 1659 erit,
2523 1597 2823 1651 emendatis
2867 1614 2964 1669 pro
2993 1601 3416 1668 consuetudine,
3463 1613 3521 1656 ut
3568 1602 3644 1656 illi
3689 1602 3785 1655 ha-

2181 1689 2347 1743 beant
2378 1690 2786 1761 testimonium,
2835 1694 2921 1747 isti
2963 1694 3217 1763 incipiant
3265 1696 3456 1749 timere
3500 1695 3783 1763 judicium.

475 1764 843 1819 Thessalonica
864 1806 878 1830 ,
905 1761 1154 1818 Gratiano
1176 1765 1241 1817 Α.
1280 1762 1346 1830 V,
1372 1775 1416 1817 et
1440 1762 1728 1817 Theodosia
1753 1762 1817 1816 Α.
1847 1762 1901 1829 I,
1927 1762 2071 1816 Cass.

2184 1780 2308 1836 Dat.
2339 1781 2421 1835 XI
2458 1782 2580 1836 Kal.
2613 1782 2725 1838 Jul.
2764 1761 3092 1851 Mediolano,
3125 1761 3511 1841 Valentiniano
3537 1786 3601 1840 Α.
3634 1784 3713 1841 IV
3742 1796 3789 1841 et

500 1859 647 1930 asa).

588 1862 601 1910 l
635 1899 647 1910 .

476 1860 630 2006 (5:6).
675 1949 846 2004 Iidem
877 1948 1034 2003 AAA.
1078 1948 1147 2001 ad
1183 1948 1493 2002 Tuscianum
1533 1947 1779 2003 Comitem
1827 1946 2072 2001 Orientis.

474 2043 806 2111 Universos,
859 2058 996 2114 quos
1062 2041 1368 2097 constiterit
1415 2042 1670 2095 custodes
1723 2041 2077 2095 ecclesiarum

472 2155 593 2196 esse
621 2141 707 2195 vel
735 2150 1051 2193 sanctorum
1081 2138 1323 2192 locorum
1351 2177 1367 2201 ,
1399 2152 1461 2190 ac
1494 2135 1760 2205 religiosis
1804 2135 2078 2205 obsequiis

472 2233 783 2297 deservire,
815 2233 1018 2285 nullius
1061 2231 1433 2284 attentationis
1473 2230 1771 2283 molestiam
1810 2227 2080 2282 sustinere

472 2325 839 2380 decernimus.
890 2324 1020 2389 Quis
1066 2323 1208 2375 enim
1255 2335 1352 2376 eos
1395 2321 1571 2389 capite
1616 2335 1808 2375 censos
1849 2322 2081 2389 patiatur

473 2432 594 2472 esse
622 2417 908 2472 devinctos
933 2457 947 2478 ,
981 2428 1117 2486 quos
1146 2414 1454 2468 necessario
1486 2414 1737 2483 intelligit
1774 2428 1936 2481 supra
1970 2428 2082 2469 me-

476 2523 687 2563 morato
714 2509 978 2577 obsequio
1005 2506 1378 2575 mancipatos?
1412 2505 1530 2559 Dat.
1566 2507 1705 2574 prid.
1743 2505 1865 2559 Kal.
1907 2507 2078 2576 April.

477 2602 926 2672 Constantinopoli
949 2643 963 2667 ,
997 2599 1256 2654 Eucherio
1285 2609 1330 2652 et
1360 2598 1586 2670 Syagrio
1617 2601 1761 2653 Cass.
1797 2596 1969 2671 (581).

550 2694 640 2749 27.
686 2693 895 2767 Imppp.
929 2693 1356 2760 Valentinianus,
1387 2692 1710 2747 Theodosius
1737 2705 1782 2748 et
1831 2694 2083 2749 Arcadius

480 2789 636 2843 AAA.
670 2786 892 2842 Tatiana
926 2785 1016 2857 ΡῙ.
1054 2786 1118 2840 Ρ.
1168 2786 1321 2841 Nulla
1368 2787 1470 2841 nisi
1518 2788 1754 2842 emensis
1801 2787 2083 2857 sexaginta

477 2886 637 2939 annis
659 2926 673 2950 ,
721 2885 805 2939 cui
838 2885 1014 2938 votiva
1045 2881 1195 2937 domi
1247 2882 1424 2952 proles
1456 2883 1557 2945 sit,
1592 2881 1890 2936 secundum
1943 2897 2083 2949 prie-

475 2987 691 3046 ceptum
722 2975 950 3043 apostoli
981 2974 1048 3029 ad
1074 2975 1503 3029 diaconissarum
1537 2975 1868 3028 C(lnSlll'lillm
1906 2980 2085 3026 trans-

481 3072 707 3126 feratur.
764 3069 902 3125 Tum
935 3069 1059 3124 filiis
1087 3070 1199 3122 suis
1228 3077 1478 3123 curatore
1498 3110 1513 3133 ,
1545 3068 1589 3120 si
1624 3067 1675 3121 id
1707 3076 1837 3121 anas
1864 3068 2037 3134 poscit
2066 3108 2081 3132 ,

481 3165 675 3232 petito.
724 3163 863 3218 bona
912 3178 1007 3215 sua
1061 3159 1269 3215 idoneis
1314 3160 1499 3214 sedula
1544 3160 1801 3228 religione
1848 3159 2080 3228 gerenda
2114 3180 2159 3243 ρ

479 3258 813 3322 committat,
851 3256 963 3326 ipsa
994 3263 1203 3310 tantum
1239 3253 1563 3323 praediorum
1610 3267 1829 3306 suorum
1879 3252 2086 3306 reditus

479 3359 878 3421 Consequatur,
911 3349 976 3402 de
1004 3349 1201 3419 quibus
1242 3345 1528 3413 servandi,
1560 3345 1903 3401 abalienandi
1930 3387 1943 3410 ,
1990 3345 2087 3397 do-

484 3443 668 3505 nandi,
699 3441 1056 3503 distraheudi,
1092 3438 1430 3508 relinquendi
1456 3479 1470 3503 ,
1500 3439 1581 3493 vel
1605 3437 1781 3507 quoad
1811 3446 2116 3506 superest,-

481 3534 566 3588 vel
598 3548 719 3587 cum
762 3536 812 3587 iit
846 3532 951 3586 fata
999 3532 1248 3585 concedit
1285 3541 1339 3585 et
1371 3530 1537 3585 libera
1578 3531 1627 3584 ei
1678 3530 1928 3583 voluntas
1966 3540 2044 3583 est
2068 3572 2083 3595 ,

482 3630 689 3697 integra
717 3631 786 3680 sit
817 3632 1076 3695 potestas.
1112 3622 1254 3677 Nihil
1285 3622 1350 3676 de
1379 3623 1670 3677 monilibus
1700 3633 1751 3676 et
1783 3620 2089 3690 supellecti-

484 3719 518 3772 li
543 3763 557 3787 ,
593 3718 728 3773 nihil
772 3718 840 3772 de
869 3732 1002 3771 auro
1027 3756 1043 3784 ,
1072 3726 1297 3786 argento
1324 3717 1645 3785 cmtet‘isque
1686 3717 1848 3769 clara:
1892 3714 2086 3768 domus

483 3811 784 3879 insignibus
814 3808 918 3863 sub
945 3808 1221 3877 religionis
1264 3806 1583 3862 defensione
1626 3815 1911 3860 coiisumat
1937 3845 1950 3870 ,
1989 3804 2084 3858 sed

480 3903 736 3955 universa
768 3901 969 3969 integra
1018 3901 1068 3952 in
1104 3900 1333 3961 liberos,
1370 3899 1646 3966 proximos
1692 3898 1772 3950 vel
1820 3898 1871 3949 in
1917 3913 2081 3964 quos-

480 4008 712 4062 cumque
740 3994 873 4047 alios
900 4032 914 4056 ,
944 3991 1156 4045 arbitrii
1179 3990 1262 4043 Sili
1284 3990 1705 4053 existimatione,
1732 3987 2080 4041 transcribet.

480 4083 557 4139 Ac
580 4085 621 4137 si
653 4084 870 4151 quando
892 4083 1035 4137 diem
1058 4080 1280 4144 abierit,
1309 4082 1507 4134 nullam
1531 4079 1816 4136 ecclesiam
1838 4119 1854 4145 ,
1881 4079 2081 4132 tmllum

478 4176 770 4236 clericum.
803 4162 1013 4235 nullum
1041 4188 1333 4241 pauperem
1365 4173 1563 4227 scribat
1598 4172 1860 4226 lneredes.
1889 4170 2086 4226 Careat

480 4246 713 4336 namque
732 4250 976 4329 necesse.
995 4276 1079 4319 est
1109 4264 1349 4331 viribus,
1400 4266 1442 4318 si
1476 4264 1601 4334 quid
1641 4277 1827 4318 contra
1861 4269 2082 4319 vetitum

481 4361 622 4415 circa
650 4342 911 4425 personas
936 4357 1245 4428 specialiter
1275 4359 1704 4425 comprehensas
1732 4356 1891 4410 fuerit
1911 4373 1936 4408 a
1970 4372 2085 4410 mo-

479 4453 653 4507 riente
700 4450 1029 4507 confectum.
1078 4434 1229 4515 lino",
1280 4448 1325 4503 si
1375 4450 1501 4521 quid
1569 4450 1637 4504 ab
1686 4450 1769 4503 his
1828 4450 2082 4504 morienti

474 4543 637 4599 fuerit
687 4551 956 4598 extortum
985 4551 1009 4607 ,'
1050 4540 1150 4597 nec
1203 4542 1365 4605 tacito
1414 4542 1831 4596 lideicommisso
1879 4541 2080 4611 aliquid
2114 4565 2163 4625 ι)

477 4639 690 4692 clericis
741 4638 792 4690 in
846 4628 1475 4691 fraudem'venerabilis
1534 4636 1831 4688 sanetionis
1884 4632 2079 4688 callida

478 4740 595 4781 arte
639 4736 732 4780 aut
777 4730 1034 4795 probrosa
1061 4725 1357 4796 cujuspiam
1388 4726 1727 4779 conniventia
1770 4722 2077 4790 deferatur;

476 4826 725 4873 extorres
747 4820 854 4872 sint
880 4821 947 4873 ab
971 4819 1220 4873 omnibus
1245 4859 1260 4881 ,
1286 4819 1481 4887 quibus
1508 4819 1867 4882 inhiaverant,
1901 4818 2076 4873 bonis.

476 4910 549 4965 Et
576 4910 620 4964 si
649 4910 774 4979 quid
806 4909 944 4963 forte
973 4924 1067 4978 per
1092 4910 1413 4979 epistolam,
1445 4908 1757 4963 codicillum
1781 4948 1795 4973 ,
1828 4909 2080 4962 donatio-

474 5020 597 5059 nem
619 5045 634 5071 ,
680 5011 1065 5058 testamentum
1084 5044 1096 5065 ,
1140 5001 1387 5071 quolibet
1412 5003 1644 5074 denique
1672 5003 1939 5072 detegitur
1981 5018 2077 5073 ge-

472 5113 602 5153 nere
629 5097 994 5167 conscriptum
1021 5112 1147 5167 erga
1176 5112 1268 5150 eos
1289 5139 1301 5162 ,
1333 5113 1466 5167 quos
1491 5097 1592 5150 hac
1621 5100 1903 5152 sanatione
1930 5113 2078 5151 sum-

472 5190 776 5258 movimus,
811 5192 861 5245 id
893 5207 993 5247 nec
1022 5191 1076 5245 in
1103 5190 1370 5259 judicium
1402 5190 1719 5254 devocetur,
1753 5192 1847 5245 sed
1883 5193 1965 5246 vel
2008 5208 2073 5247 ex

470 5288 730 5341 inte~tato
778 5287 863 5352 is,
910 5285 1000 5356 qui
1049 5280 1152 5339 sibi
1197 5296 1508 5354 competere
1556 5284 1835 5352 intelligit,
1890 5286 2075 5339 statuti

472 5375 634 5447 hujus
656 5377 971 5433 delinitione
993 5374 1283 5441 succedat;
1309 5377 1354 5429 si
1375 5376 1497 5447 quis
1521 5388 1581 5429 se
1608 5377 1852 5445 agnoscit
1882 5376 2073 5443 lilium,

473 5471 518 5525 si
550 5476 673 5542 quis
700 5472 888 5543 probat
922 5474 1313 5543 propinquum,
1348 5472 1392 5526 si
1427 5471 1545 5539 quis
1576 5469 1809 5541 denique
1835 5471 1922 5527 vel
1952 5487 2078 5527 casu

472 5564 556 5618 vel
595 5564 805 5635 judicio
838 5582 934 5636 pro
959 5566 1172 5633 Solido,
1201 5581 1299 5636 pro
1336 5564 1583 5637 portione
1622 5565 1824 5627 haeres,
1878 5565 2082 5636 legata-

473 5659 619 5725 rius,
652 5659 1186 5715 lldeicommissarius
1226 5660 1428 5730 apertis
1473 5658 1899 5732 deprehenditur
1929 5658 2079 5715 codi—

471 5752 640 5826 cillis,
701 5754 911 5813 fruatur
969 5756 1196 5817 fortunae
1259 5776 1482 5821 munere
1549 5763 1895 5823 conscientiae
1964 5780 2078 5826 suae

2185 1872 2430 1927 Neoterio
2474 1873 2533 1927 ν.
2569 1875 2628 1929 C.
2659 1877 2799 1931 Cass.
2834 1875 3014 1947 (.390).

2256 1967 2347 2021 98.
2391 1966 2559 2021 Iidem
2587 1968 2743 2025 ΑΑΑ.
2776 1969 2998 2024 Taliane
3048 1971 3134 2035 ΡΙ.
3187 1969 3253 2026 Ρ.
3289 1971 3485 2040 Legem
3508 2010 3524 2037 ,
3569 1986 3692 2041 qua
3722 1971 3791 2027 de

2181 2058 2505 2113 diaconissis
2533 2061 2613 2113 vel
2646 2062 2823 2115 viduis
2852 2077 3024 2128 nuper
3053 2071 3138 2116 est
3169 2065 3503 2131 promulgata
3524 2103 3538 2126 ,
3575 2076 3641 2116 ne
3669 2062 3788 2131 quis

2186 2155 2439 2208 videlicet
2460 2157 2688 2209 clericus
2713 2171 2851 2210 neve
2874 2157 2974 2210 sub
2990 2156 3237 2211 ecclesia:
3260 2157 3479 2210 nomine
3500 2153 3787 2223 mancipia,

2184 2247 2577 2315 supellcctilem
2607 2248 2879 2316 praedam.
2910 2250 3056 2304 velut
3093 2249 3294 2303 intlrnii
3331 2262 3494 2303 sexus
3530 2248 3792 2317 dispolia-

2188 2346 2295 2403 tor,
2334 2340 2634 2401 invaderet.
2667 2351 2744 2405 et,
2778 2343 3004 2394 remotis
3040 2339 3294 2395 allinihus
3334 2356 3397 2395 ac
3439 2341 3790 2410 prapinquis,

2187 2431 2301 2499 ipse
2330 2431 2430 2485 sub
2458 2441 2717 2501 praetextu
2745 2433 3027 2488 Catholica:
3064 2434 3367 2501 disciplina:
3404 2449 3465 2489 se
3494 2441 3680 2504 ageret
3714 2433 3794 2487 vi-

2187 2527 2361 2578 ventis
2382 2525 2655 2579 haaedetn
2677 2566 2691 2591 ,
2719 2532 2945 2581 eatenus
2978 2527 3371 2583 animadvertat
3417 2543 3539 2583 esse
3566 2542 3794 2582 revoca-

2190 2627 2294 2671 tam
2322 2660 2336 2675 .
2370 2627 2428 2671 ut
2458 2618 2524 2672 de
2554 2619 2795 2672 omnium
2823 2618 3028 2673 chartis
3054 2661 3068 2683 ,
3100 2620 3142 2673 si
3172 2621 3281 2688 jam
3332 2632 3458 2674 nota
3490 2632 3573 2674 est
3596 2661 3610 2682 .
3643 2618 3796 2673 aufe-

2187 2725 2355 2776 ratur,
2382 2726 2554 2780 neque
2576 2711 2861 2781 quisquam
2890 2724 2982 2764 aut
3014 2712 3250 2781 litigator
3278 2729 3339 2765 ea
3373 2713 3477 2766 sibi
3497 2712 3751 2766 utendum
3775 2752 3791 2775 ,

2186 2804 2463 2873 autjndex
2504 2810 2713 2857 noverit
2742 2787 3168 2873 exsequendmni
3220 2803 3343 2858 Dat.
3383 2803 3432 2858 X
3471 2803 3597 2859 Kal.
3641 2804 3790 2872 Sept.

2201 2896 2447 2960 Veronae,
2523 2894 2881 2951 Valentiniano
2945 2896 3010 2950 Α.
3073 2895 3157 2949 IV
3228 2907 3276 2950 et
3341 2895 3587 2952 Neoteria
3644 2894 3791 2953 Cass.

2188 2989 2367 3059 (590).

2504 3080 2621 3135 ἰιι
2656 3097 2764 3135 XVI.
2802 3096 2914 3135 τιτ.
2953 3097 3032 3136 ιιι.
3067 3098 3134 3137 nr:
3165 3097 3458 3137 nonacms.

2267 3177 2316 3230 l.
2354 3176 2565 3248 Imppp.
2604 3176 3005 3230 Valentinianus
3030 3216 3046 3242 ,
3099 3176 3420 3230 Theodosius
3461 3186 3507 3230 et
3536 3176 3795 3233 Arcadius

2194 3269 2348 3323 ΑΑΑ.
2388 3267 2609 3322 Tatiano
2660 3267 2750 3337 Pf.
2814 3267 2881 3321 P.
2931 3268 3274 3337 Quicumque
3306 3270 3406 3322 sub
3447 3268 3794 3339 professimie

2192 3362 2441 3417 monachi
2477 3362 2823 3431 reperiuntur
2845 3402 2858 3427 ,
2889 3362 3100 3415 de~erti
3134 3362 3249 3415 loca
3289 3369 3346 3416 et
3375 3372 3556 3416 vastas
3602 3362 3795 3417 solitu-

2190 3455 2347 3509 dines
2375 3455 2523 3522 sequi
2553 3464 2712 3523 atque
2744 3453 3315 3522 habitarejubeantur.
3345 3452 3467 3507 Dat.
3500 3452 3592 3506 III
3650 3453 3791 3507 Non.

2193 3549 2338 3619 Sept.
2378 3545 2614 3611 Veronae,
2666 3545 3031 3601 Valentiniano
3059 3550 3121 3600 Α.
3158 3545 3241 3600 IV
3270 3556 3316 3601 et
3350 3546 3594 3602 Neoterio
3645 3547 3793 3605 Cass.

2192 3640 2369 3710 (590).

2261 3736 2315 3789 2.
2348 3733 2517 3788 Iidem
2543 3734 2705 3789 ΑΑΑ.
2756 3733 2978 3788 Tatiana
3007 3734 3099 3807 ΡῙ.
3139 3734 3203 3789 Ρ.
3237 3734 3530 3791 Monachus
3551 3772 3568 3801 ,
3598 3736 3794 3804 quibus

2192 3828 2493 3883 interdicta:
2522 3827 2734 3883 fuerant
2762 3827 3009 3882 civitates
3035 3869 3048 3889 ,
3074 3827 3199 3881 dum
3229 3828 3529 3896 judiciariis
3560 3837 3795 3897 aguntur

2192 3921 2402 3987 injuriis
2426 3960 2441 3984 ,
2486 3920 2537 3973 in
2573 3920 2856 3987 pristinum
2904 3930 3102 3974 statum
3126 3960 3137 3980 .
3170 3928 3437 3974 summota
3486 3918 3586 3973 hac
3633 3920 3748 3989 lege
3771 3961 3786 3984 ,

2189 4029 2312 4069 esse
2364 4013 2707 4081 praecipimus
2742 4030 2754 4065 :
2788 4017 3063 4079 antiquata
3093 4012 3138 4066 si
3180 4012 3399 4081 quidem
3445 4021 3643 4066 nostra:
3676 4014 3792 4066 cle-

2190 4106 2404 4160 mentia:
2434 4106 2708 4171 iussione,
2742 4103 2945 4159 liberos
2985 4105 3037 4158 in
3070 4103 3284 4173 Oppidis
3313 4103 3573 4171 largimur
3600 4104 3677 4158 eis
3708 4104 3789 4157 in-

2188 4212 2426 4267 gressus.
2467 4196 2588 4251 Dat.
2621 4194 2726 4250 XV
2782 4194 2908 4249 Kal.
2958 4196 3090 4250 Maii
3122 4194 3605 4266 Constantinopoli,
3629 4196 3793 4251 Arca-

2188 4292 2273 4344 dia
2297 4292 2357 4344 Α.
2387 4290 2444 4344 II
2476 4300 2519 4345 et
2552 4289 2745 4358 Ruﬁno
2768 4288 2911 4345 Cass.
2945 4288 3121 4358 (592).

2261 4399 2367 4439 LIB.
2403 4398 2512 4438 XVI.
2562 4398 2676 4438 'l'lT.
2723 4399 2793 4436 IV.
2826 4399 2893 4437 DE
2922 4397 3039 4446 HIS,
3085 4397 3173 4445 QUI
3219 4398 3388 4439 SUPER
3432 4397 3718 4441 RELIGIONB

2786 4490 3167 4531 CONTENDUNT.

2262 4569 2313 4622 l.
2349 4566 2563 4636 Imppp.
2607 4566 3000 4621 Valentinianus
3026 4608 3041 4631 ,
3090 4566 3410 4625 Theodosius
3438 4579 3484 4622 et
3529 4569 3787 4623 Arcadias

2190 4660 2348 4715 ΑΑΑ.
2387 4660 2635 4731 Easignia
2691 4657 2781 4727 Pf.
2844 4659 2911 4714 Ρ.
2948 4659 3040 4713 His
3066 4702 3081 4723 ,
3121 4661 3211 4729 qui
3265 4661 3366 4714 sibi
3414 4661 3789 4716 tantummodo

2188 4753 2505 4807 existimant
2526 4750 2815 4821 eolligendi
2842 4753 3051 4820 copiam
3075 4753 3437 4808 contributam
3465 4796 3479 4818 ,
3507 4756 3550 4806 si
3595 4754 3787 4809 turbu-

2188 4846 2388 4899 lentum
2425 4844 2698 4913 quippiam
2729 4855 2916 4899 contra
2967 4854 3163 4899 nostra:
3198 4848 3600 4917 tranquillitatis
3651 4864 3789 4916 pra:-

2188 4948 2401 5007 ceptum
2464 4936 2766 4992 faciendum
2810 4954 2931 4993 essa
2980 4941 3345 5007 tentaveriut,
3396 4950 3454 4995 ut
3505 4942 3788 4997 seditionis

2188 5040 2440 5085 auctores
2468 5030 2723 5099 pacisque
2765 5031 2993 5085 turbatae
3038 5030 3297 5087 Ecclesia:
3323 5074 3337 5099 ,
3372 5036 3672 5101 maiestatis
3699 5051 3789 5090 ca-

2186 5123 2295 5190 pite
2324 5137 2387 5176 ac
2417 5123 2679 5191 sanguine
2710 5124 2817 5177 sint
2847 5125 3108 5193 supplicia
3163 5124 3369 5181 luituri.
3407 5125 3531 5181 Dat.
3572 5127 3623 5182 X
3653 5126 3781 5181 Kal.

2187 5213 2346 5268 Febr.
2396 5213 2877 5285 Constantinapali,
2931 5215 3165 5272 Ilanario
3199 5215 3318 5271 NB.
3370 5216 3437 5272 P.
3489 5229 3537 5273 et
3585 5218 3784 5274 Evodio

2186 5302 2330 5360 Cass.
2364 5305 2539 5376 (586).

2256 5398 2312 5451 2.
2358 5397 2526 5452 Iidem
2560 5398 2720 5453 ΑΑΑ.
2758 5398 2979 5455 Tatiano
3034 5401 3126 5473 Pf.
3161 5402 3229 5457 P.
3283 5402 3425 5459 Nulli
3455 5418 3676 5475 egresso
3717 5406 3787 5461 ad

2183 5491 2460 5562 publicum
2507 5491 2589 5545 vel
2638 5491 2970 5561 disceptandi
3001 5493 3070 5549 de
3096 5496 3357 5566 religione
3383 5496 3469 5552 vel
3522 5498 3783 5554 tractandi

2183 5586 2265 5640 vel
2298 5584 2512 5639 consilii
2537 5584 2739 5655 aliquid
2772 5585 3051 5642 deferendi
3084 5597 3327 5657 patescat
3361 5578 3601 5645 occasio.
3639 5589 3708 5644 Et
3735 5590 3782 5645 si

2184 5678 2304 5748 quis
2332 5677 2555 5748 poSthac
2579 5694 2714 5732 ausu
2734 5680 2886 5749 gravi
2906 5691 3067 5751 atque
3089 5681 3382 5738 damnabili
3404 5695 3594 5740 contra
3623 5682 3780 5754 hujus

2181 5768 2329 5831 modi
2353 5768 2527 5846 legem
2554 5772 2876 5832 veniendum
2905 5787 3026 5836 esse
3058 5772 3388 5849 crediderit,
3415 5777 3500 5836 vel
3526 5776 3783 5839 insistere
