4200 6178
493 250 600 306 533

1297 241 1680 310 'rnsonosu
1719 252 2040 310 samera
2083 253 2171 309 DE
2213 215 2596 314 RELIGIONE
2635 259 2982 316 necnon.

3700 265 3803 319 551

491 372 639 418 motu
667 363 941 435 pestifera!
968 367 1430 437 perseverationis
1458 368 1679 422 audebit
1697 410 1713 432 ,
1750 371 2082 440 competenti
2111 374 2166 433 Α
2191 370 2482 429 haereticos
2509 375 2726 432 illicitas
2751 393 2913 447 agere
2937 377 3079 432 intra
3110 380 3304 450 oppida
3333 382 3792 454 cougregationes

491 472 651 529 [tanta
679 466 736 513 et
764 458 927 526 digno
949 459 1215 530 supplicio
1243 471 1580 516 coerceatur.
1612 460 1737 517 Dat.
1777 461 1917 517 XVI
1966 463 2089 518 Kal.

487 551 605 606 Jul.
639 550 839 618 Stobis,
869 550 1159 607 Theodosio
1194 556 1260 609 Α.
1297 553 1358 609 Il
1387 565 1434 609 et
1487 555 1716 628 Cynegio
1746 556 1890 612 Cosa.
1916 558 2090 628 (588).

563 643 617 698 3.
654 641 822 696 Iidem
851 644 1008 698 ΑΑΑ.
1064 644 1305 700 Potamio
1357 648 1448 719 Pf.
1498 650 1779 720 augustali.
1835 650 2096 721 Deporta-

495 732 642 789 tione
673 734 868 805 dignus
897 745 981 790 est
1006 777 1022 803 ,
1067 736 1157 813 qui
1187 753 1284 792 nec
1313 741 1555 809 generali
1599 742 1714 810 lege
1742 739 2050 796 admonitus
2072 782 2089 809 ,

497 843 599 883 nec
627 831 958 898 competenti
991 831 1262 886 sententia
1285 834 1603 888 emendatus
1642 843 1698 888 et
1725 834 1882 888 fidem
1908 833 2096 888 catho—

494 909 650 975 licam
682 922 861 976 turbat
898 933 954 976 et
1001 923 1276 992 populum.
1309 924 1434 981 Dat.
1470 924 1575 978 XV
1617 924 1742 979 Kal.
1781 927 1914 997 Aug.
1955 924 2094 980 Con-

493 1015 858 1086 stantinopoli,
883 1015 1110 1071 Arcadio
1131 1018 1196 1070 A.
1230 1016 1290 1070 ll
1323 1029 1370 1072 et
1401 1018 1594 1088 Ruﬁno
1620 1021 1763 1073 Cass.
1795 1019 1970 1092 (592).

822 1123 926 1163 LIB.
961 1124 1070 1163 XVI.
1103 1125 1213 1165 Tl'l'.
1251 1126 1302 1164 ν.
1334 1127 1400 1165 DE
1431 1127 1751 1167 BERETICIS.

564 1199 618 1254 5.
660 1198 873 1273 lmppp.
901 1199 1186 1256 Gratianus
1209 1243 1224 1268 ,
1273 1202 1670 1260 Valentinianus
1700 1215 1746 1258 et
1777 1203 2094 1260 Theodosius

492 1289 651 1346 ΑΑΑ.
686 1292 754 1346 ad
782 1291 1090 1364 Hesperium
1121 1293 1214 1366 Pf.
1266 1293 1334 1348 P.
1367 1295 1570 1351 Omnes
1598 1297 1778 1352 vetita:
1808 1297 2012 1368 legibus
2039 1306 2094 1352 et

490 1383 690 1438 divinis
718 1393 772 1438 et
805 1382 1180 1454 imperialibus
1213 1385 1450 1441 haereses
1493 1396 1754 1457 perpetuo
1801 1391 2088 1458 c0uquies-

493 1487 637 1536 cant.
693 1478 952 1548 Quisquis
989 1479 1304 1548 Opinionem
1335 1480 1690 1550 plectibilibus
1723 1481 1813 1536 Dei
1839 1481 2094 1551 profanus

494 1572 794 1638 imminuit,
841 1571 945 1626 sibi
993 1573 1367 1627 tantummodo
1418 1573 1660 1636 nocitura
1691 1575 1930 1641 sentiat,
1972 1573 2093 1629 aliis

491 1663 743 1721 obfutura
775 1680 880 1719 non
926 1653 1148 1735 pandat.
1183 1665 1435 1736 Quisquis
1468 1666 1743 1739 redempta
1788 1669 2090 1752 venerabili

2198 478 2474 533 vetemus,
2507 484 2591 536 ac,
2620 471 2662 524 si
2696 471 2821 541 quid
2853 473 3071 542 eruptio
3115 472 3335 528 factiosa
3380 476 3671 530 tentaverit
3693 517 3708 537 ,
3736 475 3806 529 ab

2201 560 2331 629 ipsis
2361 560 2523 614 etiam
2550 561 2762 616 urbium
2792 562 3061 617 tumnibus
3082 566 3448 619 exterminato
3472 564 3656 620 furore
3680 580 3806 635 pro-

2198 650 2324 719 pelli
2353 641 2668 720 jubeamus,
2705 661 2766 706 ut
2795 655 3010 708 eunetis
3039 654 3356 710 orthodoxis
3384 657 3677 726 episcopis,
3711 658 3802 727 qui
3892 689 3894 692 -

2197 742 2470 798 Nicaauam
2505 744 2664 798 fidem
2697 755 2884 800 tenent
2903 787 2916 810 ,
2946 748 3227 802 Catholicae
3257 748 3503 804 ecclesia:
3532 757 3643 802 toto
3672 749 3806 805 orbe

2200 837 2516 890 reddantur.
2578 836 2699 891 Dat.
2745 837 2829 891 1V
2868 837 2952 894 Id.
2997 838 3122 892 Jan.
3172 837 3660 913 Constantinopoli,
3696 840 3806 896 Ett-

2197 927 2369 982 cltert'o
2400 939 2445 982 et
2471 929 2695 999 Syagrio
2719 927 2866 984 Cass.
2900 929 3070 1001 (581).

2270 1021 2323 1072 7.
2350 1019 2518 1072 fidem
2544 1021 2699 1073 ΑΑΑ.
2732 1019 2989 1084 Etttmpio
3023 1021 3107 1088 Pi.
3145 1021 3213 1075 Ρ.
3249 1022 3305 1077 Si
3347 1025 3434 1093 qui
3461 1024 3790 1080 Μωυίριιςυιις

2197 1113 2560 1168 Maniclueave
2587 1129 2648 1167 ex
2682 1113 2770 1169 die
2802 1114 2922 1168 lat-.c
2945 1115 3145 1168 dudum
3178 1115 3310 1186 legis
3332 1157 3348 1183 ,
3379 1131 3442 1170 ac
3467 1119 3722 1187 primitus
3761 1137 3791 1173 a

2199 1209 2399 1260 nostris
2432 1206 2780 1274 parentibus,
2832 1206 2882 1258 in
2913 1205 3209 1272 quamlibet
3255 1221 3542 1276 personam
3576 1208 3797 1264 condito

2201 1306 2532 1353 testamento
2580 1299 2663 1352 vel
2712 1298 3002 1367 cujuslibet
3035 1299 3192 1353 titulo
3247 1299 3591 1354 liberalitatis
3644 1312 3807 1372 atque

2198 1392 2379 1460 specie
2399 1390 2710 1445 dooationis
2741 1392 3044 1445 transmisit
3074 1394 3320 1463 proprias
3363 1393 3648 1450 facultates
3670 1437 3682 1457 ,
3717 1394 3803 1449 vel

2199 1485 2484 1553 quisquam
2531 1501 2596 1538 ex
2647 1485 2730 1538 his
2772 1485 2931 1539 adius
2964 1501 3060 1555 per
3090 1487 3392 1555 quamlibet
3441 1489 3807 1544 successionis

2199 1574 2426 1629 formam
2458 1575 2751 1631 collatiOue
2793 1577 2995 1630 ditatus
3026 1585 3112 1631 est
3137 1619 3150 1642 ,
3180 1581 3432 1647 quoniam
3485 1580 3676 1634 iisdem
3706 1579 3806 1635 sub

2205 1680 2464 1736 perpetua
2493 1668 2652 1737 justze
2679 1669 2911 1723 infamia:
2938 1680 3062 1723 nota
3097 1672 3326 1726 testandi
3357 1687 3420 1727 ac
3449 1672 3805 1743 \ivendijure

493 1758 708 1814 lavacro
737 1773 966 1828 corpora
1018 1770 1266 1829 reparata
1309 1771 1486 1816 morte
1532 1763 1798 1827 tabilicat,
1852 1762 1902 1816 id
1940 1763 2089 1817 aufe-
2124 1764 2165 1823 Β
2198 1762 2442 1816 Romano
2469 1778 2688 1816 omnem
2725 1762 2974 1830 protinus
3001 1761 3261 1832 eripimus
3318 1764 3628 1819 facultatem
3657 1807 3673 1832 ,
3703 1781 3797 1820 ne-

493 1851 686 1918 rendo,
719 1851 862 1923 quod
890 1854 1168 1921 geminat,
1208 1853 1310 1907 sibi
1341 1855 1500 1908 solus.
1518 1855 1637 1908 talia
1673 1855 1921 1922 noverit,
1953 1855 2089 1910 alios

494 1945 696 2001 nefaria
730 1947 1068 2002 institutione
1097 1963 1205 2002 non
1240 1947 1447 2016 perdat.
1472 1949 1784 2020 Omnesque
1815 1963 2090 2018 perversae

494 2040 650 2095 istius
670 2040 1072 2109 superstitionis
1109 2041 1350 2112 magistri
1380 2043 1578 2110 pariter
1603 2051 1658 2098 et
1687 2043 1915 2098 ministri
1946 2085 1959 2108 ,
1993 2059 2093 2099 seu

497 2131 572 2186 illi
607 2131 929 2187 sacerdotali
974 2133 1346 2204 assumptione
1376 2135 1754 2205 episcoporum
1785 2152 1981 2191 nomen
2013 2136 2094 2191 iu-

497 2225 700 2279 lamant
729 2265 743 2288 ,
787 2240 921 2291 seu,
965 2224 1106 2294 quod
1151 2228 1456 2296 proximum
1489 2237 1601 2295 est,
1649 2230 2091 2301 presbyterorum

498 2317 760 2372 vocabulo
789 2317 1110 2388 religionem
1155 2322 1493 2375 mentiuntur
1513 2363 1528 2384 ,
1559 2337 1655 2376 seu
1697 2322 1858 2377 etiam
1889 2338 1948 2377 se
1979 2323 2095 2379 dia-

496 2424 684 2470 conos.
716 2425 837 2465 cum
869 2425 967 2464 nec
994 2409 1290 2466 Christiani
1323 2413 1538 2482 quidem
1564 2414 1882 2476 habeantur.
1909 2416 2095 2486 appel-

499 2500 644 2565 lant,
684 2501 736 2554 hi
765 2501 1143 2558 conciliabulis
1169 2503 1438 2558 damnatae
1469 2503 1668 2559 dudum
1701 2507 1969 2575 opinionis
2001 2509 2094 2564 ab-

495 2594 751 2648 stineant.
797 2593 1035 2666 Denique
1083 2595 1365 2664 antiquata
1418 2598 1727 2667 rescripto,
1763 2599 1902 2667 quod
1953 2599 2096 2669 apud

499 2686 756 2743 Sirmium
789 2704 962 2758 nuper
1007 2691 1260 2756 emersit,
1287 2706 1350 2745 ea
1381 2701 1585 2746 tantum
1630 2708 1793 2762 super
1829 2695 2094 2750 catholica

500 2781 876 2838 observatione
924 2793 1323 2852 permaneant,
1373 2802 1492 2854 quin
1540 2787 1791 2855 perennis
1843 2789 2096 2844 recorda-

504 2875 663 2928 tionis
711 2885 859 2945 patcr
892 2883 1078 2930 noster
1121 2885 1176 2930 et
1221 2892 1319 2931 nos
1352 2877 1450 2946 ipsi
1485 2878 1689 2932 vietura
1738 2881 1790 2933 in
1834 2890 2094 2935 aeternum

500 2981 653 3034 teque
705 2982 990 3021 numerosa
1043 2967 1284 3036 juSsioue
1362 2970 1757 3024 mandavimus.
1820 2968 1945 3025 Dat.
1996 2971 2092 3026 Ill

505 3054 648 3110 Non.
679 3057 812 3128 Aug.
862 3057 1179 3114 Mediolano.
1227 3062 1342 3114 Acc.
1382 3059 1534 3115 XIII
1579 3063 1702 3117 Kal.
1738 3063 1884 3136 Sept.
1929 3064 2100 3120 Auso-

501 3148 587 3202 nio
609 3157 656 3201 et
687 3148 900 3219 Olybrio
929 3147 1072 3204 Cosa.
1109 3151 1283 3223 (579).

573 3241 626 3296 6.
663 3239 829 3295 fidem
877 3241 1036 3297 AAA.
1067 3243 1322 3314 Eutropio
1369 3245 1457 3317 Pf.
1497 3247 1559 3301 Ρ.
1594 3247 1783 3304 Nullus
1825 3250 2096 3308 haereticis

503 3336 883 3405 mysteriorum
917 3334 1066 3390 locus
1087 3378 1100 3398 ,
1137 3338 1281 3392 nulla
1321 3338 1384 3391 ad
1414 3342 1774 3395 exercendam
1804 3345 1968 3398 animi
1999 3347 2097 3400 ob-

501 3425 804 3481 stinatioris
835 3426 1163 3484 dementiam
1201 3442 1379 3501 pateat
1412 3433 1646 3487 ocattsio.
1674 3434 1860 3490 Sciant
1881 3452 2093 3504 omnes,

501 3517 715 3573 etiamsi
748 3519 872 3589 quid
897 3521 1115 3589 speciali
1147 3524 1389 3593 qttolibet
1421 3525 1683 3596 rescripto
1715 3542 1810 3596 per
1853 3527 2093 3584 fraudem

502 3614 684 3669 elicito
727 3616 794 3669 ab
841 3616 1144 3685 hujusmodi
1180 3618 1457 3672 hominum
1500 3636 1702 3689 genere
1751 3623 2094 3692 impetratum

502 3714 617 3774 est,
654 3723 760 3761 nou
806 3709 1007 3764 valere.
1036 3708 1063 3780 ᾗ
1089 3711 1139 3764 l.
1172 3709 1476 3766 Arceautur
1513 3722 1832 3769 cunctorum
1879 3718 2097 3772 haereti-

503 3815 688 3854 corum
731 3801 800 3856 ab
831 3803 1028 3858 illicitis
1060 3805 1570 3875 congregatimiibus
1600 3809 1789 3864 turbae.
1829 3807 1998 3866 Unius
2041 3823 2094 3866 et

502 3893 698 3948 summi
730 3894 819 3949 Dei
846 3910 1043 3950 nomen
1075 3896 1274 3966 ubique
1301 3898 1632 3964 celebretur;
1672 3900 1902 3956 Nicaeum
1927 3898 2050 3957 fidei
2078 3945 2093 3969 ,

502 3985 699 4040 dudum
726 4001 756 4040 a
789 3987 1085 4058 majoribus
1108 3988 1320 4044 tradita:
1343 3999 1397 4043 et
1417 3990 1614 4046 divina:
1643 3993 1920 4064 religionis
1949 3998 2098 4051 testi-

505 4079 684 4153 monio
709 4091 872 4151 atque
899 4084 1200 4136 assertione
1231 4081 1478 4148 firtuatre,
1510 4085 1852 4141 observantia
1883 4103 2098 4158 semper

504 4187 756 4228 mansura
791 4184 1072 4240 teneatur;
1112 4174 1452 4230 Photinianae
1485 4177 1618 4231 labis
1664 4181 2053 4236 contaminatio
2077 4225 2093 4250 ,

504 4267 689 4322 Ariani
729 4266 1000 4336 sacrilegii
1036 4284 1301 4323 venenum
1330 4309 1344 4335 ,
1379 4269 1659 4324 Eunomia:
1709 4272 1947 4340 perfidia:
1992 4275 2096 4329 crio

505 4376 628 4415 men
677 4370 734 4416 et
762 4361 994 4416 nefanda
1037 4365 1398 4418 monstruosis
1449 4365 1756 4419 nominibus
1811 4377 2093 4424 auctorum

504 4457 749 4527 prodigia
779 4467 1052 4511 sectarum
1095 4458 1163 4512 ab
1189 4459 1306 4527 ipso
1336 4458 1496 4512 etiam
1527 4459 1846 4514 aboleantur
1887 4462 2090 4516 auditu.

2198 1867 2304 1922 que
2354 1868 2448 1908 eos
2478 1862 2570 1906 aut
2601 1853 2972 1923 relinquendae
3002 1866 3092 1906 aut
3123 1854 3403 1923 capiendae
3435 1855 3664 1926 alicujus
3690 1856 3804 1911 hzeo

2197 1948 2446 2002 reditatis
2501 1946 2704 2001 habere
2755 1947 2988 2002 sinimus
3042 1956 3406 2017 potestatem,
3466 1958 3638 2003 tottttu
3691 1949 3804 2004 fisci

2198 2039 2370 2094 nostri
2399 2039 2606 2093 viribus
2636 2039 2976 2092 it'nminentis
3018 2039 3364 2108 indagatiooe
3395 2041 3652 2095 societur.
3677 2039 3805 2096 Sive

2205 2130 2254 2184 id
2296 2127 2492 2184 marito
2525 2132 2641 2185 sive
2688 2131 2992 2200 pr0pinquo
3023 2139 3110 2184 aut
3159 2131 3384 2186 cuilibet
3423 2126 3560 2188 bene
3605 2133 3802 2187 merito

2198 2222 2310 2276 sive
2357 2223 2520 2275 etiam
2566 2222 2687 2276 filiis
2713 2263 2728 2288 ,
2761 2238 2897 2291 quos
2923 2231 3099 2276 tamen
3131 2221 3255 2276 vitae
3299 2223 3415 2292 ejus
3464 2234 3519 2278 et
3559 2224 3803 2280 criminis

2199 2315 2436 2370 facinora
2467 2315 2668 2368 sociata
2693 2315 3025 2384 conjungaut
3048 2358 3062 2378 ,
3095 2315 3208 2370 sive
3237 2319 3398 2370 etiam
3430 2332 3525 2386 per
3553 2316 3799 2386 interpo-

2199 2410 2354 2464 sitam
2382 2409 2680 2478 quamlibet
2725 2424 3015 2478 personam
3058 2410 3394 2478 profuturum
3427 2409 3605 2464 eidem
3634 2452 3648 2474 ,
3682 2425 3804 2480 qua:

2202 2502 2290 2556 tali
2315 2503 2591 2555 hominum
2623 2517 2824 2570 genere
2848 2512 2902 2555 et
2931 2516 3093 2572 grege
3128 2502 3420 2570 reperitur,
3447 2501 3632 2556 illicita
3665 2502 3806 2557 libe-

2202 2595 2413 2649 ralitate
2444 2595 2774 2665 provenerit,
2809 2594 2999 2649 caduci
3032 2594 3184 2648 titulo
3217 2593 3540 2649 vindicetur.
3563 2594 3590 2666 §
3617 2595 3668 2648 1.
3694 2593 3804 2650 Nec

2202 2687 2254 2740 in
2289 2699 2561 2755 posterum
2593 2695 2799 2740 tantum
2832 2685 2991 2756 hujus
3019 2687 3234 2740 emissa:
3265 2701 3360 2755 per
3387 2696 3626 2740 nostram
3655 2703 3804 2739 tuati-

2202 2779 2542 2833 sueludiuem
2573 2778 2706 2847 legis
2731 2779 2900 2832 forma
2937 2780 3247 2848 praevaleat,
3273 2777 3365 2831 sed
3392 2777 3444 2831 itt
3468 2779 3800 2848 praeteritum

2201 2873 2362 2926 etiam
2389 2913 2404 2937 ,
2439 2871 2699 2941 quidquid
2736 2871 2918 2924 taliutn
2962 2885 3316 2941 personarum
3365 2879 3457 2924 aut
3504 2872 3809 2941 proprietas

2203 2965 2452 3032 reliquit,
2510 2973 2602 3017 aut
2652 2964 2929 3018 successio
2989 2963 3208 3029 habuit,
3272 2964 3551 3033 usurpatio
3596 2963 3796 3019 fiscalis

2201 3057 2471 3113 commodi
2525 3067 2901 3127 persequatur.
2955 3056 3086 3112 Nam
3136 3056 3262 3112 licet
3307 3057 3440 3111 ordo
3488 3057 3796 3113 caelestium

2124 3160 2526 3222 CStatutorum
2586 3153 2857 3205 secuturis
2916 3160 3035 3220 post
3109 3152 3514 3205 observantiam
3569 3160 3800 3204 Sacrata}

2202 3243 2605 3297 constitutionis
2638 3241 2875 3306 indicat,
2926 3257 3104 3312 neque
3151 3241 3286 3295 actis
3331 3241 3523 3295 obesse
3570 3256 3802 3296 consue-

2205 3336 2376 3400 verit,
2411 3346 2613 3399 tameu,
2643 3336 2897 3405 quoniam
2927 3343 2980 3389 et
3011 3333 3136 3402 quid
3168 3333 3521 3398 consuetudo,
3557 3331 3800 3388 obstina-

2204 3429 2366 3482 tionis
2391 3430 2634 3498 pertinax
2681 3440 2873 3481 natura
2907 3469 2922 3494 ,
2974 3435 3248 3480 mereatur
3272 3467 3285 3491 ,
3320 3427 3371 3479 in
3404 3427 3502 3479 hac
3548 3434 3753 3480 tantum
3780 3468 3796 3492 ,

2202 3537 2361 3590 quam
2409 3521 2720 3589 Specialiter
2769 3520 2949 3591 vigere
2984 3520 3273 3584 volumus,
3322 3520 3602 3574 sanctione
3643 3524 3805 3590 justi!)

2202 3631 2366 3670 sensu
2398 3613 2774 3684 instigationis
2796 3613 3163 3683 agnoscimus,
3199 3629 3314 3675 eos,
3350 3613 3470 3682 qui,
3500 3613 3661 3666 etiam
3688 3623 3810 3682 post

2205 3708 2376 3777 legem
2408 3704 2655 3773 primitus
2679 3704 2879 3771 datam,
2911 3721 3248 3775 nequaquam
3279 3705 3345 3759 ab
3372 3705 3573 3759 illicitis
3604 3716 3655 3760 et
3681 3719 3805 3772 pro-

2205 3803 2340 3854 fanis
2370 3798 2694 3864 coitionibus
2745 3798 3003 3852 refrenari
3045 3797 3226 3851 divina
3259 3797 3447 3851 saltem
3501 3795 3804 3852 monitione

2205 3894 2502 3964 potuerint,
2535 3901 2808 3961 tamquam
2843 3893 2894 3944 in
2930 3889 3099 3960 ipsius
3131 3888 3358 3957 depictzn
3391 3887 3523 3958 legis
3546 3890 3800 3957 injurlam

2205 3988 2366 4042 veluti
2402 3987 2672 4056 sacrilegii
2707 3999 2832 4040 reos
2864 3993 3145 4050 tenemus;
3191 3983 3534 4036 seVerilatetn
3571 3997 3802 4052 prmseu-

2206 4082 2334 4133 tium
2363 4089 2692 4133 statutorum
2749 4093 2855 4132 non
2891 4087 2995 4130 tam
3046 4075 3110 4129 ad
3144 4075 3535 4130 constituendis
3564 4117 3578 4140 ,
3610 4073 3702 4129 sed
3732 4076 3801 4131 ad

2205 4174 2532 4228 ulcisrenthe
2562 4173 2691 4243 legis
2728 4173 3007 4226 sanximus
3037 4171 3371 4242 exemplum,
3397 4171 3465 4224 ita
3497 4180 3672 4224 utnec
3703 4166 3802 4226 de-

2203 4266 2378 4321 fensio
2412 4265 2676 4334 temporis
2705 4266 2899 4333 prosit.
2937 4263 2964 4335 ς
2995 4262 3051 4317 2.
3083 4260 3176 4318 His
3206 4272 3410 4316 tantum
3459 4261 3577 4315 liliis
3624 4273 3806 4330 pater-

2206 4377 2396 4414 norum
2441 4360 2524 4413 vel
2558 4370 2930 4413 maternorum
2965 4357 3228 4409 bonorum
3273 4355 3549 4408 SththSSiO
3587 4346 3802 4408 defera-

2207 4465 2313 4519 tur,
2361 4455 2448 4521 qui
2474 4494 2488 4517 ,
2527 4453 2653 4506 licet
2691 4467 2754 4504 ex
2805 4451 3117 4504 Manichzeis
3147 4450 3284 4510 orti,
3335 4464 3498 4503 sensu
3534 4457 3711 4502 tamen
3745 4457 3802 4504 et

508 4548 536 4621 ᾗ
568 4551 624 4603 2.
659 4550 706 4606 Is
730 4563 908 4604 autem
935 4549 1166 4606 Nicaeum
1199 4559 1438 4606 assertor
1467 4551 1587 4606 lidei
1620 4561 1674 4606 et
1703 4553 1982 4608 catholicm
2014 4571 2098 4610 rc-

2203 4545 2324 4600 allet
2343 4553 2400 4598 tu
2448 4543 2680 4612 propria!
2723 4542 2915 4593 salutis
2955 4539 3213 4592 admoniti
3261 4537 3329 4592 ab
3373 4537 3616 4607 ejusdem
3677 4539 3803 4592 vitae

504 4644 718 4715 ligiouis
759 4660 920 4699 verus
964 4645 1142 4699 cultor
1186 4645 1535 4714 accipiendos
1565 4657 1678 4712 est,
1711 4647 1798 4716 qui
1844 4651 2094 4715 omnipo-

506 4745 704 4792 tentem
737 4736 902 4791 Dcum
944 4747 994 4791 et
1031 4735 1308 4791 Ch"istttm
1346 4735 1514 4791 liliutn
1549 4737 1640 4792 Dei
1675 4755 1838 4793 unum
1880 4741 2097 4796 nomine

503 4831 812 4897 confitetur,
840 4831 1003 4885 Deum
1036 4831 1102 4885 de
1129 4830 1262 4894 Deo,
1294 4830 1474 4888 lumen
1497 4832 1562 4887 de
1586 4832 1787 4888 lumine
1811 4852 1823 4887 :
1858 4834 1948 4903 qui
1977 4833 2096 4904 Spi-

507 4926 670 4981 ritum
713 4935 954 4980 sanctum
980 4967 994 4991 ,
1024 4924 1114 4995 qtti
1144 4925 1196 4979 id
1218 4967 1232 4990 ,
1263 4926 1405 4995 quod
1436 4942 1500 4980 ex
1546 4941 1760 4981 summo
1791 4943 1970 4982 rerum
2008 4944 2096 4996 pa-

507 5029 662 5074 renle
708 5034 988 5090 speramus
1014 5060 1028 5084 ,
1077 5018 1372 5084 accipimus
1397 5059 1412 5084 ,
1448 5019 1694 5089 negando
1740 5035 1846 5072 non
1888 5020 2093 5074 violat:

505 5111 643 5178 apud
669 5126 858 5181 quem,
881 5110 1219 5165 intemeratae
1251 5110 1370 5164 fidei
1393 5126 1578 5176 sensu,
1610 5112 1753 5181 vigct
1774 5110 2097 5181 incorruptae

507 5203 762 5259 trinitatis
807 5203 1033 5259 indivisa
1065 5204 1364 5258 substantia
1385 5244 1401 5270 ,
1435 5221 1550 5271 qua:
1580 5204 1755 5259 Grteci
1795 5197 2098 5260 assertione

506 5297 654 5351 verbi
692 5299 837 5352 οὐσία
863 5305 1009 5351 recte
1056 5295 1403 5350 credentibus
1426 5296 1640 5351 dicitur.
1687 5297 1810 5352 "th
1856 5297 2098 5365 proli-elo

507 5387 666 5443 nobis
696 5388 866 5457 magis
891 5388 1147 5458 probata,
1184 5388 1298 5442 lucc
1339 5389 1647 5442 veneranda
1677 5398 1818 5444 sunt.
1855 5388 1962 5461 §3.
1998 5389 2098 5457 Qui

506 5495 635 5534 vero
664 5479 856 5535 iisdem
888 5495 991 5534 non
1026 5480 1351 5545 inserviunt,
1386 5479 1637 5536 desinant
1668 5481 1933 5536 aﬂ‘ectatis
1961 5482 2100 5537 dolis

505 5573 743 5627 alienum
776 5589 916 5628 verre
964 5574 1241 5644 religionis
1273 5590 1467 5630 nomen
1518 5590 1841 5638 assumere.
1891 5586 1944 5630 et
1988 5577 2101 5630 suis

506 5665 707 5733 apertis
731 5662 1049 5718 criminibus
1078 5665 1425 5720 denotentur.
1459 5666 1541 5721 Ab
1575 5667 1815 5720 omnium
1844 5667 2101 5722 summoti

507 5756 866 5818 ecclesiarum
919 5757 1108 5820 limine
1149 5757 1361 5832 penitus
1391 5766 1681 5818 arceantur
1702 5800 1720 5832 ,
1751 5773 1876 5818 cum
1912 5773 2102 5818 omnes

2207 4634 2666 4709 professioiiisque
2689 4631 2936 4700 collegiis
2986 4646 3112 4702 pura
3145 4639 3318 4684 semet
3347 4629 3508 4684 dediti
3540 4630 3803 4699 religione

2204 4729 2575 4794 demoverint,
2604 4725 2693 4780 tali
2726 4727 2992 4780 immunes
3014 4741 3041 4778 a
3065 4725 3314 4778 crimine.
3340 4723 3366 4795 §
3390 4725 3440 4779 5.
3467 4721 3604 4778 lllttd
3635 4725 3802 4779 etiam

2207 4825 2330 4878 huic
2356 4823 2640 4893 adjicitnus
2667 4821 2956 4886 sanctioni,
3001 4835 3069 4874 ne
3117 4820 3166 4871 iu
3200 4818 3595 4873 conventiculis
3639 4817 3802 4889 oppi-

2205 4921 2416 4981 dorum,
2449 4933 2513 4971 ne
2538 4917 2591 4970 in
2635 4916 2857 4970 urbibus
2890 4915 3050 4967 claris
3080 4921 3338 4967 consueta
3373 4911 3621 4968 feralium
3655 4927 3805 4981 mys-

2205 5014 2459 5066 teriorum
2502 5009 2745 5078 sepulcra
2793 5009 3158 5074 constituant,
3191 5022 3220 5060 a
3268 5013 3561 5076 conspectu
3596 5003 3803 5059 celebri

2201 5104 2419 5160 civitate
2446 5105 2659 5171 penitus
2683 5109 3064 5156 coerceantur.
3097 5099 3206 5154 Nec
3228 5114 3286 5154 se
3327 5100 3426 5152 sub
3454 5096 3802 5151 simulatione

2202 5196 2431 5252 fallacia:
2461 5212 2648 5251 eorum
2688 5180 2899 5248 scilicet
2931 5194 3209 5248 nominum
3235 5233 3248 5257 ,
3293 5189 3487 5258 qutbus
3517 5187 3758 5259 plerique
3779 5229 3796 5253 ,

2201 5305 2260 5349 ut
2290 5295 2640 5364 cognovimus
2663 5334 2677 5360 ,
2709 5291 2949 5362 probata:
2997 5287 3114 5343 fidei
3163 5297 3216 5341 et
3249 5284 3507 5354 propositi
3551 5282 3801 5338 castioris

2205 5389 2309 5444 dici
2351 5403 2415 5442 ac
2445 5387 2645 5457 signari
2691 5386 2904 5442 volent.
2955 5381 3183 5448 maligna
3233 5375 3420 5430 fraude
3469 5371 3798 5440 defendant;

2205 5497 2325 5535 cum
2362 5481 2659 5547 praesertim
2693 5473 2936 5529 nonnulli
2960 5488 3024 5526 ex
3059 5470 3141 5524 his
3175 5467 3476 5522 Eucratitas
3504 5507 3518 5531 ,
3565 5469 3800 5536 Apotac-

2209 5575 2330 5629 titas
2351 5617 2363 5638 ,
2395 5574 2880 5646 llydroparastatas
2907 5571 2990 5623 vel
3037 5564 3415 5634 Saccophoros
3445 5563 3711 5617 nominari
3741 5577 3801 5618 se

2205 5669 2371 5722 velint
2391 5709 2404 5732 ,
2437 5679 2491 5720 et
2521 5665 2781 5719 varietate
2810 5662 3088 5716 nomimttn
3117 5658 3455 5713 diversorum
3486 5656 3633 5711 velut
3664 5656 3800 5711 reli-

2203 5764 2366 5834 giosat
2394 5759 2752 5836 professionis
2790 5755 2970 5816 officia
2999 5755 3352 5814 mentiantur.
3383 5751 3493 5810 Eos
3515 5753 3657 5810 enim
3680 5765 3799 5807 om-
