4200 6178
447 281 551 338 555'

1625 274 1715 330 ΤΗ
1724 269 2057 329 EODOSIUS
2096 270 2184 326 ET
2226 268 2557 327 l’ACATUS.

3641 269 3748 327 556

444 413 541 455 nes
562 399 818 455 convenit
860 413 965 453 non
994 395 1339 467 professione
1368 390 1586 448 defendi
1614 390 1919 453 nominum,
1950 388 2046 444 sed
2074 390 2127 451 Α
2152 388 2243 460 qui
2268 388 2563 456 exstiterit,
2595 388 2689 460 qui
2717 397 2823 444 tam
2857 389 3139 445 evidenter
3170 387 3337 465 vetita
3384 389 3748 458 transcendat,

445 495 718 550 notabiles
739 504 899 564 atque
918 490 1285 549 exsecrandos
1308 488 1495 543 haberi
1520 487 1727 543 scelere
1748 494 2044 541 sectarum.

447 584 575 641 Dat.
626 585 775 640 VIII
830 584 917 640 Id.
996 583 1126 637 Maii
1175 579 1655 649 ConstantinOpoli,
1705 577 1962 633 Eucherio
2004 587 2049 631 et

448 678 674 748 Syagrio
702 675 848 732 Cass.
889 675 1062 747 (581).

517 770 571 824 8.
616 767 786 821 Iidem
816 767 977 823 AAA.
1025 767 1092 820 ad
1141 765 1457 821 Clieherium
1504 764 1752 819 Comitem
1801 762 2047 816 Orientis.
2100 772 2106 778 '

445 860 663 916 Nullum
695 861 1158 916 Eunomianorum
1189 869 1350 929 atque
1374 856 1700 912 Arianorum
1724 856 1805 910 vel
1844 870 1910 909 ex
1954 854 2049 909 do-

445 966 626 1027 gmate
658 953 779 1009 Ethi
813 954 867 1009 in
896 954 1207 1008 civitatibus
1229 951 1309 1005 vel
1328 952 1472 1021 agris
1501 948 1933 1003 fabricamlarum
1964 962 2054 1001 ec-

447 1049 734 1103 clesiarum
758 1048 968 1117 copiam
995 1048 1194 1102 hahere
1215 1045 1574 1116 praecipimus.
1617 1044 1771 1110 Quod
1791 1044 1833 1097 si
1850 1052 2054 1097 temere

448 1143 516 1196 ab
539 1143 718 1213 aliquo
751 1143 801 1196 id
835 1154 1219 1211 praesumptum
1248 1140 1337 1205 sit,
1362 1140 1556 1194 domus
1587 1139 1800 1201 eadem,
1826 1137 1913 1190 ubi
1940 1137 2055 1190 hcce

448 1246 760 1292 constructa
789 1236 1009 1302 fuerint,
1041 1250 1160 1306 rpite
1184 1236 1422 1291 construi
1456 1234 1828 1302 prohibentur,
1862 1230 2054 1284 fundus

449 1330 612 1384 etiam
642 1330 725 1384 vel
755 1331 960 1397 privata
986 1330 1260 1399 possessio
1292 1328 1537 1397 protinus
1567 1326 1681 1379 fisci
1727 1325 1894 1379 nostri
1925 1324 2052 1377 viri-

446 1422 548 1477 btts
571 1422 897 1485 vindicetur,
930 1432 1091 1492 atque
1119 1422 1300 1475 omnia
1332 1422 1446 1476 loca
1470 1418 1673 1474 fiscalia
1695 1419 1875 1471 statim
1899 1419 2053 1480 fiant,

449 1531 571 1584 qu:e
599 1516 845 1585 sacrilegi
880 1514 1039 1584 hujus
1076 1516 1340 1583 dogmatis
1391 1514 1475 1569 vel
1520 1513 1705 1567 sedem
1751 1513 2057 1582 receperint

449 1609 537 1663 vel
586 1612 880 1664 ministros.
917 1609 1035 1663 Dat.
1076 1608 1215 1662 XIV
1252 1608 1376 1662 Kal.
1415 1608 1550 1679 Aug.
1588 1606 2053 1676 Constantinopoli,

455 1701 716 1757 Eucherio
738 1712 787 1757 et
821 1702 1045 1774 Syagrio
1077 1700 1221 1755 Cass.
1253 1700 1424 1771 (581).

2155 482 2417 552 permissa
2451 482 2705 538 omnibus
2736 482 3014 549 facultate,
3043 498 3180 554 quos
3205 492 3369 539 recta:
3397 484 3753 540 observantia:

2153 578 2329 632 cultus
2354 586 2409 633 et
2439 576 2786 648 pulchritudo
2816 577 3075 643 delectat,
3099 578 3373 633 communi
3398 579 3636 633 omnium
3662 580 3755 634 bo-

2154 684 2345 725 norum
2378 669 2783 738 conspiratione
2813 670 3062 739 pellatur.
3095 670 3217 725 Dat.
3262 669 3403 724 VIII
3433 670 3561 725 Kal.
3617 672 3748 743 Aug.

2155 762 2642 836 Constantinopoli,
2695 763 3013 820 Merobaude
3070 764 3134 820 II
3183 776 3228 820 et
3271 765 3560 822 Saturnino
3608 766 3752 823 Cass.

2154 854 2331 928 (585).

2232 946 2318 1003 12.
2365 946 2533 1002 Iidem
2567 950 2723 1003 ΑΑΑ.
2757 948 3097 1005 Postumiana
3137 950 3225 1023 Pf.
3257 951 3323 1005 P.
3377 952 3643 1008 Vitiorum
3675 953 3755 1008 in-

2156 1040 2366 1095 stitutio
2401 1042 2508 1096 Deo
2532 1050 2696 1113 atque
2729 1042 3039 1097 hominibus
3068 1059 3256 1109 exosa,
3288 1045 3616 1100 Eunomiana
3646 1047 3754 1102 sci-

2157 1132 2307 1201 licet,
2326 1133 2364 1188 Λ
2378 1134 2548 1197 riana,
2566 1135 2969 1199 Macedoniana,
2988 1137 3393 1206 Apollinariana
3410 1150 3756 1195 caaterarum-

2156 1242 2261 1295 que
2285 1236 2577 1294 sectarum,
2616 1243 2748 1299 quas
2777 1245 2921 1284 verte
2953 1232 3229 1299 religionis
3263 1233 3561 1288 venerabili
3605 1234 3753 1289 cullu

2157 1318 2441 1372 catholica:
2470 1321 2832 1376 observantia:
2861 1322 2993 1377 ﬁdes
3023 1322 3235 1378 sincera
3277 1325 3626 1391 condemnat,
3664 1342 3759 1380 nc-

2158 1427 2264 1481 que
2296 1414 2545 1482 publicis,
2573 1430 2747 1484 neque
2777 1415 3000 1481 privatis
3019 1417 3348 1472 aditioniltus
3376 1419 3512 1472 intra
3540 1419 3753 1475 urbium

2161 1513 2321 1575 atque
2351 1522 2604 1576 agrormn
2656 1523 2720 1562 ac
2756 1509 3006 1562 villarum
3042 1509 3155 1564 loCa
3199 1520 3287 1563 aut
3330 1511 3757 1581 colligendorum

2160 1601 2635 1670 congregationem
2698 1612 2791 1656 aut
2843 1603 3344 1657 constituendarum
3401 1605 3753 1659 ecclesiarum

2161 1694 2369 1762 copiam
2398 1702 2709 1764 praesumat,
2739 1712 2838 1751 nec
2866 1696 3233 1753 celebritatem
3266 1697 3508 1767 perfidiae
3531 1713 3641 1752 sua:
3669 1698 3754 1753 vel

523 1796 577 1851 9.
622 1796 786 1849 Iidem
808 1796 966 1849 ΑΑΑ.
994 1794 1156 1849 Flora
1208 1794 1297 1865 Pi.
1339 1794 1401 1847 Ρ.
1437 1792 1690 1862 Quisquis
1731 1790 2051 1845 Manicbzeo-
2082 1775 2128 1835 Β
2158 1788 2553 1842 solemnitatem
2586 1788 2716 1844 dira:
2738 1790 3135 1845 communionis
3165 1801 3436 1857 exerceat,
3469 1808 3642 1862 neque
3674 1791 3759 1846 ul-

452 1905 572 1945 rum
605 1890 727 1943 vitae
749 1890 1004 1943 solitariae
1037 1888 1273 1942 falsitate
1303 1897 1506 1942 emtum
1533 1886 1795 1939 bonorum
1820 1884 1974 1953 fugit,
1996 1898 2058 1939 ac

451 1990 689 2036 secretas
723 1982 885 2037 urbes
911 1982 1063 2051 eligit
1096 1982 1479 2050 pessimorum,
1529 1979 1602 2031 ita
1640 1986 1696 2031 ut
1741 1976 2058 2047 profanator

451 2082 615 2141 atque
644 2082 933 2142 corruptor
961 2072 1265 2137 catholicae,
1291 2086 1450 2138 quam
1483 2070 1660 2125 cuncti
1705 2068 2053 2139 suspicimus,

452 2164 755 2234 disciplina:
782 2165 888 2235 legi
912 2164 1253 2234 subjugetur,
1285 2174 1338 2216 ut
1371 2160 1695 2216 intestabilis
1722 2162 1890 2225 vivat,
1922 2159 2055 2214 nihil

454 2259 615 2311 vivus
645 2257 919 2327 impendat
942 2256 1167 2321 illicitis,
1200 2254 1331 2311 nihil
1355 2255 1592 2309 moriens
1620 2255 1888 2324 relinquat
1920 2253 2059 2307 indi-

452 2350 595 2419 gnis,
629 2352 808 2403 omnia
842 2349 955 2404 suis
978 2365 1083 2403 non
1109 2348 1370 2413 moribus,
1409 2346 1503 2401 sed
1535 2358 1739 2401 natura:
1784 2346 2055 2413 restituat,

454 2449 549 2494 aut
578 2441 858 2509 proximis,
888 2441 932 2495 si
960 2440 1136 2495 deerit
1161 2439 1397 2508 legitima
1421 2438 1716 2505 successio,
1750 2438 1941 2493 melius
1968 2453 2054 2493 re-

452 2532 627 2602 genda
657 2532 910 2599 dimittat,
944 2541 1038 2586 aut
1066 2531 1182 2586 fisci
1213 2530 1476 2594 dominio,
1501 2529 1790 2586 deficiente
1816 2531 2056 2601 agnatio-

455 2644 546 2691 ne,
577 2628 693 2681 sine
726 2625 916 2681 fraude
940 2627 1234 2681 molitionis
1257 2627 1520 2695 intelligat
1549 2625 1801 2695 obligata.
1839 2626 1963 2681 Hmc
1988 2626 2057 2682 de

454 2720 731 2775 solitariis.
771 2720 798 2792 §
856 2722 903 2779 1.
933 2720 1203 2775 Ca-terum
1245 2734 1383 2790 quos
1425 2719 1726 2773 Encratitas
1772 2720 2055 2789 prodigiali

454 2813 821 2883 appellatione
844 2813 1253 2883 cognominant,
1276 2826 1395 2864 cum
1420 2809 1777 2877 Saccophoris
1808 2810 1921 2864 sive
1945 2809 2055 2880 lly-

455 2906 845 2975 droparastatis
871 2905 1130 2961 refutatOs
1152 2904 1381 2975 judicio,
1417 2904 1657 2973 proditos
1702 2905 1930 2958 crimine
1970 2903 2054 2958 vel

456 3004 512 3059 in
542 3003 801 3058 mediocri
831 3002 1060 3071 vestigio
1084 3000 1337 3055 facinoris
1362 2998 1521 3068 hujus
1550 2998 1817 3064 inventos,
1845 3013 2056 3052 summo

456 3097 721 3168 supplicio
742 3107 795 3152 et
822 3094 1136 3164 inexpiabili
1151 3108 1310 3165 paena
1328 3094 1579 3162 juhemus
1597 3092 1780 3161 afﬂigi,
1805 3102 2056 3147 manente

2161 1880 2239 1934 las
2283 1880 2640 1935 creandorum
2686 1884 3028 1938 sacerdotum
3088 1893 3313 1952 usurpet
3365 1893 3526 1953 atque
3567 1884 3760 1939 habeat

2162 1972 2551 2028 ordinationes.
2581 1974 2796 2030 Emdem
2826 1990 3038 2046 quoque
3060 1975 3276 2041 donms,
3321 1992 3417 2032 seu
3446 1978 3497 2031 in
3532 1977 3756 2031 urbibus

2161 2080 2255 2121 seu
2290 2068 2338 2120 in
2359 2068 2785 2139 quibuscumque
2809 2069 2941 2122 locis
2960 2069 3159 2139 passim
3183 2068 3355 2124 turbm
3383 2068 3751 2139 professormn

2160 2175 2222 2215 ac
2251 2162 2621 2216 ministrorum
2650 2164 2834 2217 talium
2875 2163 3222 2233 colligantur,
3272 2162 3387 2219 fisci
3434 2164 3603 2218 nostri
3662 2164 3760 2218 do~

2161 2255 2326 2308 minio
2349 2256 2567 2325 jurique
2598 2255 2915 2321 subdantur,
2951 2257 3019 2309 ita
3052 2266 3108 2311 ut
3140 2256 3191 2309 hi
3214 2298 3228 2320 ,
3280 2260 3369 2324 qui
3420 2257 3502 2311 vel
3555 2256 3760 2311 doctri-

2161 2363 2284 2401 nam
2333 2348 2419 2403 vel
2474 2350 2729 2420 mysteria
2776 2351 3200 2405 conventiouum
3261 2352 3449 2406 talium
3498 2366 3759 2409 exercere

2159 2453 2578 2506 consneverunt,
2611 2446 2890 2515 perquisiti
2916 2445 2983 2500 ab
3006 2446 3256 2501 omnibus
3279 2448 3502 2502 urbibus
3524 2464 3584 2504 ac
3602 2448 3755 2515 lucis,

2162 2536 2453 2605 propositae
2478 2538 2608 2609 legis
2634 2539 2820 2609 vigore
2846 2540 3124 2595 constricu
3167 2541 3513 2609 exuellautur
3538 2558 3566 2595 a
3599 2544 3757 2598 coeti-

2159 2629 2281 2694 bus,
2311 2638 2365 2683 et
2394 2630 2458 2683 ad
2494 2630 2761 2701 proprias,
2797 2632 2940 2687 unde
2969 2631 3180 2686 oriundi
3211 2642 3358 2699 sunt,
3383 2643 3554 2689 terras
3582 2634 3757 2692 redire

2156 2719 2478 2787 jubeantur,
2520 2737 2586 2775 ne
2614 2725 2733 2791 quis
2755 2739 2941 2777 eorum
2973 2735 3061 2778 aut
3094 2727 3435 2781 commeandi
3492 2727 3555 2781 ad
3612 2744 3757 2797 qua:-

2160 2812 2292 2867 libct
2318 2815 2423 2868 alia
2450 2815 2564 2870 loca
2595 2826 2688 2870 attt
2719 2816 2977 2885 evagandi
3002 2818 3068 2871 ad
3100 2818 3259 2873 urbe;
3289 2819 3484 2874 habeat
3516 2829 3755 2890 potesta-

2161 2917 2286 2961 tem.
2321 2909 2475 2974 Quod
2512 2910 2557 2963 si
2608 2911 2965 2980 negligentius
2988 2928 3072 2976 ea,
3104 2929 3226 2983 qua:
3263 2916 3525 2969 serenitas
3574 2928 3755 2970 nostra

2159 3001 2458 3067 constituit,
2486 3002 2832 3067 impleantur,
2859 3017 2914 3059 et
2942 3004 3117 3059 officia
3172 3006 3579 3073 provincialium
3607 3007 3754 3076 judi-

2160 3112 2280 3150 cum
2307 3106 2361 3151 et
2392 3096 2717 3167 principales
2754 3099 2963 3152 urbium
2994 3141 3007 3163 ,
3038 3099 3089 3153 in
3119 3100 3313 3170 quibus
3363 3100 3526 3155 coitio
3575 3102 3755 3156 vetita:

456 3205 518 3244 ea
548 3162 860 3245 eoiiditione
890 3162 963 3242 de
982 3162 1167 3251 bonis,
1192 3202 1351 3257 quam
1373 3186 1517 3239 onmi
1548 3184 1673 3239 huic
1700 3184 1933 3239 officium
1957 3187 2055 3239 im-
2081 3162 2126 3224 (ἶ
2163 3188 2593 3258 congregationis
2620 3200 2836 3258 reperta
2861 3191 3271 3256 monstrabitur,
3300 3193 3586 3248 sententia:
3607 3193 3759 3245 dam-

457 3285 755 3355 posuimus,
775 3300 803 3337 a
836 3283 958 3337 latae
980 3281 1181 3336 dudum
1211 3280 1344 3350 legis
1364 3279 1606 3333 exordio.
1625 3279 1936 3334 Sublimitas
1960 3280 2058 3334 ita-

458 3392 564 3447 que
605 3386 694 3429 tua
741 3375 834 3428 det
885 3374 1232 3444 inquisitores
1264 3415 1279 3438 ,
1336 3372 1545 3443 aperiat
1584 3372 1758 3426 forum
1795 3415 1808 3436 ,
1852 3372 2057 3427 indices

457 3470 973 3538 denuntiatoresque
1028 3468 1145 3521 sine
1208 3466 1409 3520 invidia
1466 3465 1752 3521 delationis
1804 3465 2053 3534 accipiat.

458 3562 631 3619 Nemo
663 3561 1071 3632 przrscriptiooe
1095 3561 1368 3615 comumni
1391 3560 1671 3615 exordium
1695 3560 2058 3615 accusationis

458 3659 622 3727 hujus
654 3656 929 3726 infringat.
960 3656 1131 3711 Nemo
1158 3656 1291 3711 tales
1318 3657 1560 3711 occultos
1600 3666 1754 3725 cogat
1795 3657 2056 3711 latentes-

459 3766 565 3821 que
594 3761 894 3807 conventus
928 3768 939 3802 :
973 3751 1116 3821 agris
1146 3750 1368 3804 vetitum
1397 3750 1485 3811 sit,
1507 3749 1836 3817 prohibitum
1860 3749 2056 3803 mmni-

458 3846 582 3910 bus,
634 3844 763 3899 sede
818 3844 1030 3911 publica
1066 3844 1376 3914 privataque
1435 3844 1766 3898 damnatum.
1814 3842 1840 3913 §
1881 3844 1936 3896 2.
1980 3845 2057 3898 Ac

458 3952 665 3991 summa
695 3937 1068 4005 exploratione
1100 3936 1343 3997 rimetur,
1371 3944 1428 3990 ut
1457 3938 1783 4003 quicumque
1816 3936 1868 3989 in
1893 3952 2055 3990 unum

461 4029 682 4083 Pascha:
708 4030 850 4082 diem
885 4043 991 4081 non
1024 4027 1345 4094 obsequenti
1372 4028 1631 4095 religione
1672 4028 2054 4092 convenerint,

461 4121 599 4174 tales
632 4119 1021 4179 indubitanter,
1047 4119 1235 4189 quales
1256 4118 1357 4173 hac
1389 4119 1505 4179 lege
1531 4119 1927 4179 damnavimus.
1963 4119 2059 4173 ha-

460 4213 712 4268 beantur.
749 4211 873 4265 Dat.
897 4211 1035 4282 prid.
1074 4209 1192 4264 Kal.
1229 4212 1401 4280 April.
1436 4209 1903 4279 Constantinopoli,
1957 4212 2058 4265 An-

462 4314 604 4359 tonia
633 4314 677 4359 et
708 4304 932 4375 Syagrio
956 4304 1099 4357 Cass.
1138 4302 1306 4372 (58i).

533 4398 621 4453 10.
668 4396 837 4450 Iidem
864 4398 1024 4451 ΑΑΛ.
1055 4394 1483 4451 Constantiniana
1530 4394 1741 4450 Vicario
1783 4395 2056 4450 diteceseos

459 4493 714 4549 Pontiae.
771 4491 1171 4561 TasCodrogita:
1198 4505 1227 4543 a
1256 4489 1477 4544 sedibus
1522 4488 1739 4559 quidem
1784 4490 1896 4544 suis
1956 4490 2058 4543 mi-

2163 3282 2477 3352 nationique
2507 3282 2827 3349 subdantur,
2859 3283 2979 3337 Dat.
3020 3283 3112 3338 III
3165 3285 3282 3339 Non
3333 3287 3481 3356 Sept.
3508 3284 3756 3342 Constan-

2163 3376 2402 3443 tinopoli,
2440 3376 2751 3433 Merobaude
2776 3376 2834 3430 ΙΙ
2867 3388 2911 3431 et
2937 3377 3221 3433 Saturnino
3242 3376 3387 3433 Coss.
3421 3379 3595 3453 (585).

2150 3539 2153 3541 _
2238 3467 2325 3521 15.
2372 3464 2538 3521 Iidem
2569 3469 2723 3521 ΑΑΑ.
2752 3468 2978 3540 Cynegio
3010 3468 3097 3539 ΡῙ.
3150 3470 3212 3523 I’.
3247 3470 3570 3526 Eunomiani
3597 3515 3612 3539 ,
3648 3472 3757 3525 Ma—

2164 3558 2468 3626 cedoniani,
2504 3560 2709 3621 Ariani.
2746 3577 2845 3616 nec
2883 3578 2987 3614 non
3048 3562 3440 3631 Apollinariani
3484 3564 3622 3619 inter
3668 3580 3756 3618 sa-

2164 3667 2270 3707 cra:
2302 3652 2578 3722 religionis
2603 3652 2777 3708 officia
2811 3669 2907 3724 pro
2934 3655 3048 3708 suis
3076 3656 3353 3710 erroribus
3402 3655 3603 3711 famosa
3633 3665 3758 3710 sunt

2164 3744 2405 3798 nomina.
2440 3746 2640 3799 Omnes
2674 3746 2871 3815 itaque,
2906 3748 2994 3816 qui
3025 3748 3209 3800 harum
3238 3746 3637 3816 professionum
3670 3748 3754 3802 vel

2163 3840 2501 3908 pontificium
2532 3839 2635 3893 sibi
2668 3839 2751 3893 vel
2794 3842 3150 3894 ministerium
3194 3842 3554 3907 vindicarunt,
3582 3844 3667 3911 qui
3697 3856 3756 3898 se

2164 3930 2328 3999 fugati
2361 3932 2593 3987 nominis
2618 3942 2864 3986 asserunt
2898 3934 3235 3999 sacerdotes,
3268 3934 3467 4004 quique
3499 3936 3550 3989 in
3577 3936 3757 3989 crimi-

2163 4035 2297 4074 ηυςεξι
2323 4022 2582 4091 religione
2606 4021 2974 4077 ministrorum
2995 4024 3095 4077 sibi
3124 4040 3316 4078 nomen
3338 4026 3642 4093 imponunt,
3666 4025 3755 4095 qui

2162 4113 2360 4168 docere
2385 4130 2443 4168 se
2472 4114 2680 4181 dicunt,
2711 4116 2854 4187 quod
2875 4127 2968 4169 aut
2997 4119 3206 4172 nescire
3223 4126 3317 4172 aut
3340 4118 3555 4173 discere
3580 4118 3757 4173 sitde-

2162 4205 2470 4275 decorum,
2523 4209 2774 4264 onmibus
2836 4210 2995 4281 hujus
3044 4211 3194 4266 urbis
3241 4212 3460 4267 latebris
3507 4212 3758 4281 indagine

2162 4303 2460 4357 coriosiore
2494 4304 2813 4373 persjeetis,
2844 4304 2961 4360 sine
2992 4306 3098 4359 ulla
3130 4307 3317 4376 gratim
3352 4306 3755 4363 interventione

2165 4394 2466 4464 pellantur;
2495 4395 2546 4449 in
2575 4395 2694 4449 aliis
2721 4396 2854 4451 locis
2883 4396 3081 4460 vivant,
3108 4412 3168 4449 ac
3194 4398 3405 4465 penitus
3427 4414 3455 4451 a
3491 4398 3757 4454 bonorum

2161 4488 2543 4557 congressibus
2575 4499 2914 4556 separentur.
2948 4488 3065 4545 Dat.
3108 4488 3227 4543 XII
3254 4489 3379 4545 Kal.
3414 4490 3567 4546 Febr.
3618 4490 3757 4547 Con-

459 4587 606 4640 nime
636 4586 1037 4657 proliellantur,
1066 4582 1137 4638 ad
1177 4582 1378 4637 nullam
1403 4592 1583 4637 tamen
1607 4582 1894 4636 ecclesiam
1943 4582 2055 4635 ha:-

2161 4580 2515 4648 stantiuopoli,
2547 4580 2848 4635 Richomere
2869 4592 2915 4635 et
2941 4582 3191 4637 Clearcha
3221 4581 3368 4639 Cass.
3409 4585 3587 4657 (584).

459 4680 641 4734 reticac
678 4678 1082 4748 superstitionis
1132 4677 1285 4731 turba
1316 4677 1621 4739 conveniat,
1677 4686 1768 4729 aut
1817 4676 1862 4728 si
1918 4676 2056 4731 forte

458 4771 797 4833 convenerit,
831 4785 858 4823 a
881 4768 1276 4825 conventiculis
1297 4769 1411 4823 suis
1440 4769 1558 4822 sine
1594 4766 1701 4821 ulla
1736 4782 1885 4822 mora
1935 4784 2058 4836 pro-

457 4863 719 4934 pulsetur.
751 4861 874 4916 Dat.
913 4860 1028 4915 XI!
1070 4860 1192 4914 Kal.
1229 4860 1340 4914 Jul.
1383 4857 1848 4930 Constantinopoli,
1877 4860 2054 4915 Mero-

456 4958 621 5013 baude
648 4954 673 5009 Ι
686 4954 708 5009 1
738 4968 785 5009 et
815 4956 1104 5011 Saturnino
1135 4952 1279 5009 Cass.
1314 4955 1486 5026 (585).

533 5050 619 5104 il.
664 5046 831 5101 Iidem
860 5047 1016 5100 AdA.
1054 5044 1393 5101 Postumiana
1430 5045 1519 5118 Pf.
1556 5046 1619 5100 Ρ.
1653 5045 1857 5102 Omnes
1880 5048 2057 5101 omni—

457 5157 549 5207 no,
584 5155 956 5211 quoscumque
978 5140 1315 5193 diversarum
1362 5139 1626 5194 ita’resulll
1667 5155 1821 5194 error
1863 5140 2053 5207 exagi-

460 5244 559 5299 tat,
590 5234 641 5289 id
677 5245 757 5290 est
792 5233 1136 5297 Eunomiani,
1164 5231 1371 5296 Ariani,
1426 5230 1819 5293 Macedoniani,
1884 5231 2058 5284 l’ncu-

456 5327 808 5390 matomachi,
838 5325 1141 5391 Manichmi,
1170 5324 1481 5387 Encratitm,
1538 5322 1880 5391 Apotactitte,
1926 5322 2055 5379 Sac—

455 5418 705 5485 COpilOt‘i,
738 5418 1236 5489 Hydroparastatm,
1262 5415 1424 5471 nullis
1447 5414 1660 5469 circulis
1692 5424 1903 5482 coeant,
1941 5417 2059 5470 nul-

460 5510 566 5563 lam
594 5512 852 5581 colligant
886 5511 1321 5577 multitudinem,
1373 5511 1576 5565 nullum
1610 5508 1675 5564 ad
1707 5526 1765 5564 se
1797 5511 2055 5580 p0pulum

463 5598 677 5651 trabant
699 5641 713 5663 ,
739 5616 836 5653 nec
866 5604 932 5656 ad
967 5604 1253 5671 imaginem
1299 5603 1654 5677 ecclesiarum
1688 5602 1923 5669 parietes
1949 5603 2058 5672 pri-

465 5698 613 5739 vatos
643 5691 952 5755 ostendant,
978 5692 1107 5745 nihil
1139 5693 1219 5747 vel
1254 5692 1466 5763 publice
1497 5694 1581 5748 vel
1614 5693 1885 5762 privatim,
1912 5694 2054 5764 quod

459 5775 739 5833 catholica:
770 5782 1039 5835 sanctitati
1063 5782 1278 5839 ofﬁcere
1307 5787 1500 5853 passit,
1553 5796 1864 5842 escrccaut.
1902 5789 1977 5841 Ac
2008 5786 2054 5842 si

2238 4670 2323 4727 14.
2368 4671 2535 4725 Iidem
2582 4673 2740 4726 AAA.
2791 4672 3014 4745 Cynegio
3071 4674 3161 4745 ΡῙ.
3210 4674 3274 4729 Ρ.
3320 4677 3756 4747 Apullinarianos

2161 4773 2495 4832 cwlerosque
2527 4764 2864 4820 diversarmn
2913 4767 3175 4823 lnrrcsum
3208 4779 3507 4825 sectatores
3541 4770 3608 4824 ab
3637 4785 3758 4825 om-

2164 4859 2319 4913 nibus
2350 4858 2483 4913 locis
2507 4860 2760 4930 jubcmus
2802 4862 3056 4928 inhiberi,
3095 4878 3124 4916 a
3159 4864 3428 4920 tritenibus
3460 4865 3693 4931 urbium,
3724 4880 3755 4920 a

2164 4970 2461 5026 congressu
2496 4958 2847 5011 hooestorum
2871 4999 2883 5019 .
2916 4973 2945 5011 a
2972 4960 3356 5014 communione
3398 4970 3707 5015 sanctormn
3739 4976 3753 5024 ;

2166 5048 2621 5103 instituendorum
2643 5049 2966 5104 clericorum
3002 5068 3105 5105 non
3140 5050 3375 5107 habeant
3399 5060 3754 5121 potestatem;

2163 5141 2590 5211 Colligendarum
2617 5146 3095 5211 congregationum
3120 5144 3202 5198 vel
3239 5144 3289 5197 in
3326 5144 3555 5213 publicis
3588 5145 3672 5198 vel
3705 5144 3756 5197 in

2164 5233 2387 5302 privatis
2413 5234 2657 5288 ecclesiis
2685 5246 2904 5289 careant
2931 5234 3204 5291 facultate.
3236 5235 3391 5291 Nulla
3431 5236 3513 5290 his
3542 5236 3756 5304 cpisco-

2164 5344 2352 5396 porom
2383 5326 2754 5383 faciendorum
2786 5330 3094 5399 praebeatur
3135 5331 3470 5395 auctoritas;
3499 5330 3597 5400 ipsi
3625 5334 3762 5400 quo-

2164 5436 2267 5491 que
2294 5421 2556 5490 episcopi,
2590 5423 2809 5478 nomine
2835 5424 3100 5489 destituti,
3134 5422 3551 5493 appellationem
3601 5421 3759 5491 hujus

2164 5512 2446 5584 dignitatis
2464 5515 2734 5569 amittant.
2757 5516 2967 5571 Adeant
2989 5517 3125 5578 loca,
3141 5531 3261 5585 quae
3283 5516 3379 5570 hos
3397 5516 3755 5586 potissimum,

2159 5605 2311 5674 quasi
2342 5604 2501 5669 vallo,
2536 5608 2936 5675 quodammodo
2972 5608 3041 5662 ab
3084 5608 3316 5663 humana
3374 5608 3760 5665 communione

2161 5696 2465 5752 secludunt.
2498 5698 2591 5751 liis
2624 5700 2784 5753 etiam
2819 5700 2946 5754 illud
2979 5703 3339 5769 annectimus,
3366 5712 3423 5756 ut
3452 5718 3613 5772 supra
3648 5716 3760 5756 me-

2161 5789 2385 5845 moratis
2415 5790 2665 5847 omnibus
2692 5792 2923 5848 adeundi
2974 5804 3137 5864 atque
3184 5796 3561 5864 interpellandi
3595 5802 3761 5869 ~sere-
