4200 6178
382 280 489 337 537

1208 274 1575 334 TIIEODOSII
1615 274 1931 334 SELECTA
1976 276 2066 334 DE
2106 277 2482 337 RELIGIONE
2524 278 2868 337 DECRETA.

3583 280 3688 337 558

386 394 612 451 nitatem
673 404 914 448 nostram
961 392 1141 448 aditus
1192 392 1516 462 denegatur.
1576 391 1702 446 Dat.
1768 390 1842 447 VI
1895 390 1983 447 1d.
2014 392 2065 452 Λ
2094 397 2218 452 Dat.
2272 393 2343 449 VI
2380 395 2504 450 Καί.
2536 394 2665 451 Dec.
2701 394 3019 462 Mediolano,
3072 394 3305 451 Timasia
3348 402 3397 454 et
3439 393 3688 451 Pramota

388 488 549 544 Mart.
581 486 971 553 Thessalonica,
999 485 1289 543 Theodosio
1308 485 1372 541 A.
1402 484 1465 539 II
1508 495 1557 541 et
1586 484 1811 557 Cynegio
1832 482 1976 540 Cass.

391 581 563 653 (588).
716 574 725 581 ’

462 678 551 732 15.
596 675 761 731 Iidem
786 675 943 730 AAA.
972 674 1192 745 Trifolia
1219 674 1309 747 Pf.
1340 673 1405 728 Ρ.
1430 675 1631 730 Omnes
1647 673 1981 729 diversarum

386 771 825 845 perlidarumque
850 781 1141 835 sectarum,
1174 785 1310 839 quos
1350 768 1402 823 in
1435 769 1604 824 Deum
1648 768 1863 822 miserae
1890 781 1983 821 vc-

386 866 537 923 sania
568 861 984 934 conspirationis
1007 870 1249 927 exercet,
1293 862 1497 916 nullum
1542 874 1765 930 usquam
1795 859 1980 913 sinan-

391 970 479 1015 tur
510 958 707 1013 habere
737 966 1086 1021 conventum,
1122 970 1230 1009 non
1262 955 1401 1009 inire
1424 962 1704 1011 tractatus.
1739 967 1845 1007 non
1869 966 1983 1007 cm-

389 1061 478 1107 tus
500 1066 661 1120 agere
685 1061 949 1114 secretos,
984 1064 1089 1103 non
1114 1047 1334 1103 nefaria:
1360 1046 1819 1115 przevaricationis
1842 1044 1981 1099 alta-

388 1146 469 1200 ria
501 1158 695 1199 manus
740 1143 918 1212 impia:
950 1140 1144 1197 ofﬁciis
1182 1140 1521 1211 impudenter
1580 1139 1828 1193 attollere
1854 1180 1868 1205 ,
1929 1146 1984 1192 et

389 1236 776 1309 mySIeriorum
806 1236 1203 1290 simulationem
1247 1233 1314 1287 ad
1365 1232 1613 1302 injuriam
1655 1246 1800 1287 vera:
1858 1230 1982 1285 reli-

389 1330 566 1401 gionis
592 1342 801 1397 aptare.
826 1328 977 1397 Quod
1011 1335 1067 1382 ut
1088 1343 1382 1397 congruum
1406 1329 1667 1382 sortiatur
1707 1326 1983 1391 edoctum,

390 1425 447 1481 in
474 1422 690 1494 specula
724 1422 1026 1477 sublimitas
1049 1430 1139 1475 tua
1170 1420 1463 1475 ﬁdissimus
1506 1434 1753 1489 quosque
1783 1418 1987 1472 consti-

392 1528 525 1585 tuat,
560 1518 649 1587 qui
674 1526 728 1570 et
749 1515 1010 1570 eohibere
1038 1515 1136 1569 hos
1169 1515 1375 1584 possint
1424 1525 1479 1567 et
1516 1511 1884 1582 deprehensos
1907 1510 1988 1566 of-

390 1609 539 1665 ferre
564 1610 817 1680 judiciis,
864 1610 1267 1664 severissimum
1290 1649 1306 1675 ,
1350 1607 1646 1662 secundum
1686 1607 1987 1676 praeteritas

390 1705 727 1761 sanctiones.
750 1712 807 1757 et
840 1704 948 1758 Deo
1000 1703 1325 1773 supplicium
1379 1702 1601 1755 daturos
1657 1712 1709 1754 et
1758 1700 1981 1769 legibus.

2086 492 2232 550 Cass.
2265 491 2439 564 (389).

2155 588 2249 645 ΞΟ.
2289 586 2597 657 Exemplum
2622 602 2889 641 sacrarum
2916 584 3248 640 Litterarum.
3296 583 3683 640 Hrereticorum

2085 682 2288 751 polluta
2316 679 2565 747 contagia
2596 678 2727 749 pelli
2759 679 2982 732 urbibus
3011 718 3027 745 ,
3079 677 3209 733 vicis
3258 676 3569 747 proturbari
3618 691 3685 731 ac.

2085 774 2253 829 nullis
2280 774 2493 843 penitus
2516 772 2769 841 jubemus
2795 778 2981 841 patere
2996 770 3375 837 conventibus,
3400 785 3465 825 ne
3483 770 3533 823 iu
3554 783 3690 840 quo-

2086 883 2244 941 quam
2274 867 2393 921 loco
2424 866 2688 935 sacrilega
2716 864 2912 920 cohors
2962 864 3148 917 talium
3194 863 3475 920 hominum
3521 863 3685 919 colli-

2086 974 2262 1033 gatttr.
2288 960 2442 1013 Nulla
2477 974 2665 1013 eorum
2698 956 3044 1028 perversitati
3078 956 3163 1010 vel
3198 956 3410 1025 publica
3443 971 3682 1011 conven-

2088 1056 2251 1112 ticula
2302 1054 2383 1110 vel
2426 1053 2712 1107 latentiora
2766 1050 3047 1106 erroribus
3103 1059 3311 1105 secreta
3361 1049 3687 1105 tribuantur.

2088 1146 2211 1201 Dat.
2244 1144 2396 1200 XIII
2430 1144 2555 1198 Kal.
2604 1142 2736 1199 Jun.
2790 1141 2979 1208 Roma,
3020 1140 3243 1196 Tatiano
3287 1148 3333 1195 et
3372 1138 3689 1213 Symmacho

2094 1242 2137 1296 V
2156 1240 2215 1295 V.
2239 1238 2339 1295 CC.
2372 1239 2516 1293 Cass.
2544 1238 2720 1308 (591).

2159 1335 2249 1389 21.
2294 1334 2462 1387 Iidem
2492 1331 2649 1385 ΑΑΑ.
2684 1329 2898 1384 Tatiano
2938 1327 3028 1394 ΡΙ.
3065 1327 3131 1382 Ρ.
3176 1327 3233 1383 In
3283 1325 3556 1382 haereticis
3602 1341 3690 1382 er-

2090 1428 2301 1483 roribus
2332 1440 2700 1497 quoscumque
2722 1422 3035 1478 constiterit
3055 1423 3135 1477 vel
3162 1421 3445 1477 ordinasse
3461 1420 3690 1476 clericos

2089 1523 2175 1577 vel
2197 1522 2498 1590 suscepisse
2528 1518 2767 1572 alliciunt
2799 1517 3151 1582 clericorum,
3180 1516 3335 1571 denis
3362 1516 3517 1570 libris
3566 1515 3686 1570 auri

2091 1618 2292 1673 viritim
2322 1614 2657 1670 mulctaudos
2696 1627 2816 1667 esse
2839 1626 3125 1666 censemus
3168 1628 3181 1662 :
3232 1610 3409 1665 locum
3433 1624 3589 1675 sane,
3636 1609 3688 1665 in

2092 1728 2199 1782 quo
2222 1712 2387 1766 vetita
2416 1716 2710 1772 tentantur,
2741 1707 2783 1760 si
2814 1702 3159 1759 conniventia
3194 1703 3399 1758 domini
3429 1702 3686 1773 patuerit,

392 1796 517 1851 Dat.
562 1794 765 1849 XVIII
810 1794 935 1849 Kal.
969 1793 1083 1848 Jul.
1112 1795 1305 1859 Stobis,
1355 1792 1418 1849 Π.
1470 1792 1541 1847 Ν.
1588 1792 1877 1847 Theodosio
1924 1792 1987 1844 Α.

2099 1806 2211 1861 ίίηεί
2242 1806 2408 1859 nostri
2437 1802 2643 1856 viribus
2687 1800 2990 1870 aggregari.
3048 1797 3200 1866 Quod
3244 1798 3288 1852 si
3323 1797 3372 1852 id
3407 1810 3689 1867 possesso-

391 1888 456 1943 ΙΙ
505 1899 552 1943 et
574 1888 800 1959 Cynegia
842 1886 900 1942 V.
935 1888 991 1942 C.
1021 1887 1167 1942 Cass.
1200 1887 1373 1959 (588.)

465 1982 553 2037 16.
600 1979 768 2034 Iidem
796 1981 951 2035 ΑΑΑ.
985 1978 1215 2051 Cynegio
1257 1979 1344 2050 I’f.
1392 1978 1455 2034 P.
1504 1979 1807 2035 Nonttttllos
1838 1978 1989 2031 Aria-

392 2093 584 2133 norum
617 2076 843 2131 formam
874 2086 1183 2130 nostrarum
1220 2076 1379 2129 talem
1412 2075 1652 2144 proferre
1681 2074 1986 2143 jussioncm

390 2169 777 2240 comperimus,
804 2180 858 2223 ut
886 2170 966 2223 his
997 2169 1157 2223 liceat
1182 2182 1467 2237 usurpare,
1493 2182 1612 2236 quze
1634 2166 1745 2219 suis
1766 2164 1986 2219 videan—

392 2273 481 2319 tur
509 2263 827 2317 utilitatibus
857 2262 1171 2317 convenire.
1204 2260 1319 2328 Qua
1352 2260 1563 2313 sublata
1602 2259 1812 2323 sciant,
1871 2257 1989 2310 ttul—

390 2355 498 2410 lam
552 2355 859 2426 hujusmodi
907 2356 1208 2423 jussioncm
1253 2370 1282 2407 e
1338 2366 1521 2407 noStro
1572 2354 1809 2406 sacrario
1859 2368 1987 2418 pro-

392 2450 637 2505 ﬂuxissc.
669 2448 938 2517 Quidquid
973 2451 1151 2517 itaque
1203 2448 1362 2502 fuerit
1421 2446 1487 2499 ab
1541 2446 1623 2499 Itis
1672 2460 1769 2515 pro
1800 2459 1987 2499 eorum

392 2543 777 2598 commoditate
803 2542 1087 2617 prolatum,
1130 2551 1184 2594 ttt
1230 2540 1345 2593 falsi
1398 2554 1520 2592 reus
1577 2548 1844 2598 teneatur,
1898 2534 1990 2603 qui

394 2635 651 2703 deinceps
677 2651 738 2689 ea
770 2633 1180 2689 circumtulerit.
1210 2632 1331 2686 Dat.
1383 2632 1423 2685 ν
1460 2630 1545 2683 Id.
1579 2632 1707 2701 Aug.
1739 2628 1990 2683 Constan.

396 2730 634 2799 tinapati.
664 2727 953 2781 Theodosio
978 2730 1041 2781 Α.
1072 2725 1133 2779 II
1155 2737 1203 2781 et
1230 2726 1455 2797 Cynegio
1484 2724 1629 2778 Cass.
1657 2723 1831 2795 (588).

469 2824 555 2877 17.
606 2822 817 2893 Ιιηρρρ.
852 2821 1267 2885 Valentinianus,
1305 2819 1621 2872 Theodosius
1651 2830 1698 2872 et
1740 2818 1992 2871 Arcadius

395 2916 551 2970 ΑΑΑ.
578 2915 799 2969 Tatiano
836 2912 921 2985 Pf.
962 2912 1024 2965 P.
1053 2912 1375 2967 Eunomiani
1434 2913 1704 2983 spadones
1762 2926 1860 2966 nec
1910 2912 1991 2963 la-

394 3009 596 3069 ciendi,
625 3024 723 3063 nec
753 3006 1083 3075 adipiscendi
1112 3007 1342 3060 habeant
1362 3008 1628 3060 licentiam
1657 3006 1989 3059 testamenti.

396 3105 549 3172 Quod
582 3108 723 3157 circa
753 3120 966 3166 omnes,
998 3121 1133 3173 quos
1166 3105 1319 3158 vivos
1343 3104 1427 3157 lex
1471 3102 1735 3158 invenerit
1764 3144 1777 3167 ,
1842 3101 1994 3156 volu-

2092 1917 2227 1965 rem,
2252 1901 2451 1969 quippe
2482 1895 2785 1951 clanculum
2817 1904 3051 1965 gestum,
3097 1892 3375 1961 ignorasse
3429 1890 3685 1945 constite-

2091 1994 2184 2057 rit,
2219 1991 2607 2046 conductoretn
2638 1987 2757 2057 cjtts
2813 1986 2984 2049 fundi,
3014 1984 3058 2039 si
3085 1985 3347 2055 ingenuus
3370 1990 3474 2048 est,
3505 1982 3690 2037 decem

2091 2087 2209 2140 auri
2243 2086 2408 2140 libras
2442 2083 2569 2136 ﬁsco
2607 2091 2791 2135 nostro
2820 2078 3022 2133 inferre
3070 2077 3431 2150 przccipiiuus,
3482 2075 3526 2129 si
3578 2090 3695 2129 ser-

2093 2179 2183 2233 vili
2228 2178 2356 2233 faece
2386 2175 2725 2231 descendens
2749 2180 3070 2244 paupertate
3120 2171 3201 2225 sui
3233 2185 3449 2240 pcenam
3508 2167 3691 2223 damni

2092 2287 2156 2325 ac
2188 2270 2392 2325 vilitate
2436 2268 2731 2323 eotttemnit
2760 2308 2775 2331 ,
2819 2279 2995 2319 cursus
3041 2262 3271 2318 fustibus
3317 2259 3695 2329 deportatione

2093 2365 2459 2421 damnabitur.
2486 2362 2622 2417 Tum
2656 2360 2786 2414 illud
2817 2357 3129 2428 specialiter
3176 2368 3544 2425 pra‘caremus
3566 2395 3580 2419 ,
3613 2360 3693 2418 ut,

2094 2461 2136 2515 si
2165 2460 2289 2513 villa
2321 2455 2591 2511 dominica
2621 2455 2781 2508 fuerit
2811 2467 2906 2508 seu
2941 2448 3231 2520 cujuslibet
3280 2447 3477 2516 publici
3530 2446 3687 2515 juris,

2094 2565 2143 2607 et
2170 2552 2466 2607 conductor
2496 2559 2547 2601 et
2579 2555 2899 2615 procurator
2945 2543 3216 2597 licentiam
3262 2539 3511 2593 dederint
3544 2537 3698 2593 colli-

2094 2646 2271 2717 gendi,
2329 2644 2482 2699 denis
2532 2642 2684 2695 libris
2738 2638 2856 2692 auri
2915 2637 3187 2706 proposita
3238 2633 3693 2689 condemnatione

2097 2738 2445 2792 mulcteutur.
2496 2734 2696 2788 Verum
2729 2732 2770 2785 si
2801 2744 2937 2799 quos
2984 2728 3203 2781 talibus.
3241 2735 3487 2796 repertos
3536 2725 3696 2778 obse-

2094 2831 2334 2887 cundare
2360 2828 2635 2899 mysteriis
2661 2840 2723 2878 ac
2755 2823 2855 2877 sibi
2885 2836 3146 2890 usurpare
3197 2818 3415 2871 nomina
3469 2817 3696 2871 clerico-

2096 2940 2213 2979 rum
2250 2923 2359 2993 jam
2392 2934 2534 2974 nunc
2565 2918 2837 2988 proditum
2898 2914 3079 2979 luerit,
3132 2912 3299 2967 deuas
3358 2910 3525 2965 libras
3578 2907 3695 2962 auri

2096 3020 2234 3089 exigi
2292 3015 2532 3085 singulos
2578 3021 2631 3068 et
2679 3011 2880 3067 inferre
2924 3008 3287 3077 pratcipimus.
3346 3004 3466 3059 Dat.
3517 3000 3688 3057 XVII

2098 3110 2225 3165 Kal.
2270 3106 2384 3161 Jul.
2416 3104 2880 3176 ConstantinOpoIi,
2937 3102 3157 3155 Arcadio
3186 3101 3249 3155 Λ.
3299 3097 3363 3151 II
3414 3107 3459 3153 et
3500 3096 3694 3164 Ruﬁno

395 3215 519 3255 mus
548 3198 831 3259 custodiri,
858 3213 956 3253 nec
988 3213 1311 3267 quemquam
1360 3198 1646 3265 prrcteritic
1686 3194 1984 3263 cujuspiam
2012 3195 2058 3257 C
2093 3203 2239 3259 ςοεδ,
2272 3200 2440 3271 (592),

396 3292 690 3348 voluntatis
723 3293 1005 3363 privilegio
1027 3292 1315 3346 defensori.
1347 3307 1467 3345 cum
1488 3331 1502 3353 ,
1530 3305 1626 3345 seu
1656 3290 1795 3343 facta
1843 3290 1991 3358 prius

399 3394 719 3440 testamenta
750 3400 843 3440 seu
876 3386 1069 3439 infecta
1103 3385 1416 3442 doceantur.
1460 3394 1577 3452 post
1630 3382 1770 3436 hanc
1822 3382 1991 3437 nostri

398 3478 606 3533 oraculi
649 3479 986 3533 sanctionem
1021 3493 1125 3532 non
1184 3478 1420 3532 habeant
1449 3476 1759 3544 possidendi
1822 3476 1993 3529 licen-

400 3575 550 3638 tiam,
582 3590 687 3626 nou
720 3573 967 3641 petendi,
1005 3590 1109 3626 non
1136 3575 1297 3627 etiam
1328 3572 1673 3641 relinquendi
1720 3573 1990 3626 hteredcm

400 3668 619 3722 nomine
644 3666 945 3736 principali,
979 3683 1083 3721 non
1116 3666 1642 3727 ﬁdeicommissario.
1694 3683 1798 3721 non
1844 3667 1991 3736 lega-

400 3760 558 3820 tario.
594 3776 698 3814 non
732 3762 893 3815 tacito
922 3760 1366 3825 lideicontmisso,
1418 3762 1502 3815 vel
1526 3776 1917 3830 quamcumque
1942 3761 1991 3815 in

401 3852 777 3919 hujuscttutodi
850 3854 1081 3922 negotiis
1162 3855 1617 3921 nunt-tqnitionem
1666 3852 1805 3921 juris
1859 3853 1994 3909 ordo

400 3943 679 3998 constituit
711 3962 722 3997 :
750 3945 842 3998 sed
871 3945 1073 4008 omnia,
1104 3962 1222 4011 qua:
1268 3946 1451 3999 talium
1508 3961 1630 4000 esse
1682 3946 1763 4001 vel
1816 3945 1993 4000 futura

401 4050 523 4091 esse
544 4038 871 4100 constiterit,
909 4049 963 4090 tit
985 4038 1182 4093 caduca
1217 4038 1328 4091 Iisci
1362 4038 1535 4091 nostri
1580 4038 1787 4094 viribus
1818 4038 1996 4092 vindi-

401 4137 611 4184 centur.
643 4128 783 4183 Nihil
814 4130 878 4183 ad
902 4146 1169 4183 summum
1193 4129 1424 4184 habeant
1450 4146 1736 4185 commune
1764 4146 1884 4183 cum
1911 4145 1996 4185 re—

400 4220 583 4287 liquis.
618 4219 743 4275 Dat.
781 4220 872 4274 III
908 4222 1047 4276 Non.
1085 4222 1217 4276 JIaii
1268 4221 1567 4277 Mediolano
1601 4264 1615 4288 ,
1672 4222 1899 4277 Timasio
1949 4234 1996 4279 et

404 4312 652 4369 Promata
682 4316 825 4371 Cass.
851 4316 1025 4389 (589).

476 4408 564 4462 18.
607 4407 774 4462 Iidem
803 4410 956 4463 ΑΑΑ.
1001 4410 1187 4465 Albino
1234 4410 1322 4481 ΡῙ.
1381 4411 1446 4466 U.
1504 4411 1844 4482 Quicumque
1897 4412 1997 4467 sub

406 4502 625 4557 nomine
645 4502 1063 4558 Manichteorum
1122 4505 1381 4559 mundum
1412 4504 1725 4567 sollicitant,
1752 4520 1816 4559 ex
1848 4506 1994 4559 otuni

2169 3298 2259 3350 '22.
2304 3296 2516 3367 Intppp.
2568 3293 2935 3357 Theodosius,
3001 3288 3253 3342 Arcadius
3316 3294 3363 3338 et
3428 3282 3692 3336 Ilanorius

2098 3390 2254 3443 ΛΑΑ.
2290 3388 2517 3441 I’ictaria
2547 3385 2858 3439 Proconsuli
2888 3383 3043 3437 Asim.
3086 3380 3333 3435 llattetici
3380 3392 3553 3445 neque
3578 3376 3693 3445 epi-

2094 3486 2241 3553 seopi
2284 3482 2514 3537 faciendi
2562 3488 2908 3551 potestatem,
2959 3490 3133 3545 neque
3158 3473 3534 3542 cpiscOpurum
3564 3484 3694 3523 con-

2097 3578 2429 3632 lirmationes
2472 3572 2643 3628 licitas
2684 3572 2937 3625 habeant.
2975 3568 3098 3621 Dat.
3149 3564 3321 3620 XVII
3382 3564 3506 3616 Kal.
3562 3561 3693 3615 Maii

2097 3668 2571 3741 Constantinopoli,
2630 3666 2851 3719 Arcadia
2901 3660 3020 3726 III,
3072 3670 3116 3715 et
3162 3657 3398 3713 Honorio
3441 3653 3527 3722 II,
3579 3654 3689 3709 ΛΑ.

2097 3764 2242 3820 Cass.
2280 3762 2456 3833 (594).

2168 3858 2259 3911 95.
2304 3854 2474 3909 Iidem
2501 3853 2658 3906 ΑΑΑ.
2694 3850 2882 3920 Ruﬁna
2930 3847 3018 3917 Pf.
3069 3845 3135 3900 P.
3188 3841 3581 3905 Eunomiauis,
3628 3856 3693 3893 ne

2098 3958 2358 4022 eapereut
2397 3944 2599 4017 aliquid
2632 3944 2717 3997 vel
2750 3941 3119 4011 relinquerent
3151 3945 3495 3999 testamento,
3518 3933 3693 4003 legem

2099 4047 2301 4102 dudutn
2346 4042 2675 4101 credidimus
2723 4035 3167 4108 promulgandam
3197 4074 3211 4097 ,
3256 4046 3418 4100 quam
3474 4027 3695 4098 quidem

2101 4158 2243 4198 nunc
2274 4138 2504 4196 consilio
2536 4134 2774 4206 pleniore
2808 4145 3146 4187 revocamus.
3182 4124 3519 4192 Vivantjure
3541 4136 3696 4177 cum-

2102 4236 2273 4299 muni,
2304 4233 2539 4288 scribant
2572 4229 2775 4299 pariter
2804 4240 2867 4279 ac
2897 4223 3207 4278 scribantur
3253 4218 3517 4272 hau-edes.
3574 4213 3698 4268 Dat.

2103 4327 2217 4381 XII
2267 4324 2391 4379 Kal.
2424 4322 2541 4377 Jul.
2571 4317 2973 4387 HadrianOpali,
2999 4313 3221 4368 Arcadio
3244 4308 3365 4375 III,
3394 4318 3441 4362 et
3469 4306 3700 4361 Honorio

2103 4420 2189 4486 II,
2214 4418 2325 4472 ΑΑ.
2356 4415 2498 4471 Cass.
2537 4414 2711 4484 (594).

2173 4509 2266 4565 24.
2311 4508 2479 4561 Iidem
2510 4504 2668 4558 ΑΑΑ,
2697 4501 2891 4570 Ruﬁna
2923 4499 3014 4569 Pf.
3051 4496 3119 4551 P.
3162 4493 3553 4549 Ilatreticorum
3598 4489 3699 4543 de-

404 4596 619 4666 quidem
642 4598 775 4653 orbe
805 4608 1104 4665 terrarum,
1162 4599 1258 4653 sed
1306 4614 1463 4669 quant
1513 4600 1746 4653 maxime
1782 4599 1849 4653 de
1900 4598 1999 4655 hac
2027 4580 2080 4641 Ῑ)
2106 4603 2305 4659 mentia
2334 4615 2435 4654 nec
2465 4597 2695 4653 ulterius
2720 4601 2949 4648 conetur
2993 4597 3331 4660 perpetrare,
3373 4598 3495 4653 qum
3545 4595 3702 4650 repe-

405 4690 537 4745 urbe
562 4690 853 4760 pellantur,
887 4692 987 4745 sub
1019 4693 1456 4747 interminatimie
1482 4693 1690 4761 judicii.
1746 4692 1773 4764 ᾗ
1810 4694 1858 4746 1.
1892 4692 1995 4747 Vo-

405 4782 639 4837 luntates
685 4795 865 4837 autem
906 4786 1245 4851 earumdem,
1281 4786 1524 4854 qttinimo
1557 4786 1688 4854 ipsa:
1717 4788 1880 4840 etiam
1924 4788 2000 4838 ta-

404 4876 653 4940 cultates,
687 4878 884 4948 populo
912 4879 1192 4947 publicata:
1233 4893 1333 4933 nec
1386 4879 1493 4933 vim
1551 4889 1996 4934 testamentorum

405 4979 649 5033 teneant,
675 4986 775 5025 nec
799 4972 1101 5042 derelinqui
1134 4987 1228 5040 per
1257 4986 1351 5026 eos
1398 4982 1490 5025 aut
1544 4972 1733 5026 iisdem
1788 4973 1867 5026 fas
1909 4973 1995 5025 sit.

402 5062 543 5117 Nihil
566 5064 630 5118 ad
655 5079 925 5120 summum
950 5066 1034 5121 his
1061 5067 1128 5120 sit
1150 5082 1440 5121 commune
1462 5082 1582 5120 cum
1616 5067 1838 5121 mundo.
1875 5066 1994 5119 Dat.

401 5153 452 5209 Χ
468 5155 507 5209 γ
558 5156 679 5211 Kal.
706 5157 821 5213 Jul.
848 5158 1289 5229 Ramn,'_Timasia
1318 5171 1364 5213 et
1384 5158 1630 5214 Promota
1652 5160 1794 5214 Cass.
1818 5160 1995 5232 (589).

473 5248 560 5303 19.
607 5248 771 5303 Iidem
817 5252 975 5305 ΑΑΑ.
1028 5250 1247 5307 Tatiana
1290 5251 1381 5324 ΡῙ.
1438 5252 1503 5308 Ρ.
1552 5252 1643 5319 Hi,
1696 5254 1784 5325 qui
1837 5254 2000 5310 δείενί

399 5339 669 5411 dogmatis
713 5344 949 5399 retittcnt
993 5346 1379 5414 principatum,
1426 5346 1529 5401 hoc
1577 5356 1661 5401 est
1718 5347 1996 5417 episcopi,

400 5436 729 5507 presbyteri,
764 5437 975 5494 diaconi
1000 5448 1163 5509 atque
1200 5439 1455 5502 lectores,
1490 5447 1545 5493 et
1572 5440 1661 5507 qui
1708 5440 1997 5495 clericatus

396 5527 667 5583 velamine
696 5530 943 5599 religioni
976 5532 1240 5586 maculam
1273 5530 1800 5599 conanturiulligere
1831 5572 1846 5595 ,
1896 5533 1995 5587 sub

395 5621 686 5690 cujuslibet
736 5624 963 5678 hmresis
1001 5625 1117 5679 sive
1147 5625 1351 5680 erroris
1413 5624 1634 5679 nomine
1664 5625 1944 5680 constituti
1977 5666 1992 5692 ,

390 5727 464 5770 ex
495 5712 725 5770 funestis
751 5716 1128 5771 conciliabulis
1154 5760 1169 5783 ,
1211 5733 1306 5773 seu
1361 5719 1499 5772 intra
1558 5719 1747 5771 urbem
1803 5733 1897 5773 seu
1942 5719 1994 5773 in

395 5805 730 5865 suburbanis
758 5816 880 5867 esse
911 5811 1214 5880 videantur,
1244 5812 1390 5867 onmi
1417 5810 1578 5867 modo
1602 5810 1991 5883 propellantur.

2105 4699 2259 4761 rerit,
2285 4710 2383 4750 nec
2406 4692 2595 4749 illicita
2620 4689 2826 4744 habere
2853 4684 3085 4741 concilia
3115 4699 3128 4734 :
3161 4693 3422 4748 nusquam
3473 4674 3701 4745 profana

2107 4797 2377 4861 praecepta
2408 4785 2492 4840 vel
2525 4784 2721 4838 docere
2763 4779 2845 4835 vel
2884 4777 3117 4833 discere.
3170 4772 3249 4827 Ne
3293 4770 3565 4824 antistites
3607 4782 3701 4824 eo-

2106 4882 2351 4938 rumdem
2382 4877 2619 4932 audeant
2640 4874 2799 4929 ﬁdem
2830 4870 3130 4931 insinuare,
3164 4880 3323 4935 quam
3351 4878 3456 4917 non
3479 4861 3701 4926 habent,

2105 4986 2159 5031 et
2190 4973 2469 5027 ministros
2494 4982 2711 5029 creare,
2771 4963 2913 5035 quod
2966 4978 3071 5016 non
3122 4969 3265 5014 sunt.
3313 4957 3389 5011 Ne
3421 4971 3517 5027 per
3570 4970 3702 5009 con-

2108 5060 2760 5131 niventiamjudicantum
2791 5056 3166 5125 omniumque,
3192 5052 3392 5124 quibus
3440 5065 3534 5119 per
3580 5062 3704 5101 con-

2106 5160 2416 5214 stitutiones
2456 5162 2707 5225 paternas
2750 5166 2913 5219 super
2958 5149 3061 5204 hoc
3114 5162 3240 5201 cura
3286 5142 3533 5198 mandata
3592 5148 3699 5202 est,

2105 5251 2223 5321 ejus
2257 5249 2399 5305 modi
2430 5246 2655 5303 audacia
2685 5244 2987 5315 negligatur
3022 5251 3073 5296 et
3128 5246 3357 5293 crescat.
3410 5232 3536 5286 Dut.
3590 5228 3699 5283 l'II

2106 5346 2193 5400 Id.
2225 5344 2337 5399 Jul.
2366 5340 2837 5413 Constantinopoli,
2880 5336 3103 5392 Arcadio
3123 5330 3247 5398 III,
3277 5340 3323 5384 et
3354 5326 3584 5381 Honorio
3613 5322 3701 5389 Il,

2103 5438 2215 5493 AA.
2244 5436 2389 5491 Cass.
2418 5434 2589 5506 (394).

2404 5546 2507 5585 LIB.
2544 5543 2658 5583 XVI.
2698 5542 2809 5581 τιτ.
2844 5538 2937 5578 VII.
2986 5537 3053 5578 DE
3094 5532 3401 5575 APOSTATIS.

2178 5626 2229 5680 1.
2275 5623 2483 5695 Intppp.
2519 5620 2833 5688 Gratianus,
2872 5615 3262 5671 Valentinianus
3305 5622 3349 5667 et
3378 5609 3703 5665 Theodosius

2105 5720 2265 5775 ΑΛΑ.
2308 5718 2376 5772 ad
2416 5715 2723 5786 Eutrapium
2762 5711 2853 5781 Pf.
2892 5709 2958 5763 P.
2991 5710 3104 5774 Eis,
3133 5710 3220 5779 qui
3266 5723 3332 5763 ex
3376 5704 3703 5762 Christianis

2106 5813 2297 5886 pagani
2333 5810 2457 5864 facti
2490 5816 2635 5872 sunt,
2659 5805 2922 5877 eripiatur
2950 5802 3176 5859 facultas
3204 5801 3398 5874 jusque
3444 5798 3699 5864 testandi,
