4200 6178
521 250 626 305 539

1705 250 2145 309 τηεοῡοειυε
2179 251 2265 308 ΕΤ
2308 254 2642 311 PACA'I‘US.

3720 262 3826 319 5‘0

525 383 579 427 et
605 386 769 427 amne
821 372 1082 439 defuncti,
1135 373 1179 427 si
1209 371 1352 440 quod
1399 380 1505 438 est,
1547 379 1930 426 testamentum
1978 384 2125 422 sum-
2150 372 2199 432 Α
2232 369 2385 423 ΑΑΑ.
2417 369 2667 425 Flaviano
2699 370 2788 443 Pf.
2817 372 2884 429 Ρ.
2919 374 3004 439 Hi,
3032 377 3122 445 qui
3170 386 3414 431 sanctam
3453 376 3614 433 Iidem
3644 380 3829 449 prodit

526 478 669 520 mala
714 466 1025 519 conditione
1074 465 1433 518 rescindatur.
1500 463 1623 517 Dat.
1675 461 1753 516 VI
1800 461 1943 516 Non.
1995 460 2128 515 Maii

523 556 991 627 Constantinopoli,
1028 556 1257 630 Syagrio
1284 570 1331 611 et
1365 556 1622 611 Eucherio
1654 554 1800 611 Cass.
1830 555 2011 628 (581).

599 652 653 705 2.
685 649 856 706 Iidem
887 650 1044 704 ΑΑΑ.
1085 651 1458 706 Poslhumiuno
1488 652 1574 719 ΡΙ.
1610 650 1677 705 Ρ.
1708 651 2034 707 Christianis
2064 665 2129 704 ac

526 743 795 809 ﬁdelibus,
831 746 920 813 qui
954 744 1021 798 ad
1056 760 1294 814 paganos
1326 747 1463 799 ritus
1489 744 1776 812 cultusque
1806 745 2127 813 migrat-unt,

528 852 751 890 omnem
786 837 840 891 in
885 852 1283 906 quamcumque
1314 851 1597 904 persanata
1642 840 1948 891 testamenti
1998 851 2130 891 con-

528 929 689 984 dendi
723 930 1100 985 interdicimus
1130 939 1475 999 potestatem,
1524 939 1583 985 ut
1629 931 1738 983 siut
1778 931 1982 999 absque
2005 930 2130 999 jure

530 1020 789 1076 Romano.
829 1022 856 1093 §
891 1026 938 1077 l.
986 1023 1082 1077 His
1116 1040 1267 1085 vero,
1312 1023 1403 1093 qui
1433 1022 1721 1077 Christiani
1770 1033 1826 1077 et
1875 1022 2134 1078 catechu-

528 1118 671 1169 ineni
707 1127 912 1169 tantum
943 1115 1235 1170 venerabili
1271 1102 1530 1185 religione
1563 1116 1807 1185 neglecm
1835 1114 1900 1169 ad
1928 1130 2052 1169 aras
2077 1124 2132 1171 et

532 1206 733 1274 templa
768 1208 1102 1271 transierint,
1132 1209 1175 1261 si
1210 1207 1347 1261 lilius
1374 1209 1455 1261 vel
1491 1207 1685 1261 fratres
1712 1222 2006 1277 germanos
2030 1207 2130 1261 ha-

529 1298 752 1366 bebunt,
799 1301 900 1353 hoc
925 1310 1007 1353 est
1048 1314 1200 1353 suam
1243 1308 1339 1353 aut
1369 1301 1661 1371 legitimam
1694 1302 2123 1368 successionem,

534 1394 763 1447 testandi
793 1393 1055 1447 arbitratu
1082 1396 1305 1464 proprio
1334 1396 1384 1447 in
1415 1393 1683 1464 quaslibet
1710 1395 1842 1446 alias
1874 1409 2133 1463 personas

525 1489 613 1559 jus
644 1485 932 1539 adiuuetur.
966 1484 995 1557 θ
1024 1488 1079 1540 ἓ.
1128 1487 1246 1539 Pari
1293 1498 1344 1540 et
1376 1487 1519 1540 circa
1565 1501 1752 1541 eorum
1786 1502 2050 1556 personas
2079 1488 2131 1542 in

530 1578 792 1648 capiendo
823 1578 1171 1633 custodienda
1200 1577 1396 1645 forma,
1432 1590 1488 1632 ut
1529 1590 1725 1648 praeter
1765 1595 1890 1633 suas
1921 1591 1973 1635 et
2002 1580 2134 1650 legi-

532 1672 711 1737 timas,
740 1687 859 1739 qua:
882 1670 1072 1725 iisdem
1106 1687 1172 1726 ex
1197 1682 1477 1741 parentum
1505 1672 1585 1725 vel
1618 1688 1998 1742 germanorum
2023 1674 2131 1726 l'ra-

2233 463 2413 518 derint
2439 475 2491 518 et
2518 476 2763 519 sanctmn
2791 467 3056 536 baptisma
3089 469 3519 538 profanaverint,
3551 487 3580 527 a
3602 488 3829 529 consor-

2233 556 2307 610 tio
2334 560 2574 610 omnimn
2600 560 2868 628 segregati
2911 560 3041 625 sint,
3076 577 3101 613 a
3136 563 3459 618 testimooiis
3504 566 3690 629 alieni,
3712 575 3822 620 tes-

2232 649 2478 710 tamenti,
2510 658 2567 703 ιιι
2598 662 2723 704 ante
2746 652 2853 718 jam
2881 653 3179 717 sumimus,
3224 668 3331 708 non
3369 654 3605 710 habeant
3636 656 3829 711 factio-

2236 758 2393 808 nem,
2449 742 2579 796 nulli
2646 744 2699 797 in
2751 744 3069 799 hancditate
3130 746 3466 807 succedant.
3526 763 3557 802 a
3616 748 3831 805 nomine

2232 836 2539 891 scribantur
2567 836 2831 892 hacredes.
2860 838 3009 905 Quos
3037 840 3199 895 etiam
3228 842 3681 911 pranepissemus
3708 859 3831 913 pro-

2233 927 2317 981 cui
2366 926 2523 995 abjici
2576 943 2640 983 ac
2687 929 2899 999 longius
2950 932 3253 995 amandari,
3290 934 3389 988 nisi
3441 948 3615 1002 ιιωιιω
3650 936 3828 991 visum

2236 1017 2429 1073 fuisset
2452 1033 2573 1075 esse
2602 1020 2847 1087 majoris,
2880 1025 3088 1078 versari
3126 1026 3266 1078 inter
3296 1025 3537 1081 homines
3575 1039 3628 1082 et
3654 1028 3833 1083 homi-

2236 1124 2361 1161 num
2390 1124 2580 1165 carere
2610 1111 2898 1181 suﬂ'ragiis.
2933 1113 2960 1183 §
2991 1116 3039 1168 l.
3075 1114 3179 1171 Sed
3206 1132 3307 1171 nec
3345 1133 3594 1185 umquam
3623 1120 3677 1172 in
3710 1129 3825 1175 sta-

2237 1210 2347 1256 tum
2407 1204 2691 1271 pristinum
2736 1216 3098 1271 revertentur,
3151 1224 3258 1262 non
3302 1208 3559 1275 ﬂagitium
3618 1226 3832 1265 morum

2235 1294 2639 1352 oblitterabitur
2685 1300 3022 1367 paenitentia,
3074 1318 3250 1371 neque
3289 1304 3477 1358 umbra
3518 1305 3696 1375 aliqua
3742 1323 3838 1361 ex-

2236 1388 2444 1457 quisita:
2474 1388 2805 1445 defensionis
2849 1404 2940 1447 aut
2982 1394 3297 1450 muniminis
3328 1396 3651 1461 obducetur,
3697 1412 3835 1465 quo-

2238 1480 2379 1536 niam
2408 1484 2626 1552 quidem
2657 1499 2776 1548 eos,
2807 1488 2900 1555 qui
2951 1488 3133 1554 ﬁdem,
3166 1505 3326 1557 quam
3364 1490 3473 1545 Deo
3501 1490 3832 1556 dicaverant,

2239 1574 2544 1643 polluerunt
2569 1586 2622 1631 et
2649 1578 2937 1642 prodentes
2965 1578 3212 1634 divinum
3254 1582 3574 1652 mysterium
3630 1582 3685 1636 in
3715 1597 3837 1650 pro-

2237 1668 2353 1721 fana
2390 1668 2709 1739 migrarunt,
2755 1675 2889 1727 tueri
2920 1688 3005 1739 ea,
3058 1690 3183 1743 quae
3229 1684 3353 1728 sunt
3389 1676 3755 1730 commentitia
3786 1684 3842 1733 et

533 1774 674 1818 trum
710 1763 863 1816 bonis
896 1764 1179 1831 pervenire
1213 1763 1508 1832 potuerint,
1557 1765 1955 1830 successiones,
1986 1764 2129 1833 jinli-
2168 1762 2210 1822 Β
2239 1763 2581 1827 concinnata,
2618 1777 2722 1816 non
2752 1773 3000 1833 possunt.
3036 1764 3229 1833 Lapsis
3272 1768 3479 1821 etenim
3512 1776 3567 1821 et
3606 1768 3838 1824 erranti-

532 1857 617 1909 cio
646 1859 833 1918 etiam,
865 1856 912 1911 si
938 1857 1011 1909 ita
1037 1871 1124 1911 res
1153 1855 1345 1921 ferant,
1371 1856 1602 1911 condita:
1631 1856 1945 1920 voluntatis,
1984 1856 2134 1910 nulla

534 1950 760 2002 omnino
809 1949 861 2002 in
904 1949 1181 2018 capiendis
1232 1948 1642 2004 haereditatibus
1683 1947 2133 2017 testamentijura

533 2041 639 2097 sibi
667 2042 962 2111 vindicent,
992 2052 1045 2098 et
1069 2044 1366 2098 indubitate
1393 2044 1459 2099 ab
1481 2045 1629 2097 onmi
1661 2054 2130 2110 testamentorum,

534 2135 767 2191 debeant
815 2152 919 2189 non
964 2137 1140 2190 solum
1184 2136 1614 2202 condendorum,
1658 2135 1754 2191 sed
1801 2135 1988 2203 etiam,
2034 2137 2135 2192 sub

534 2231 900 2301 adipiscenda:
947 2232 1228 2301 pontiﬁcio
1286 2233 1637 2297 ltrcreditzttis,
1695 2234 2135 2304 usurpandorum

538 2337 809 2399 potestate
847 2328 1087 2385 excludi.
1123 2328 1243 2383 Dat.
1277 2326 1427 2385 XIII
1461 2327 1585 2382 Kal.
1618 2328 1745 2383 Jun.
1772 2330 2136 2384 Constantino-

536 2421 665 2490 poli,
701 2421 1017 2477 Merobaude
1048 2421 1129 2475 II.
1168 2435 1214 2476 et
1246 2423 1533 2479 Saturnino
1564 2420 1712 2477 Coss.
1744 2424 1921 2497 (585).

608 2515 660 2571 5.
698 2512 869 2568 Iidem
899 2515 1055 2572 ΑΑΑ.
1104 2516 1173 2569 ad
1220 2514 1506 2586 Hypatium
1554 2514 1641 2585 ΡῙ.
1678 2514 1745 2569 Ρ.
1796 2515 2137 2571 Christiano-

538 2623 657 2661 rum
682 2608 747 2660 ad
768 2622 890 2663 aras
916 2619 969 2662 et
993 2610 1192 2676 templa
1220 2608 1567 2677 migrantium
1595 2617 1787 2678 negata
1812 2608 2042 2663 IeStandi
2073 2608 2135 2661 li-

536 2702 711 2757 ceutia
746 2702 1083 2757 vindicamus
1114 2702 1430 2759 admissum.
1461 2703 1660 2757 Eorum
1690 2718 1903 2773 quoque
1934 2701 2135 2773 ﬂagitia

541 2794 855 2864 puniantur,
895 2798 984 2865 qui
1025 2794 1352 2852 Christiana:
1380 2797 1656 2867 religionis
1687 2808 1739 2851 et
1785 2798 2018 2851 nominis
2048 2796 2134 2851 di-

541 2890 744 2957 gnitate
776 2890 1040 2957 neglecta,
1071 2889 1311 2945 Judaicis
1354 2902 1527 2945 somet
1563 2890 1807 2959 polluere
1842 2890 2131 2960 contagiis.

543 2980 649 3034 Eos
678 2996 828 3048 vero,
858 2983 948 3051 qui
981 2982 1393 3037 Manichaeorum
1425 2982 1651 3038 nefanda
1685 2992 1896 3041 secreta
1929 2994 1983 3038 et
2012 2998 2133 3038 sce-

540 3072 752 3128 lerosos
787 3075 1078 3144 aliquando
1105 3077 1303 3131 sectari
1333 3078 1571 3132 maluere
1602 3094 1870 3145 secessus,
1904 3092 1969 3134 ea
1990 3078 2132 3148 jugi-

2242 1854 2341 1907 bus
2371 1855 2709 1917 subvenitur;
2744 1856 2969 1925 perditis
2999 1875 3150 1923 vero,
3176 1858 3279 1913 hoc
3308 1870 3392 1913 est
3433 1869 3679 1915 sanctum
3712 1860 3843 1929 bap—
3872 1880 3895 1903 ο

2243 1946 2392 2000 Iisma
2423 1946 2855 2015 profanantibus,
2888 1950 3034 2004 nullo
3066 1951 3308 2005 remedio
3334 1952 3693 2020 pmaiitentiaa.
3716 1968 3837 2023 qua:

2238 2040 2376 2093 solet
2410 2041 2531 2094 aliis
2556 2042 2875 2097 rrimintbus
2905 2043 3187 2112 prodesse,
3241 2049 3594 2102 succurritur.
3627 2046 3831 2117 Dat._‘V

2241 2129 2325 2183 Id.
2353 2130 2483 2185 Mai
2508 2132 2825 2189 Concordiaz.
2852 2133 3068 2190 Tatiano
3093 2147 3138 2190 et
3159 2136 3473 2208 Symmacho
3494 2137 3639 2193 Cass.
3661 2139 3835 2209 (591).

2311 2225 2363 2278 5.
2397 2222 2566 2279 Iidem
2599 2226 2755 2281 AAA.
2801 2226 3055 2284 Flaviano
3098 2229 3187 2301 Pf.
3222 2229 3289 2285 Ρ.
3321 2231 3379 2287 Si
3411 2231 3531 2300 quis
3579 2233 3837 2303 splendor

2240 2318 2475 2372 collatus
2516 2332 2603 2374 cst
2646 2322 2695 2373 in
2726 2335 2821 2375 eos
2847 2322 2929 2375 vel
2964 2324 3233 2392 ingenitus
3263 2324 3560 2394 dignitatis,
3610 2327 3699 2395 qui
3733 2326 3839 2382 lide

2239 2409 2385 2465 devii
2409 2421 2464 2466 et
2495 2422 2677 2467 tuente
2709 2414 2893 2467 caecati
2926 2425 3283 2470 sacrosancta:
3308 2418 3585 2486 religionis
3611 2418 3755 2472 cultu
3783 2427 3839 2473 et

2240 2508 2544 2561 reverentia
2579 2507 2957 2574 descivissent,
3003 2525 3066 2563 ac
3113 2525 3171 2563 se
3198 2496 3491 2565 ‘sacriliciis
3534 2512 3837 2581 mancipas-

2239 2606 2382 2659 sent.
2413 2598 2658 2666 perdant,
2686 2610 2742 2653 ut
2763 2598 2829 2653 de
2861 2600 2982 2655 loco
3005 2615 3104 2654 suo
3133 2611 3383 2672 statuque
3413 2603 3610 2672 dejecti
3643 2619 3834 2672 perpe-

2242 2700 2326 2745 tua
2359 2702 2584 2747 urantur
2615 2693 2854 2762 infamia,
2885 2710 2947 2749 ac
2980 2710 3048 2749 ne
3078 2696 3128 2749 in
3159 2706 3404 2752 extrema
3428 2697 3643 2767 quidem
3687 2699 3832 2769 vulgi

2238 2786 2490 2854 ignobi'is
2525 2797 2673 2856 parte
2706 2798 3078 2843 nurnerenlur.
3112 2790 3251 2857 Quid
3290 2791 3431 2844 enim
3460 2790 3543 2845 his
3573 2805 3694 2845 cum
3730 2790 3831 2845 ho-

2241 2882 2471 2935 minibus
2504 2892 2677 2948 potest
2719 2898 2840 2938 esse
2870 2898 3180 2948 commune,
3214 2886 3301 2954 qui
3332 2884 3570 2940 infandis
3612 2898 3665 2941 et
3696 2886 3835 2941 lera-

2241 2975 2376 3030 libus
2406 2975 2697 3039 mentibus,
2730 2977 2956 3046 gratiam
2993 2978 3394 3032 communionis
3421 2978 3593 3039 exosi.
3640 2979 3710 3033 ab
3739 2979 3835 3032 ho-

2240 3069 2472 3123 minibus
2502 3070 2901 3129 recesserunt?
2938 3069 3059 3125 Dat.
3105 3070 3147 3125 V
3185 3070 3269 3126 Id.
3313 3069 3442 3126 Maii
3495 3071 3828 3141 Concordiar,

539 3176 619 3219 ter
644 3176 805 3236 atque
837 3177 1096 3236 perpetuo
1122 3183 1277 3237 paena
1307 3169 1617 3235 comitetur,
1641 3187 1799 3239 quam
1827 3172 1907 3223 vel
1938 3169 2130 3225 divalis

2240 3160 2453 3214 Tatiano
2480 3170 2525 3214 et
2552 3161 2863 3231 Symmacho
2891 3159 3037 3216 Cosa.
3067 3163 3241 3233 (391).

537 3259 745 3313 arbitrii
788 3262 1003 3329 genitor
1033 3259 1438 3317 Valentinianus
1477 3261 1787 3331 adscripsit.
1828 3261 1911 3315 vel
1949 3273 2131 3315 nostra

540 3351 886 3407 nihilominus
930 3356 1128 3422 swpius
1151 3355 1366 3411 decreta
1385 3355 1687 3425 jusserunt.
1709 3354 1977 3410 Auctores
2004 3370 2133 3410 vero

541 3446 909 3510 persuasionis
937 3446 1118 3515 hujus,
1148 3447 1238 3514 qtti
1272 3446 1505 3502 lubricas
1537 3458 1744 3501 mentes
1773 3447 1825 3502 itt
1861 3447 2131 3516 proprium

538 3536 872 3591 deﬂexerant
922 3541 1279 3603 consortium,
1327 3540 1538 3606 eadem,
1590 3556 1711 3607 qua:
1761 3555 1883 3595 reos
1930 3542 2133 3596 erroris

538 3629 761 3699 hujusce
795 3630 955 3689 modi.
993 3647 1146 3701 poma
1176 3634 1495 3699 comitetur;
1522 3634 1650 3704 quin
1680 3634 1845 3688 etiam
1884 3632 2133 3702 graviora

536 3724 875 3794 plerumque,
910 3742 1005 3794 pro
1035 3725 1272 3780 motibus
1297 3726 1557 3795 judicium
1590 3738 1642 3781 et
1689 3728 1950 3796 qualitate
1982 3742 2135 3780 com-

538 3819 712 3883 tnissi,
740 3831 891 3873 extra
921 3820 1170 3876 ordinem
1202 3822 1374 3890 promi
1415 3821 1467 3875 in
1512 3821 1746 3874 nefarios
1772 3821 1996 3875 sceleris
2038 3821 2134 3873 litt-

532 3915 623 3983 jus
650 3914 888 3969 artilices
910 3916 1166 3985 supplicia
1190 3914 1544 3986 censemus.§
1575 3916 1620 3967 l.
1646 3914 1753 3969 Sed
1787 3930 1851 3967 ne
1880 3913 1960 3967 vel
1986 3929 2132 3967 mor-

540 4016 659 4061 tuos
693 4018 949 4076 perpetua
983 4018 1143 4063 vexet
1179 4006 1574 4061 criminationis
1598 4006 1817 4074 injuria.
1846 4007 1927 4061 vel
1962 4006 2133 4061 lia-re-

536 4098 745 4152 ditariae
795 4100 1144 4165 qitzesuoues,
1195 4109 1497 4164 temporum
1546 4100 1803 4152 varietate
1849 4098 2131 4167 longOrum

540 4204 765 4260 prorsus
789 4198 1073 4254 emortum,
1113 4192 1164 4244 in
1207 4190 1479 4245 redivivos
1523 4205 1741 4258 semper
1786 4191 2132 4260 exagitentur

534 4280 839 4345 conﬂictus,
871 4282 1095 4353 hujusce
1130 4282 1272 4337 modi
1317 4282 1709 4353 qtttcstionibus
1753 4293 1949 4337 metam
1996 4293 2131 4338 tem-

538 4377 682 4447 poris
718 4377 1098 4443 adscribimus,
1133 4386 1207 4442 ut,
1248 4378 1290 4432 si
1322 4378 1442 4445 quis
1469 4376 1783 4432 defunctum
1811 4375 2019 4430 violatae
2050 4384 2131 4430 al-

534 4484 639 4539 que
660 4470 887 4525 deserta:
904 4468 1234 4526 Christiana:
1256 4472 1534 4541 religionis
1556 4479 1795 4537 accusat,
1820 4484 2052 4540 eumque
2076 4467 2128 4522 in

2383 3270 2484 3307 LIB.
2527 3270 2633 3309 XVI.
2666 3270 2778 3309 TIT.
2805 3271 2919 3310 VIII.
2959 3272 3027 3312 DE
3052 3271 3267 3324 ιυωειε,
3297 3271 3595 3313 οωιιοοιιε
3626 3273 3692 3313 ET

2840 3362 3213 3404 SAIARITANIS.

2307 3438 2360 3494 8.
2406 3437 2612 3511 Imppp.
2644 3437 2960 3493 Theodosius
2981 3484 2993 3504 ,
3024 3441 3280 3496 Arcadius
3310 3452 3355 3495 et
3385 3440 3644 3496 Honorius
3667 3442 3831 3497 AAA.

2240 3533 2458 3588 Tatiano
2486 3534 2577 3605 PI.
2614 3534 2681 3589 P.
2706 3533 3018 3589 Judtuurlllll
3047 3536 3287 3606 querela:
3308 3537 3572 3605 quosdam
3598 3537 3838 3591 auctori-

2239 3636 2345 3679 tate
2383 3626 2628 3695 judicum
2671 3627 2835 3696 recipi
2895 3628 2947 3680 in
2989 3639 3191 3682 seetam
3223 3645 3374 3682 suam
3420 3629 3842 3685 reclamantibus

2236 3720 2372 3789 legis
2410 3736 2524 3774 sua:
2575 3718 2897 3791 primatibus
2926 3730 3275 3789 asseverant,
3320 3738 3458 3792 quos
3490 3723 3591 3793 ipsi
3629 3723 3840 3791 judicio

2236 3828 2337 3867 suo
2367 3828 2429 3867 ac
2457 3816 2733 3868 voluntate
2750 3816 3246 3885 projiciunt.Quam
3267 3819 3838 3873 omninosummoveri

2228 3908 2484 3977 juhomus
2516 3909 2811 3975 injuriam,
2860 3924 2960 3963 nec
3002 3924 3188 3963 eorum
3240 3912 3290 3964 in
3342 3928 3402 3965 ea
3453 3912 3840 3980 superstitione

2233 3999 2454 4052 sedulus
2484 4010 2658 4053 euttus
2683 4011 2775 4054 aut
2801 4016 2894 4070 per
2925 4002 3291 4072 vimjudicum
3322 4014 3412 4058 aut
3444 4006 3688 4075 rescripti
3717 4022 3837 4060 sur-

2234 4096 2521 4162 reptione,
2572 4094 2751 4150 invitis
2796 4095 3110 4163 primatibus
3163 4099 3314 4162 suis,
3365 4113 3545 4166 quos,
3594 4100 3833 4155 virorum

2232 4187 2659 4241 clarissimorum
2705 4198 2759 4242 et
2792 4188 3079 4243 illustrium
3112 4191 3544 4260 patriarcharum
3572 4191 3831 4260 arbitrio,

2234 4281 2574 4335 manifestum
2604 4291 2686 4337 est
2720 4281 2919 4337 habere
2951 4298 3043 4335 sua
3088 4282 3157 4337 de
3189 4282 3453 4353 religione
3482 4285 3831 4347 sententiam.

2232 4388 2387 4440 opem
2423 4373 2878 4427 reconciliatioois
2902 4382 3213 4429 mereantur
3254 4376 3528 4430 indebitae.
3574 4376 3695 4432 Dut.
3727 4376 3833 4431 XV

2236 4466 2359 4519 Kal.
2393 4465 2521 4520 Maii
2564 4466 3057 4539 Constantinopoli,
3104 4469 3325 4524 Arcadio
3356 4468 3504 4525 A.Il
3548 4481 3596 4527 et
3645 4470 3837 4537 Ilii/ina

536 4561 817 4629 Sacrilegia
863 4564 1187 4631 templorum
1238 4562 1324 4618 vel
1372 4564 1424 4616 in
1470 4564 1607 4617 ritus
1647 4561 1899 4617 Iudaicos
1928 4562 2009 4617 vel
2062 4561 2130 4616 ad
2161 4550 2208 4609 1)
2235 4558 2582 4632 Coss.(392).

536 4652 954 4708 Μδιιὶεὴειεοτυιη
1004 4654 1244 4710 dedecus
1290 4657 1551 4709 transisse
1599 4654 1919 4720 cantendit,
1960 4670 2132 4724 eaque

535 4746 704 4814 gratia
731 4750 913 4801 testari
940 4751 1160 4803 minime
1189 4750 1431 4817 potuisse
1471 4748 1779 4814 Conﬁrmat,
1813 4748 1953 4802 intra
1975 4750 2133 4816 quin-

534 4838 1000 4908 quenniumjuge,
1036 4841 1181 4909 quod
1213 4840 1530 4895 inolliciosis
1571 4840 1876 4896 actionibus
1919 4844 2127 4898 emisti-

537 4939 709 4985 tntum
747 4938 853 4996 est,
882 4933 1127 5002 proprias
1157 4940 1376 4987 esserat
1398 4934 1659 4995 actiones,
1692 4934 1964 5005 lttturique
1985 4934 2132 5004 judi-

535 5022 604 5078 cii
642 5022 866 5092 hujusce
911 5024 1054 5077 modi
1097 5025 1355 5079 sortiatur
1402 5026 1703 5089 exordium,
1747 5036 1805 5080 ut
1849 5025 2040 5082 eodem
2078 5028 2129 5080 in

535 5116 653 5170 luce
674 5115 925 5182 durante,
956 5116 1109 5185 cujus
1143 5114 1513 5186 prtcv‘aricatio
1540 5121 1874 5175 criminanda
1900 5130 2004 5187 est,
2037 5120 2133 5174 lla-

535 5206 653 5277 gitii
690 5208 847 5278 hujus
876 5218 932 5262 et
976 5209 1199 5264 sceleris
1247 5211 1518 5279 particeps
1554 5210 1718 5265 fuisse
1748 5212 2004 5267 doceatur
2033 5228 2132 5280 pu-

537 5302 673 5357 blica
726 5304 829 5356 sub
872 5300 1255 5357 testiﬁcatione
1304 5310 1552 5368 testatus,
1606 5302 1800 5372 probet
1850 5303 2130 5367 indicimu,

444 5460 445 5463 η
538 5408 713 5463 neque
738 5408 895 5463 quam
939 5409 1177 5464 superno
1221 5394 1424 5449 nomini
1464 5396 1653 5449 tacitus
1684 5396 1936 5461 praestitit
1975 5396 2134 5466 perﬁ-

539 5487 703 5551 diam,
750 5489 1047 5543 sceleribus
1088 5490 1465 5558 acquiescens,
1502 5488 1949 5561 prmvaricatione
1976 5489 2129 5542 dein-

542 5595 671 5650 ceps
694 5590 965 5653 tamquam
1001 5584 1218 5654 ignarus
1258 5594 1495 5639 accuset.
1539 5583 1657 5638 Dat.
1691 5582 1808 5639 XII
1842 5583 1967 5639 Kal.
1999 5584 2130 5639 Jun.

547 5672 755 5736 Patavi.
787 5675 1100 5732 Merobaude
1131 5675 1195 5734 II
1216 5688 1267 5735 et
1298 5678 1584 5735 Saturnino
1610 5677 1753 5734 Cass.
1786 5679 1957 5749 (535).

622 5768 678 5826 4.
710 5764 921 5840 Intppp.
976 5767 1385 5846 Valentinianus,
1426 5770 1746 5834 Theodosius
1792 5781 1839 5835 et
1877 5771 2134 5833 Arcadius

2311 4654 2364 4707 9.
2410 4651 2578 4706 Iidem
2618 4652 2773 4708 ΑΑΑ.
2805 4652 2978 4707 Addeo
3001 4653 3190 4709 Comiti
3214 4664 3258 4707 et
3291 4654 3543 4726 Magistro
3576 4656 3839 4727 utriusque

2240 4744 2436 4798 militia:
2473 4761 2564 4813 per
2622 4744 2905 4800 Orientem.
2954 4746 3264 4801 Iuda-orum
3307 4758 3509 4802 sectam
3543 4748 3689 4802 nulla
3724 4749 3840 4818 lege

2238 4837 2589 4908 prohibitam,
2636 4838 2768 4891 satis
2794 4847 3029 4892 constat.
3064 4838 3219 4894 Unde
3261 4842 3499 4909 graviter
3523 4855 3839 4895 commove-

2240 4944 2359 4981 mur
2388 4971 2401 4995 ,
2431 4930 2746 4983 interdictas
2776 4930 3095 5000 quibusdam
3130 4931 3261 4986 locis
3292 4946 3479 4986 eorum
3510 4931 3674 4987 fuisse
3702 4948 3838 4986 cou-

2240 5037 2453 5082 ventus.
2486 5024 2750 5078 Sublimis
2780 5026 2938 5095 igitur
2970 5025 3281 5095 magnitudo
3319 5036 3432 5089 tua,
3468 5026 3567 5081 hac
3596 5026 3841 5095 jttssioue

2239 5126 2516 5187 suscepta.
2549 5118 2881 5172 nimietatem
2914 5133 3125 5185 eorum,
3158 5120 3247 5189 qui
3277 5119 3379 5175 sub
3408 5120 3729 5174 Christianae
3756 5135 3841 5173 re-

2238 5214 2453 5284 ligionis
2485 5213 2706 5267 nomine
2738 5213 2924 5267 illicita
2976 5230 3207 5284 quaaque
3232 5224 3596 5283 pra-sumunt,
3656 5223 3709 5267 et
3741 5213 3839 5267 de-

2240 5316 2453 5361 struere
2499 5320 2801 5375 synagogas
2844 5314 3007 5375 atque
3033 5308 3339 5375 exspoliare
3378 5317 3645 5361 conantur
3666 5345 3681 5370 ,
3712 5320 3844 5361 con—

2238 5412 2371 5469 grua
2404 5399 2697 5452 severitate
2737 5397 3031 5454 eohibebit.
3067 5396 3191 5453 Dat.
3236 5396 3335 5452 III
3378 5398 3501 5453 It'al.
3561 5399 3676 5453 Οτι.
3707 5398 3843 5454 Con-

2240 5491 2573 5562 stantinopoli
2600 5531 2615 5557 ,
2646 5489 2947 5561 .Theodosio
2978 5493 3042 5548 Α.
3083 5489 3179 5545 III
3224 5501 3270 5546 et
3321 5492 3652 5547 Abundantio
3692 5493 3838 5547 Cass.

2241 5584 2416 5656 (395).

2244 5692 2345 5733 LIB.
2377 5692 2483 5732 XVI.
2519 5692 2627 5733 TIT.
2661 5692 2718 5733 Χ.
2769 5694 2835 5734 νε
2865 5692 3114 5743 ΡΑαΑΜε,
3147 5691 3456 5735 εΑειιηηοιιε
3484 5693 3553 5735 ΕΤ
3594 5692 3839 5735 τειιιιιιε.

2316 5772 2371 5830 7.
2416 5769 2443 5830 Ι
2460 5787 2642 5847 mppp.
2674 5771 2982 5845 Gratianus,
3032 5770 3426 5833 Valentinianus
3451 5782 3498 5832 st
3528 5772 3845 5835 Theodosius
