  <div class='ocr_page' id='page_1' title='image "/cluster/home/n/w/nwhite01/storage/ocr_20150623/13/hvd.32044096580428/276.png"; bbox 0 0 4200 6178; ppageno 0'>
   <div class='ocr_carea' id='block_1_1' title="bbox 415 289 512 346">
    <p class='ocr_par' dir='ltr' id='par_1_1' title="bbox 415 289 512 346">
     <span class='ocr_line' id='line_1_1' title="bbox 415 289 512 346; baseline 0.031 -3"><span class='ocrx_word' id='word_1_1' title='bbox 415 289 512 346; x_wconf 66' lang='lat' dir='ltr'><strong>Ml</strong></span> 
     </span>
    </p>
   </div>
   <div class='ocr_carea' id='block_1_2' title="bbox 1241 277 2900 344">
    <p class='ocr_par' dir='ltr' id='par_1_2' title="bbox 1241 277 2900 344">
     <span class='ocr_line' id='line_1_2' title="bbox 1241 277 2900 344; baseline -0.003 0"><span class='ocrx_word' id='word_1_2' title='bbox 1241 283 1613 344; x_wconf 79' lang='lat' dir='ltr'><strong>THEODOSII</strong></span> <span class='ocrx_word' id='word_1_3' title='bbox 1652 279 1966 343; x_wconf 69' lang='lat' dir='ltr'><strong>SELECTA</strong></span> <span class='ocrx_word' id='word_1_4' title='bbox 2015 277 2102 339; x_wconf 63' lang='lat' dir='ltr'><strong>DE</strong></span> <span class='ocrx_word' id='word_1_5' title='bbox 2143 279 2512 340; x_wconf 79' lang='lat' dir='ltr'><strong>RELIGIONE</strong></span> <span class='ocrx_word' id='word_1_6' title='bbox 2557 281 2900 341; x_wconf 78' lang='lat' dir='ltr'><strong>DECRETA.</strong></span> 
     </span>
    </p>
   </div>
   <div class='ocr_carea' id='block_1_3' title="bbox 3612 263 3721 337">
    <p class='ocr_par' dir='ltr' id='par_1_3' title="bbox 3612 263 3721 337">
     <span class='ocr_line' id='line_1_3' title="bbox 3612 263 3721 337; baseline -0.028 -1"><span class='ocrx_word' id='word_1_7' title='bbox 3612 263 3721 337; x_wconf 59' lang='grc' dir='ltr'><strong>εἴη</strong></span> 
     </span>
    </p>
   </div>
   <div class='ocr_carea' id='block_1_4' title="bbox 418 396 3726 474">
    <p class='ocr_par' dir='ltr' id='par_1_4' title="bbox 418 396 3726 474">
     <span class='ocr_line' id='line_1_4' title="bbox 418 396 3726 474; baseline -0.002 -16"><span class='ocrx_word' id='word_1_8' title='bbox 418 405 576 459; x_wconf 80' lang='grc' dir='ltr'><em>ΑΑΑ.</em></span> <span class='ocrx_word' id='word_1_9' title='bbox 613 403 776 459; x_wconf 81' lang='lat' dir='ltr'><strong>Floro</strong></span> <span class='ocrx_word' id='word_1_10' title='bbox 809 403 896 474; x_wconf 73' lang='lat' dir='ltr'><strong>Pr.</strong></span> <span class='ocrx_word' id='word_1_11' title='bbox 929 402 995 456; x_wconf 88' lang='lat' dir='ltr'><strong>P.</strong></span> <span class='ocrx_word' id='word_1_12' title='bbox 1032 404 1088 459; x_wconf 86' lang='lat' dir='ltr'><strong>Si</strong></span> <span class='ocrx_word' id='word_1_13' title='bbox 1120 404 1210 474; x_wconf 88' lang='lat' dir='ltr'><strong>qui</strong></span> <span class='ocrx_word' id='word_1_14' title='bbox 1242 403 1424 458; x_wconf 89' lang='lat' dir='ltr'><strong>vetitis</strong></span> <span class='ocrx_word' id='word_1_15' title='bbox 1463 401 1744 456; x_wconf 82' lang='lat' dir='ltr'><strong>sacrificiis</strong></span> <span class='ocrx_word' id='word_1_16' title='bbox 1766 444 1780 469; x_wconf 91' lang='lat'><strong>,</strong></span> <span class='ocrx_word' id='word_1_17' title='bbox 1811 399 2021 454; x_wconf 82' lang='lat' dir='ltr'><strong>diurnis</strong></span> <span class='ocrx_word' id='word_1_18' title='bbox 2048 401 2103 462; x_wconf 82' lang='grc' dir='ltr'><strong>Α</strong></span> <span class='ocrx_word' id='word_1_19' title='bbox 2129 398 2174 452; x_wconf 90' lang='lat' dir='ltr'><strong>si</strong></span> <span class='ocrx_word' id='word_1_20' title='bbox 2216 398 2338 468; x_wconf 85' lang='lat' dir='ltr'><strong>quis</strong></span> <span class='ocrx_word' id='word_1_21' title='bbox 2377 408 2621 470; x_wconf 86' lang='lat' dir='ltr'><strong>tempore</strong></span> <span class='ocrx_word' id='word_1_22' title='bbox 2657 400 3140 455; x_wconf 72' lang='lat' dir='ltr'><strong>adminiSIratiunis</strong></span> <span class='ocrx_word' id='word_1_23' title='bbox 3169 413 3280 455; x_wconf 84' lang='lat' dir='ltr'><strong>suae</strong></span> <span class='ocrx_word' id='word_1_24' title='bbox 3307 442 3320 464; x_wconf 92' lang='lat'><strong>,</strong></span> <span class='ocrx_word' id='word_1_25' title='bbox 3365 399 3528 454; x_wconf 78' lang='lat' dir='ltr'><strong>frcfit&#39;s</strong></span> <span class='ocrx_word' id='word_1_26' title='bbox 3561 396 3726 468; x_wconf 71' lang='lat' dir='ltr'><strong>priri-</strong></span> 
     </span>
    </p>
   </div>
   <div class='ocr_carea' id='block_1_5' title="bbox 417 495 2022 567">
    <p class='ocr_par' dir='ltr' id='par_1_5' title="bbox 417 495 2022 567">
     <span class='ocr_line' id='line_1_5' title="bbox 417 495 2022 567; baseline -0.002 -16"><span class='ocrx_word' id='word_1_27' title='bbox 417 498 831 567; x_wconf 87' lang='lat' dir='ltr'><strong>noctnrnisqne,</strong></span> <span class='ocrx_word' id='word_1_28' title='bbox 855 497 1005 551; x_wconf 76' lang='lat' dir='ltr'><strong>velut</strong></span> <span class='ocrx_word' id='word_1_29' title='bbox 1027 511 1260 551; x_wconf 72' lang='lat' dir='ltr'><strong>Vesanus</strong></span> <span class='ocrx_word' id='word_1_30' title='bbox 1282 511 1343 550; x_wconf 91' lang='lat' dir='ltr'><strong>ac</strong></span> <span class='ocrx_word' id='word_1_31' title='bbox 1370 495 1665 565; x_wconf 77' lang='lat' dir='ltr'><strong>sacrilegus</strong></span> <span class='ocrx_word' id='word_1_32' title='bbox 1690 498 2022 548; x_wconf 84' lang='lat' dir='ltr'><strong>incertorum</strong></span> 
     </span>
    </p>
   </div>
   <div class='ocr_carea' id='block_1_6' title="bbox 418 587 2020 658">
    <p class='ocr_par' dir='ltr' id='par_1_6' title="bbox 418 587 2020 658">
     <span class='ocr_line' id='line_1_6' title="bbox 418 587 2020 658; baseline -0.003 -14"><span class='ocrx_word' id='word_1_33' title='bbox 418 590 793 644; x_wconf 87' lang='lat' dir='ltr'><strong>consultorum</strong></span> <span class='ocrx_word' id='word_1_34' title='bbox 819 589 1168 651; x_wconf 89' lang='lat' dir='ltr'><strong>immerserit,</strong></span> <span class='ocrx_word' id='word_1_35' title='bbox 1199 590 1488 658; x_wconf 89' lang='lat' dir='ltr'><strong>fanumque</strong></span> <span class='ocrx_word' id='word_1_36' title='bbox 1517 588 1619 640; x_wconf 86' lang='lat' dir='ltr'><strong>sibi</strong></span> <span class='ocrx_word' id='word_1_37' title='bbox 1642 598 1735 640; x_wconf 88' lang='lat' dir='ltr'><strong>aut</strong></span> <span class='ocrx_word' id='word_1_38' title='bbox 1759 587 2020 656; x_wconf 91' lang='lat' dir='ltr'><strong>templum</strong></span> 
     </span>
    </p>
   </div>
   <div class='ocr_carea' id='block_1_7' title="bbox 418 678 2022 751">
    <p class='ocr_par' dir='ltr' id='par_1_7' title="bbox 418 678 2022 751">
     <span class='ocr_line' id='line_1_7' title="bbox 418 678 2022 751; baseline -0.002 -16"><span class='ocrx_word' id='word_1_39' title='bbox 418 682 484 735; x_wconf 89' lang='lat' dir='ltr'><strong>ad</strong></span> <span class='ocrx_word' id='word_1_40' title='bbox 518 681 742 751; x_wconf 76' lang='lat' dir='ltr'><strong>hujtt~ce</strong></span> <span class='ocrx_word' id='word_1_41' title='bbox 787 681 932 735; x_wconf 90' lang='lat' dir='ltr'><strong>modi</strong></span> <span class='ocrx_word' id='word_1_42' title='bbox 961 681 1184 735; x_wconf 76' lang='lat' dir='ltr'><strong>sceleris</strong></span> <span class='ocrx_word' id='word_1_43' title='bbox 1205 682 1611 736; x_wconf 64' lang='lat' dir='ltr'><strong>esensationem</strong></span> <span class='ocrx_word' id='word_1_44' title='bbox 1636 678 2022 733; x_wconf 70' lang='lat' dir='ltr'><strong>assumendum</strong></span> 
     </span>
    </p>
   </div>
   <div class='ocr_carea' id='block_1_8' title="bbox 420 772 2022 842">
    <p class='ocr_par' dir='ltr' id='par_1_8' title="bbox 420 772 2022 842">
     <span class='ocr_line' id='line_1_8' title="bbox 420 772 2022 842; baseline -0.001 -15"><span class='ocrx_word' id='word_1_45' title='bbox 420 773 750 838; x_wconf 90' lang='lat' dir='ltr'><strong>crediderit,</strong></span> <span class='ocrx_word' id='word_1_46' title='bbox 779 773 860 828; x_wconf 84' lang='lat' dir='ltr'><strong>vel</strong></span> <span class='ocrx_word' id='word_1_47' title='bbox 887 774 1159 842; x_wconf 74' lang='lat' dir='ltr'><strong>putaverit</strong></span> <span class='ocrx_word' id='word_1_48' title='bbox 1177 773 1481 827; x_wconf 86' lang='lat' dir='ltr'><strong>adeundum</strong></span> <span class='ocrx_word' id='word_1_49' title='bbox 1504 815 1517 836; x_wconf 90' lang='lat'><strong>,</strong></span> <span class='ocrx_word' id='word_1_50' title='bbox 1547 772 1925 841; x_wconf 78' lang='lat' dir='ltr'><strong>proscriptioni</strong></span> <span class='ocrx_word' id='word_1_51' title='bbox 1962 785 2022 826; x_wconf 81' lang='lat' dir='ltr'><strong>se</strong></span> 
     </span>
    </p>
   </div>
   <div class='ocr_carea' id='block_1_9' title="bbox 421 863 2025 937">
    <p class='ocr_par' dir='ltr' id='par_1_9' title="bbox 421 863 2025 937">
     <span class='ocr_line' id='line_1_9' title="bbox 421 863 2025 937; baseline -0.002 -15"><span class='ocrx_word' id='word_1_52' title='bbox 421 868 633 922; x_wconf 86' lang='lat' dir='ltr'><strong>noverit</strong></span> <span class='ocrx_word' id='word_1_53' title='bbox 690 866 1126 937; x_wconf 87' lang='lat' dir='ltr'><strong>subjugandum,</strong></span> <span class='ocrx_word' id='word_1_54' title='bbox 1169 881 1293 920; x_wconf 91' lang='lat' dir='ltr'><strong>cum</strong></span> <span class='ocrx_word' id='word_1_55' title='bbox 1349 880 1448 918; x_wconf 89' lang='lat' dir='ltr'><strong>nos</strong></span> <span class='ocrx_word' id='word_1_56' title='bbox 1494 864 1639 934; x_wconf 84' lang='lat' dir='ltr'><strong>justa</strong></span> <span class='ocrx_word' id='word_1_57' title='bbox 1685 863 2025 919; x_wconf 84' lang='lat' dir='ltr'><strong>institutione</strong></span> 
     </span>
    </p>
   </div>
   <div class='ocr_carea' id='block_1_10' title="bbox 422 961 2022 1032">
    <p class='ocr_par' dir='ltr' id='par_1_10' title="bbox 422 961 2022 1032">
     <span class='ocr_line' id='line_1_10' title="bbox 422 961 2022 1032; baseline -0.001 -16"><span class='ocrx_word' id='word_1_58' title='bbox 422 977 774 1026; x_wconf 81' lang='lat' dir='ltr'><strong>moneamus,</strong></span> <span class='ocrx_word' id='word_1_59' title='bbox 805 961 970 1017; x_wconf 88' lang='lat' dir='ltr'><strong>castis</strong></span> <span class='ocrx_word' id='word_1_60' title='bbox 1013 963 1176 1016; x_wconf 88' lang='lat' dir='ltr'><strong>Deunt</strong></span> <span class='ocrx_word' id='word_1_61' title='bbox 1207 962 1456 1032; x_wconf 66' lang='lat' dir='ltr'><strong>precibus</strong></span> <span class='ocrx_word' id='word_1_62' title='bbox 1486 962 1845 1015; x_wconf 71' lang='lat' dir='ltr'><strong>excolendum</strong></span> <span class='ocrx_word' id='word_1_63' title='bbox 1867 1001 1882 1027; x_wconf 93' lang='lat'><strong>,</strong></span> <span class='ocrx_word' id='word_1_64' title='bbox 1916 976 2022 1014; x_wconf 90' lang='lat' dir='ltr'><strong>non</strong></span> 
     </span>
    </p>
   </div>
   <div class='ocr_carea' id='block_1_11' title="bbox 421 1051 2020 1124">
    <p class='ocr_par' dir='ltr' id='par_1_11' title="bbox 421 1051 2020 1124">
     <span class='ocr_line' id='line_1_11' title="bbox 421 1051 2020 1124; baseline 0 -18"><span class='ocrx_word' id='word_1_65' title='bbox 421 1054 555 1108; x_wconf 76' lang='lat' dir='ltr'><strong>diris</strong></span> <span class='ocrx_word' id='word_1_66' title='bbox 586 1053 917 1108; x_wconf 80' lang='lat' dir='ltr'><strong>carminibus</strong></span> <span class='ocrx_word' id='word_1_67' title='bbox 940 1053 1356 1124; x_wconf 85' lang='lat' dir='ltr'><strong>profanandum.</strong></span> <span class='ocrx_word' id='word_1_68' title='bbox 1395 1053 1522 1108; x_wconf 84' lang='lat' dir='ltr'><strong>Dat.</strong></span> <span class='ocrx_word' id='word_1_69' title='bbox 1555 1051 1673 1107; x_wconf 82' lang='lat' dir='ltr'><strong>XII</strong></span> <span class='ocrx_word' id='word_1_70' title='bbox 1714 1051 1839 1106; x_wconf 91' lang='lat' dir='ltr'><strong>Kal.</strong></span> <span class='ocrx_word' id='word_1_71' title='bbox 1892 1052 2020 1106; x_wconf 84' lang='lat' dir='ltr'><strong>Jan.</strong></span> 
     </span>
    </p>
   </div>
   <div class='ocr_carea' id='block_1_12' title="bbox 426 1143 1912 1220">
    <p class='ocr_par' dir='ltr' id='par_1_12' title="bbox 426 1143 1912 1220">
     <span class='ocr_line' id='line_1_12' title="bbox 426 1143 1912 1220; baseline -0.001 -18"><span class='ocrx_word' id='word_1_72' title='bbox 426 1147 879 1217; x_wconf 63' lang='lat' dir='ltr'><strong>Constantinam“</strong></span> <span class='ocrx_word' id='word_1_73' title='bbox 901 1191 916 1215; x_wconf 93' lang='lat'><strong>,</strong></span> <span class='ocrx_word' id='word_1_74' title='bbox 939 1146 1200 1201; x_wconf 75' lang='lat' dir='ltr'><strong>Eucherio</strong></span> <span class='ocrx_word' id='word_1_75' title='bbox 1228 1158 1276 1200; x_wconf 86' lang='lat' dir='ltr'><strong>et</strong></span> <span class='ocrx_word' id='word_1_76' title='bbox 1307 1147 1533 1220; x_wconf 83' lang='lat' dir='ltr'><strong>Syagrio</strong></span> <span class='ocrx_word' id='word_1_77' title='bbox 1557 1145 1703 1202; x_wconf 85' lang='lat' dir='ltr'><strong>Cass.</strong></span> <span class='ocrx_word' id='word_1_78' title='bbox 1741 1143 1912 1218; x_wconf 70' lang='lat' dir='ltr'><strong>(58f).</strong></span> 
     </span>
    </p>
   </div>
   <div class='ocr_carea' id='block_1_13' title="bbox 495 1239 2026 1296">
    <p class='ocr_par' dir='ltr' id='par_1_13' title="bbox 495 1239 2026 1296">
     <span class='ocr_line' id='line_1_13' title="bbox 495 1239 2026 1296; baseline -0.001 0"><span class='ocrx_word' id='word_1_79' title='bbox 495 1241 551 1296; x_wconf 87' lang='lat'><strong>8.</strong></span> <span class='ocrx_word' id='word_1_80' title='bbox 602 1239 767 1294; x_wconf 80' lang='lat' dir='ltr'><strong>Iidem</strong></span> <span class='ocrx_word' id='word_1_81' title='bbox 815 1241 971 1296; x_wconf 78' lang='grc' dir='ltr'><strong>ΛΑΑ.</strong></span> <span class='ocrx_word' id='word_1_82' title='bbox 1034 1241 1278 1295; x_wconf 82' lang='lat' dir='ltr'><strong>Palladia</strong></span> <span class='ocrx_word' id='word_1_83' title='bbox 1341 1240 1470 1295; x_wconf 76' lang='grc' dir='ltr'><strong>Ι)ηεί</strong></span> <span class='ocrx_word' id='word_1_84' title='bbox 1528 1239 1792 1296; x_wconf 75' lang='lat' dir='ltr'><strong>Osraenw.</strong></span> <span class='ocrx_word' id='word_1_85' title='bbox 1827 1239 2026 1295; x_wconf 53' lang='lat' dir='ltr'><strong>(Edem</strong></span> 
     </span>
    </p>
   </div>
   <div class='ocr_carea' id='block_1_14' title="bbox 423 1332 2026 1403">
    <p class='ocr_par' dir='ltr' id='par_1_14' title="bbox 423 1332 2026 1403">
     <span class='ocr_line' id='line_1_14' title="bbox 423 1332 2026 1403; baseline -0.001 -15"><span class='ocrx_word' id='word_1_86' title='bbox 423 1334 556 1388; x_wconf 91' lang='lat' dir='ltr'><strong>olim</strong></span> <span class='ocrx_word' id='word_1_87' title='bbox 613 1332 929 1403; x_wconf 86' lang='lat' dir='ltr'><strong>frequentiae</strong></span> <span class='ocrx_word' id='word_1_88' title='bbox 986 1333 1326 1398; x_wconf 74' lang='lat' dir='ltr'><strong>dedicatam,</strong></span> <span class='ocrx_word' id='word_1_89' title='bbox 1373 1334 1538 1387; x_wconf 68' lang='lat' dir='ltr'><strong>coetui</strong></span> <span class='ocrx_word' id='word_1_90' title='bbox 1581 1339 1635 1385; x_wconf 90' lang='lat' dir='ltr'><strong>et</strong></span> <span class='ocrx_word' id='word_1_91' title='bbox 1679 1332 1787 1402; x_wconf 84' lang='lat' dir='ltr'><strong>jam</strong></span> <span class='ocrx_word' id='word_1_92' title='bbox 1824 1332 2026 1402; x_wconf 89' lang='lat' dir='ltr'><strong>populo</strong></span> 
     </span>
    </p>
   </div>
   <div class='ocr_carea' id='block_1_15' title="bbox 424 1415 2026 1498">
    <p class='ocr_par' dir='ltr' id='par_1_15' title="bbox 424 1415 2026 1498">
     <span class='ocr_line' id='line_1_15' title="bbox 424 1415 2026 1498; baseline -0.001 -18"><span class='ocrx_word' id='word_1_93' title='bbox 424 1441 643 1498; x_wconf 89' lang='lat' dir='ltr'><strong>quoque</strong></span> <span class='ocrx_word' id='word_1_94' title='bbox 691 1441 1034 1480; x_wconf 89' lang='lat' dir='ltr'><strong>communem</strong></span> <span class='ocrx_word' id='word_1_95' title='bbox 1059 1468 1074 1490; x_wconf 92' lang='lat'><strong>,</strong></span> <span class='ocrx_word' id='word_1_96' title='bbox 1105 1427 1157 1480; x_wconf 92' lang='lat' dir='ltr'><strong>in</strong></span> <span class='ocrx_word' id='word_1_97' title='bbox 1191 1441 1292 1497; x_wconf 90' lang='lat' dir='ltr'><strong>qua</strong></span> <span class='ocrx_word' id='word_1_98' title='bbox 1335 1415 1897 1480; x_wconf 41' lang='lat' dir='ltr'><strong>simulacra&#39;fernntur</strong></span> <span class='ocrx_word' id='word_1_99' title='bbox 1931 1441 2026 1494; x_wconf 92' lang='lat' dir='ltr'><strong>po-</strong></span> 
     </span>
    </p>
   </div>
   <div class='ocr_carea' id='block_1_16' title="bbox 429 1519 2027 1589">
    <p class='ocr_par' dir='ltr' id='par_1_16' title="bbox 429 1519 2027 1589">
     <span class='ocr_line' id='line_1_16' title="bbox 429 1519 2027 1589; baseline -0.002 -14"><span class='ocrx_word' id='word_1_100' title='bbox 429 1522 532 1574; x_wconf 88' lang='lat' dir='ltr'><strong>sita</strong></span> <span class='ocrx_word' id='word_1_101' title='bbox 562 1562 576 1586; x_wconf 90' lang='lat'><strong>,</strong></span> <span class='ocrx_word' id='word_1_102' title='bbox 611 1519 745 1572; x_wconf 89' lang='lat' dir='ltr'><strong>artis</strong></span> <span class='ocrx_word' id='word_1_103' title='bbox 793 1519 966 1588; x_wconf 88' lang='lat' dir='ltr'><strong>pretio</strong></span> <span class='ocrx_word' id='word_1_104' title='bbox 996 1535 1152 1589; x_wconf 88' lang='lat' dir='ltr'><strong>quam</strong></span> <span class='ocrx_word' id='word_1_105' title='bbox 1183 1519 1462 1574; x_wconf 75' lang='lat' dir='ltr'><strong>divinitate</strong></span> <span class='ocrx_word' id='word_1_106' title='bbox 1509 1519 1802 1584; x_wconf 87' lang='lat' dir='ltr'><strong>metienda,</strong></span> <span class='ocrx_word' id='word_1_107' title='bbox 1826 1519 2027 1588; x_wconf 79' lang='lat' dir='ltr'><strong>jngiter</strong></span> 
     </span>
    </p>
   </div>
   <div class='ocr_carea' id='block_1_17' title="bbox 429 1610 2028 1680">
    <p class='ocr_par' dir='ltr' id='par_1_17' title="bbox 429 1610 2028 1680">
     <span class='ocr_line' id='line_1_17' title="bbox 429 1610 2028 1680; baseline 0.002 -17"><span class='ocrx_word' id='word_1_108' title='bbox 429 1620 637 1680; x_wconf 83' lang='lat' dir='ltr'><strong>patere,</strong></span> <span class='ocrx_word' id='word_1_109' title='bbox 670 1610 864 1680; x_wconf 83' lang='lat' dir='ltr'><strong>publici</strong></span> <span class='ocrx_word' id='word_1_110' title='bbox 887 1611 1097 1668; x_wconf 89' lang='lat' dir='ltr'><strong>consilii</strong></span> <span class='ocrx_word' id='word_1_111' title='bbox 1121 1613 1443 1666; x_wconf 80' lang='lat' dir='ltr'><strong>auctoritate</strong></span> <span class='ocrx_word' id='word_1_112' title='bbox 1467 1611 1828 1677; x_wconf 81' lang='lat' dir='ltr'><strong>decernimus,</strong></span> <span class='ocrx_word' id='word_1_113' title='bbox 1854 1626 2028 1680; x_wconf 89' lang='lat' dir='ltr'><strong>neque</strong></span> 
     </span>
    </p>
   </div>
   <div class='ocr_carea' id='block_1_18' title="bbox 430 1701 2024 1776">
    <p class='ocr_par' dir='ltr' id='par_1_18' title="bbox 430 1701 2024 1776">
     <span class='ocr_line' id='line_1_18' title="bbox 430 1701 2024 1776; baseline 0.001 -17"><span class='ocrx_word' id='word_1_114' title='bbox 430 1705 555 1759; x_wconf 89' lang='lat' dir='ltr'><strong>huic</strong></span> <span class='ocrx_word' id='word_1_115' title='bbox 584 1707 660 1760; x_wconf 88' lang='lat' dir='ltr'><strong>rei</strong></span> <span class='ocrx_word' id='word_1_116' title='bbox 695 1705 1032 1776; x_wconf 89' lang='lat' dir='ltr'><strong>obreptivum</strong></span> <span class='ocrx_word' id='word_1_117' title='bbox 1074 1707 1292 1760; x_wconf 80' lang='lat' dir='ltr'><strong>officere</strong></span> <span class='ocrx_word' id='word_1_118' title='bbox 1336 1707 1562 1761; x_wconf 76' lang='lat' dir='ltr'><strong>sinimus</strong></span> <span class='ocrx_word' id='word_1_119' title='bbox 1593 1701 1872 1761; x_wconf 88' lang='lat' dir='ltr'><strong>oraculum</strong></span> <span class='ocrx_word' id='word_1_120' title='bbox 1901 1747 1912 1765; x_wconf 89' lang='lat'><strong>,</strong></span> <span class='ocrx_word' id='word_1_121' title='bbox 1969 1715 2024 1760; x_wconf 89' lang='lat' dir='ltr'><strong>ut</strong></span> 
     </span>
    </p>
   </div>
   <div class='ocr_carea' id='block_1_19' title="bbox 2127 490 3726 564">
    <p class='ocr_par' dir='ltr' id='par_1_19' title="bbox 2127 490 3726 564">
     <span class='ocr_line' id='line_1_19' title="bbox 2127 490 3726 564; baseline 0.001 -21"><span class='ocrx_word' id='word_1_122' title='bbox 2127 492 2266 562; x_wconf 69' lang='lat' dir='ltr'><strong>legio</strong></span> <span class='ocrx_word' id='word_1_123' title='bbox 2293 495 2600 562; x_wconf 84' lang='lat' dir='ltr'><strong>potestatis,</strong></span> <span class='ocrx_word' id='word_1_124' title='bbox 2631 495 2829 564; x_wconf 91' lang='lat' dir='ltr'><strong>polluta</strong></span> <span class='ocrx_word' id='word_1_125' title='bbox 2853 494 2970 548; x_wconf 93' lang='lat' dir='ltr'><strong>loca</strong></span> <span class='ocrx_word' id='word_1_126' title='bbox 2995 493 3291 560; x_wconf 82' lang='lat' dir='ltr'><strong>sacrilegus</strong></span> <span class='ocrx_word' id='word_1_127' title='bbox 3315 501 3609 548; x_wconf 87' lang='lat' dir='ltr'><strong>temerator</strong></span> <span class='ocrx_word' id='word_1_128' title='bbox 3641 490 3726 544; x_wconf 89' lang='lat' dir='ltr'><strong>in-</strong></span> 
     </span>
    </p>
   </div>
   <div class='ocr_carea' id='block_1_20' title="bbox 2127 585 3723 655">
    <p class='ocr_par' dir='ltr' id='par_1_20' title="bbox 2127 585 3723 655">
     <span class='ocr_line' id='line_1_20' title="bbox 2127 585 3723 655; baseline -0.003 -17"><span class='ocrx_word' id='word_1_129' title='bbox 2127 587 2383 649; x_wconf 78' lang='lat' dir='ltr'><strong>traverit,</strong></span> <span class='ocrx_word' id='word_1_130' title='bbox 2413 585 2718 654; x_wconf 85' lang='lat' dir='ltr'><strong>quindecim</strong></span> <span class='ocrx_word' id='word_1_131' title='bbox 2743 589 2857 639; x_wconf 85' lang='lat' dir='ltr'><strong>auri</strong></span> <span class='ocrx_word' id='word_1_132' title='bbox 2891 586 3069 655; x_wconf 89' lang='lat' dir='ltr'><strong>pomlo</strong></span> <span class='ocrx_word' id='word_1_133' title='bbox 3089 628 3101 652; x_wconf 94' lang='lat'><strong>,</strong></span> <span class='ocrx_word' id='word_1_134' title='bbox 3133 585 3371 640; x_wconf 87' lang='lat' dir='ltr'><strong>officium</strong></span> <span class='ocrx_word' id='word_1_135' title='bbox 3406 599 3533 639; x_wconf 87' lang='lat' dir='ltr'><strong>vero</strong></span> <span class='ocrx_word' id='word_1_136' title='bbox 3563 587 3679 651; x_wconf 72' lang='lat' dir='ltr'><strong>ejus</strong></span> <span class='ocrx_word' id='word_1_137' title='bbox 3707 624 3723 650; x_wconf 89' lang='lat'><strong>,</strong></span> 
     </span>
    </p>
   </div>
   <div class='ocr_carea' id='block_1_21' title="bbox 2127 658 3724 754">
    <p class='ocr_par' dir='ltr' id='par_1_21' title="bbox 2127 658 3724 754">
     <span class='ocr_line' id='line_1_21' title="bbox 2127 658 3724 754; baseline 0.001 -22"><span class='ocrx_word' id='word_1_138' title='bbox 2127 658 2475 754; x_wconf 65' lang='lat' dir='ltr'><strong>nisicollatis</strong></span> <span class='ocrx_word' id='word_1_139' title='bbox 2497 680 2694 733; x_wconf 88' lang='lat' dir='ltr'><strong>viribus</strong></span> <span class='ocrx_word' id='word_1_140' title='bbox 2717 680 2978 746; x_wconf 87' lang='lat' dir='ltr'><strong>ohviarit,</strong></span> <span class='ocrx_word' id='word_1_141' title='bbox 3019 696 3200 746; x_wconf 86' lang='lat' dir='ltr'><strong>parem</strong></span> <span class='ocrx_word' id='word_1_142' title='bbox 3231 695 3496 732; x_wconf 84' lang='lat' dir='ltr'><strong>summam</strong></span> <span class='ocrx_word' id='word_1_143' title='bbox 3529 680 3724 733; x_wconf 62' lang='lat' dir='ltr'><strong>aerario</strong></span> 
     </span>
    </p>
   </div>
   <div class='ocr_carea' id='block_1_22' title="bbox 2126 763 3722 841">
    <p class='ocr_par' dir='ltr' id='par_1_22' title="bbox 2126 763 3722 841">
     <span class='ocr_line' id='line_1_22' title="bbox 2126 763 3722 841; baseline 0.001 -18"><span class='ocrx_word' id='word_1_144' title='bbox 2126 782 2312 823; x_wconf 89' lang='lat' dir='ltr'><strong>nostra</strong></span> <span class='ocrx_word' id='word_1_145' title='bbox 2342 768 2540 825; x_wconf 87' lang='lat' dir='ltr'><strong>inferre</strong></span> <span class='ocrx_word' id='word_1_146' title='bbox 2562 781 2802 840; x_wconf 83' lang='lat' dir='ltr'><strong>cogatur.</strong></span> <span class='ocrx_word' id='word_1_147' title='bbox 2835 770 2960 824; x_wconf 92' lang='lat' dir='ltr'><strong>Dat.</strong></span> <span class='ocrx_word' id='word_1_148' title='bbox 2993 771 3035 824; x_wconf 83' lang='lat' dir='ltr'><strong><em>X</em></strong></span> <span class='ocrx_word' id='word_1_149' title='bbox 3059 769 3132 824; x_wconf 82' lang='lat' dir='ltr'><strong>VI</strong></span> <span class='ocrx_word' id='word_1_150' title='bbox 3179 771 3298 825; x_wconf 92' lang='lat' dir='ltr'><strong>Kal.</strong></span> <span class='ocrx_word' id='word_1_151' title='bbox 3325 770 3440 826; x_wconf 85' lang='lat' dir='ltr'><strong>.Iul.</strong></span> <span class='ocrx_word' id='word_1_152' title='bbox 3467 763 3722 841; x_wconf 77' lang='lat' dir='ltr'><strong>Aquileia,</strong></span> 
     </span>
    </p>
   </div>
   <div class='ocr_carea' id='block_1_23' title="bbox 2126 861 3153 934">
    <p class='ocr_par' dir='ltr' id='par_1_23' title="bbox 2126 861 3153 934">
     <span class='ocr_line' id='line_1_23' title="bbox 2126 861 3153 934; baseline -0.002 -18"><span class='ocrx_word' id='word_1_153' title='bbox 2126 861 2350 916; x_wconf 84' lang='lat' dir='ltr'><strong>Taliana</strong></span> <span class='ocrx_word' id='word_1_154' title='bbox 2387 872 2433 915; x_wconf 85' lang='lat' dir='ltr'><strong>et</strong></span> <span class='ocrx_word' id='word_1_155' title='bbox 2464 863 2776 933; x_wconf 73' lang='lat' dir='ltr'><strong>.‘-&#39;ym.marha</strong></span> <span class='ocrx_word' id='word_1_156' title='bbox 2807 864 2952 918; x_wconf 90' lang='lat' dir='ltr'><strong>Cass.</strong></span> <span class='ocrx_word' id='word_1_157' title='bbox 2978 862 3153 934; x_wconf 72' lang='grc'><strong>(591).</strong></span> 
     </span>
    </p>
   </div>
   <div class='ocr_carea' id='block_1_24' title="bbox 2203 953 3716 1025">
    <p class='ocr_par' dir='ltr' id='par_1_24' title="bbox 2203 953 3716 1025">
     <span class='ocr_line' id='line_1_24' title="bbox 2203 953 3716 1025; baseline 0.002 -17"><span class='ocrx_word' id='word_1_158' title='bbox 2203 955 2288 1008; x_wconf 69' lang='grc' dir='ltr'><strong>Η..</strong></span> <span class='ocrx_word' id='word_1_159' title='bbox 2327 953 2534 1025; x_wconf 85' lang='lat' dir='ltr'><strong>Imppp.</strong></span> <span class='ocrx_word' id='word_1_160' title='bbox 2561 954 2900 1020; x_wconf 79' lang='lat' dir='ltr'><strong>Theodosius,</strong></span> <span class='ocrx_word' id='word_1_161' title='bbox 2923 957 3174 1010; x_wconf 86' lang='lat' dir='ltr'><strong>Arcadius</strong></span> <span class='ocrx_word' id='word_1_162' title='bbox 3197 968 3242 1009; x_wconf 84' lang='lat' dir='ltr'><strong>et</strong></span> <span class='ocrx_word' id='word_1_163' title='bbox 3272 955 3532 1010; x_wconf 79' lang='lat' dir='ltr'><strong>Honorius</strong></span> <span class='ocrx_word' id='word_1_164' title='bbox 3561 954 3716 1011; x_wconf 81' lang='grc' dir='ltr'><em>ΑΑΑ.</em></span> 
     </span>
    </p>
   </div>
   <div class='ocr_carea' id='block_1_25' title="bbox 2128 1045 3726 1117">
    <p class='ocr_par' dir='ltr' id='par_1_25' title="bbox 2128 1045 3726 1117">
     <span class='ocr_line' id='line_1_25' title="bbox 2128 1045 3726 1117; baseline 0.002 -18"><span class='ocrx_word' id='word_1_165' title='bbox 2128 1046 2195 1099; x_wconf 85' lang='lat' dir='ltr'><strong>ad</strong></span> <span class='ocrx_word' id='word_1_166' title='bbox 2223 1046 2465 1115; x_wconf 81' lang='lat' dir='ltr'><strong>Ruﬁnum</strong></span> <span class='ocrx_word' id='word_1_167' title='bbox 2499 1045 2589 1115; x_wconf 80' lang='lat' dir='ltr'><strong>Pf.</strong></span> <span class='ocrx_word' id='word_1_168' title='bbox 2629 1046 2694 1101; x_wconf 87' lang='lat' dir='ltr'><strong>P.</strong></span> <span class='ocrx_word' id='word_1_169' title='bbox 2743 1047 2931 1100; x_wconf 89' lang='lat' dir='ltr'><strong>Nullus</strong></span> <span class='ocrx_word' id='word_1_170' title='bbox 2966 1048 3188 1101; x_wconf 90' lang='lat' dir='ltr'><strong>omnino</strong></span> <span class='ocrx_word' id='word_1_171' title='bbox 3210 1089 3223 1111; x_wconf 94' lang='lat'><strong>,</strong></span> <span class='ocrx_word' id='word_1_172' title='bbox 3269 1064 3334 1101; x_wconf 78' lang='lat' dir='ltr'><strong>ex</strong></span> <span class='ocrx_word' id='word_1_173' title='bbox 3365 1048 3605 1117; x_wconf 88' lang='lat' dir='ltr'><strong>quolibet</strong></span> <span class='ocrx_word' id='word_1_174' title='bbox 3632 1063 3726 1117; x_wconf 88' lang='lat' dir='ltr'><strong>ge-</strong></span> 
     </span>
    </p>
   </div>
   <div class='ocr_carea' id='block_1_26' title="bbox 2131 1137 3732 1208">
    <p class='ocr_par' dir='ltr' id='par_1_26' title="bbox 2131 1137 3732 1208">
     <span class='ocr_line' id='line_1_26' title="bbox 2131 1137 3732 1208; baseline 0.001 -16"><span class='ocrx_word' id='word_1_175' title='bbox 2131 1153 2281 1203; x_wconf 90' lang='lat' dir='ltr'><strong>nere,</strong></span> <span class='ocrx_word' id='word_1_176' title='bbox 2318 1137 2504 1192; x_wconf 88' lang='lat' dir='ltr'><strong>ordine</strong></span> <span class='ocrx_word' id='word_1_177' title='bbox 2539 1137 2847 1202; x_wconf 90' lang='lat' dir='ltr'><strong>hominum,</strong></span> <span class='ocrx_word' id='word_1_178' title='bbox 2877 1139 3193 1208; x_wconf 90' lang='lat' dir='ltr'><strong>dignitatum</strong></span> <span class='ocrx_word' id='word_1_179' title='bbox 3219 1181 3231 1202; x_wconf 94' lang='lat'><strong>,</strong></span> <span class='ocrx_word' id='word_1_180' title='bbox 3267 1138 3351 1192; x_wconf 86' lang='lat' dir='ltr'><strong>vel</strong></span> <span class='ocrx_word' id='word_1_181' title='bbox 3382 1141 3432 1192; x_wconf 88' lang='lat' dir='ltr'><strong>in</strong></span> <span class='ocrx_word' id='word_1_182' title='bbox 3465 1147 3732 1207; x_wconf 83' lang='lat' dir='ltr'><strong>potestate</strong></span> 
     </span>
    </p>
   </div>
   <div class='ocr_carea' id='block_1_27' title="bbox 2134 1230 3733 1303">
    <p class='ocr_par' dir='ltr' id='par_1_27' title="bbox 2134 1230 3733 1303">
     <span class='ocr_line' id='line_1_27' title="bbox 2134 1230 3733 1303; baseline 0.004 -20"><span class='ocrx_word' id='word_1_183' title='bbox 2134 1233 2339 1302; x_wconf 89' lang='lat' dir='ltr'><strong>positus</strong></span> <span class='ocrx_word' id='word_1_184' title='bbox 2366 1230 2451 1285; x_wconf 86' lang='lat' dir='ltr'><strong>vel</strong></span> <span class='ocrx_word' id='word_1_185' title='bbox 2484 1232 2690 1288; x_wconf 85' lang='lat' dir='ltr'><strong>honore</strong></span> <span class='ocrx_word' id='word_1_186' title='bbox 2724 1232 3067 1300; x_wconf 78' lang='lat' dir='ltr'><strong>perfunctus,</strong></span> <span class='ocrx_word' id='word_1_187' title='bbox 3101 1235 3215 1288; x_wconf 84' lang='lat' dir='ltr'><strong>sive</strong></span> <span class='ocrx_word' id='word_1_188' title='bbox 3242 1242 3432 1303; x_wconf 85' lang='lat' dir='ltr'><strong>potens</strong></span> <span class='ocrx_word' id='word_1_189' title='bbox 3465 1242 3612 1290; x_wconf 86' lang='lat' dir='ltr'><strong>sorte</strong></span> <span class='ocrx_word' id='word_1_190' title='bbox 3641 1251 3733 1289; x_wconf 90' lang='lat' dir='ltr'><strong>na-</strong></span> 
     </span>
    </p>
   </div>
   <div class='ocr_carea' id='block_1_28' title="bbox 2131 1321 3733 1394">
    <p class='ocr_par' dir='ltr' id='par_1_28' title="bbox 2131 1321 3733 1394">
     <span class='ocr_line' id='line_1_28' title="bbox 2131 1321 3733 1394; baseline 0.004 -16"><span class='ocrx_word' id='word_1_191' title='bbox 2131 1321 2318 1378; x_wconf 86' lang='lat' dir='ltr'><strong>scendi</strong></span> <span class='ocrx_word' id='word_1_192' title='bbox 2349 1339 2442 1379; x_wconf 83' lang='lat' dir='ltr'><strong>seu</strong></span> <span class='ocrx_word' id='word_1_193' title='bbox 2484 1323 2699 1378; x_wconf 86' lang='lat' dir='ltr'><strong>humilis</strong></span> <span class='ocrx_word' id='word_1_194' title='bbox 2729 1340 2958 1394; x_wconf 84' lang='lat' dir='ltr'><strong>genere.</strong></span> <span class='ocrx_word' id='word_1_195' title='bbox 3005 1327 3317 1382; x_wconf 90' lang='lat' dir='ltr'><strong>conditione</strong></span> <span class='ocrx_word' id='word_1_196' title='bbox 3345 1369 3356 1390; x_wconf 92' lang='lat'><strong>,</strong></span> <span class='ocrx_word' id='word_1_197' title='bbox 3400 1326 3608 1381; x_wconf 81' lang='lat' dir='ltr'><strong>fortuna</strong></span> <span class='ocrx_word' id='word_1_198' title='bbox 3630 1370 3644 1390; x_wconf 96' lang='lat'><strong>,</strong></span> <span class='ocrx_word' id='word_1_199' title='bbox 3678 1329 3733 1384; x_wconf 92' lang='lat' dir='ltr'><strong>in</strong></span> 
     </span>
    </p>
   </div>
   <div class='ocr_carea' id='block_1_29' title="bbox 2132 1418 3735 1486">
    <p class='ocr_par' dir='ltr' id='par_1_29' title="bbox 2132 1418 3735 1486">
     <span class='ocr_line' id='line_1_29' title="bbox 2132 1418 3735 1486; baseline 0.004 -14"><span class='ocrx_word' id='word_1_200' title='bbox 2132 1418 2280 1472; x_wconf 87' lang='lat' dir='ltr'><strong>nullo</strong></span> <span class='ocrx_word' id='word_1_201' title='bbox 2331 1419 2546 1486; x_wconf 90' lang='lat' dir='ltr'><strong>penitus</strong></span> <span class='ocrx_word' id='word_1_202' title='bbox 2581 1419 2720 1481; x_wconf 91' lang='lat' dir='ltr'><strong>loco,</strong></span> <span class='ocrx_word' id='word_1_203' title='bbox 2772 1421 2823 1472; x_wconf 92' lang='lat' dir='ltr'><strong>in</strong></span> <span class='ocrx_word' id='word_1_204' title='bbox 2867 1421 3010 1474; x_wconf 87' lang='lat' dir='ltr'><strong>nulla</strong></span> <span class='ocrx_word' id='word_1_205' title='bbox 3051 1419 3183 1474; x_wconf 90' lang='lat' dir='ltr'><strong>urbe</strong></span> <span class='ocrx_word' id='word_1_206' title='bbox 3223 1437 3384 1474; x_wconf 84' lang='lat' dir='ltr'><strong>sensu</strong></span> <span class='ocrx_word' id='word_1_207' title='bbox 3423 1422 3735 1478; x_wconf 77' lang='lat' dir='ltr'><strong>carentibus</strong></span> 
     </span>
    </p>
   </div>
   <div class='ocr_carea' id='block_1_30' title="bbox 2132 1512 3734 1579">
    <p class='ocr_par' dir='ltr' id='par_1_30' title="bbox 2132 1512 3734 1579">
     <span class='ocr_line' id='line_1_30' title="bbox 2132 1512 3734 1579; baseline 0.001 -11"><span class='ocrx_word' id='word_1_208' title='bbox 2132 1512 2440 1569; x_wconf 84' lang='lat' dir='ltr'><strong>simulacris</strong></span> <span class='ocrx_word' id='word_1_209' title='bbox 2469 1514 2554 1569; x_wconf 89' lang='lat' dir='ltr'><strong>vel</strong></span> <span class='ocrx_word' id='word_1_210' title='bbox 2587 1514 2854 1568; x_wconf 80' lang='lat' dir='ltr'><strong>insontem</strong></span> <span class='ocrx_word' id='word_1_211' title='bbox 2881 1515 3152 1568; x_wconf 85' lang='lat' dir='ltr'><strong>victimam</strong></span> <span class='ocrx_word' id='word_1_212' title='bbox 3185 1515 3377 1579; x_wconf 69' lang='lat' dir='ltr'><strong>ctedat,</strong></span> <span class='ocrx_word' id='word_1_213' title='bbox 3412 1516 3517 1576; x_wconf 91' lang='lat' dir='ltr'><strong>vel.</strong></span> <span class='ocrx_word' id='word_1_214' title='bbox 3554 1531 3734 1570; x_wconf 82' lang='lat' dir='ltr'><strong>secre-</strong></span> 
     </span>
    </p>
   </div>
   <div class='ocr_carea' id='block_1_31' title="bbox 2134 1606 3734 1678">
    <p class='ocr_par' dir='ltr' id='par_1_31' title="bbox 2134 1606 3734 1678">
     <span class='ocr_line' id='line_1_31' title="bbox 2134 1606 3734 1678; baseline 0.003 -18"><span class='ocrx_word' id='word_1_215' title='bbox 2134 1607 2270 1660; x_wconf 87' lang='lat' dir='ltr'><strong>tiore</strong></span> <span class='ocrx_word' id='word_1_216' title='bbox 2325 1606 2557 1674; x_wconf 89' lang='lat' dir='ltr'><strong>piaculo,</strong></span> <span class='ocrx_word' id='word_1_217' title='bbox 2616 1607 2781 1660; x_wconf 87' lang='lat' dir='ltr'><strong>larem</strong></span> <span class='ocrx_word' id='word_1_218' title='bbox 2835 1607 2973 1673; x_wconf 77' lang='lat' dir='ltr'><strong>igne,</strong></span> <span class='ocrx_word' id='word_1_219' title='bbox 3023 1622 3174 1661; x_wconf 80' lang='lat' dir='ltr'><strong>mera</strong></span> <span class='ocrx_word' id='word_1_220' title='bbox 3218 1609 3456 1675; x_wconf 77' lang='lat' dir='ltr'><strong>genium,</strong></span> <span class='ocrx_word' id='word_1_221' title='bbox 3511 1618 3734 1678; x_wconf 81' lang='lat' dir='ltr'><strong>penates</strong></span> 
     </span>
    </p>
   </div>
   <div class='ocr_carea' id='block_1_32' title="bbox 2135 1698 3720 1769">
    <p class='ocr_par' dir='ltr' id='par_1_32' title="bbox 2135 1698 3720 1769">
     <span class='ocr_line' id='line_1_32' title="bbox 2135 1698 3720 1769; baseline 0.001 -17"><span class='ocrx_word' id='word_1_222' title='bbox 2135 1698 2304 1752; x_wconf 86' lang='lat' dir='ltr'><strong>odore</strong></span> <span class='ocrx_word' id='word_1_223' title='bbox 2351 1707 2667 1759; x_wconf 88' lang='lat' dir='ltr'><strong>veneratus,</strong></span> <span class='ocrx_word' id='word_1_224' title='bbox 2711 1699 2965 1753; x_wconf 86' lang='lat' dir='ltr'><strong>accendat</strong></span> <span class='ocrx_word' id='word_1_225' title='bbox 2997 1699 3222 1763; x_wconf 89' lang='lat' dir='ltr'><strong>lumina,</strong></span> <span class='ocrx_word' id='word_1_226' title='bbox 3250 1699 3490 1769; x_wconf 84' lang='lat' dir='ltr'><strong>imponat</strong></span> <span class='ocrx_word' id='word_1_227' title='bbox 3523 1701 3676 1755; x_wconf 90' lang='lat' dir='ltr'><strong>thura</strong></span> <span class='ocrx_word' id='word_1_228' title='bbox 3706 1744 3720 1768; x_wconf 91' lang='lat'><strong>,</strong></span> 
     </span>
    </p>
   </div>
   <div class='ocr_carea' id='block_1_33' title="bbox 425 1790 3738 1869">
    <p class='ocr_par' dir='ltr' id='par_1_33' title="bbox 425 1790 3738 1869">
     <span class='ocr_line' id='line_1_33' title="bbox 425 1790 3738 1869; baseline -0.003 -15"><span class='ocrx_word' id='word_1_229' title='bbox 425 1806 694 1854; x_wconf 86' lang='lat' dir='ltr'><strong>conventu</strong></span> <span class='ocrx_word' id='word_1_230' title='bbox 720 1799 866 1853; x_wconf 80' lang='lat' dir='ltr'><strong>urbis</strong></span> <span class='ocrx_word' id='word_1_231' title='bbox 894 1810 946 1854; x_wconf 89' lang='lat' dir='ltr'><strong>et</strong></span> <span class='ocrx_word' id='word_1_232' title='bbox 971 1798 1238 1868; x_wconf 89' lang='lat' dir='ltr'><strong>frequenti</strong></span> <span class='ocrx_word' id='word_1_233' title='bbox 1262 1809 1404 1855; x_wconf 63' lang='lat' dir='ltr'><strong>coetu</strong></span> <span class='ocrx_word' id='word_1_234' title='bbox 1434 1799 1696 1854; x_wconf 83' lang='lat' dir='ltr'><strong>videatur.</strong></span> <span class='ocrx_word' id='word_1_235' title='bbox 1727 1798 2027 1869; x_wconf 81' lang='lat' dir='ltr'><strong>Expericn-</strong></span> <span class='ocrx_word' id='word_1_236' title='bbox 2062 1809 2110 1868; x_wconf 80' lang='grc' dir='ltr'><strong>Β</strong></span> <span class='ocrx_word' id='word_1_237' title='bbox 2137 1802 2278 1845; x_wconf 76' lang='lat' dir='ltr'><strong>serta</strong></span> <span class='ocrx_word' id='word_1_238' title='bbox 2316 1790 2635 1860; x_wconf 74' lang='lat' dir='ltr'><strong>suspendat.</strong></span> <span class='ocrx_word' id='word_1_239' title='bbox 2692 1790 2720 1863; x_wconf 63' lang='grc' dir='ltr'><strong>ξ</strong></span> <span class='ocrx_word' id='word_1_240' title='bbox 2763 1792 2812 1846; x_wconf 78' lang='lat' dir='ltr'><strong>l.</strong></span> <span class='ocrx_word' id='word_1_241' title='bbox 2854 1792 3006 1859; x_wconf 89' lang='lat' dir='ltr'><strong>Quod</strong></span> <span class='ocrx_word' id='word_1_242' title='bbox 3054 1793 3098 1847; x_wconf 87' lang='lat' dir='ltr'><strong>si</strong></span> <span class='ocrx_word' id='word_1_243' title='bbox 3142 1793 3404 1862; x_wconf 82' lang='lat' dir='ltr'><strong>quispiam</strong></span> <span class='ocrx_word' id='word_1_244' title='bbox 3457 1795 3738 1850; x_wconf 88' lang='lat' dir='ltr'><strong>immolare</strong></span> 
     </span>
    </p>
   </div>
   <div class='ocr_carea' id='block_1_34' title="bbox 428 1891 2033 1958">
    <p class='ocr_par' dir='ltr' id='par_1_34' title="bbox 428 1891 2033 1958">
     <span class='ocr_line' id='line_1_34' title="bbox 428 1891 2033 1958; baseline 0.001 -12"><span class='ocrx_word' id='word_1_245' title='bbox 428 1891 498 1946; x_wconf 89' lang='lat' dir='ltr'><strong>tia</strong></span> <span class='ocrx_word' id='word_1_246' title='bbox 530 1900 638 1957; x_wconf 92' lang='lat' dir='ltr'><strong>tua,</strong></span> <span class='ocrx_word' id='word_1_247' title='bbox 668 1891 814 1946; x_wconf 89' lang='lat' dir='ltr'><strong>omni</strong></span> <span class='ocrx_word' id='word_1_248' title='bbox 836 1902 1083 1946; x_wconf 85' lang='lat' dir='ltr'><strong>votorum</strong></span> <span class='ocrx_word' id='word_1_249' title='bbox 1105 1893 1425 1947; x_wconf 76' lang='lat' dir='ltr'><strong>celebritate</strong></span> <span class='ocrx_word' id='word_1_250' title='bbox 1448 1903 1684 1958; x_wconf 77' lang='lat' dir='ltr'><strong>serrata,</strong></span> <span class='ocrx_word' id='word_1_251' title='bbox 1711 1892 2033 1947; x_wconf 87' lang='lat' dir='ltr'><strong>auctoritate</strong></span> 
     </span>
    </p>
   </div>
   <div class='ocr_carea' id='block_1_35' title="bbox 428 1983 2034 2052">
    <p class='ocr_par' dir='ltr' id='par_1_35' title="bbox 428 1983 2034 2052">
     <span class='ocr_line' id='line_1_35' title="bbox 428 1983 2034 2052; baseline 0.001 -16"><span class='ocrx_word' id='word_1_252' title='bbox 428 1983 600 2038; x_wconf 89' lang='lat' dir='ltr'><strong>nostri</strong></span> <span class='ocrx_word' id='word_1_253' title='bbox 631 1985 698 2037; x_wconf 82' lang='lat' dir='ltr'><strong>ita</strong></span> <span class='ocrx_word' id='word_1_254' title='bbox 733 1993 916 2051; x_wconf 86' lang='lat' dir='ltr'><strong>patere</strong></span> <span class='ocrx_word' id='word_1_255' title='bbox 949 1983 1208 2052; x_wconf 86' lang='lat' dir='ltr'><strong>templum</strong></span> <span class='ocrx_word' id='word_1_256' title='bbox 1241 1984 1515 2052; x_wconf 90' lang='lat' dir='ltr'><strong>permittat</strong></span> <span class='ocrx_word' id='word_1_257' title='bbox 1556 1983 1798 2044; x_wconf 84' lang='lat' dir='ltr'><strong>oraculi,</strong></span> <span class='ocrx_word' id='word_1_258' title='bbox 1825 1999 1892 2037; x_wconf 92' lang='lat' dir='ltr'><strong>ne</strong></span> <span class='ocrx_word' id='word_1_259' title='bbox 1924 1983 2034 2038; x_wconf 88' lang='lat' dir='ltr'><strong>illic</strong></span> 
     </span>
    </p>
   </div>
   <div class='ocr_carea' id='block_1_36' title="bbox 430 2077 2034 2149">
    <p class='ocr_par' dir='ltr' id='par_1_36' title="bbox 430 2077 2034 2149">
     <span class='ocr_line' id='line_1_36' title="bbox 430 2077 2034 2149; baseline -0.001 -14"><span class='ocrx_word' id='word_1_260' title='bbox 430 2077 831 2149; x_wconf 77' lang='lat' dir='ltr'><strong>prohibiturum</strong></span> <span class='ocrx_word' id='word_1_261' title='bbox 891 2095 1021 2133; x_wconf 88' lang='lat' dir='ltr'><strong>usus</strong></span> <span class='ocrx_word' id='word_1_262' title='bbox 1077 2080 1466 2134; x_wconf 81' lang='lat' dir='ltr'><strong>sacrificiorum</strong></span> <span class='ocrx_word' id='word_1_263' title='bbox 1521 2079 1679 2146; x_wconf 88' lang='lat' dir='ltr'><strong>hujus</strong></span> <span class='ocrx_word' id='word_1_264' title='bbox 1733 2080 2034 2134; x_wconf 87' lang='lat' dir='ltr'><strong>occasionis</strong></span> 
     </span>
    </p>
   </div>
   <div class='ocr_carea' id='block_1_37' title="bbox 427 2169 2030 2242">
    <p class='ocr_par' dir='ltr' id='par_1_37' title="bbox 427 2169 2030 2242">
     <span class='ocr_line' id='line_1_37' title="bbox 427 2169 2030 2242; baseline 0 -16"><span class='ocrx_word' id='word_1_265' title='bbox 427 2171 604 2226; x_wconf 83' lang='lat' dir='ltr'><strong>aditus</strong></span> <span class='ocrx_word' id='word_1_266' title='bbox 634 2171 931 2242; x_wconf 88' lang='lat' dir='ltr'><strong>permissus</strong></span> <span class='ocrx_word' id='word_1_267' title='bbox 963 2185 1084 2225; x_wconf 86' lang='lat' dir='ltr'><strong>esse</strong></span> <span class='ocrx_word' id='word_1_268' title='bbox 1115 2170 1388 2226; x_wconf 86' lang='lat' dir='ltr'><strong>credatur.</strong></span> <span class='ocrx_word' id='word_1_269' title='bbox 1419 2171 1540 2226; x_wconf 87' lang='lat' dir='ltr'><strong>Dat.</strong></span> <span class='ocrx_word' id='word_1_270' title='bbox 1568 2173 1704 2239; x_wconf 82' lang='lat' dir='ltr'><strong>prid.</strong></span> <span class='ocrx_word' id='word_1_271' title='bbox 1744 2170 1870 2225; x_wconf 89' lang='lat' dir='ltr'><strong>Kal.</strong></span> <span class='ocrx_word' id='word_1_272' title='bbox 1903 2169 2030 2226; x_wconf 77' lang='lat' dir='ltr'><strong>Dec.</strong></span> 
     </span>
    </p>
   </div>
   <div class='ocr_carea' id='block_1_38' title="bbox 432 2261 1871 2336">
    <p class='ocr_par' dir='ltr' id='par_1_38' title="bbox 432 2261 1871 2336">
     <span class='ocr_line' id='line_1_38' title="bbox 432 2261 1871 2336; baseline 0.001 -19"><span class='ocrx_word' id='word_1_273' title='bbox 432 2261 903 2336; x_wconf 85' lang='lat' dir='ltr'><strong>Constantinapali,</strong></span> <span class='ocrx_word' id='word_1_274' title='bbox 933 2263 1157 2316; x_wconf 80' lang='lat' dir='ltr'><strong>Antonia</strong></span> <span class='ocrx_word' id='word_1_275' title='bbox 1187 2271 1234 2316; x_wconf 87' lang='lat' dir='ltr'><strong>et</strong></span> <span class='ocrx_word' id='word_1_276' title='bbox 1263 2263 1485 2335; x_wconf 76' lang='lat' dir='ltr'><strong>Syagrio</strong></span> <span class='ocrx_word' id='word_1_277' title='bbox 1515 2263 1660 2318; x_wconf 83' lang='lat' dir='ltr'><strong>Cass.</strong></span> <span class='ocrx_word' id='word_1_278' title='bbox 1696 2263 1871 2336; x_wconf 78' lang='lat'><strong>(582).</strong></span> 
     </span>
    </p>
   </div>
   <div class='ocr_carea' id='block_1_39' title="bbox 501 2351 2030 2426">
    <p class='ocr_par' dir='ltr' id='par_1_39' title="bbox 501 2351 2030 2426">
     <span class='ocr_line' id='line_1_39' title="bbox 501 2351 2030 2426; baseline 0.001 -15"><span class='ocrx_word' id='word_1_279' title='bbox 501 2356 553 2411; x_wconf 90' lang='lat'><strong>9.</strong></span> <span class='ocrx_word' id='word_1_280' title='bbox 586 2351 753 2410; x_wconf 71' lang='lat' dir='ltr'><strong>Iidem</strong></span> <span class='ocrx_word' id='word_1_281' title='bbox 784 2354 941 2410; x_wconf 84' lang='grc' dir='ltr'><strong>ΑΑΑ.</strong></span> <span class='ocrx_word' id='word_1_282' title='bbox 991 2355 1216 2426; x_wconf 80' lang='lat' dir='ltr'><strong>Cynegio</strong></span> <span class='ocrx_word' id='word_1_283' title='bbox 1240 2353 1333 2426; x_wconf 74' lang='lat' dir='ltr'><strong>Pf.</strong></span> <span class='ocrx_word' id='word_1_284' title='bbox 1372 2356 1435 2411; x_wconf 83' lang='lat' dir='ltr'><strong>I’.</strong></span> <span class='ocrx_word' id='word_1_285' title='bbox 1469 2357 1545 2410; x_wconf 93' lang='lat' dir='ltr'><strong>Ne</strong></span> <span class='ocrx_word' id='word_1_286' title='bbox 1577 2359 1697 2426; x_wconf 84' lang='lat' dir='ltr'><strong>quis</strong></span> <span class='ocrx_word' id='word_1_287' title='bbox 1725 2358 2030 2412; x_wconf 88' lang='lat' dir='ltr'><strong>mortalium</strong></span> 
     </span>
    </p>
   </div>
   <div class='ocr_carea' id='block_1_40' title="bbox 430 2447 2035 2520">
    <p class='ocr_par' dir='ltr' id='par_1_40' title="bbox 430 2447 2035 2520">
     <span class='ocr_line' id='line_1_40' title="bbox 430 2447 2035 2520; baseline 0.002 -17"><span class='ocrx_word' id='word_1_288' title='bbox 430 2449 502 2503; x_wconf 90' lang='lat' dir='ltr'><strong>ita</strong></span> <span class='ocrx_word' id='word_1_289' title='bbox 538 2447 770 2504; x_wconf 74' lang='lat' dir='ltr'><strong>faciendi</strong></span> <span class='ocrx_word' id='word_1_290' title='bbox 791 2450 1040 2503; x_wconf 83' lang='lat' dir='ltr'><strong>sacrificii</strong></span> <span class='ocrx_word' id='word_1_291' title='bbox 1079 2459 1252 2504; x_wconf 90' lang='lat' dir='ltr'><strong>sumat</strong></span> <span class='ocrx_word' id='word_1_292' title='bbox 1281 2450 1583 2513; x_wconf 81' lang='lat' dir='ltr'><strong>audaciam,</strong></span> <span class='ocrx_word' id='word_1_293' title='bbox 1609 2460 1666 2504; x_wconf 92' lang='lat' dir='ltr'><strong>ut</strong></span> <span class='ocrx_word' id='word_1_294' title='bbox 1699 2451 2035 2520; x_wconf 77' lang='lat' dir='ltr'><strong>inspemione</strong></span> 
     </span>
    </p>
   </div>
   <div class='ocr_carea' id='block_1_41' title="bbox 424 2543 2034 2613">
    <p class='ocr_par' dir='ltr' id='par_1_41' title="bbox 424 2543 2034 2613">
     <span class='ocr_line' id='line_1_41' title="bbox 424 2543 2034 2613; baseline -0.001 -15"><span class='ocrx_word' id='word_1_295' title='bbox 424 2543 626 2613; x_wconf 88' lang='lat' dir='ltr'><strong>jeeoris</strong></span> <span class='ocrx_word' id='word_1_296' title='bbox 669 2553 1027 2612; x_wconf 74' lang='lat' dir='ltr'><strong>extorumqne</strong></span> <span class='ocrx_word' id='word_1_297' title='bbox 1053 2544 1322 2613; x_wconf 64' lang='lat' dir='ltr'><strong>praesagio</strong></span> <span class='ocrx_word' id='word_1_298' title='bbox 1352 2557 1503 2596; x_wconf 79' lang='lat' dir='ltr'><strong>vanze</strong></span> <span class='ocrx_word' id='word_1_299' title='bbox 1532 2558 1682 2612; x_wconf 91' lang='lat' dir='ltr'><strong>spem</strong></span> <span class='ocrx_word' id='word_1_300' title='bbox 1719 2545 2034 2612; x_wconf 78' lang='lat' dir='ltr'><strong>promissio-</strong></span> 
     </span>
    </p>
   </div>
   <div class='ocr_carea' id='block_1_42' title="bbox 432 2635 2034 2706">
    <p class='ocr_par' dir='ltr' id='par_1_42' title="bbox 432 2635 2034 2706">
     <span class='ocr_line' id='line_1_42' title="bbox 432 2635 2034 2706; baseline 0.001 -16"><span class='ocrx_word' id='word_1_301' title='bbox 432 2635 515 2690; x_wconf 88' lang='lat' dir='ltr'><strong>nis</strong></span> <span class='ocrx_word' id='word_1_302' title='bbox 543 2635 772 2704; x_wconf 87' lang='lat' dir='ltr'><strong>accipiat</strong></span> <span class='ocrx_word' id='word_1_303' title='bbox 798 2678 811 2702; x_wconf 91' lang='lat'><strong>,</strong></span> <span class='ocrx_word' id='word_1_304' title='bbox 857 2635 960 2699; x_wconf 81' lang='lat' dir='ltr'><strong>vel,</strong></span> <span class='ocrx_word' id='word_1_305' title='bbox 995 2635 1135 2706; x_wconf 89' lang='lat' dir='ltr'><strong>quod</strong></span> <span class='ocrx_word' id='word_1_306' title='bbox 1164 2647 1247 2691; x_wconf 88' lang='lat' dir='ltr'><strong>est</strong></span> <span class='ocrx_word' id='word_1_307' title='bbox 1275 2637 1513 2691; x_wconf 88' lang='lat' dir='ltr'><strong>deterius</strong></span> <span class='ocrx_word' id='word_1_308' title='bbox 1536 2680 1550 2702; x_wconf 95' lang='lat'><strong>,</strong></span> <span class='ocrx_word' id='word_1_309' title='bbox 1583 2635 1760 2691; x_wconf 85' lang='lat' dir='ltr'><strong>futura</strong></span> <span class='ocrx_word' id='word_1_310' title='bbox 1807 2639 1907 2690; x_wconf 89' lang='lat' dir='ltr'><strong>sub</strong></span> <span class='ocrx_word' id='word_1_311' title='bbox 1938 2653 2034 2692; x_wconf 82' lang='lat' dir='ltr'><strong>ex-</strong></span> 
     </span>
    </p>
   </div>
   <div class='ocr_carea' id='block_1_43' title="bbox 433 2727 2030 2801">
    <p class='ocr_par' dir='ltr' id='par_1_43' title="bbox 433 2727 2030 2801">
     <span class='ocr_line' id='line_1_43' title="bbox 433 2727 2030 2801; baseline -0.001 -17"><span class='ocrx_word' id='word_1_312' title='bbox 433 2730 680 2784; x_wconf 84' lang='lat' dir='ltr'><strong>secrabili</strong></span> <span class='ocrx_word' id='word_1_313' title='bbox 705 2727 1104 2784; x_wconf 84' lang='lat' dir='ltr'><strong>consultatione</strong></span> <span class='ocrx_word' id='word_1_314' title='bbox 1134 2741 1448 2801; x_wconf 79' lang='lat' dir='ltr'><strong>cognoscat.</strong></span> <span class='ocrx_word' id='word_1_315' title='bbox 1486 2727 1796 2784; x_wconf 83' lang='lat' dir='ltr'><strong>Acerbioris</strong></span> <span class='ocrx_word' id='word_1_316' title='bbox 1828 2732 2030 2784; x_wconf 87' lang='lat' dir='ltr'><strong>etenim</strong></span> 
     </span>
    </p>
   </div>
   <div class='ocr_carea' id='block_1_44' title="bbox 430 2823 2030 2895">
    <p class='ocr_par' dir='ltr' id='par_1_44' title="bbox 430 2823 2030 2895">
     <span class='ocr_line' id='line_1_44' title="bbox 430 2823 2030 2895; baseline 0.001 -20"><span class='ocrx_word' id='word_1_317' title='bbox 430 2823 739 2879; x_wconf 89' lang='lat' dir='ltr'><strong>imminebit</strong></span> <span class='ocrx_word' id='word_1_318' title='bbox 767 2823 1015 2893; x_wconf 79' lang='lat' dir='ltr'><strong>supplicii</strong></span> <span class='ocrx_word' id='word_1_319' title='bbox 1046 2825 1317 2879; x_wconf 89' lang='lat' dir='ltr'><strong>cruciatus</strong></span> <span class='ocrx_word' id='word_1_320' title='bbox 1343 2825 1419 2878; x_wconf 89' lang='lat' dir='ltr'><strong>eis</strong></span> <span class='ocrx_word' id='word_1_321' title='bbox 1442 2865 1457 2890; x_wconf 93' lang='lat'><strong>,</strong></span> <span class='ocrx_word' id='word_1_322' title='bbox 1491 2824 1578 2895; x_wconf 90' lang='lat' dir='ltr'><strong>qui</strong></span> <span class='ocrx_word' id='word_1_323' title='bbox 1601 2866 1616 2889; x_wconf 91' lang='lat'><strong>,</strong></span> <span class='ocrx_word' id='word_1_324' title='bbox 1657 2836 1846 2878; x_wconf 89' lang='lat' dir='ltr'><strong>contra</strong></span> <span class='ocrx_word' id='word_1_325' title='bbox 1890 2825 2030 2878; x_wconf 89' lang='lat' dir='ltr'><strong>veti-</strong></span> 
     </span>
    </p>
   </div>
   <div class='ocr_carea' id='block_1_45' title="bbox 433 2918 2034 2988">
    <p class='ocr_par' dir='ltr' id='par_1_45' title="bbox 433 2918 2034 2988">
     <span class='ocr_line' id='line_1_45' title="bbox 433 2918 2034 2988; baseline 0 -15"><span class='ocrx_word' id='word_1_326' title='bbox 433 2927 544 2973; x_wconf 87' lang='lat' dir='ltr'><strong>tum</strong></span> <span class='ocrx_word' id='word_1_327' title='bbox 574 2961 587 2983; x_wconf 94' lang='lat'><strong>,</strong></span> <span class='ocrx_word' id='word_1_328' title='bbox 633 2921 984 2988; x_wconf 78' lang='lat' dir='ltr'><strong>praesentium</strong></span> <span class='ocrx_word' id='word_1_329' title='bbox 1020 2918 1104 2972; x_wconf 88' lang='lat' dir='ltr'><strong>vel</strong></span> <span class='ocrx_word' id='word_1_330' title='bbox 1159 2919 1458 2972; x_wconf 84' lang='lat' dir='ltr'><strong>futurarum</strong></span> <span class='ocrx_word' id='word_1_331' title='bbox 1511 2933 1690 2972; x_wconf 90' lang='lat' dir='ltr'><strong>rerum</strong></span> <span class='ocrx_word' id='word_1_332' title='bbox 1744 2919 2034 2986; x_wconf 78' lang='lat' dir='ltr'><strong>explorare</strong></span> 
     </span>
    </p>
   </div>
   <div class='ocr_carea' id='block_1_46' title="bbox 433 2999 2034 3067">
    <p class='ocr_par' dir='ltr' id='par_1_46' title="bbox 433 2999 2034 3067">
     <span class='ocr_line' id='line_1_46' title="bbox 433 2999 2034 3067; baseline -0.002 0"><span class='ocrx_word' id='word_1_333' title='bbox 433 3014 759 3067; x_wconf 86' lang='lat' dir='ltr'><strong>tentaverint</strong></span> <span class='ocrx_word' id='word_1_334' title='bbox 783 3011 1085 3066; x_wconf 84' lang='lat' dir='ltr'><strong>veritatem.</strong></span> <span class='ocrx_word' id='word_1_335' title='bbox 1115 3009 1240 3065; x_wconf 87' lang='lat' dir='ltr'><strong>Dat.</strong></span> <span class='ocrx_word' id='word_1_336' title='bbox 1283 2999 1426 3063; x_wconf 76' lang='lat' dir='ltr'><strong>VIII</strong></span> <span class='ocrx_word' id='word_1_337' title='bbox 1463 3010 1584 3064; x_wconf 86' lang='lat' dir='ltr'><strong>Kal.</strong></span> <span class='ocrx_word' id='word_1_338' title='bbox 1609 3010 1737 3065; x_wconf 82' lang='lat' dir='ltr'><strong>Jun.</strong></span> <span class='ocrx_word' id='word_1_339' title='bbox 1781 3011 2034 3066; x_wconf 86' lang='lat' dir='ltr'><strong>Constan-</strong></span> 
     </span>
    </p>
   </div>
   <div class='ocr_carea' id='block_1_47' title="bbox 433 3103 2028 3178">
    <p class='ocr_par' dir='ltr' id='par_1_47' title="bbox 433 3103 2028 3178">
     <span class='ocr_line' id='line_1_47' title="bbox 433 3103 2028 3178; baseline -0.002 -17"><span class='ocrx_word' id='word_1_340' title='bbox 433 3107 652 3175; x_wconf 83' lang='lat' dir='ltr'><strong>tinopoli</strong></span> <span class='ocrx_word' id='word_1_341' title='bbox 677 3149 690 3169; x_wconf 96' lang='lat'><strong>,</strong></span> <span class='ocrx_word' id='word_1_342' title='bbox 744 3105 964 3159; x_wconf 78' lang='lat' dir='ltr'><strong>Arcadio</strong></span> <span class='ocrx_word' id='word_1_343' title='bbox 991 3105 1054 3161; x_wconf 84' lang='lat' dir='ltr'><strong>A.</strong></span> <span class='ocrx_word' id='word_1_344' title='bbox 1089 3104 1136 3158; x_wconf 90' lang='lat' dir='ltr'><strong>I.</strong></span> <span class='ocrx_word' id='word_1_345' title='bbox 1167 3117 1213 3159; x_wconf 88' lang='lat' dir='ltr'><strong>et</strong></span> <span class='ocrx_word' id='word_1_346' title='bbox 1242 3104 1473 3160; x_wconf 83' lang='lat' dir='ltr'><strong>Bautane</strong></span> <span class='ocrx_word' id='word_1_347' title='bbox 1509 3104 1564 3160; x_wconf 86' lang='lat' dir='ltr'><strong>V.</strong></span> <span class='ocrx_word' id='word_1_348' title='bbox 1591 3103 1651 3161; x_wconf 89' lang='lat' dir='ltr'><strong>C.</strong></span> <span class='ocrx_word' id='word_1_349' title='bbox 1681 3105 1827 3161; x_wconf 88' lang='lat' dir='ltr'><strong>Cass.</strong></span> <span class='ocrx_word' id='word_1_350' title='bbox 1855 3104 2028 3178; x_wconf 80' lang='lat'><strong>(585).</strong></span> 
     </span>
    </p>
   </div>
   <div class='ocr_carea' id='block_1_48' title="bbox 2137 1882 3739 1954">
    <p class='ocr_par' dir='ltr' id='par_1_48' title="bbox 2137 1882 3739 1954">
     <span class='ocr_line' id='line_1_48' title="bbox 2137 1882 3739 1954; baseline 0.001 -18"><span class='ocrx_word' id='word_1_351' title='bbox 2137 1883 2368 1937; x_wconf 87' lang='lat' dir='ltr'><strong>hostiam</strong></span> <span class='ocrx_word' id='word_1_352' title='bbox 2399 1882 2799 1938; x_wconf 84' lang='lat' dir='ltr'><strong>sacrificaturus</strong></span> <span class='ocrx_word' id='word_1_353' title='bbox 2825 1884 3042 1940; x_wconf 84' lang='lat' dir='ltr'><strong>audebit</strong></span> <span class='ocrx_word' id='word_1_354' title='bbox 3064 1895 3155 1938; x_wconf 89' lang='lat' dir='ltr'><strong>aut</strong></span> <span class='ocrx_word' id='word_1_355' title='bbox 3181 1886 3439 1954; x_wconf 77' lang='lat' dir='ltr'><strong>Spit&#39;altlia</strong></span> <span class='ocrx_word' id='word_1_356' title='bbox 3464 1895 3581 1940; x_wconf 85' lang='lat' dir='ltr'><strong>exta</strong></span> <span class='ocrx_word' id='word_1_357' title='bbox 3608 1900 3739 1940; x_wconf 89' lang='lat' dir='ltr'><strong>con—</strong></span> 
     </span>
    </p>
   </div>
   <div class='ocr_carea' id='block_1_49' title="bbox 2136 1977 3737 2048">
    <p class='ocr_par' dir='ltr' id='par_1_49' title="bbox 2136 1977 3737 2048">
     <span class='ocr_line' id='line_1_49' title="bbox 2136 1977 3737 2048; baseline 0.002 -17"><span class='ocrx_word' id='word_1_358' title='bbox 2136 1979 2314 2032; x_wconf 84' lang='lat' dir='ltr'><strong>snlere</strong></span> <span class='ocrx_word' id='word_1_359' title='bbox 2339 2020 2352 2043; x_wconf 92' lang='lat'><strong>,</strong></span> <span class='ocrx_word' id='word_1_360' title='bbox 2389 1977 2455 2031; x_wconf 91' lang='lat' dir='ltr'><strong>ad</strong></span> <span class='ocrx_word' id='word_1_361' title='bbox 2487 1979 2793 2045; x_wconf 75' lang='lat' dir='ltr'><strong>exemplum</strong></span> <span class='ocrx_word' id='word_1_362' title='bbox 2835 1979 3131 2048; x_wconf 68' lang='lat' dir='ltr'><strong>maiestatis</strong></span> <span class='ocrx_word' id='word_1_363' title='bbox 3156 1995 3279 2033; x_wconf 88' lang='lat' dir='ltr'><strong>reus</strong></span> <span class='ocrx_word' id='word_1_364' title='bbox 3302 2021 3315 2043; x_wconf 97' lang='lat'><strong>,</strong></span> <span class='ocrx_word' id='word_1_365' title='bbox 3353 1979 3495 2033; x_wconf 89' lang='lat' dir='ltr'><strong>licita</strong></span> <span class='ocrx_word' id='word_1_366' title='bbox 3528 1979 3737 2036; x_wconf 87' lang='lat' dir='ltr'><strong>cunctis</strong></span> 
     </span>
    </p>
   </div>
   <div class='ocr_carea' id='block_1_50' title="bbox 2135 2072 3736 2143">
    <p class='ocr_par' dir='ltr' id='par_1_50' title="bbox 2135 2072 3736 2143">
     <span class='ocr_line' id='line_1_50' title="bbox 2135 2072 3736 2143; baseline 0 -17"><span class='ocrx_word' id='word_1_367' title='bbox 2135 2073 2508 2135; x_wconf 87' lang='lat' dir='ltr'><strong>accusatione,</strong></span> <span class='ocrx_word' id='word_1_368' title='bbox 2543 2073 2750 2126; x_wconf 82' lang='lat' dir='ltr'><strong>delatus</strong></span> <span class='ocrx_word' id='word_1_369' title='bbox 2781 2072 3015 2142; x_wconf 81' lang='lat' dir='ltr'><strong>e\cipiat</strong></span> <span class='ocrx_word' id='word_1_370' title='bbox 3055 2073 3376 2128; x_wconf 89' lang='lat' dir='ltr'><strong>sententiam</strong></span> <span class='ocrx_word' id='word_1_371' title='bbox 3422 2084 3736 2143; x_wconf 85' lang='lat' dir='ltr'><strong>competen-</strong></span> 
     </span>
    </p>
   </div>
   <div class='ocr_carea' id='block_1_51' title="bbox 2138 2169 3738 2240">
    <p class='ocr_par' dir='ltr' id='par_1_51' title="bbox 2138 2169 3738 2240">
     <span class='ocr_line' id='line_1_51' title="bbox 2138 2169 3738 2240; baseline 0.003 -18"><span class='ocrx_word' id='word_1_372' title='bbox 2138 2179 2266 2234; x_wconf 90' lang='lat' dir='ltr'><strong>tcm,</strong></span> <span class='ocrx_word' id='word_1_373' title='bbox 2314 2171 2524 2224; x_wconf 80' lang='lat' dir='ltr'><strong>etiamsi</strong></span> <span class='ocrx_word' id='word_1_374' title='bbox 2565 2170 2697 2223; x_wconf 90' lang='lat' dir='ltr'><strong>nihil</strong></span> <span class='ocrx_word' id='word_1_375' title='bbox 2731 2180 2916 2223; x_wconf 86' lang='lat' dir='ltr'><strong>contra</strong></span> <span class='ocrx_word' id='word_1_376' title='bbox 2945 2169 3170 2223; x_wconf 76' lang='lat' dir='ltr'><strong>salutem</strong></span> <span class='ocrx_word' id='word_1_377' title='bbox 3205 2169 3508 2240; x_wconf 81' lang='lat' dir='ltr'><strong>principum</strong></span> <span class='ocrx_word' id='word_1_378' title='bbox 3540 2177 3632 2224; x_wconf 85' lang='lat' dir='ltr'><strong>aut</strong></span> <span class='ocrx_word' id='word_1_379' title='bbox 3669 2169 3738 2226; x_wconf 89' lang='lat' dir='ltr'><strong>de</strong></span> 
     </span>
    </p>
   </div>
   <div class='ocr_carea' id='block_1_52' title="bbox 2136 2262 3734 2334">
    <p class='ocr_par' dir='ltr' id='par_1_52' title="bbox 2136 2262 3734 2334">
     <span class='ocr_line' id='line_1_52' title="bbox 2136 2262 3734 2334; baseline -0.003 -14"><span class='ocrx_word' id='word_1_380' title='bbox 2136 2266 2312 2320; x_wconf 90' lang='lat' dir='ltr'><strong>salute</strong></span> <span class='ocrx_word' id='word_1_381' title='bbox 2355 2267 2646 2334; x_wconf 65' lang='lat' dir='ltr'><strong>qumsierit.</strong></span> <span class='ocrx_word' id='word_1_382' title='bbox 2704 2263 2915 2319; x_wconf 89' lang='lat' dir='ltr'><strong>Sufficit</strong></span> <span class='ocrx_word' id='word_1_383' title='bbox 2958 2265 3099 2317; x_wconf 92' lang='lat' dir='ltr'><strong>enim</strong></span> <span class='ocrx_word' id='word_1_384' title='bbox 3145 2262 3210 2318; x_wconf 87' lang='lat' dir='ltr'><strong>ad</strong></span> <span class='ocrx_word' id='word_1_385' title='bbox 3247 2264 3488 2317; x_wconf 89' lang='lat' dir='ltr'><strong>criminis</strong></span> <span class='ocrx_word' id='word_1_386' title='bbox 3539 2263 3734 2316; x_wconf 88' lang='lat' dir='ltr'><strong>molem</strong></span> 
     </span>
    </p>
   </div>
   <div class='ocr_carea' id='block_1_53' title="bbox 2136 2357 3734 2429">
    <p class='ocr_par' dir='ltr' id='par_1_53' title="bbox 2136 2357 3734 2429">
     <span class='ocr_line' id='line_1_53' title="bbox 2136 2357 3734 2429; baseline -0.002 -16"><span class='ocrx_word' id='word_1_387' title='bbox 2136 2369 2343 2414; x_wconf 77' lang='lat' dir='ltr'><strong>naturae</strong></span> <span class='ocrx_word' id='word_1_388' title='bbox 2374 2359 2542 2426; x_wconf 78' lang='lat' dir='ltr'><strong>ipsius</strong></span> <span class='ocrx_word' id='word_1_389' title='bbox 2571 2359 2712 2429; x_wconf 86' lang='lat' dir='ltr'><strong>leges</strong></span> <span class='ocrx_word' id='word_1_390' title='bbox 2742 2357 2880 2412; x_wconf 81' lang='lat' dir='ltr'><strong>velle</strong></span> <span class='ocrx_word' id='word_1_391' title='bbox 2909 2358 3239 2421; x_wconf 82' lang='lat' dir='ltr'><strong>rescindere,</strong></span> <span class='ocrx_word' id='word_1_392' title='bbox 3269 2357 3455 2411; x_wconf 89' lang='lat' dir='ltr'><strong>illicita</strong></span> <span class='ocrx_word' id='word_1_393' title='bbox 3485 2371 3734 2427; x_wconf 87' lang='lat' dir='ltr'><strong>perscru-</strong></span> 
     </span>
    </p>
   </div>
   <div class='ocr_carea' id='block_1_54' title="bbox 2135 2446 3734 2515">
    <p class='ocr_par' dir='ltr' id='par_1_54' title="bbox 2135 2446 3734 2515">
     <span class='ocr_line' id='line_1_54' title="bbox 2135 2446 3734 2515; baseline -0.002 -11"><span class='ocrx_word' id='word_1_394' title='bbox 2135 2450 2270 2515; x_wconf 85' lang='lat' dir='ltr'><strong>tari,</strong></span> <span class='ocrx_word' id='word_1_395' title='bbox 2325 2449 2537 2504; x_wconf 89' lang='lat' dir='ltr'><strong>occnlta</strong></span> <span class='ocrx_word' id='word_1_396' title='bbox 2582 2447 2887 2515; x_wconf 83' lang='lat' dir='ltr'><strong>recludere,</strong></span> <span class='ocrx_word' id='word_1_397' title='bbox 2938 2447 3224 2503; x_wconf 88' lang='lat' dir='ltr'><strong>interdicta</strong></span> <span class='ocrx_word' id='word_1_398' title='bbox 3277 2457 3513 2513; x_wconf 83' lang='lat' dir='ltr'><strong>tentare,</strong></span> <span class='ocrx_word' id='word_1_399' title='bbox 3570 2446 3734 2501; x_wconf 90' lang='lat' dir='ltr'><strong>finem</strong></span> 
     </span>
    </p>
   </div>
   <div class='ocr_carea' id='block_1_55' title="bbox 2137 2539 3738 2616">
    <p class='ocr_par' dir='ltr' id='par_1_55' title="bbox 2137 2539 3738 2616">
     <span class='ocr_line' id='line_1_55' title="bbox 2137 2539 3738 2616; baseline -0.003 -18"><span class='ocrx_word' id='word_1_400' title='bbox 2137 2559 2384 2616; x_wconf 66' lang='lat' dir='ltr'><strong>quaerere</strong></span> <span class='ocrx_word' id='word_1_401' title='bbox 2411 2544 2598 2599; x_wconf 77' lang='lat' dir='ltr'><strong>Salutis</strong></span> <span class='ocrx_word' id='word_1_402' title='bbox 2634 2543 2826 2598; x_wconf 70' lang='lat' dir='ltr'><strong>alicnm</strong></span> <span class='ocrx_word' id='word_1_403' title='bbox 2855 2585 2869 2607; x_wconf 94' lang='lat'><strong>,</strong></span> <span class='ocrx_word' id='word_1_404' title='bbox 2916 2557 3065 2612; x_wconf 86' lang='lat' dir='ltr'><strong>spem</strong></span> <span class='ocrx_word' id='word_1_405' title='bbox 3097 2541 3257 2596; x_wconf 88' lang='lat' dir='ltr'><strong>alieni</strong></span> <span class='ocrx_word' id='word_1_406' title='bbox 3301 2539 3549 2594; x_wconf 89' lang='lat' dir='ltr'><strong>interitus</strong></span> <span class='ocrx_word' id='word_1_407' title='bbox 3577 2540 3738 2610; x_wconf 79' lang='lat' dir='ltr'><strong>polli-</strong></span> 
     </span>
    </p>
   </div>
   <div class='ocr_carea' id='block_1_56' title="bbox 2136 2634 3738 2709">
    <p class='ocr_par' dir='ltr' id='par_1_56' title="bbox 2136 2634 3738 2709">
     <span class='ocr_line' id='line_1_56' title="bbox 2136 2634 3738 2709; baseline -0.003 -17"><span class='ocrx_word' id='word_1_408' title='bbox 2136 2639 2266 2692; x_wconf 89' lang='lat' dir='ltr'><strong>ceri.</strong></span> <span class='ocrx_word' id='word_1_409' title='bbox 2312 2637 2340 2709; x_wconf 82' lang='lat'>§</span> <span class='ocrx_word' id='word_1_410' title='bbox 2379 2638 2431 2691; x_wconf 76' lang='lat'><strong>‘2.</strong></span> <span class='ocrx_word' id='word_1_411' title='bbox 2473 2635 2528 2692; x_wconf 90' lang='lat' dir='ltr'><strong>Si</strong></span> <span class='ocrx_word' id='word_1_412' title='bbox 2561 2637 2679 2706; x_wconf 82' lang='lat' dir='ltr'><strong>quis</strong></span> <span class='ocrx_word' id='word_1_413' title='bbox 2712 2650 2837 2688; x_wconf 85' lang='lat' dir='ltr'><strong>vero</strong></span> <span class='ocrx_word' id='word_1_414' title='bbox 2869 2635 3085 2688; x_wconf 86' lang='lat' dir='ltr'><strong>mortali</strong></span> <span class='ocrx_word' id='word_1_415' title='bbox 3117 2649 3282 2703; x_wconf 89' lang='lat' dir='ltr'><strong>opere</strong></span> <span class='ocrx_word' id='word_1_416' title='bbox 3309 2634 3446 2688; x_wconf 89' lang='lat' dir='ltr'><strong>faeta</strong></span> <span class='ocrx_word' id='word_1_417' title='bbox 3473 2645 3524 2686; x_wconf 90' lang='lat' dir='ltr'><strong>et</strong></span> <span class='ocrx_word' id='word_1_418' title='bbox 3562 2647 3738 2687; x_wconf 65' lang='lat' dir='ltr'><strong>sevum</strong></span> 
     </span>
    </p>
   </div>
   <div class='ocr_carea' id='block_1_57' title="bbox 2137 2724 3740 2801">
    <p class='ocr_par' dir='ltr' id='par_1_57' title="bbox 2137 2724 3740 2801">
     <span class='ocr_line' id='line_1_57' title="bbox 2137 2724 3740 2801; baseline -0.004 -16"><span class='ocrx_word' id='word_1_419' title='bbox 2137 2746 2360 2801; x_wconf 62' lang='lat' dir='ltr'><strong>passura</strong></span> <span class='ocrx_word' id='word_1_420' title='bbox 2393 2729 2683 2782; x_wconf 83' lang='lat' dir='ltr'><strong>simulacra</strong></span> <span class='ocrx_word' id='word_1_421' title='bbox 2707 2728 2961 2796; x_wconf 54' lang='lat' dir='ltr'><strong>imposito</strong></span> <span class='ocrx_word' id='word_1_422' title='bbox 2997 2727 3152 2780; x_wconf 85' lang='lat' dir='ltr'><strong>thure</strong></span> <span class='ocrx_word' id='word_1_423' title='bbox 3185 2724 3635 2783; x_wconf 62' lang='lat' dir='ltr'><strong>venerabitunac</strong></span> <span class='ocrx_word' id='word_1_424' title='bbox 3665 2724 3740 2778; x_wconf 80' lang='lat' dir='ltr'><strong>t‘i—</strong></span> 
     </span>
    </p>
   </div>
   <div class='ocr_carea' id='block_1_58' title="bbox 2135 2815 3738 2890">
    <p class='ocr_par' dir='ltr' id='par_1_58' title="bbox 2135 2815 3738 2890">
     <span class='ocr_line' id='line_1_58' title="bbox 2135 2815 3738 2890; baseline -0.004 -13"><span class='ocrx_word' id='word_1_425' title='bbox 2135 2822 2318 2877; x_wconf 87' lang='lat' dir='ltr'><strong>diculo</strong></span> <span class='ocrx_word' id='word_1_426' title='bbox 2346 2825 2598 2890; x_wconf 87' lang='lat' dir='ltr'><strong>exemplo</strong></span> <span class='ocrx_word' id='word_1_427' title='bbox 2628 2833 2878 2874; x_wconf 86' lang='lat' dir='ltr'><strong>metuens</strong></span> <span class='ocrx_word' id='word_1_428' title='bbox 2913 2818 3116 2884; x_wconf 82' lang='lat' dir='ltr'><strong>Subito,</strong></span> <span class='ocrx_word' id='word_1_429' title='bbox 3147 2834 3265 2886; x_wconf 82' lang='lat' dir='ltr'><strong>quae</strong></span> <span class='ocrx_word' id='word_1_430' title='bbox 3297 2818 3414 2885; x_wconf 89' lang='lat' dir='ltr'><strong>ipse</strong></span> <span class='ocrx_word' id='word_1_431' title='bbox 3447 2815 3738 2871; x_wconf 83' lang='lat' dir='ltr'><strong>simulare-</strong></span> 
     </span>
    </p>
   </div>
   <div class='ocr_carea' id='block_1_59' title="bbox 2136 2908 3735 2981">
    <p class='ocr_par' dir='ltr' id='par_1_59' title="bbox 2136 2908 3735 2981">
     <span class='ocr_line' id='line_1_59' title="bbox 2136 2908 3735 2981; baseline -0.004 -10"><span class='ocrx_word' id='word_1_432' title='bbox 2136 2918 2225 2981; x_wconf 89' lang='lat' dir='ltr'><strong>rit,</strong></span> <span class='ocrx_word' id='word_1_433' title='bbox 2258 2915 2337 2968; x_wconf 70' lang='lat' dir='ltr'><strong>vel</strong></span> <span class='ocrx_word' id='word_1_434' title='bbox 2368 2913 2611 2970; x_wconf 89' lang='lat' dir='ltr'><strong>redimita</strong></span> <span class='ocrx_word' id='word_1_435' title='bbox 2649 2914 2795 2967; x_wconf 82' lang='lat' dir='ltr'><strong>vittis</strong></span> <span class='ocrx_word' id='word_1_436' title='bbox 2823 2911 3034 2976; x_wconf 89' lang='lat' dir='ltr'><strong>arbore,</strong></span> <span class='ocrx_word' id='word_1_437' title='bbox 3068 2911 3150 2965; x_wconf 91' lang='lat' dir='ltr'><strong>vel</strong></span> <span class='ocrx_word' id='word_1_438' title='bbox 3181 2922 3359 2967; x_wconf 88' lang='lat' dir='ltr'><strong>erecta</strong></span> <span class='ocrx_word' id='word_1_439' title='bbox 3399 2908 3611 2964; x_wconf 74' lang='lat' dir='ltr'><strong>effossis</strong></span> <span class='ocrx_word' id='word_1_440' title='bbox 3642 2925 3735 2964; x_wconf 87' lang='lat' dir='ltr'><strong>ara</strong></span> 
     </span>
    </p>
   </div>
   <div class='ocr_carea' id='block_1_60' title="bbox 2137 3004 3738 3082">
    <p class='ocr_par' dir='ltr' id='par_1_60' title="bbox 2137 3004 3738 3082">
     <span class='ocr_line' id='line_1_60' title="bbox 2137 3004 3738 3082; baseline -0.002 -19"><span class='ocrx_word' id='word_1_441' title='bbox 2137 3008 2453 3082; x_wconf 75' lang='lat' dir='ltr'><strong>cespitibus,</strong></span> <span class='ocrx_word' id='word_1_442' title='bbox 2491 3022 2656 3061; x_wconf 76' lang='lat' dir='ltr'><strong>vanas</strong></span> <span class='ocrx_word' id='word_1_443' title='bbox 2691 3007 2972 3076; x_wconf 82' lang='lat' dir='ltr'><strong>imagines,</strong></span> <span class='ocrx_word' id='word_1_444' title='bbox 3018 3004 3306 3059; x_wconf 89' lang='lat' dir='ltr'><strong>humiliore</strong></span> <span class='ocrx_word' id='word_1_445' title='bbox 3337 3005 3460 3058; x_wconf 88' lang='lat' dir='ltr'><strong>licet</strong></span> <span class='ocrx_word' id='word_1_446' title='bbox 3495 3005 3738 3059; x_wconf 91' lang='lat' dir='ltr'><strong>muneris</strong></span> 
     </span>
    </p>
   </div>
   <div class='ocr_carea' id='block_1_61' title="bbox 2141 3097 3734 3170">
    <p class='ocr_par' dir='ltr' id='par_1_61' title="bbox 2141 3097 3734 3170">
     <span class='ocr_line' id='line_1_61' title="bbox 2141 3097 3734 3170; baseline -0.003 -17"><span class='ocrx_word' id='word_1_447' title='bbox 2141 3102 2383 3170; x_wconf 69' lang='lat' dir='ltr'><strong>prtetnio,</strong></span> <span class='ocrx_word' id='word_1_448' title='bbox 2409 3111 2587 3155; x_wconf 89' lang='lat' dir='ltr'><strong>tamen</strong></span> <span class='ocrx_word' id='word_1_449' title='bbox 2615 3101 2768 3169; x_wconf 88' lang='lat' dir='ltr'><strong>plena</strong></span> <span class='ocrx_word' id='word_1_450' title='bbox 2796 3099 3072 3168; x_wconf 78' lang='lat' dir='ltr'><strong>religionis</strong></span> <span class='ocrx_word' id='word_1_451' title='bbox 3103 3097 3296 3167; x_wconf 86' lang='lat' dir='ltr'><strong>injuria</strong></span> <span class='ocrx_word' id='word_1_452' title='bbox 3323 3097 3591 3151; x_wconf 89' lang='lat' dir='ltr'><strong>honorare</strong></span> <span class='ocrx_word' id='word_1_453' title='bbox 3615 3107 3734 3150; x_wconf 86' lang='lat' dir='ltr'><strong>ten-</strong></span> 
     </span>
    </p>
   </div>
   <div class='ocr_carea' id='block_1_62' title="bbox 504 3193 3734 3266">
    <p class='ocr_par' dir='ltr' id='par_1_62' title="bbox 504 3193 3734 3266">
     <span class='ocr_line' id='line_1_62' title="bbox 504 3193 3734 3266; baseline -0.004 -12"><span class='ocrx_word' id='word_1_454' title='bbox 504 3199 590 3254; x_wconf 79' lang='grc'><strong>10.</strong></span> <span class='ocrx_word' id='word_1_455' title='bbox 635 3195 802 3252; x_wconf 85' lang='lat' dir='ltr'><strong>Iidem</strong></span> <span class='ocrx_word' id='word_1_456' title='bbox 834 3197 991 3253; x_wconf 84' lang='grc' dir='ltr'><strong>ΑΑΑ.</strong></span> <span class='ocrx_word' id='word_1_457' title='bbox 1021 3199 1088 3252; x_wconf 86' lang='lat' dir='ltr'><strong>ad</strong></span> <span class='ocrx_word' id='word_1_458' title='bbox 1120 3197 1362 3252; x_wconf 80' lang='lat' dir='ltr'><strong>Albinum</strong></span> <span class='ocrx_word' id='word_1_459' title='bbox 1399 3197 1492 3266; x_wconf 70' lang='lat' dir='ltr'><strong>Pr.</strong></span> <span class='ocrx_word' id='word_1_460' title='bbox 1525 3196 1587 3250; x_wconf 85' lang='grc' dir='ltr'><strong>Ρ.</strong></span> <span class='ocrx_word' id='word_1_461' title='bbox 1615 3197 1783 3252; x_wconf 86' lang='lat' dir='ltr'><strong>Nemo</strong></span> <span class='ocrx_word' id='word_1_462' title='bbox 1814 3213 1873 3252; x_wconf 89' lang='lat' dir='ltr'><strong>se</strong></span> <span class='ocrx_word' id='word_1_463' title='bbox 1907 3198 2031 3250; x_wconf 84' lang='lat' dir='ltr'><strong>hos-</strong></span> <span class='ocrx_word' id='word_1_464' title='bbox 2055 3193 2101 3255; x_wconf 91' lang='lat' dir='ltr'><strong>C</strong></span> <span class='ocrx_word' id='word_1_465' title='bbox 2138 3197 2331 3250; x_wconf 87' lang='lat' dir='ltr'><strong>taverit</strong></span> <span class='ocrx_word' id='word_1_466' title='bbox 2354 3238 2366 3258; x_wconf 91' lang='lat'><strong>,</strong></span> <span class='ocrx_word' id='word_1_467' title='bbox 2398 3197 2472 3262; x_wconf 88' lang='lat' dir='ltr'><strong>is,</strong></span> <span class='ocrx_word' id='word_1_468' title='bbox 2509 3203 2698 3262; x_wconf 83' lang='lat' dir='ltr'><strong>utpote</strong></span> <span class='ocrx_word' id='word_1_469' title='bbox 2726 3194 2937 3247; x_wconf 67' lang='lat' dir='ltr'><strong>violata:</strong></span> <span class='ocrx_word' id='word_1_470' title='bbox 2971 3193 3246 3262; x_wconf 83' lang='lat' dir='ltr'><strong>religioois</strong></span> <span class='ocrx_word' id='word_1_471' title='bbox 3287 3208 3441 3256; x_wconf 82' lang='lat' dir='ltr'><strong>reus,</strong></span> <span class='ocrx_word' id='word_1_472' title='bbox 3477 3207 3540 3245; x_wconf 91' lang='lat' dir='ltr'><strong>ea</strong></span> <span class='ocrx_word' id='word_1_473' title='bbox 3569 3193 3734 3245; x_wconf 89' lang='lat' dir='ltr'><strong>domo</strong></span> 
     </span>
    </p>
   </div>
   <div class='ocr_carea' id='block_1_63' title="bbox 435 3289 2029 3361">
    <p class='ocr_par' dir='ltr' id='par_1_63' title="bbox 435 3289 2029 3361">
     <span class='ocr_line' id='line_1_63' title="bbox 435 3289 2029 3361; baseline -0.002 -16"><span class='ocrx_word' id='word_1_474' title='bbox 435 3291 523 3345; x_wconf 90' lang='lat' dir='ltr'><strong>tiis</strong></span> <span class='ocrx_word' id='word_1_475' title='bbox 554 3291 758 3361; x_wconf 86' lang='lat' dir='ltr'><strong>polluat</strong></span> <span class='ocrx_word' id='word_1_476' title='bbox 782 3334 796 3356; x_wconf 91' lang='lat'><strong>,</strong></span> <span class='ocrx_word' id='word_1_477' title='bbox 827 3307 985 3346; x_wconf 85' lang='lat' dir='ltr'><strong>nemo</strong></span> <span class='ocrx_word' id='word_1_478' title='bbox 1017 3292 1282 3345; x_wconf 89' lang='lat' dir='ltr'><strong>insontem</strong></span> <span class='ocrx_word' id='word_1_479' title='bbox 1316 3290 1587 3344; x_wconf 89' lang='lat' dir='ltr'><strong>victimam</strong></span> <span class='ocrx_word' id='word_1_480' title='bbox 1621 3289 1826 3352; x_wconf 68' lang='lat' dir='ltr'><strong>cmdat,</strong></span> <span class='ocrx_word' id='word_1_481' title='bbox 1870 3304 2029 3342; x_wconf 89' lang='lat' dir='ltr'><strong>nemo</strong></span> 
     </span>
    </p>
   </div>
   <div class='ocr_carea' id='block_1_64' title="bbox 436 3379 2032 3453">
    <p class='ocr_par' dir='ltr' id='par_1_64' title="bbox 436 3379 2032 3453">
     <span class='ocr_line' id='line_1_64' title="bbox 436 3379 2032 3453; baseline -0.001 -15"><span class='ocrx_word' id='word_1_482' title='bbox 436 3379 664 3439; x_wconf 66' lang='lat' dir='ltr'><strong>defubra</strong></span> <span class='ocrx_word' id='word_1_483' title='bbox 697 3385 890 3447; x_wconf 85' lang='lat' dir='ltr'><strong>adeat,</strong></span> <span class='ocrx_word' id='word_1_484' title='bbox 925 3383 1122 3453; x_wconf 87' lang='lat' dir='ltr'><strong>templa</strong></span> <span class='ocrx_word' id='word_1_485' title='bbox 1163 3380 1455 3452; x_wconf 70' lang='lat' dir='ltr'><strong>pet-lustret</strong></span> <span class='ocrx_word' id='word_1_486' title='bbox 1477 3423 1490 3446; x_wconf 88' lang='lat'><strong>,</strong></span> <span class='ocrx_word' id='word_1_487' title='bbox 1533 3388 1588 3436; x_wconf 86' lang='lat' dir='ltr'><strong>et</strong></span> <span class='ocrx_word' id='word_1_488' title='bbox 1619 3379 1832 3434; x_wconf 83' lang='lat' dir='ltr'><strong>mortali</strong></span> <span class='ocrx_word' id='word_1_489' title='bbox 1866 3395 2032 3449; x_wconf 89' lang='lat' dir='ltr'><strong>apere</strong></span> 
     </span>
    </p>
   </div>
   <div class='ocr_carea' id='block_1_65' title="bbox 439 3469 2033 3545">
    <p class='ocr_par' dir='ltr' id='par_1_65' title="bbox 439 3469 2033 3545">
     <span class='ocr_line' id='line_1_65' title="bbox 439 3469 2033 3545; baseline -0.003 -15"><span class='ocrx_word' id='word_1_490' title='bbox 439 3475 670 3531; x_wconf 79' lang='lat' dir='ltr'><strong>formata</strong></span> <span class='ocrx_word' id='word_1_491' title='bbox 696 3475 984 3531; x_wconf 87' lang='lat' dir='ltr'><strong>simulacra</strong></span> <span class='ocrx_word' id='word_1_492' title='bbox 1009 3477 1267 3545; x_wconf 82' lang='lat' dir='ltr'><strong>su5piciat</strong></span> <span class='ocrx_word' id='word_1_493' title='bbox 1291 3517 1304 3538; x_wconf 86' lang='lat'><strong>,</strong></span> <span class='ocrx_word' id='word_1_494' title='bbox 1333 3491 1398 3530; x_wconf 90' lang='lat' dir='ltr'><strong>ne</strong></span> <span class='ocrx_word' id='word_1_495' title='bbox 1425 3474 1621 3529; x_wconf 87' lang='lat' dir='ltr'><strong>divinis</strong></span> <span class='ocrx_word' id='word_1_496' title='bbox 1654 3483 1812 3542; x_wconf 89' lang='lat' dir='ltr'><strong>atque</strong></span> <span class='ocrx_word' id='word_1_497' title='bbox 1842 3469 2033 3526; x_wconf 87' lang='lat' dir='ltr'><strong>hutna-</strong></span> 
     </span>
    </p>
   </div>
   <div class='ocr_carea' id='block_1_66' title="bbox 435 3563 2032 3636">
    <p class='ocr_par' dir='ltr' id='par_1_66' title="bbox 435 3563 2032 3636">
     <span class='ocr_line' id='line_1_66' title="bbox 435 3563 2032 3636; baseline -0.003 -14"><span class='ocrx_word' id='word_1_498' title='bbox 435 3571 516 3624; x_wconf 66' lang='lat' dir='ltr'><strong>nis</strong></span> <span class='ocrx_word' id='word_1_499' title='bbox 547 3570 920 3623; x_wconf 88' lang='lat' dir='ltr'><strong>sanctionibus</strong></span> <span class='ocrx_word' id='word_1_500' title='bbox 949 3583 1073 3624; x_wconf 86' lang='lat' dir='ltr'><strong>reus</strong></span> <span class='ocrx_word' id='word_1_501' title='bbox 1105 3568 1216 3622; x_wconf 83' lang='lat' dir='ltr'><strong>fiat.</strong></span> <span class='ocrx_word' id='word_1_502' title='bbox 1252 3567 1470 3622; x_wconf 84' lang='lat' dir='ltr'><strong>Judiees</strong></span> <span class='ocrx_word' id='word_1_503' title='bbox 1512 3583 1726 3636; x_wconf 71' lang='lat' dir='ltr'><strong>quoque</strong></span> <span class='ocrx_word' id='word_1_504' title='bbox 1757 3567 1893 3620; x_wconf 88' lang='lat' dir='ltr'><strong>hanc</strong></span> <span class='ocrx_word' id='word_1_505' title='bbox 1924 3563 2032 3618; x_wconf 84' lang='lat' dir='ltr'><strong>for-</strong></span> 
     </span>
    </p>
   </div>
   <div class='ocr_carea' id='block_1_67' title="bbox 433 3655 2030 3730">
    <p class='ocr_par' dir='ltr' id='par_1_67' title="bbox 433 3655 2030 3730">
     <span class='ocr_line' id='line_1_67' title="bbox 433 3655 2030 3730; baseline -0.001 -17"><span class='ocrx_word' id='word_1_506' title='bbox 433 3678 575 3716; x_wconf 90' lang='lat' dir='ltr'><strong>mam</strong></span> <span class='ocrx_word' id='word_1_507' title='bbox 612 3664 962 3727; x_wconf 83' lang='lat' dir='ltr'><strong>contineant,</strong></span> <span class='ocrx_word' id='word_1_508' title='bbox 996 3672 1053 3715; x_wconf 89' lang='lat' dir='ltr'><strong>ut</strong></span> <span class='ocrx_word' id='word_1_509' title='bbox 1080 3704 1094 3724; x_wconf 96' lang='lat'><strong>,</strong></span> <span class='ocrx_word' id='word_1_510' title='bbox 1139 3661 1182 3714; x_wconf 92' lang='lat' dir='ltr'><strong>si</strong></span> <span class='ocrx_word' id='word_1_511' title='bbox 1215 3661 1336 3730; x_wconf 90' lang='lat' dir='ltr'><strong>quis</strong></span> <span class='ocrx_word' id='word_1_512' title='bbox 1385 3658 1608 3729; x_wconf 88' lang='lat' dir='ltr'><strong>profano</strong></span> <span class='ocrx_word' id='word_1_513' title='bbox 1650 3660 1774 3712; x_wconf 88' lang='lat' dir='ltr'><strong>ritui</strong></span> <span class='ocrx_word' id='word_1_514' title='bbox 1815 3655 2030 3712; x_wconf 87' lang='lat' dir='ltr'><strong>deditus</strong></span> 
     </span>
    </p>
   </div>
   <div class='ocr_carea' id='block_1_68' title="bbox 435 3747 2033 3838">
    <p class='ocr_par' dir='ltr' id='par_1_68' title="bbox 435 3747 2033 3838">
     <span class='ocr_line' id='line_1_68' title="bbox 435 3747 2033 3838; baseline -0.003 -31"><span class='ocrx_word' id='word_1_515' title='bbox 435 3755 692 3826; x_wconf 87' lang='lat' dir='ltr'><strong>templum</strong></span> <span class='ocrx_word' id='word_1_516' title='bbox 723 3754 1039 3838; x_wconf 50' lang='lat' dir='ltr'><strong>ustriam‘vel</strong></span> <span class='ocrx_word' id='word_1_517' title='bbox 1071 3755 1123 3807; x_wconf 88' lang='lat' dir='ltr'><strong>itt</strong></span> <span class='ocrx_word' id='word_1_518' title='bbox 1149 3755 1343 3807; x_wconf 89' lang='lat' dir='ltr'><strong>itinere</strong></span> <span class='ocrx_word' id='word_1_519' title='bbox 1371 3752 1451 3805; x_wconf 90' lang='lat' dir='ltr'><strong>vel</strong></span> <span class='ocrx_word' id='word_1_520' title='bbox 1479 3751 1528 3804; x_wconf 93' lang='lat' dir='ltr'><strong>in</strong></span> <span class='ocrx_word' id='word_1_521' title='bbox 1561 3751 1690 3804; x_wconf 86' lang='lat' dir='ltr'><strong>urbe</strong></span> <span class='ocrx_word' id='word_1_522' title='bbox 1709 3747 2033 3803; x_wconf 76' lang='lat' dir='ltr'><strong>atloraturus</strong></span> 
     </span>
    </p>
   </div>
   <div class='ocr_carea' id='block_1_69' title="bbox 433 3841 2034 3916">
    <p class='ocr_par' dir='ltr' id='par_1_69' title="bbox 433 3841 2034 3916">
     <span class='ocr_line' id='line_1_69' title="bbox 433 3841 2034 3916; baseline -0.004 -15"><span class='ocrx_word' id='word_1_523' title='bbox 433 3848 736 3912; x_wconf 84' lang='lat' dir='ltr'><strong>intraverit,</strong></span> <span class='ocrx_word' id='word_1_524' title='bbox 764 3845 1068 3916; x_wconf 91' lang='lat' dir='ltr'><strong>quindecim</strong></span> <span class='ocrx_word' id='word_1_525' title='bbox 1090 3845 1269 3915; x_wconf 78' lang='lat' dir='ltr'><strong>pondo</strong></span> <span class='ocrx_word' id='word_1_526' title='bbox 1286 3846 1403 3899; x_wconf 85' lang='lat' dir='ltr'><strong>auri</strong></span> <span class='ocrx_word' id='word_1_527' title='bbox 1430 3844 1544 3913; x_wconf 89' lang='lat' dir='ltr'><strong>ipse</strong></span> <span class='ocrx_word' id='word_1_528' title='bbox 1569 3842 1812 3913; x_wconf 85' lang='lat' dir='ltr'><strong>protinus</strong></span> <span class='ocrx_word' id='word_1_529' title='bbox 1834 3841 2034 3896; x_wconf 89' lang='lat' dir='ltr'><strong>inferre</strong></span> 
     </span>
    </p>
   </div>
   <div class='ocr_carea' id='block_1_70' title="bbox 430 3936 2032 4010">
    <p class='ocr_par' dir='ltr' id='par_1_70' title="bbox 430 3936 2032 4010">
     <span class='ocr_line' id='line_1_70' title="bbox 430 3936 2032 4010; baseline -0.004 -14"><span class='ocrx_word' id='word_1_530' title='bbox 430 3951 689 4010; x_wconf 80' lang='lat' dir='ltr'><strong>cogatur;</strong></span> <span class='ocrx_word' id='word_1_531' title='bbox 725 3955 827 3995; x_wconf 90' lang='lat' dir='ltr'><strong>nec</strong></span> <span class='ocrx_word' id='word_1_532' title='bbox 864 3955 968 3994; x_wconf 89' lang='lat' dir='ltr'><strong>nan</strong></span> <span class='ocrx_word' id='word_1_533' title='bbox 1001 3939 1239 3995; x_wconf 82' lang='lat' dir='ltr'><strong>officium</strong></span> <span class='ocrx_word' id='word_1_534' title='bbox 1273 3940 1394 4006; x_wconf 81' lang='lat' dir='ltr'><strong>ejus</strong></span> <span class='ocrx_word' id='word_1_535' title='bbox 1426 3953 1605 4007; x_wconf 84' lang='lat' dir='ltr'><strong>parem</strong></span> <span class='ocrx_word' id='word_1_536' title='bbox 1655 3953 1920 3991; x_wconf 86' lang='lat' dir='ltr'><strong>summam</strong></span> <span class='ocrx_word' id='word_1_537' title='bbox 1953 3936 2032 3990; x_wconf 86' lang='lat' dir='ltr'><strong>sl-</strong></span> 
     </span>
    </p>
   </div>
   <div class='ocr_carea' id='block_1_71' title="bbox 433 4032 2029 4100">
    <p class='ocr_par' dir='ltr' id='par_1_71' title="bbox 433 4032 2029 4100">
     <span class='ocr_line' id='line_1_71' title="bbox 433 4032 2029 4100; baseline -0.004 -10"><span class='ocrx_word' id='word_1_538' title='bbox 433 4036 544 4090; x_wconf 89' lang='lat' dir='ltr'><strong>mili</strong></span> <span class='ocrx_word' id='word_1_539' title='bbox 573 4037 883 4090; x_wconf 87' lang='lat' dir='ltr'><strong>maturitate</strong></span> <span class='ocrx_word' id='word_1_540' title='bbox 905 4035 1167 4090; x_wconf 89' lang='lat' dir='ltr'><strong>dissolvat</strong></span> <span class='ocrx_word' id='word_1_541' title='bbox 1197 4075 1211 4099; x_wconf 95' lang='lat'><strong>,</strong></span> <span class='ocrx_word' id='word_1_542' title='bbox 1240 4034 1283 4087; x_wconf 91' lang='lat' dir='ltr'><strong>si</strong></span> <span class='ocrx_word' id='word_1_543' title='bbox 1317 4049 1423 4087; x_wconf 89' lang='lat' dir='ltr'><strong>non</strong></span> <span class='ocrx_word' id='word_1_544' title='bbox 1452 4043 1505 4088; x_wconf 89' lang='lat' dir='ltr'><strong>et</strong></span> <span class='ocrx_word' id='word_1_545' title='bbox 1536 4032 1992 4100; x_wconf 88' lang='lat' dir='ltr'><strong>obstiteritjudici</strong></span> <span class='ocrx_word' id='word_1_546' title='bbox 2013 4071 2029 4098; x_wconf 92' lang='lat'><strong>,</strong></span> 
     </span>
    </p>
   </div>
   <div class='ocr_carea' id='block_1_72' title="bbox 430 4123 2032 4196">
    <p class='ocr_par' dir='ltr' id='par_1_72' title="bbox 430 4123 2032 4196">
     <span class='ocr_line' id='line_1_72' title="bbox 430 4123 2032 4196; baseline -0.004 -14"><span class='ocrx_word' id='word_1_547' title='bbox 430 4141 482 4182; x_wconf 89' lang='lat' dir='ltr'><strong>et</strong></span> <span class='ocrx_word' id='word_1_548' title='bbox 511 4127 796 4183; x_wconf 86' lang='lat' dir='ltr'><strong>confestim</strong></span> <span class='ocrx_word' id='word_1_549' title='bbox 829 4127 1039 4196; x_wconf 87' lang='lat' dir='ltr'><strong>publica</strong></span> <span class='ocrx_word' id='word_1_550' title='bbox 1086 4127 1433 4180; x_wconf 84' lang='lat' dir='ltr'><strong>attestatione</strong></span> <span class='ocrx_word' id='word_1_551' title='bbox 1462 4125 1730 4178; x_wconf 89' lang='lat' dir='ltr'><strong>retulerit.</strong></span> <span class='ocrx_word' id='word_1_552' title='bbox 1765 4123 2032 4178; x_wconf 80' lang='lat' dir='ltr'><strong>Consula-</strong></span> 
     </span>
    </p>
   </div>
   <div class='ocr_carea' id='block_1_73' title="bbox 433 4217 2035 4286">
    <p class='ocr_par' dir='ltr' id='par_1_73' title="bbox 433 4217 2035 4286">
     <span class='ocr_line' id='line_1_73' title="bbox 433 4217 2035 4286; baseline -0.004 -12"><span class='ocrx_word' id='word_1_553' title='bbox 433 4235 520 4274; x_wconf 85' lang='lat' dir='ltr'><strong>res</strong></span> <span class='ocrx_word' id='word_1_554' title='bbox 543 4235 701 4274; x_wconf 91' lang='lat' dir='ltr'><strong>senas</strong></span> <span class='ocrx_word' id='word_1_555' title='bbox 719 4262 732 4286; x_wconf 86' lang='lat'><strong>,</strong></span> <span class='ocrx_word' id='word_1_556' title='bbox 764 4218 942 4273; x_wconf 87' lang='lat' dir='ltr'><strong>officia</strong></span> <span class='ocrx_word' id='word_1_557' title='bbox 972 4235 1160 4273; x_wconf 88' lang='lat' dir='ltr'><strong>eorum</strong></span> <span class='ocrx_word' id='word_1_558' title='bbox 1203 4217 1368 4271; x_wconf 89' lang='lat' dir='ltr'><strong>sitnili</strong></span> <span class='ocrx_word' id='word_1_559' title='bbox 1396 4217 1590 4280; x_wconf 90' lang='lat' dir='ltr'><strong>modo,</strong></span> <span class='ocrx_word' id='word_1_560' title='bbox 1615 4226 1955 4270; x_wconf 85' lang='lat' dir='ltr'><strong>correctores</strong></span> <span class='ocrx_word' id='word_1_561' title='bbox 1980 4224 2035 4268; x_wconf 89' lang='lat' dir='ltr'><strong>et</strong></span> 
     </span>
    </p>
   </div>
   <div class='ocr_carea' id='block_1_74' title="bbox 433 4310 2032 4381">
    <p class='ocr_par' dir='ltr' id='par_1_74' title="bbox 433 4310 2032 4381">
     <span class='ocr_line' id='line_1_74' title="bbox 433 4310 2032 4381; baseline -0.002 -16"><span class='ocrx_word' id='word_1_562' title='bbox 433 4311 690 4380; x_wconf 63' lang='lat' dir='ltr'><strong>praesides</strong></span> <span class='ocrx_word' id='word_1_563' title='bbox 743 4324 1074 4380; x_wconf 84' lang='lat' dir='ltr'><strong>quaternas.</strong></span> <span class='ocrx_word' id='word_1_564' title='bbox 1124 4312 1494 4381; x_wconf 90' lang='lat' dir='ltr'><strong>apparitiones</strong></span> <span class='ocrx_word' id='word_1_565' title='bbox 1533 4310 1752 4364; x_wconf 87' lang='lat' dir='ltr'><strong>illorum</strong></span> <span class='ocrx_word' id='word_1_566' title='bbox 1799 4310 2032 4363; x_wconf 88' lang='lat' dir='ltr'><strong>similem</strong></span> 
     </span>
    </p>
   </div>
   <div class='ocr_carea' id='block_1_75' title="bbox 430 4399 2062 4474">
    <p class='ocr_par' dir='ltr' id='par_1_75' title="bbox 430 4399 2062 4474">
     <span class='ocr_line' id='line_1_75' title="bbox 430 4399 2062 4474; baseline -0.002 -16"><span class='ocrx_word' id='word_1_567' title='bbox 430 4419 674 4458; x_wconf 81' lang='lat' dir='ltr'><strong>normam</strong></span> <span class='ocrx_word' id='word_1_568' title='bbox 705 4403 897 4474; x_wconf 61' lang='lat' dir='ltr'><strong>arqnali</strong></span> <span class='ocrx_word' id='word_1_569' title='bbox 919 4414 1066 4457; x_wconf 88' lang='lat' dir='ltr'><strong>sorte</strong></span> <span class='ocrx_word' id='word_1_570' title='bbox 1095 4403 1414 4457; x_wconf 79' lang='lat' dir='ltr'><strong>dissolvant.</strong></span> <span class='ocrx_word' id='word_1_571' title='bbox 1441 4400 1565 4456; x_wconf 85' lang='lat' dir='ltr'><strong>Dat.</strong></span> <span class='ocrx_word' id='word_1_572' title='bbox 1601 4399 1670 4455; x_wconf 84' lang='lat' dir='ltr'><strong>VI</strong></span> <span class='ocrx_word' id='word_1_573' title='bbox 1716 4400 1842 4454; x_wconf 87' lang='lat' dir='ltr'><strong>Kal.</strong></span> <span class='ocrx_word' id='word_1_574' title='bbox 1871 4401 2062 4456; x_wconf 83' lang='lat' dir='ltr'><strong>Mart.‘</strong></span> 
     </span>
    </p>
   </div>
   <div class='ocr_carea' id='block_1_76' title="bbox 433 4492 1814 4567">
    <p class='ocr_par' dir='ltr' id='par_1_76' title="bbox 433 4492 1814 4567">
     <span class='ocr_line' id='line_1_76' title="bbox 433 4492 1814 4567; baseline -0.002 -16"><span class='ocrx_word' id='word_1_575' title='bbox 433 4497 756 4560; x_wconf 71' lang='lat' dir='ltr'><strong>Mediolano,</strong></span> <span class='ocrx_word' id='word_1_576' title='bbox 794 4497 1010 4550; x_wconf 86' lang='lat' dir='ltr'><strong>Tatiana</strong></span> <span class='ocrx_word' id='word_1_577' title='bbox 1039 4507 1086 4549; x_wconf 84' lang='lat' dir='ltr'><strong>et</strong></span> <span class='ocrx_word' id='word_1_578' title='bbox 1115 4494 1427 4566; x_wconf 79' lang='lat' dir='ltr'><strong>Symmacho</strong></span> <span class='ocrx_word' id='word_1_579' title='bbox 1459 4494 1602 4549; x_wconf 87' lang='lat' dir='ltr'><strong>Cass.</strong></span> <span class='ocrx_word' id='word_1_580' title='bbox 1639 4492 1814 4567; x_wconf 74' lang='grc'><strong>(591).</strong></span> 
     </span>
    </p>
   </div>
   <div class='ocr_carea' id='block_1_77' title="bbox 2134 3285 3733 3358">
    <p class='ocr_par' dir='ltr' id='par_1_77' title="bbox 2134 3285 3733 3358">
     <span class='ocr_line' id='line_1_77' title="bbox 2134 3285 3733 3358; baseline -0.003 -17"><span class='ocrx_word' id='word_1_581' title='bbox 2134 3304 2229 3342; x_wconf 71' lang='lat' dir='ltr'><strong>seu</strong></span> <span class='ocrx_word' id='word_1_582' title='bbox 2274 3289 2616 3358; x_wconf 71' lang='lat' dir='ltr'><strong>possessione</strong></span> <span class='ocrx_word' id='word_1_583' title='bbox 2657 3287 3024 3350; x_wconf 89' lang='lat' dir='ltr'><strong>mulctabitur,</strong></span> <span class='ocrx_word' id='word_1_584' title='bbox 3078 3286 3128 3339; x_wconf 93' lang='lat' dir='ltr'><strong>in</strong></span> <span class='ocrx_word' id='word_1_585' title='bbox 3168 3302 3268 3354; x_wconf 89' lang='lat' dir='ltr'><strong>qua</strong></span> <span class='ocrx_word' id='word_1_586' title='bbox 3309 3301 3430 3338; x_wconf 91' lang='lat' dir='ltr'><strong>enm</strong></span> <span class='ocrx_word' id='word_1_587' title='bbox 3470 3285 3733 3352; x_wconf 76' lang='lat' dir='ltr'><strong>gentilitia</strong></span> 
     </span>
    </p>
   </div>
   <div class='ocr_carea' id='block_1_78' title="bbox 2133 3379 3736 3452">
    <p class='ocr_par' dir='ltr' id='par_1_78' title="bbox 2133 3379 3736 3452">
     <span class='ocr_line' id='line_1_78' title="bbox 2133 3379 3736 3452; baseline 0 -19"><span class='ocrx_word' id='word_1_588' title='bbox 2133 3383 2438 3436; x_wconf 78' lang='lat' dir='ltr'><strong>conSIiterit</strong></span> <span class='ocrx_word' id='word_1_589' title='bbox 2479 3382 2864 3452; x_wconf 81' lang='lat' dir='ltr'><strong>snperstitione</strong></span> <span class='ocrx_word' id='word_1_590' title='bbox 2905 3382 3240 3434; x_wconf 82' lang='lat' dir='ltr'><strong>famulatum.</strong></span> <span class='ocrx_word' id='word_1_591' title='bbox 3284 3379 3525 3450; x_wconf 84' lang='lat' dir='ltr'><strong>Namque</strong></span> <span class='ocrx_word' id='word_1_592' title='bbox 3556 3380 3736 3434; x_wconf 90' lang='lat' dir='ltr'><strong>omnia</strong></span> 
     </span>
    </p>
   </div>
   <div class='ocr_carea' id='block_1_79' title="bbox 2135 3472 3736 3543">
    <p class='ocr_par' dir='ltr' id='par_1_79' title="bbox 2135 3472 3736 3543">
     <span class='ocr_line' id='line_1_79' title="bbox 2135 3472 3736 3543; baseline 0.001 -16"><span class='ocrx_word' id='word_1_593' title='bbox 2135 3475 2272 3539; x_wconf 88' lang='lat' dir='ltr'><strong>loca,</strong></span> <span class='ocrx_word' id='word_1_594' title='bbox 2300 3491 2418 3543; x_wconf 72' lang='lat' dir='ltr'><strong>qua:</strong></span> <span class='ocrx_word' id='word_1_595' title='bbox 2446 3475 2618 3527; x_wconf 81' lang='lat' dir='ltr'><strong>thuris</strong></span> <span class='ocrx_word' id='word_1_596' title='bbox 2648 3475 2952 3529; x_wconf 80' lang='lat' dir='ltr'><strong>constiterit</strong></span> <span class='ocrx_word' id='word_1_597' title='bbox 2985 3490 3185 3540; x_wconf 86' lang='lat' dir='ltr'><strong>vapore</strong></span> <span class='ocrx_word' id='word_1_598' title='bbox 3207 3472 3523 3532; x_wconf 77' lang='lat' dir='ltr'><strong>fumasse.si</strong></span> <span class='ocrx_word' id='word_1_599' title='bbox 3557 3483 3736 3528; x_wconf 86' lang='lat' dir='ltr'><strong>tamen</strong></span> 
     </span>
    </p>
   </div>
   <div class='ocr_carea' id='block_1_80' title="bbox 2134 3565 3738 3636">
    <p class='ocr_par' dir='ltr' id='par_1_80' title="bbox 2134 3565 3738 3636">
     <span class='ocr_line' id='line_1_80' title="bbox 2134 3565 3738 3636; baseline -0.001 -15"><span class='ocrx_word' id='word_1_600' title='bbox 2134 3582 2193 3621; x_wconf 87' lang='lat' dir='ltr'><strong>ea</strong></span> <span class='ocrx_word' id='word_1_601' title='bbox 2251 3568 2300 3619; x_wconf 92' lang='lat' dir='ltr'><strong>in</strong></span> <span class='ocrx_word' id='word_1_602' title='bbox 2328 3567 2448 3634; x_wconf 89' lang='lat' dir='ltr'><strong>jure</strong></span> <span class='ocrx_word' id='word_1_603' title='bbox 2501 3565 2667 3621; x_wconf 52' lang='lat' dir='ltr'><strong>fuisse</strong></span> <span class='ocrx_word' id='word_1_604' title='bbox 2714 3567 3137 3620; x_wconf 88' lang='lat' dir='ltr'><strong>tlmrificautium</strong></span> <span class='ocrx_word' id='word_1_605' title='bbox 3170 3567 3558 3636; x_wconf 81' lang='lat' dir='ltr'><strong>probabuntur,</strong></span> <span class='ocrx_word' id='word_1_606' title='bbox 3608 3568 3738 3622; x_wconf 88' lang='lat' dir='ltr'><strong>fisco</strong></span> 
     </span>
    </p>
   </div>
   <div class='ocr_carea' id='block_1_81' title="bbox 2136 3659 3736 3733">
    <p class='ocr_par' dir='ltr' id='par_1_81' title="bbox 2136 3659 3736 3733">
     <span class='ocr_line' id='line_1_81' title="bbox 2136 3659 3736 3733; baseline -0.001 -20"><span class='ocrx_word' id='word_1_607' title='bbox 2136 3673 2319 3713; x_wconf 90' lang='lat' dir='ltr'><strong>nostro</strong></span> <span class='ocrx_word' id='word_1_608' title='bbox 2346 3661 2663 3714; x_wconf 76' lang='lat' dir='ltr'><strong>associantla</strong></span> <span class='ocrx_word' id='word_1_609' title='bbox 2692 3675 2998 3717; x_wconf 87' lang='lat' dir='ltr'><strong>censemus.</strong></span> <span class='ocrx_word' id='word_1_610' title='bbox 3050 3659 3077 3733; x_wconf 84' lang='lat'>§</span> <span class='ocrx_word' id='word_1_611' title='bbox 3121 3661 3171 3714; x_wconf 75' lang='lat'><strong>3.</strong></span> <span class='ocrx_word' id='word_1_612' title='bbox 3220 3661 3312 3715; x_wconf 90' lang='lat' dir='ltr'><strong>Sin</strong></span> <span class='ocrx_word' id='word_1_613' title='bbox 3349 3677 3476 3714; x_wconf 87' lang='lat' dir='ltr'><strong>vero</strong></span> <span class='ocrx_word' id='word_1_614' title='bbox 3509 3660 3560 3714; x_wconf 84' lang='lat' dir='ltr'><strong>iit</strong></span> <span class='ocrx_word' id='word_1_615' title='bbox 3601 3673 3736 3713; x_wconf 80' lang='lat' dir='ltr'><strong>terti-</strong></span> 
     </span>
    </p>
   </div>
   <div class='ocr_carea' id='block_1_82' title="bbox 2137 3750 3735 3822">
    <p class='ocr_par' dir='ltr' id='par_1_82' title="bbox 2137 3750 3735 3822">
     <span class='ocr_line' id='line_1_82' title="bbox 2137 3750 3735 3822; baseline -0.001 -15"><span class='ocrx_word' id='word_1_616' title='bbox 2137 3754 2239 3822; x_wconf 89' lang='lat' dir='ltr'><strong>plis</strong></span> <span class='ocrx_word' id='word_1_617' title='bbox 2285 3750 2494 3806; x_wconf 69' lang='lat' dir='ltr'><strong>farrisve</strong></span> <span class='ocrx_word' id='word_1_618' title='bbox 2546 3751 2772 3818; x_wconf 68' lang='lat' dir='ltr'><strong>publicis</strong></span> <span class='ocrx_word' id='word_1_619' title='bbox 2810 3766 2898 3804; x_wconf 86' lang='lat' dir='ltr'><strong>aut</strong></span> <span class='ocrx_word' id='word_1_620' title='bbox 2948 3753 2998 3805; x_wconf 91' lang='lat' dir='ltr'><strong>in</strong></span> <span class='ocrx_word' id='word_1_621' title='bbox 3044 3753 3249 3804; x_wconf 82' lang='lat' dir='ltr'><strong>a-tlihns</strong></span> <span class='ocrx_word' id='word_1_622' title='bbox 3291 3755 3504 3822; x_wconf 82' lang='lat' dir='ltr'><strong>agrisve</strong></span> <span class='ocrx_word' id='word_1_623' title='bbox 3545 3754 3735 3806; x_wconf 88' lang='lat' dir='ltr'><strong>alienis</strong></span> 
     </span>
    </p>
   </div>
   <div class='ocr_carea' id='block_1_83' title="bbox 2139 3843 3733 3915">
    <p class='ocr_par' dir='ltr' id='par_1_83' title="bbox 2139 3843 3733 3915">
     <span class='ocr_line' id='line_1_83' title="bbox 2139 3843 3733 3915; baseline -0.003 -17"><span class='ocrx_word' id='word_1_624' title='bbox 2139 3845 2244 3899; x_wconf 89' lang='lat' dir='ltr'><strong>tale</strong></span> <span class='ocrx_word' id='word_1_625' title='bbox 2275 3844 2538 3915; x_wconf 88' lang='lat' dir='ltr'><strong>quispiam</strong></span> <span class='ocrx_word' id='word_1_626' title='bbox 2568 3843 2907 3898; x_wconf 82' lang='lat' dir='ltr'><strong>sacrificandi</strong></span> <span class='ocrx_word' id='word_1_627' title='bbox 2935 3858 3104 3912; x_wconf 89' lang='lat' dir='ltr'><strong>genus</strong></span> <span class='ocrx_word' id='word_1_628' title='bbox 3135 3860 3390 3896; x_wconf 80' lang='lat' dir='ltr'><strong>exercere</strong></span> <span class='ocrx_word' id='word_1_629' title='bbox 3421 3845 3733 3908; x_wconf 86' lang='lat' dir='ltr'><strong>tentaverit,</strong></span> 
     </span>
    </p>
   </div>
   <div class='ocr_carea' id='block_1_84' title="bbox 2137 3935 3722 4005">
    <p class='ocr_par' dir='ltr' id='par_1_84' title="bbox 2137 3935 3722 4005">
     <span class='ocr_line' id='line_1_84' title="bbox 2137 3935 3722 4005; baseline 0 -15"><span class='ocrx_word' id='word_1_630' title='bbox 2137 3937 2179 3990; x_wconf 89' lang='lat' dir='ltr'><strong>si</strong></span> <span class='ocrx_word' id='word_1_631' title='bbox 2229 3935 2511 4005; x_wconf 76' lang='lat' dir='ltr'><strong>ignorante</strong></span> <span class='ocrx_word' id='word_1_632' title='bbox 2559 3937 2782 3990; x_wconf 87' lang='lat' dir='ltr'><strong>domino</strong></span> <span class='ocrx_word' id='word_1_633' title='bbox 2827 3947 3078 4004; x_wconf 87' lang='lat' dir='ltr'><strong>usurpata</strong></span> <span class='ocrx_word' id='word_1_634' title='bbox 3128 3938 3477 4001; x_wconf 76' lang='lat' dir='ltr'><strong>constiterit,</strong></span> <span class='ocrx_word' id='word_1_635' title='bbox 3529 3935 3722 4001; x_wconf 73' lang='lat' dir='ltr'><strong>viginti</strong></span> 
     </span>
    </p>
   </div>
   <div class='ocr_carea' id='block_1_85' title="bbox 2135 4028 3732 4100">
    <p class='ocr_par' dir='ltr' id='par_1_85' title="bbox 2135 4028 3732 4100">
     <span class='ocr_line' id='line_1_85' title="bbox 2135 4028 3732 4100; baseline 0.001 -16"><span class='ocrx_word' id='word_1_636' title='bbox 2135 4034 2372 4100; x_wconf 85' lang='lat' dir='ltr'><strong>quinque</strong></span> <span class='ocrx_word' id='word_1_637' title='bbox 2415 4031 2576 4084; x_wconf 86' lang='lat' dir='ltr'><strong>libras</strong></span> <span class='ocrx_word' id='word_1_638' title='bbox 2598 4031 2712 4084; x_wconf 88' lang='lat' dir='ltr'><strong>auri</strong></span> <span class='ocrx_word' id='word_1_639' title='bbox 2743 4029 2956 4083; x_wconf 70' lang='lat' dir='ltr'><strong>mulelte</strong></span> <span class='ocrx_word' id='word_1_640' title='bbox 2985 4031 3202 4083; x_wconf 85' lang='lat' dir='ltr'><strong>nomine</strong></span> <span class='ocrx_word' id='word_1_641' title='bbox 3235 4040 3457 4099; x_wconf 87' lang='lat' dir='ltr'><strong>cogetur</strong></span> <span class='ocrx_word' id='word_1_642' title='bbox 3489 4028 3689 4085; x_wconf 85' lang='lat' dir='ltr'><strong>inferre</strong></span> <span class='ocrx_word' id='word_1_643' title='bbox 3716 4072 3732 4096; x_wconf 94' lang='lat'><strong>,</strong></span> 
     </span>
    </p>
   </div>
   <div class='ocr_carea' id='block_1_86' title="bbox 2136 4121 3732 4194">
    <p class='ocr_par' dir='ltr' id='par_1_86' title="bbox 2136 4121 3732 4194">
     <span class='ocr_line' id='line_1_86' title="bbox 2136 4121 3732 4194; baseline 0.001 -17"><span class='ocrx_word' id='word_1_644' title='bbox 2136 4121 2518 4177; x_wconf 83' lang='lat' dir='ltr'><strong>conniventem</strong></span> <span class='ocrx_word' id='word_1_645' title='bbox 2552 4137 2678 4178; x_wconf 78' lang='lat' dir='ltr'><strong>vero</strong></span> <span class='ocrx_word' id='word_1_646' title='bbox 2713 4122 2835 4177; x_wconf 89' lang='lat' dir='ltr'><strong>huic</strong></span> <span class='ocrx_word' id='word_1_647' title='bbox 2875 4124 3066 4178; x_wconf 82' lang='lat' dir='ltr'><strong>sceleri</strong></span> <span class='ocrx_word' id='word_1_648' title='bbox 3107 4138 3205 4194; x_wconf 90' lang='lat' dir='ltr'><strong>par</strong></span> <span class='ocrx_word' id='word_1_649' title='bbox 3235 4140 3298 4177; x_wconf 92' lang='lat' dir='ltr'><strong>ac</strong></span> <span class='ocrx_word' id='word_1_650' title='bbox 3336 4124 3732 4178; x_wconf 76' lang='lat' dir='ltr'><strong>sacriﬁcantem</strong></span> 
     </span>
    </p>
   </div>
   <div class='ocr_carea' id='block_1_87' title="bbox 2137 4213 3730 4287">
    <p class='ocr_par' dir='ltr' id='par_1_87' title="bbox 2137 4213 3730 4287">
     <span class='ocr_line' id='line_1_87' title="bbox 2137 4213 3730 4287; baseline -0.001 -16"><span class='ocrx_word' id='word_1_651' title='bbox 2137 4231 2296 4287; x_wconf 69' lang='lat' dir='ltr'><strong>paena</strong></span> <span class='ocrx_word' id='word_1_652' title='bbox 2332 4215 2604 4270; x_wconf 86' lang='lat' dir='ltr'><strong>retinebit.</strong></span> <span class='ocrx_word' id='word_1_653' title='bbox 2641 4213 2668 4286; x_wconf 70' lang='grc' dir='ltr'><strong>ς</strong></span> <span class='ocrx_word' id='word_1_654' title='bbox 2701 4214 2755 4268; x_wconf 69' lang='grc'><strong>4.</strong></span> <span class='ocrx_word' id='word_1_655' title='bbox 2790 4214 2941 4281; x_wconf 88' lang='lat' dir='ltr'><strong>Quod</strong></span> <span class='ocrx_word' id='word_1_656' title='bbox 2972 4215 3186 4285; x_wconf 89' lang='lat' dir='ltr'><strong>quidem</strong></span> <span class='ocrx_word' id='word_1_657' title='bbox 3214 4215 3283 4269; x_wconf 86' lang='lat' dir='ltr'><strong>ita</strong></span> <span class='ocrx_word' id='word_1_658' title='bbox 3317 4215 3644 4284; x_wconf 79' lang='lat' dir='ltr'><strong>perjutlices</strong></span> <span class='ocrx_word' id='word_1_659' title='bbox 3667 4231 3730 4270; x_wconf 86' lang='lat' dir='ltr'><strong>ac</strong></span> 
     </span>
    </p>
   </div>
   <div class='ocr_carea' id='block_1_88' title="bbox 2135 4303 3726 4379">
    <p class='ocr_par' dir='ltr' id='par_1_88' title="bbox 2135 4303 3726 4379">
     <span class='ocr_line' id='line_1_88' title="bbox 2135 4303 3726 4379; baseline 0.001 -15"><span class='ocrx_word' id='word_1_660' title='bbox 2135 4310 2450 4365; x_wconf 86' lang='lat' dir='ltr'><strong>defensores</strong></span> <span class='ocrx_word' id='word_1_661' title='bbox 2497 4321 2549 4365; x_wconf 90' lang='lat' dir='ltr'><strong>et</strong></span> <span class='ocrx_word' id='word_1_662' title='bbox 2581 4310 2810 4364; x_wconf 64' lang='lat' dir='ltr'><strong>curiales</strong></span> <span class='ocrx_word' id='word_1_663' title='bbox 2854 4309 3183 4379; x_wconf 85' lang='lat' dir='ltr'><strong>singularum</strong></span> <span class='ocrx_word' id='word_1_664' title='bbox 3234 4311 3446 4364; x_wconf 89' lang='lat' dir='ltr'><strong>urbium</strong></span> <span class='ocrx_word' id='word_1_665' title='bbox 3479 4303 3726 4365; x_wconf 81' lang='lat' dir='ltr'><strong>Volumus</strong></span> 
     </span>
    </p>
   </div>
   <div class='ocr_carea' id='block_1_89' title="bbox 2135 4403 3738 4474">
    <p class='ocr_par' dir='ltr' id='par_1_89' title="bbox 2135 4403 3738 4474">
     <span class='ocr_line' id='line_1_89' title="bbox 2135 4403 3738 4474; baseline 0.001 -15"><span class='ocrx_word' id='word_1_666' title='bbox 2135 4404 2395 4459; x_wconf 90' lang='lat' dir='ltr'><strong>custodiri</strong></span> <span class='ocrx_word' id='word_1_667' title='bbox 2420 4446 2435 4470; x_wconf 90' lang='lat'><strong>,</strong></span> <span class='ocrx_word' id='word_1_668' title='bbox 2467 4415 2520 4457; x_wconf 83' lang='grc' dir='ltr'><strong>ιιι</strong></span> <span class='ocrx_word' id='word_1_669' title='bbox 2550 4405 2690 4458; x_wconf 86' lang='lat' dir='ltr'><strong>illico</strong></span> <span class='ocrx_word' id='word_1_670' title='bbox 2719 4421 2812 4471; x_wconf 87' lang='lat' dir='ltr'><strong>per</strong></span> <span class='ocrx_word' id='word_1_671' title='bbox 2845 4405 2941 4457; x_wconf 89' lang='lat' dir='ltr'><strong>hos</strong></span> <span class='ocrx_word' id='word_1_672' title='bbox 2970 4417 3244 4472; x_wconf 90' lang='lat' dir='ltr'><strong>comperta</strong></span> <span class='ocrx_word' id='word_1_673' title='bbox 3275 4405 3325 4458; x_wconf 91' lang='lat' dir='ltr'><strong>in</strong></span> <span class='ocrx_word' id='word_1_674' title='bbox 3349 4405 3608 4474; x_wconf 88' lang='lat' dir='ltr'><strong>judicium</strong></span> <span class='ocrx_word' id='word_1_675' title='bbox 3637 4403 3738 4461; x_wconf 66' lang='lat' dir='ltr'><strong>dco</strong></span> 
     </span>
    </p>
   </div>
   <div class='ocr_carea' id='block_1_90' title="bbox 2137 4495 3727 4564">
    <p class='ocr_par' dir='ltr' id='par_1_90' title="bbox 2137 4495 3727 4564">
     <span class='ocr_line' id='line_1_90' title="bbox 2137 4495 3727 4564; baseline 0 -12"><span class='ocrx_word' id='word_1_676' title='bbox 2137 4497 2416 4556; x_wconf 82' lang='lat' dir='ltr'><strong>ferantur,</strong></span> <span class='ocrx_word' id='word_1_677' title='bbox 2451 4512 2545 4564; x_wconf 87' lang='lat' dir='ltr'><strong>per</strong></span> <span class='ocrx_word' id='word_1_678' title='bbox 2576 4496 2698 4550; x_wconf 91' lang='lat' dir='ltr'><strong>illos</strong></span> <span class='ocrx_word' id='word_1_679' title='bbox 2727 4495 2903 4550; x_wconf 90' lang='lat' dir='ltr'><strong>delata</strong></span> <span class='ocrx_word' id='word_1_680' title='bbox 2935 4496 3254 4563; x_wconf 87' lang='lat' dir='ltr'><strong>plectantur.</strong></span> <span class='ocrx_word' id='word_1_681' title='bbox 3299 4496 3353 4552; x_wconf 89' lang='lat' dir='ltr'><strong>Si</strong></span> <span class='ocrx_word' id='word_1_682' title='bbox 3387 4496 3517 4564; x_wconf 80' lang='lat' dir='ltr'><strong>quid</strong></span> <span class='ocrx_word' id='word_1_683' title='bbox 3541 4508 3727 4552; x_wconf 86' lang='lat' dir='ltr'><strong>autem</strong></span> 
     </span>
    </p>
   </div>
   <div class='ocr_carea' id='block_1_91' title="bbox 505 4583 3739 4659">
    <p class='ocr_par' dir='ltr' id='par_1_91' title="bbox 505 4583 3739 4659">
     <span class='ocr_line' id='line_1_91' title="bbox 505 4583 3739 4659; baseline 0.002 -21"><span class='ocrx_word' id='word_1_684' title='bbox 505 4590 591 4642; x_wconf 80' lang='grc'><strong>11.</strong></span> <span class='ocrx_word' id='word_1_685' title='bbox 652 4589 821 4642; x_wconf 82' lang='lat' dir='ltr'><strong>[idem</strong></span> <span class='ocrx_word' id='word_1_686' title='bbox 869 4587 1021 4640; x_wconf 81' lang='grc' dir='ltr'><strong>ΑΑΑ.</strong></span> <span class='ocrx_word' id='word_1_687' title='bbox 1087 4586 1310 4657; x_wconf 82' lang='lat' dir='ltr'><strong>Evagrio</strong></span> <span class='ocrx_word' id='word_1_688' title='bbox 1357 4585 1614 4657; x_wconf 56' lang='lat' dir='ltr'><strong>Praefecto</strong></span> <span class='ocrx_word' id='word_1_689' title='bbox 1663 4583 1932 4656; x_wconf 82' lang='lat' dir='ltr'><strong>Augustali</strong></span> <span class='ocrx_word' id='word_1_690' title='bbox 1979 4594 2026 4637; x_wconf 83' lang='lat' dir='ltr'><strong>et</strong></span> <span class='ocrx_word' id='word_1_691' title='bbox 2057 4584 2106 4644; x_wconf 91' lang='lat' dir='ltr'><strong>D</strong></span> <span class='ocrx_word' id='word_1_692' title='bbox 2138 4589 2171 4643; x_wconf 88' lang='lat' dir='ltr'><strong>ii</strong></span> <span class='ocrx_word' id='word_1_693' title='bbox 2205 4589 2492 4659; x_wconf 79' lang='lat' dir='ltr'><strong>tegendum</strong></span> <span class='ocrx_word' id='word_1_694' title='bbox 2518 4587 2686 4658; x_wconf 90' lang='lat' dir='ltr'><strong>gratia</strong></span> <span class='ocrx_word' id='word_1_695' title='bbox 2717 4596 2809 4640; x_wconf 90' lang='lat' dir='ltr'><strong>aut</strong></span> <span class='ocrx_word' id='word_1_696' title='bbox 2837 4588 3039 4640; x_wconf 85' lang='lat' dir='ltr'><strong>incuria</strong></span> <span class='ocrx_word' id='word_1_697' title='bbox 3072 4589 3584 4654; x_wconf 70' lang='lat' dir='ltr'><strong>prmtermittendum</strong></span> <span class='ocrx_word' id='word_1_698' title='bbox 3615 4604 3739 4646; x_wconf 85' lang='lat' dir='ltr'><strong>esse</strong></span> 
     </span>
    </p>
   </div>
   <div class='ocr_carea' id='block_1_92' title="bbox 431 4679 2029 4752">
    <p class='ocr_par' dir='ltr' id='par_1_92' title="bbox 431 4679 2029 4752">
     <span class='ocr_line' id='line_1_92' title="bbox 431 4679 2029 4752; baseline -0.003 -15"><span class='ocrx_word' id='word_1_699' title='bbox 431 4681 665 4737; x_wconf 85' lang='lat' dir='ltr'><strong>Romano</strong></span> <span class='ocrx_word' id='word_1_700' title='bbox 691 4682 877 4736; x_wconf 83' lang='lat' dir='ltr'><strong>Comiti</strong></span> <span class='ocrx_word' id='word_1_701' title='bbox 906 4680 1146 4752; x_wconf 62' lang='lat' dir='ltr'><strong>Egypti.</strong></span> <span class='ocrx_word' id='word_1_702' title='bbox 1194 4680 1336 4734; x_wconf 85' lang='lat' dir='ltr'><strong>Nulli</strong></span> <span class='ocrx_word' id='word_1_703' title='bbox 1381 4679 1718 4734; x_wconf 72' lang='lat' dir='ltr'><strong>saeriflc‘attdi</strong></span> <span class='ocrx_word' id='word_1_704' title='bbox 1761 4680 2029 4733; x_wconf 79' lang='lat' dir='ltr'><strong>tribuatur</strong></span> 
     </span>
    </p>
   </div>
   <div class='ocr_carea' id='block_1_93' title="bbox 430 4772 2026 4845">
    <p class='ocr_par' dir='ltr' id='par_1_93' title="bbox 430 4772 2026 4845">
     <span class='ocr_line' id='line_1_93' title="bbox 430 4772 2026 4845; baseline -0.003 -16"><span class='ocrx_word' id='word_1_705' title='bbox 430 4786 700 4845; x_wconf 87' lang='lat' dir='ltr'><strong>potestas,</strong></span> <span class='ocrx_word' id='word_1_706' title='bbox 751 4789 912 4831; x_wconf 91' lang='lat' dir='ltr'><strong>nemo</strong></span> <span class='ocrx_word' id='word_1_707' title='bbox 961 4773 1158 4842; x_wconf 88' lang='lat' dir='ltr'><strong>templa</strong></span> <span class='ocrx_word' id='word_1_708' title='bbox 1210 4773 1539 4838; x_wconf 89' lang='lat' dir='ltr'><strong>circumeat,</strong></span> <span class='ocrx_word' id='word_1_709' title='bbox 1595 4787 1754 4825; x_wconf 85' lang='lat' dir='ltr'><strong>nemo</strong></span> <span class='ocrx_word' id='word_1_710' title='bbox 1803 4772 2026 4826; x_wconf 88' lang='lat' dir='ltr'><strong>delubra</strong></span> 
     </span>
    </p>
   </div>
   <div class='ocr_carea' id='block_1_94' title="bbox 434 4865 2028 4940">
    <p class='ocr_par' dir='ltr' id='par_1_94' title="bbox 434 4865 2028 4940">
     <span class='ocr_line' id='line_1_94' title="bbox 434 4865 2028 4940; baseline -0.003 -16"><span class='ocrx_word' id='word_1_711' title='bbox 434 4871 716 4940; x_wconf 62' lang='lat' dir='ltr'><strong>suspiciat.</strong></span> <span class='ocrx_word' id='word_1_712' title='bbox 753 4867 1082 4923; x_wconf 84' lang='lat' dir='ltr'><strong>interclusos</strong></span> <span class='ocrx_word' id='word_1_713' title='bbox 1119 4866 1222 4922; x_wconf 87' lang='lat' dir='ltr'><strong>sibi</strong></span> <span class='ocrx_word' id='word_1_714' title='bbox 1242 4879 1438 4922; x_wconf 74' lang='lat' dir='ltr'><strong>nosti-te</strong></span> <span class='ocrx_word' id='word_1_715' title='bbox 1461 4866 1593 4936; x_wconf 84' lang='lat' dir='ltr'><strong>legis</strong></span> <span class='ocrx_word' id='word_1_716' title='bbox 1607 4865 1886 4922; x_wconf 86' lang='lat' dir='ltr'><strong>obstaculo</strong></span> <span class='ocrx_word' id='word_1_717' title='bbox 1905 4873 2028 4936; x_wconf 83' lang='lat' dir='ltr'><strong>pro-</strong></span> 
     </span>
    </p>
   </div>
   <div class='ocr_carea' id='block_1_95' title="bbox 431 4959 2029 5033">
    <p class='ocr_par' dir='ltr' id='par_1_95' title="bbox 431 4959 2029 5033">
     <span class='ocr_line' id='line_1_95' title="bbox 431 4959 2029 5033; baseline -0.001 -17"><span class='ocrx_word' id='word_1_718' title='bbox 431 4961 587 5016; x_wconf 88' lang='lat' dir='ltr'><strong>fanos</strong></span> <span class='ocrx_word' id='word_1_719' title='bbox 621 4963 798 5016; x_wconf 87' lang='lat' dir='ltr'><strong>aditus</strong></span> <span class='ocrx_word' id='word_1_720' title='bbox 829 4967 1224 5033; x_wconf 86' lang='lat' dir='ltr'><strong>recognoscant</strong></span> <span class='ocrx_word' id='word_1_721' title='bbox 1251 4959 1408 5027; x_wconf 87' lang='lat' dir='ltr'><strong>adeo,</strong></span> <span class='ocrx_word' id='word_1_722' title='bbox 1440 4969 1517 5027; x_wconf 88' lang='lat' dir='ltr'><strong>nt,</strong></span> <span class='ocrx_word' id='word_1_723' title='bbox 1543 4960 1589 5015; x_wconf 87' lang='lat' dir='ltr'><strong>si</strong></span> <span class='ocrx_word' id='word_1_724' title='bbox 1611 4962 1699 5030; x_wconf 88' lang='lat' dir='ltr'><strong>qui</strong></span> <span class='ocrx_word' id='word_1_725' title='bbox 1725 4962 1808 5014; x_wconf 79' lang='lat' dir='ltr'><strong>vel</strong></span> <span class='ocrx_word' id='word_1_726' title='bbox 1832 4960 1899 5015; x_wconf 88' lang='lat' dir='ltr'><strong>de</strong></span> <span class='ocrx_word' id='word_1_727' title='bbox 1924 4960 2029 5015; x_wconf 90' lang='lat' dir='ltr'><strong>diis</strong></span> 
     </span>
    </p>
   </div>
   <div class='ocr_carea' id='block_1_96' title="bbox 428 5056 2028 5128">
    <p class='ocr_par' dir='ltr' id='par_1_96' title="bbox 428 5056 2028 5128">
     <span class='ocr_line' id='line_1_96' title="bbox 428 5056 2028 5128; baseline -0.002 -16"><span class='ocrx_word' id='word_1_728' title='bbox 428 5058 633 5126; x_wconf 85' lang='lat' dir='ltr'><strong>aliquid</strong></span> <span class='ocrx_word' id='word_1_729' title='bbox 685 5069 870 5113; x_wconf 88' lang='lat' dir='ltr'><strong>contra</strong></span> <span class='ocrx_word' id='word_1_730' title='bbox 924 5057 1150 5111; x_wconf 87' lang='lat' dir='ltr'><strong>vetitum</strong></span> <span class='ocrx_word' id='word_1_731' title='bbox 1190 5058 1467 5128; x_wconf 88' lang='lat' dir='ltr'><strong>sacrisque</strong></span> <span class='ocrx_word' id='word_1_732' title='bbox 1515 5056 1810 5124; x_wconf 88' lang='lat' dir='ltr'><strong>molictur,</strong></span> <span class='ocrx_word' id='word_1_733' title='bbox 1863 5057 2028 5110; x_wconf 90' lang='lat' dir='ltr'><strong>nullis</strong></span> 
     </span>
    </p>
   </div>
   <div class='ocr_carea' id='block_1_97' title="bbox 431 5147 2027 5222">
    <p class='ocr_par' dir='ltr' id='par_1_97' title="bbox 431 5147 2027 5222">
     <span class='ocr_line' id='line_1_97' title="bbox 431 5147 2027 5222; baseline 0 -16"><span class='ocrx_word' id='word_1_734' title='bbox 431 5151 736 5207; x_wconf 76' lang='lat' dir='ltr'><strong>exuendam</strong></span> <span class='ocrx_word' id='word_1_735' title='bbox 760 5167 818 5207; x_wconf 89' lang='lat' dir='ltr'><strong>se</strong></span> <span class='ocrx_word' id='word_1_736' title='bbox 843 5149 1195 5222; x_wconf 86' lang='lat' dir='ltr'><strong>indulgentiis</strong></span> <span class='ocrx_word' id='word_1_737' title='bbox 1215 5161 1587 5222; x_wconf 80' lang='lat' dir='ltr'><strong>recognoscat.</strong></span> <span class='ocrx_word' id='word_1_738' title='bbox 1616 5147 1787 5206; x_wconf 78' lang='lat' dir='ltr'><strong>Judex</strong></span> <span class='ocrx_word' id='word_1_739' title='bbox 1811 5159 2027 5220; x_wconf 75' lang='lat' dir='ltr'><strong>quoque</strong></span> 
     </span>
    </p>
   </div>
   <div class='ocr_carea' id='block_1_98' title="bbox 2137 4679 3736 4750">
    <p class='ocr_par' dir='ltr' id='par_1_98' title="bbox 2137 4679 3736 4750">
     <span class='ocr_line' id='line_1_98' title="bbox 2137 4679 3736 4750; baseline -0.001 -12"><span class='ocrx_word' id='word_1_740' title='bbox 2137 4681 2466 4739; x_wconf 84' lang='lat' dir='ltr'><strong>crediderint</strong></span> <span class='ocrx_word' id='word_1_741' title='bbox 2489 4723 2502 4747; x_wconf 97' lang='lat'><strong>,</strong></span> <span class='ocrx_word' id='word_1_742' title='bbox 2532 4681 2884 4736; x_wconf 88' lang='lat' dir='ltr'><strong>commationi</strong></span> <span class='ocrx_word' id='word_1_743' title='bbox 2914 4679 3214 4750; x_wconf 62' lang='lat' dir='ltr'><strong>judiciaria?</strong></span> <span class='ocrx_word' id='word_1_744' title='bbox 3243 4680 3620 4750; x_wconf 82' lang='lat' dir='ltr'><strong>suhjaeehmtt.</strong></span> <span class='ocrx_word' id='word_1_745' title='bbox 3655 4682 3736 4737; x_wconf 88' lang='lat' dir='ltr'><strong>llli</strong></span> 
     </span>
    </p>
   </div>
   <div class='ocr_carea' id='block_1_99' title="bbox 2137 4772 3733 4839">
    <p class='ocr_par' dir='ltr' id='par_1_99' title="bbox 2137 4772 3733 4839">
     <span class='ocr_line' id='line_1_99' title="bbox 2137 4772 3733 4839; baseline -0.001 -10"><span class='ocrx_word' id='word_1_746' title='bbox 2137 4793 2266 4831; x_wconf 87' lang='lat' dir='ltr'><strong>vero</strong></span> <span class='ocrx_word' id='word_1_747' title='bbox 2296 4777 2483 4830; x_wconf 89' lang='lat' dir='ltr'><strong>moniti</strong></span> <span class='ocrx_word' id='word_1_748' title='bbox 2527 4776 2569 4828; x_wconf 92' lang='lat' dir='ltr'><strong>si</strong></span> <span class='ocrx_word' id='word_1_749' title='bbox 2608 4773 2899 4828; x_wconf 80' lang='lat' dir='ltr'><strong>vindictam</strong></span> <span class='ocrx_word' id='word_1_750' title='bbox 2938 4772 3372 4827; x_wconf 85' lang='lat' dir='ltr'><strong>dissimulatione</strong></span> <span class='ocrx_word' id='word_1_751' title='bbox 3404 4773 3733 4839; x_wconf 88' lang='lat' dir='ltr'><strong>distulerint,</strong></span> 
     </span>
    </p>
   </div>
   <div class='ocr_carea' id='block_1_100' title="bbox 2137 4866 3745 4940">
    <p class='ocr_par' dir='ltr' id='par_1_100' title="bbox 2137 4866 3745 4940">
     <span class='ocr_line' id='line_1_100' title="bbox 2137 4866 3745 4940; baseline -0.001 -15"><span class='ocrx_word' id='word_1_752' title='bbox 2137 4866 2357 4940; x_wconf 84' lang='lat' dir='ltr'><strong>triginta</strong></span> <span class='ocrx_word' id='word_1_753' title='bbox 2389 4867 2640 4924; x_wconf 87' lang='lat' dir='ltr'><strong>lihrarutn</strong></span> <span class='ocrx_word' id='word_1_754' title='bbox 2669 4869 2782 4922; x_wconf 86' lang='lat' dir='ltr'><strong>auri</strong></span> <span class='ocrx_word' id='word_1_755' title='bbox 2815 4867 3101 4937; x_wconf 86' lang='lat' dir='ltr'><strong>dispendio</strong></span> <span class='ocrx_word' id='word_1_756' title='bbox 3133 4869 3576 4923; x_wconf 82' lang='lat' dir='ltr'><strong>mulctahttotur:</strong></span> <span class='ocrx_word' id='word_1_757' title='bbox 3620 4869 3745 4923; x_wconf 82' lang='lat' dir='ltr'><strong>offi-</strong></span> 
     </span>
    </p>
   </div>
   <div class='ocr_carea' id='block_1_101' title="bbox 2137 4959 3735 5040">
    <p class='ocr_par' dir='ltr' id='par_1_101' title="bbox 2137 4959 3735 5032">
     <span class='ocr_line' id='line_1_101' title="bbox 2137 4959 3735 5032; baseline -0.002 -15"><span class='ocrx_word' id='word_1_758' title='bbox 2137 4962 2234 5018; x_wconf 87' lang='lat' dir='ltr'><strong>ciis</strong></span> <span class='ocrx_word' id='word_1_759' title='bbox 2310 4977 2523 5032; x_wconf 88' lang='lat' dir='ltr'><strong>quoque</strong></span> <span class='ocrx_word' id='word_1_760' title='bbox 2595 4975 2782 5015; x_wconf 84' lang='lat' dir='ltr'><strong>eorum</strong></span> <span class='ocrx_word' id='word_1_761' title='bbox 2853 4959 3054 5014; x_wconf 89' lang='lat' dir='ltr'><strong>daumo</strong></span> <span class='ocrx_word' id='word_1_762' title='bbox 3127 4959 3282 5030; x_wconf 86' lang='lat' dir='ltr'><strong>pariti</strong></span> <span class='ocrx_word' id='word_1_763' title='bbox 3362 4959 3735 5030; x_wconf 79' lang='lat' dir='ltr'><strong>subjugandis.</strong></span> 
     </span>
    </p>
   </div>
   <div class='ocr_carea' id='block_1_102' title="bbox 2137 5048 3737 5126">
    <p class='ocr_par' dir='ltr' id='par_1_102' title="bbox 2137 5048 3737 5126">
     <span class='ocr_line' id='line_1_102' title="bbox 2137 5048 3737 5126; baseline -0.004 -17"><span class='ocrx_word' id='word_1_764' title='bbox 2137 5056 2261 5110; x_wconf 87' lang='lat' dir='ltr'><strong>Dat.</strong></span> <span class='ocrx_word' id='word_1_765' title='bbox 2318 5053 2389 5107; x_wconf 91' lang='lat' dir='ltr'><strong>VI</strong></span> <span class='ocrx_word' id='word_1_766' title='bbox 2436 5053 2522 5108; x_wconf 85' lang='lat' dir='ltr'><strong>Id.</strong></span> <span class='ocrx_word' id='word_1_767' title='bbox 2587 5053 2721 5107; x_wconf 86' lang='lat' dir='ltr'><strong>Nov.</strong></span> <span class='ocrx_word' id='word_1_768' title='bbox 2775 5052 3242 5126; x_wconf 80' lang='lat' dir='ltr'><strong>Constantinopoli,</strong></span> <span class='ocrx_word' id='word_1_769' title='bbox 3293 5052 3516 5105; x_wconf 84' lang='lat' dir='ltr'><strong>Arcadia</strong></span> <span class='ocrx_word' id='word_1_770' title='bbox 3568 5053 3628 5104; x_wconf 82' lang='grc' dir='ltr'><strong>Α.</strong></span> <span class='ocrx_word' id='word_1_771' title='bbox 3670 5048 3737 5102; x_wconf 86' lang='grc' dir='ltr'><strong><em>ΙΙ</em></strong></span> 
     </span>
    </p>
   </div>
   <div class='ocr_carea' id='block_1_103' title="bbox 2135 5139 2850 5219">
    <p class='ocr_par' dir='ltr' id='par_1_103' title="bbox 2135 5139 2850 5219">
     <span class='ocr_line' id='line_1_103' title="bbox 2135 5139 2850 5219; baseline -0.004 -15"><span class='ocrx_word' id='word_1_772' title='bbox 2135 5160 2180 5205; x_wconf 79' lang='lat' dir='ltr'><strong>et</strong></span> <span class='ocrx_word' id='word_1_773' title='bbox 2223 5139 2415 5219; x_wconf 77' lang='lat' dir='ltr'><strong>Rufino</strong></span> <span class='ocrx_word' id='word_1_774' title='bbox 2471 5146 2614 5202; x_wconf 88' lang='lat' dir='ltr'><strong>Cass.</strong></span> <span class='ocrx_word' id='word_1_775' title='bbox 2673 5145 2850 5218; x_wconf 71' lang='lat'><strong>(392).</strong></span> 
     </span>
    </p>
   </div>
  </div>
