4194 6184
490 253 598 310 555

1597 252 1914 313 sanares
1958 252 2250 312 VIGILIUS
2289 252 2773 315 TRIDENTINUS.
3226 212 3237 219 ’
3690 263 3795 323 544

510 392 3739 424 mm

1836 490 2193 564 APPEN
2204 492 2422 564 DIX.

802 724 1137 785 EPISTOLA
1194 724 1488 783 CONCILII
1544 724 2350 798 CONSTANTINOPOLH‘ANI
2405 725 2821 785 CECUMENICI
2892 729 2983 783 AD
3047 728 3491 789 THEODOSIUM

1877 818 2404 875 IMPERATOREM.

1640 955 1816 1020 (Labl).
1842 954 2022 1007 Concil.
2051 963 2089 1008 ι.
2116 954 2180 1017 u,
2204 955 2298 1006 col.
2322 957 2581 1022 945-946.)

489 1094 790 1168 Religionis
820 1108 882 1149 ac
907 1092 1123 1164 pietatis
1147 1090 1651 1155 ohservautissimo,
1681 1089 1887 1160 Deique
1906 1104 2090 1144 aman-

2198 1100 2278 1166 Τῷ
2306 1093 2662 1165 εὐσεϐεστάτῳ
2704 1093 2910 1165 βασιλεῖ
2948 1091 3205 1167 Θεοδοσίῳ
3253 1098 3283 1155 ἡ
3312 1096 3431 1169 ἀγία
3461 1097 3675 1161 συνόδος
3698 1110 3802 1157 τῶν

565 1192 776 1248 tissimo
823 1188 1134 1259 imperatori
1165 1186 1496 1253 Theodosio,
1530 1196 1777 1240 sanetum
1800 1184 2092 1241 concilium

560 1285 968 1356 episcoporum,
992 1281 1085 1353 qui
1116 1297 1180 1336 ex
1205 1278 1438 1336 diversis
1468 1278 1757 1349 provinciis
1786 1276 2094 1334 Constanti-

563 1378 744 1449 nopoli
774 1386 1165 1433 Conveneruut.

560 1471 721 1527 Initio
750 1470 970 1542 quidem
1002 1469 1169 1523 n05tri
1193 1467 1258 1521 ad
1284 1477 1425 1521 tuam
1455 1467 1704 1535 pietatem
1734 1465 1943 1537 scripti,
1970 1482 2095 1537 gra-

492 1566 595 1621 tias
636 1565 845 1634 agimus
877 1564 989 1617 Deo
1011 1604 1025 1629 ,
1058 1562 1148 1632 qui
1177 1570 1283 1615 tua:
1308 1559 1524 1631 pietatis
1556 1561 1838 1630 imperium
1887 1561 2091 1614 consti-

491 1658 591 1711 tuit
614 1656 680 1712 ad
704 1670 1047 1711 communem
1076 1668 1260 1721 pacem
1293 1653 1684 1715 Ecclesiarum,
1716 1662 1769 1706 et
1793 1667 1938 1707 sana:
1971 1650 2094 1707 ﬁdei

488 1748 955 1805 confirmationem
992 1764 1004 1799 :
1038 1756 1259 1816 agentes
1287 1753 1468 1799 autem
1495 1744 1607 1799 Deo
1626 1745 1834 1799 debitas
1862 1745 2059 1815 gratias
2078 1786 2093 1811 ,

491 1841 801 1897 necessario
827 1855 1042 1910 quoque
1074 1855 1135 1892 ea
1163 1854 1282 1909 qum
1307 1845 1426 1892 acta
1464 1849 1588 1892 sunt
1614 1837 1664 1890 in
1696 1847 1886 1891 sancto
1908 1835 2092 1891 conci-

489 1934 586 2001 lio,
615 1934 681 1987 ad
715 1940 859 1988 tuam
887 1931 1171 1986 referimus
1199 1930 1484 2002 pietatem;
1512 1945 1705 2000 nempe
1733 1930 1875 2000 quod
1899 1944 1965 1983 ex
1987 1944 2094 1999 quo

492 2036 734 2097 tempore
783 2027 935 2095 juxta
986 2024 1195 2080 litteras
1222 2033 1327 2078 tuae
1370 2025 1580 2095 pietatis
1621 2023 2093 2091 ConstantinOpoli

491 2119 864 2184 convenimus,
902 2118 1132 2186 primum
1164 2116 1380 2187 quidem
1412 2125 1652 2171 mutuam
1684 2118 1824 2171 inter
1845 2131 1944 2170 nos
1965 2131 2095 2170 con-

492 2210 735 2274 cordiam
790 2210 1169 2265 rcuovavimus
1213 2227 1225 2265 :
1279 2210 1474 2265 deinde
1514 2226 1641 2264 vero
1689 2210 1883 2264 breves
1932 2196 2095 2264 etiam

494 2302 961 2371 prouuutiavimus
1009 2300 1355 2356 deﬁnitiones
1381 2343 1395 2367 ,
1425 2302 1619 2371 quibus
1648 2308 1702 2355 et
1732 2310 1969 2371 patrum,
2001 2302 2092 2370 qui

493 2393 687 2449 Nicaem
710 2395 1018 2464 congregati
1046 2396 1280 2458 fuerunt,
1311 2393 1471 2448 tidem
1502 2395 1973 2461 confirmavimus;
2005 2405 2090 2462 et,

2270 1186 2560 1241 ἐπισκόπων
2584 1195 2685 1258 τῷν
2709 1188 2759 1241 ἐκ
2786 1186 3039 1265 διαφόρων
3077 1192 3350 1266 ἐπαρχιῶν
3379 1193 3715 1251 συνελθόντων
3745 1194 3800 1251 ἐν

2271 1283 2757 1337 Κωνσταντινοπόλει
2769 1322 2780 1335 .

2271 1459 2442 1538 Ἀρχὴ
2469 1464 2559 1533 μὲν
2591 1464 2708 1534 ἡμῖν
2735 1468 2828 1518 τοῦ
2854 1466 2988 1538 πρὸς
3026 1470 3117 1524 τὴν
3156 1470 3250 1524 σήν
3281 1466 3537 1521 εὐσέϐειαν
3565 1467 3803 1542 γράμμα-

2196 1577 2319 1619 τος,
2376 1557 2693 1631 εὐχαριστία
2719 1560 2849 1632 πρὸς
2900 1559 2986 1613 τὸν
3034 1560 3154 1613 Θεὸν
3204 1560 3291 1615 τὸν
3338 1558 3665 1626 ἀναδείξαντα
3714 1572 3805 1625 τῆς

2196 1652 2453 1728 ὑμετέρας
2502 1654 2765 1715 εὐσεϐείας
2794 1657 2885 1711 τήν
2915 1653 3209 1724 βασιλείαν,
3246 1654 3329 1708 ἐπὶ
3349 1663 3487 1730 κοινῇ
3514 1662 3612 1710 τῶν
3632 1654 3807 1716 ἐκκλη-

2197 1753 2323 1798 σιῶν
2344 1748 2510 1821 εἰρήνῃ
2534 1748 2615 1800 καὶ
2636 1754 2725 1805 τῆς
2748 1746 2924 1818 ὐγιοῦς
2936 1749 3159 1805 πίστεως
3176 1754 3465 1821 στηριγμῷ·
3481 1746 3807 1810 ἀποδιδόντες

2197 1834 2250 1891 δέ
2292 1846 2366 1910 τῷ
2394 1845 2504 1910 Θεῷ
2534 1843 2626 1897 τήν
2657 1838 2973 1910 ὀφειλομένην
3007 1840 3371 1914 εὐχαριστίαν,
3396 1840 3683 1913 anew/mia);
3721 1846 3805 1897 καί

2196 1930 2261 1983 τὰ
2304 1931 2611 2002 γεγενημένα
2663 1932 2792 1985 κατά
2825 1930 2974 2003 ἁγίαν
3011 1928 3220 1984 συνόδον
3255 1933 3385 2006 πρὸς
3413 1936 3504 1990 τήν
3529 1937 3622 1991 σὴν
3656 1935 3802 1989 εὐσέ-

2199 2022 2339 2076 ϐειαν
2366 2024 2708 2099 ἀναφέρομεν·
2746 2027 2833 2078 καὶ
2871 2020 2949 2079 ὅτι
2983 2020 3309 2085 συνελθόντες
3348 2026 3418 2085 είς
3437 2030 3528 2084 τὴν
3556 2041 3809 2082 κωνσταν-

2196 2119 2336 2171 τι·ιού
2360 2117 2504 2170 πόλιν
2530 2120 2660 2173 κατὰ
2687 2118 2743 2173 τό
2763 2119 2975 2194 γράμμα
3011 2127 3101 2179 τῆς
3137 2129 3231 2180 σῆς
3281 2120 3568 2185 εὐσεϐείας,
3603 2129 3808 2197 πρῶτον

2197 2211 2288 2280 μὲν
2318 2211 2698 2280 ἀνενεωσάμεοα
2720 2215 2810 2269 τήν
2839 2212 2971 2287 πρὸς
3002 2212 3239 2273 ἀλλήλους
3266 2210 3522 2283 ὁμόνοιαν·
3552 2211 3731 2268 ἔπειτα
3752 2212 3807 2269 δὲ

2197 2304 2280 2357 καὶ
2310 2302 2593 2373 συντόμους
2630 2298 2778 2376 ὄρους
2800 2304 3198 2375 ἐξεφωνήσαμεν,
3242 2309 3332 2362 τήν
3369 2326 3422 2359 τε
3452 2312 3551 2359 τῶν
3572 2307 3809 2380 πατέρων

2196 2396 2371 2449 πίστιν
2398 2403 2498 2450 τῶν
2520 2397 2570 2450 ἐν
2600 2397 2780 2471 Νικοίᾳ
2825 2399 3174 2469 κυρώσαντες,
3223 2402 3309 2452 καί
3348 2398 3441 2469 τᾲς
3485 2399 3596 2454 κατ’
3643 2401 3805 2462 αὐτῆς

496 2503 615 2559 qua:
658 2487 918 2543 adversus
947 2504 1065 2543 eam
1109 2488 1315 2544 oborta:
1346 2497 1492 2553 sunt,
1546 2503 1833 2557 perversas
1859 2487 2092 2543 lia-reses

2198 2490 2467 2561 ἐκφυείσας
2498 2490 2725 2566 αἱρέσεις
2766 2491 3249 2562 ἀναθεματίσαντες.
3306 2493 3431 2569 Πρός
3471 2490 3524 2546 δὲ
3566 2489 3804 2559 τούτοις,

494 2596 556 2636 ac
606 2596 796 2650 pravas
849 2580 1134 2650 Opinioncs
1187 2589 1432 2635 extrema
1484 2596 1603 2635 cum
1635 2580 2007 2635 exsecratione
2037 2596 2098 2635 ac

493 2673 852 2729 detestatione
880 2674 1312 2746 reprobavimus.
1369 2674 1635 2728 Praeterea
1664 2674 1823 2728 etiam
1855 2673 1919 2727 ad
1951 2683 2097 2729 recte

493 2767 925 2821 constituendum
957 2776 1013 2822 et
1056 2767 1414 2821 ordinandum
1448 2774 1646 2821 Statum
1678 2774 1734 2822 et
1758 2766 2095 2838 disciplinam

496 2861 862 2916 Eccicsiarum
890 2902 904 2927 ,
939 2844 1122 2916 certos
1151 2877 1389 2917 canones
1414 2861 1700 2915 statuimus
1732 2880 1744 2916 :
1779 2878 1898 2930 qua:
1919 2863 2096 2915 utimia

496 2952 619 3007 huic
633 2966 749 3008 llOSl
761 2968 820 3008 ro
834 2954 1034 3023 scripto
1045 2954 1373 3024 subjecimus
1389 2954 1763 3026 (a).l{ogamus
1778 2957 1939 3025 igitur
1954 2965 2095 3009 tuam

498 3047 844 3101 clementiam
870 3090 884 3113 ,
922 3058 980 3102 ut
1023 3064 1119 3117 per
1152 3049 1355 3103 litteras
1382 3064 1595 3119 quoque
1630 3061 1732 3102 tua:
1781 3050 1993 3119 pietatis
2017 3067 2101 3105 ra-

487 3150 598 3196 tum
642 3141 903 3197 habeatur
933 3141 1151 3196 concilii
1201 3142 1481 3196 decretum
1517 3160 1528 3194 :
1567 3154 1622 3196 ut
1653 3144 1810 3197 sicuti
1864 3143 2092 3210 litteris,

492 3234 685 3305 quibus
727 3250 824 3290 uos
854 3237 1200 3299 convocasti,
1237 3236 1538 3291 Ecclesium
1586 3237 1794 3292 honore
1842 3253 2101 3308 prosecu-

493 3335 577 3383 tus
610 3344 700 3395 es,
756 3331 827 3384 ita
877 3330 1039 3384 etiam
1094 3331 1257 3385 linem
1300 3346 1487 3385 eorum
1539 3348 1657 3401 qum
1688 3332 1907 3385 decreta
1938 3344 2099 3400 Sunt,

492 3422 769 3494 obsignes.
804 3424 1062 3479 Dominus
1090 3433 1269 3478 autem
1314 3424 1598 3494 imperium
1629 3433 1775 3479 tuum
1804 3425 1855 3478 iu
1890 3442 2019 3492 pace
2041 3435 2095 3480 et

485 3514 697 3586 jusutia
749 3517 1017 3583 stabiliat,
1078 3526 1133 3571 et
1180 3517 1439 3587 producat
1493 3517 1549 3571 in
1598 3518 1794 3572 multas
1821 3528 2007 3572 anates
2039 3528 2093 3572 et

493 3609 902 3683 generationes,
934 3621 1095 3679 atque
1125 3609 1190 3663 ad
1235 3621 1510 3663 terrenum
1543 3610 1824 3679 imperium
1851 3610 2092 3665 (celestis

2202 2589 2289 2641 καί
2327 2586 2459 2662 ὑπὲρ
2509 2594 2601 2645 τῆς
2650 2586 2889 2650 εὐταξίας
2933 2592 3032 2641 τῶν
3066 2585 3340 2644 ἐκκλησιῶν
3380 2587 3569 2660 ῥητούς
3595 2586 3808 2647 κανόνας

2205 2682 2465 2755 ὡρίσαμεν
2487 2694 2498 2707 '
2525 2678 2660 2753 ἅπερ
2684 2678 2890 2735 ἅπαντα
2909 2664 3209 2751 τῷδε’ἠμῶν
3236 2687 3308 2749 τῷ
3327 2681 3591 2757 γράμματι
3619 2680 3809 2735 ὐπετάο

2203 2774 2380 2844 ξαμεν.
2416 2772 2635 2843 Δεόμεθα
2678 2774 2845 2826 τοίνυν
2882 2780 2973 2831 τῆς
3010 2779 3106 2831 σῆς
3146 2770 3409 2832 εὐσεϐείας
3435 2772 3807 2848 ἐπικυρωθῆναι

2202 2873 2296 2927 τῆς
2325 2862 2542 2918 συνόδου
2594 2873 2686 2924 τῆς
2739 2864 2928 2937 ψῆφον
2970 2861 3029 2917 ἶν’
3068 2866 3247 2938 ὥσπερ
3289 2871 3402 2924 τοῖς
3446 2871 3537 2922 τῆς
3583 2863 3809 2926 κλήσεως

2203 2960 2477 3032 γράμμασι
2531 2964 2618 3017 την
2675 2957 2969 3017 Ἐκκλησίαν
3026 2960 3337 3031 τετίμηκας,
3393 2956 3528 3012 οὕτω
3574 2962 3656 3011 καί
3707 2966 3809 3013 τῶν

2203 3048 2451 3115 δοξάντων
2491 3052 2865 3126 ἐπισφραγίσης
2895 3051 3143 3111 τὸτέλος.
3180 3049 3235 3105 Ὀ
3265 3048 3317 3105 δὲ
3368 3052 3548 3125 Κύριος
3596 3052 3809 3125 στηρίξῃ

2206 3165 2300 3199 σου
2340 3149 2431 3203 τήν
2480 3144 2746 3215 βασιλείαν
2781 3146 2832 3198 ἐν
2874 3147 3043 3220 εἰρήνῃ
3080 3148 3163 3199 καί
3193 3141 3505 3215 δικαιοσύνη,
3535 3146 3620 3197 καί
3648 3164 3811 3217 παρα-

2204 3238 2381 3312 πέμψῃ
2409 3244 2608 3311 γενεαῖς
2657 3245 2858 3313 γενεῶν,
2904 3240 2989 3292 καὶ
3009 3238 3257 3312 προσθείη
3288 3245 3362 3309 τῷ
3394 3237 3596 3308 ἐπιγείῳ
3632 3237 3811 3310 κράτει

2204 3336 2287 3386 καί
2343 3340 2433 3392 τῆς
2506 3333 2774 3404 βασιλείας
2854 3341 2945 3392 τῆς
2994 3332 3300 3405 ἐπουρανίου
3351 3334 3442 3388 τήν
3498 3329 3805 3395 ἀπόλαυσιν.

2208 3421 2514 3497 Ἐρρωμένον
2540 3446 2621 3488 σε,
2655 3429 2741 3479 καί
2772 3426 2820 3479 ἐν
2858 3430 2993 3479 πᾶσι
3028 3431 3139 3485 τοῖς
3192 3423 3365 3483 καλοῖς
3391 3421 3734 3498 διαπρέποντα
3783 3420 3811 3476 ό

2201 3522 2322 3578 Θεὸς
2372 3522 2653 3595 χαρίσαιτο
2698 3526 2760 3593 τῇ
2804 3519 3083 3591 οἰκουμένῃ.
3128 3518 3317 3588 εὐχαῖς
3347 3524 3446 3571 τῶν
3495 3516 3669 3589 ἁγίων,
3722 3517 3810 3571 τόν

2202 3614 2271 3673 ὡς
2301 3612 2494 3672 ἀληθῶς
2520 3612 2893 3667 εὐσεϐέστατον
2914 3614 2997 3666 καὶ
3015 3611 3398 3684 θεοφιλέστατον
3424 3607 3661 3680 βασιλέα.

492 3719 705 3774 quoque
737 3705 886 3775 regni
916 3706 1168 3775 gaudium
1195 3714 1250 3760 et.
1286 3704 1516 3759 fructum
1541 3706 1779 3775 adjiciat.
1810 3707 2090 3762 Gratiticc-
2119 3698 2163 3759 C

495 3809 582 3853 tur
613 3801 751 3853 Ileus
795 3799 913 3854 orbi
958 3810 1256 3862 terrarum,
1307 3808 1364 3853 ut
1408 3810 1487 3865 te,
1518 3800 1609 3867 qui
1658 3815 1845 3855 revera
1903 3801 2119 3870 pietatis
2147 3801 2611 3867 studiosissimus,
2670 3801 2875 3870 Deique
2923 3801 3329 3855 amantissimus
3369 3802 3663 3869 imperator
3707 3812 3804 3862 es,

495 3890 784 3957 valentem,
814 3890 1174 3958 omniDuSque
1202 3890 1491 3960 praeclaris,
1520 3890 1683 3945 rebus
1708 3890 1993 3947 ﬂorentem
2037 3903 2090 3946 ct
2146 3892 2507 3947 excellentem
2563 3892 2741 3948 videat
2766 3911 2778 3946 :
2831 3893 2885 3948 id
2926 3893 3071 3964 quod
3100 3895 3273 3949 sancti
3294 3892 3454 3948 etiam
3481 3893 3547 3948 ab
3571 3891 3662 3947 illo
3692 3905 3808 3960 pre-

499 3982 653 4038 cibus
677 3998 739 4035 ac
763 3983 902 4036 votis
936 3991 1127 4050 petunt
1147 3989 1202 4035 et
1226 3990 1404 4036 orant.

569 4116 648 4191 (a)
679 4117 805 4172 Haec
833 4116 1417 4186 Constantinopolitani
1446 4115 1663 4172 concilii
1694 4124 1893 4172 statuta
1921 4115 2148 4181 videsis,
2182 4115 2227 4172 si
2255 4116 2499 4185 libuerit,
2526 4116 2576 4172 in
2604 4115 2772 4171 Labb.
2806 4128 2935 4171 tom.
2971 4116 3037 4185 ll,
3061 4116 3167 4173 col.
3197 4116 3322 4173 946.

484 4277 490 4284 ·
576 4255 753 4329 (Vide
774 4255 908 4311 alias
948 4256 1208 4326 epistolas
1260 4255 1438 4312 eidem
1479 4255 1793 4328 imperatori
1845 4255 2158 4312 Theodosio
2204 4257 2273 4312 ab
2316 4256 2605 4319 Ambrosio
2654 4258 2910 4330 episcopo
2961 4259 3192 4331 scriptas
3245 4257 3385 4313 inter
3423 4255 3600 4330 Opera
3643 4255 3807 4327 hujus

498 4346 685 4405 Sancti
721 4346 1044 4421 Antistius.)

545 4520 3769 4558 Μ

1549 4675 1722 4721 ANNO
1766 4675 1999 4721 DOMINI
2044 4673 2757 4721 CCCLXXXI-CCCXCVIII.

787 4845 2017 5013 SANCTUS

2224 4848 3549 5038 VIGILIUS,

1025 5109 1678 5199 EPISCOPUS
1729 5057 2536 5198 TRIDENTINUS
2559 5114 2710 5198 ET
2752 5113 3286 5197 MARTYR.

1748 5438 2495 5512 PBOLEGOMEN
2506 5439 2614 5522 A.

973 5588 1251 5647 ΝΟΤῙΤΙᾹ
1286 5590 1673 5648 HISTORICA.

691 5678 764 5730 Ex
791 5680 1030 5733 Gallandii
1065 5683 1388 5735 Bibliotheca.
1415 5691 1513 5735 tom
1537 5684 1671 5748 VIII,
1700 5701 1747 5751 p.
1770 5700 1916 5737 x-xn.

579 5773 616 5831 I‘.
652 5773 825 5828 Pauca
856 5785 980 5830 sunt
1022 5777 1336 5847 admOdum,
1389 5794 1561 5848 neque
1606 5796 1990 5854 usquequaque
2023 5782 2103 5837 ἰη-

2127 5596 2183 5656 D
2208 5594 2391 5665 dubia,
2441 5613 2561 5668 qua:
2609 5596 2676 5653 de
2713 5598 2877 5655 rebus
2919 5600 3083 5671 geSIis
3126 5600 3296 5655 sancti
3329 5599 3525 5656 Vtetur
3562 5599 3805 5655 Tridenti

2209 5690 2447 5760 episcopi
2487 5699 2543 5745 et
2584 5693 2857 5764 martyris,
2893 5695 2945 5748 in
2976 5703 3225 5763 promptu
3265 5692 3548 5749 habentur.
3580 5692 3807 5747 Exstant

2211 5787 2329 5853 ejus
2356 5785 2511 5852 Acta,
2547 5786 2590 5839 si
2620 5798 2722 5839 non
2752 5788 2956 5841 omnino
2980 5787 3303 5859 primigenia,
3329 5786 3509 5856 judice
3536 5785 3804 5858 Papebrm
