  <div class='ocr_page' id='page_1' title='image "/cluster/home/n/w/nwhite01/storage/ocr_20150623/13/hvd.32044096580428/279.png"; bbox 0 0 4194 6184; ppageno 0'>
   <div class='ocr_carea' id='block_1_1' title="bbox 470 266 575 339">
    <p class='ocr_par' dir='ltr' id='par_1_1' title="bbox 470 266 575 339">
     <span class='ocr_line' id='line_1_1' title="bbox 470 266 575 339; baseline -0.01 0"><span class='ocrx_word' id='word_1_1' title='bbox 470 266 575 339; x_wconf 62' lang='grc'><strong>547</strong></span> 
     </span>
    </p>
   </div>
   <div class='ocr_carea' id='block_1_2' title="bbox 1541 254 2720 329">
    <p class='ocr_par' dir='ltr' id='par_1_2' title="bbox 1541 254 2720 329">
     <span class='ocr_line' id='line_1_2' title="bbox 1541 254 2720 329; baseline -0.004 -1"><span class='ocrx_word' id='word_1_2' title='bbox 1541 268 1855 329; x_wconf 83' lang='lat' dir='ltr'><strong>SANCTUS</strong></span> <span class='ocrx_word' id='word_1_3' title='bbox 1892 266 2192 327; x_wconf 71' lang='lat' dir='ltr'><strong>VlGlLlUS</strong></span> <span class='ocrx_word' id='word_1_4' title='bbox 2237 254 2720 329; x_wconf 72' lang='lat' dir='ltr'><strong>TRIDENTINUS.</strong></span> 
     </span>
    </p>
   </div>
   <div class='ocr_carea' id='block_1_3' title="bbox 3677 243 3786 318">
    <p class='ocr_par' dir='ltr' id='par_1_3' title="bbox 3677 243 3786 318">
     <span class='ocr_line' id='line_1_3' title="bbox 3677 243 3786 318; baseline 0.028 -4"><span class='ocrx_word' id='word_1_5' title='bbox 3677 243 3786 318; x_wconf 66' lang='lat' dir='ltr'><strong>ius</strong></span> 
     </span>
    </p>
   </div>
   <div class='ocr_carea' id='block_1_4' title="bbox 468 372 3783 461">
    <p class='ocr_par' dir='ltr' id='par_1_4' title="bbox 468 372 3783 461">
     <span class='ocr_line' id='line_1_4' title="bbox 468 372 3783 461; baseline -0.009 -8"><span class='ocrx_word' id='word_1_6' title='bbox 468 398 763 461; x_wconf 52' lang='lat' dir='ltr'><strong>exitium,</strong></span> <span class='ocrx_word' id='word_1_7' title='bbox 796 400 853 449; x_wconf 81' lang='grc' dir='ltr'><strong>ιιι</strong></span> <span class='ocrx_word' id='word_1_8' title='bbox 875 391 1199 449; x_wconf 86' lang='lat' dir='ltr'><strong>sententiain</strong></span> <span class='ocrx_word' id='word_1_9' title='bbox 1230 402 1381 442; x_wconf 90' lang='lat' dir='ltr'><strong>suam</strong></span> <span class='ocrx_word' id='word_1_10' title='bbox 1412 395 1635 451; x_wconf 75' lang='lat' dir='ltr'><strong>statuat,</strong></span> <span class='ocrx_word' id='word_1_11' title='bbox 1669 385 1927 440; x_wconf 86' lang='lat' dir='ltr'><strong>Stilicone</strong></span> <span class='ocrx_word' id='word_1_12' title='bbox 1960 384 2067 453; x_wconf 89' lang='lat' dir='ltr'><strong>pri-</strong></span> <span class='ocrx_word' id='word_1_13' title='bbox 2103 391 2145 447; x_wconf 80' lang='grc' dir='ltr'>Α</span> <span class='ocrx_word' id='word_1_14' title='bbox 2178 385 2415 439; x_wconf 76' lang='lat' dir='ltr'><strong>thronio</strong></span> <span class='ocrx_word' id='word_1_15' title='bbox 2444 385 2518 457; x_wconf 79' lang='lat' dir='ltr'><strong>(Is)</strong></span> <span class='ocrx_word' id='word_1_16' title='bbox 2540 426 2555 449; x_wconf 95' lang='lat'><strong>,</strong></span> <span class='ocrx_word' id='word_1_17' title='bbox 2606 399 2669 439; x_wconf 87' lang='lat' dir='ltr'><strong>ea</strong></span> <span class='ocrx_word' id='word_1_18' title='bbox 2701 376 2969 437; x_wconf 85' lang='lat' dir='ltr'><strong>Gennadii</strong></span> <span class='ocrx_word' id='word_1_19' title='bbox 3002 374 3169 431; x_wconf 80' lang='lat' dir='ltr'><strong>verba</strong></span> <span class='ocrx_word' id='word_1_20' title='bbox 3193 414 3210 440; x_wconf 90' lang='lat'><strong>,</strong></span> <span class='ocrx_word' id='word_1_21' title='bbox 3237 373 3310 428; x_wconf 87' lang='lat' dir='ltr'><strong>ad</strong></span> <span class='ocrx_word' id='word_1_22' title='bbox 3338 373 3615 446; x_wconf 76' lang='lat' dir='ltr'><strong>quemdam</strong></span> <span class='ocrx_word' id='word_1_23' title='bbox 3642 372 3783 427; x_wconf 80' lang='lat' dir='ltr'><strong>Sim-</strong></span> 
     </span>
    </p>
   </div>
   <div class='ocr_carea' id='block_1_5' title="bbox 468 481 2076 549">
    <p class='ocr_par' dir='ltr' id='par_1_5' title="bbox 468 481 2076 549">
     <span class='ocr_line' id='line_1_5' title="bbox 468 481 2076 549; baseline -0.01 -1"><span class='ocrx_word' id='word_1_24' title='bbox 468 510 615 549; x_wconf 87' lang='lat' dir='ltr'><strong>ntum</strong></span> <span class='ocrx_word' id='word_1_25' title='bbox 656 492 900 549; x_wconf 87' lang='lat' dir='ltr'><strong>consule,</strong></span> <span class='ocrx_word' id='word_1_26' title='bbox 945 502 1087 541; x_wconf 91' lang='lat' dir='ltr'><strong>anno</strong></span> <span class='ocrx_word' id='word_1_27' title='bbox 1125 486 1335 539; x_wconf 87' lang='lat' dir='ltr'><strong>scilicet</strong></span> <span class='ocrx_word' id='word_1_28' title='bbox 1378 481 1623 536; x_wconf 56' lang='lat' dir='ltr'><strong>saeculari</strong></span> <span class='ocrx_word' id='word_1_29' title='bbox 1675 495 1805 535; x_wconf 88' lang='lat' dir='ltr'><strong>cccc</strong></span> <span class='ocrx_word' id='word_1_30' title='bbox 1859 493 2076 545; x_wconf 84' lang='lat' dir='ltr'><strong>passum</strong></span> 
     </span>
    </p>
   </div>
   <div class='ocr_carea' id='block_1_6' title="bbox 467 565 2077 649">
    <p class='ocr_par' dir='ltr' id='par_1_6' title="bbox 467 565 2077 649">
     <span class='ocr_line' id='line_1_6' title="bbox 467 565 2077 649; baseline -0.011 -10"><span class='ocrx_word' id='word_1_31' title='bbox 467 599 589 639; x_wconf 82' lang='lat' dir='ltr'><strong>esse</strong></span> <span class='ocrx_word' id='word_1_32' title='bbox 616 581 864 649; x_wconf 79' lang='lat' dir='ltr'><strong>Vigilitnn</strong></span> <span class='ocrx_word' id='word_1_33' title='bbox 894 596 907 632; x_wconf 88' lang='lat'><strong>:</strong></span> <span class='ocrx_word' id='word_1_34' title='bbox 936 593 1001 632; x_wconf 85' lang='lat' dir='ltr'><strong>eo</strong></span> <span class='ocrx_word' id='word_1_35' title='bbox 1028 576 1081 630; x_wconf 92' lang='lat' dir='ltr'><strong>in</strong></span> <span class='ocrx_word' id='word_1_36' title='bbox 1112 574 1302 646; x_wconf 82' lang='lat' dir='ltr'><strong>primis</strong></span> <span class='ocrx_word' id='word_1_37' title='bbox 1339 572 1577 637; x_wconf 91' lang='lat' dir='ltr'><strong>nomine,</strong></span> <span class='ocrx_word' id='word_1_38' title='bbox 1604 570 1781 640; x_wconf 91' lang='lat' dir='ltr'><strong>inquit</strong></span> <span class='ocrx_word' id='word_1_39' title='bbox 1806 568 1905 638; x_wconf 82' lang='grc' dir='ltr'>(ιι),</span> <span class='ocrx_word' id='word_1_40' title='bbox 1934 565 2077 637; x_wconf 92' lang='lat' dir='ltr'><strong>quod</strong></span> 
     </span>
    </p>
   </div>
   <div class='ocr_carea' id='block_1_7' title="bbox 469 661 2080 739">
    <p class='ocr_par' dir='ltr' id='par_1_7' title="bbox 469 661 2080 739">
     <span class='ocr_line' id='line_1_7' title="bbox 469 661 2080 739; baseline -0.011 -10"><span class='ocrx_word' id='word_1_41' title='bbox 469 689 588 729; x_wconf 90' lang='lat' dir='ltr'><strong>cum</strong></span> <span class='ocrx_word' id='word_1_42' title='bbox 615 687 720 726; x_wconf 90' lang='lat' dir='ltr'><strong>non</strong></span> <span class='ocrx_word' id='word_1_43' title='bbox 760 671 968 739; x_wconf 73' lang='lat' dir='ltr'><strong>legatur</strong></span> <span class='ocrx_word' id='word_1_44' title='bbox 1002 666 1254 722; x_wconf 81' lang='lat' dir='ltr'><strong>Stibcane</strong></span> <span class='ocrx_word' id='word_1_45' title='bbox 1279 679 1337 727; x_wconf 86' lang='lat' dir='ltr'><strong>tt,</strong></span> <span class='ocrx_word' id='word_1_46' title='bbox 1380 663 1523 716; x_wconf 85' lang='lat' dir='ltr'><strong>nulla</strong></span> <span class='ocrx_word' id='word_1_47' title='bbox 1561 661 1733 715; x_wconf 91' lang='lat' dir='ltr'><strong>subsit</strong></span> <span class='ocrx_word' id='word_1_48' title='bbox 1761 674 1944 721; x_wconf 71' lang='lat' dir='ltr'><strong>eausa,</strong></span> <span class='ocrx_word' id='word_1_49' title='bbox 1983 672 2080 713; x_wconf 88' lang='lat' dir='ltr'><strong>cor</strong></span> 
     </span>
    </p>
   </div>
   <div class='ocr_carea' id='block_1_8' title="bbox 468 751 2083 821">
    <p class='ocr_par' dir='ltr' id='par_1_8' title="bbox 468 751 2083 821">
     <span class='ocr_line' id='line_1_8' title="bbox 468 751 2083 821; baseline -0.012 0"><span class='ocrx_word' id='word_1_50' title='bbox 468 782 531 821; x_wconf 81' lang='lat' dir='ltr'><strong>ea</strong></span> <span class='ocrx_word' id='word_1_51' title='bbox 564 780 711 818; x_wconf 88' lang='lat' dir='ltr'><strong>tnors</strong></span> <span class='ocrx_word' id='word_1_52' title='bbox 753 764 818 815; x_wconf 88' lang='lat' dir='ltr'><strong>ad</strong></span> <span class='ocrx_word' id='word_1_53' title='bbox 847 776 1047 815; x_wconf 90' lang='lat' dir='ltr'><strong>annum</strong></span> <span class='ocrx_word' id='word_1_54' title='bbox 1072 772 1238 813; x_wconf 89' lang='lat' dir='ltr'><strong>ccccv</strong></span> <span class='ocrx_word' id='word_1_55' title='bbox 1283 755 1584 809; x_wconf 72' lang='lat' dir='ltr'><strong>dideratnr.</strong></span> <span class='ocrx_word' id='word_1_56' title='bbox 1625 752 1803 820; x_wconf 88' lang='lat' dir='ltr'><strong>Atque</strong></span> <span class='ocrx_word' id='word_1_57' title='bbox 1841 751 1893 805; x_wconf 91' lang='lat' dir='ltr'><strong>in</strong></span> <span class='ocrx_word' id='word_1_58' title='bbox 1933 764 2083 804; x_wconf 87' lang='lat' dir='ltr'><strong>eam-</strong></span> 
     </span>
    </p>
   </div>
   <div class='ocr_carea' id='block_1_9' title="bbox 468 844 2078 919">
    <p class='ocr_par' dir='ltr' id='par_1_9' title="bbox 468 844 2078 919">
     <span class='ocr_line' id='line_1_9' title="bbox 468 844 2078 919; baseline -0.01 -7"><span class='ocrx_word' id='word_1_59' title='bbox 468 860 589 914; x_wconf 90' lang='lat' dir='ltr'><strong>dem</strong></span> <span class='ocrx_word' id='word_1_60' title='bbox 639 857 961 912; x_wconf 89' lang='lat' dir='ltr'><strong>sententiam</strong></span> <span class='ocrx_word' id='word_1_61' title='bbox 1009 854 1102 906; x_wconf 89' lang='lat' dir='ltr'><strong>ivit</strong></span> <span class='ocrx_word' id='word_1_62' title='bbox 1135 851 1479 906; x_wconf 88' lang='lat' dir='ltr'><strong>Tartarottus</strong></span> <span class='ocrx_word' id='word_1_63' title='bbox 1522 846 1598 919; x_wconf 77' lang='grc' dir='ltr'><strong>(ὁ)</strong></span> <span class='ocrx_word' id='word_1_64' title='bbox 1648 860 1812 914; x_wconf 69' lang='grc' dir='ltr'>ειιιιιῐ)</span> <span class='ocrx_word' id='word_1_65' title='bbox 1861 844 2078 913; x_wconf 82' lang='lat' dir='ltr'><strong>quidem</strong></span> 
     </span>
    </p>
   </div>
   <div class='ocr_carea' id='block_1_10' title="bbox 471 938 2082 1016">
    <p class='ocr_par' dir='ltr' id='par_1_10' title="bbox 471 938 2082 1016">
     <span class='ocr_line' id='line_1_10' title="bbox 471 938 2082 1016; baseline -0.01 -9"><span class='ocrx_word' id='word_1_66' title='bbox 471 952 629 1007; x_wconf 90' lang='lat' dir='ltr'><strong>nobis</strong></span> <span class='ocrx_word' id='word_1_67' title='bbox 659 950 800 1004; x_wconf 88' lang='lat' dir='ltr'><strong>baud</strong></span> <span class='ocrx_word' id='word_1_68' title='bbox 833 949 1119 1016; x_wconf 74' lang='lat' dir='ltr'><strong>probatur;</strong></span> <span class='ocrx_word' id='word_1_69' title='bbox 1166 946 1411 1014; x_wconf 86' lang='lat' dir='ltr'><strong>quamvis</strong></span> <span class='ocrx_word' id='word_1_70' title='bbox 1439 945 1582 996; x_wconf 87' lang='lat' dir='ltr'><strong>enim</strong></span> <span class='ocrx_word' id='word_1_71' title='bbox 1612 942 1662 996; x_wconf 88' lang='lat' dir='ltr'><strong>itt</strong></span> <span class='ocrx_word' id='word_1_72' title='bbox 1691 940 1837 993; x_wconf 82' lang='lat' dir='ltr'><strong>Actis</strong></span> <span class='ocrx_word' id='word_1_73' title='bbox 1868 952 1974 991; x_wconf 91' lang='lat' dir='ltr'><strong>non</strong></span> <span class='ocrx_word' id='word_1_74' title='bbox 2006 938 2082 991; x_wconf 80' lang='lat' dir='ltr'><strong>le-</strong></span> 
     </span>
    </p>
   </div>
   <div class='ocr_carea' id='block_1_11' title="bbox 474 1032 2085 1119">
    <p class='ocr_par' dir='ltr' id='par_1_11' title="bbox 474 1032 2085 1119">
     <span class='ocr_line' id='line_1_11' title="bbox 474 1032 2085 1119; baseline -0.013 -17"><span class='ocrx_word' id='word_1_75' title='bbox 474 1058 631 1119; x_wconf 84' lang='lat' dir='ltr'><strong>gatnr</strong></span> <span class='ocrx_word' id='word_1_76' title='bbox 668 1047 919 1101; x_wconf 81' lang='lat' dir='ltr'><strong>Stilicoue</strong></span> <span class='ocrx_word' id='word_1_77' title='bbox 960 1060 1019 1109; x_wconf 87' lang='lat' dir='ltr'><strong>tt,</strong></span> <span class='ocrx_word' id='word_1_78' title='bbox 1053 1050 1290 1096; x_wconf 88' lang='lat' dir='ltr'><strong>attamen</strong></span> <span class='ocrx_word' id='word_1_79' title='bbox 1323 1037 1620 1092; x_wconf 84' lang='lat' dir='ltr'><strong>secundant</strong></span> <span class='ocrx_word' id='word_1_80' title='bbox 1654 1032 1929 1091; x_wconf 90' lang='lat' dir='ltr'><strong>Stilicouis</strong></span> <span class='ocrx_word' id='word_1_81' title='bbox 1954 1045 2085 1085; x_wconf 89' lang='lat' dir='ltr'><strong>con-</strong></span> 
     </span>
    </p>
   </div>
   <div class='ocr_carea' id='block_1_12' title="bbox 475 1121 2083 1200">
    <p class='ocr_par' dir='ltr' id='par_1_12' title="bbox 475 1121 2083 1200">
     <span class='ocr_line' id='line_1_12' title="bbox 475 1121 2083 1200; baseline -0.012 -6"><span class='ocrx_word' id='word_1_82' title='bbox 475 1141 712 1195; x_wconf 75' lang='lat' dir='ltr'><strong>sulatum</strong></span> <span class='ocrx_word' id='word_1_83' title='bbox 762 1139 893 1192; x_wconf 85' lang='lat' dir='ltr'><strong>satis</strong></span> <span class='ocrx_word' id='word_1_84' title='bbox 937 1135 1137 1191; x_wconf 61' lang='lat' dir='ltr'><strong>evincit</strong></span> <span class='ocrx_word' id='word_1_85' title='bbox 1199 1131 1407 1200; x_wconf 85' lang='lat' dir='ltr'><strong>imperii</strong></span> <span class='ocrx_word' id='word_1_86' title='bbox 1458 1127 1745 1198; x_wconf 83' lang='lat' dir='ltr'><strong>augustalis</strong></span> <span class='ocrx_word' id='word_1_87' title='bbox 1789 1121 2083 1179; x_wconf 78' lang='lat' dir='ltr'><strong>Theodosii</strong></span> 
     </span>
    </p>
   </div>
   <div class='ocr_carea' id='block_1_13' title="bbox 473 1214 2083 1298">
    <p class='ocr_par' dir='ltr' id='par_1_13' title="bbox 473 1214 2083 1298">
     <span class='ocr_line' id='line_1_13' title="bbox 473 1214 2083 1298; baseline -0.014 -6"><span class='ocrx_word' id='word_1_88' title='bbox 473 1236 715 1292; x_wconf 81' lang='lat' dir='ltr'><strong>Junioris</strong></span> <span class='ocrx_word' id='word_1_89' title='bbox 767 1233 990 1295; x_wconf 88' lang='lat' dir='ltr'><strong>mentio,</strong></span> <span class='ocrx_word' id='word_1_90' title='bbox 1027 1244 1134 1298; x_wconf 86' lang='lat' dir='ltr'><strong>quo</strong></span> <span class='ocrx_word' id='word_1_91' title='bbox 1181 1232 1439 1296; x_wconf 53' lang='lat' dir='ltr'><strong>reptante</strong></span> <span class='ocrx_word' id='word_1_92' title='bbox 1472 1220 1655 1277; x_wconf 80' lang='lat' dir='ltr'><strong>consul</strong></span> <span class='ocrx_word' id='word_1_93' title='bbox 1689 1218 1930 1275; x_wconf 89' lang='lat' dir='ltr'><strong>secundo</strong></span> <span class='ocrx_word' id='word_1_94' title='bbox 1977 1214 2083 1272; x_wconf 83' lang='lat' dir='ltr'><strong>Sti-</strong></span> 
     </span>
    </p>
   </div>
   <div class='ocr_carea' id='block_1_14' title="bbox 475 1310 2086 1395">
    <p class='ocr_par' dir='ltr' id='par_1_14' title="bbox 475 1310 2086 1395">
     <span class='ocr_line' id='line_1_14' title="bbox 475 1310 2086 1395; baseline -0.012 -13"><span class='ocrx_word' id='word_1_95' title='bbox 475 1328 582 1383; x_wconf 77' lang='lat' dir='ltr'><strong>lico</strong></span> <span class='ocrx_word' id='word_1_96' title='bbox 627 1324 957 1395; x_wconf 78' lang='lat' dir='ltr'><strong>processisse</strong></span> <span class='ocrx_word' id='word_1_97' title='bbox 1017 1319 1349 1390; x_wconf 78' lang='lat' dir='ltr'><strong>intelligitur.</strong></span> <span class='ocrx_word' id='word_1_98' title='bbox 1398 1317 1530 1370; x_wconf 78' lang='lat' dir='ltr'><strong>Cum</strong></span> <span class='ocrx_word' id='word_1_99' title='bbox 1597 1314 1778 1382; x_wconf 86' lang='lat' dir='ltr'><strong>itaque</strong></span> <span class='ocrx_word' id='word_1_100' title='bbox 1824 1310 2086 1380; x_wconf 79' lang='lat' dir='ltr'><strong>martyrio</strong></span> 
     </span>
    </p>
   </div>
   <div class='ocr_carea' id='block_1_15' title="bbox 480 1402 2084 1483">
    <p class='ocr_par' dir='ltr' id='par_1_15' title="bbox 480 1402 2084 1483">
     <span class='ocr_line' id='line_1_15' title="bbox 480 1402 2084 1483; baseline -0.012 -9"><span class='ocrx_word' id='word_1_101' title='bbox 480 1422 640 1475; x_wconf 81' lang='lat' dir='ltr'><strong>luerit</strong></span> <span class='ocrx_word' id='word_1_102' title='bbox 688 1428 977 1473; x_wconf 89' lang='lat' dir='ltr'><strong>coronatus</strong></span> <span class='ocrx_word' id='word_1_103' title='bbox 1008 1414 1239 1483; x_wconf 86' lang='lat' dir='ltr'><strong>Vigilius</strong></span> <span class='ocrx_word' id='word_1_104' title='bbox 1287 1425 1429 1465; x_wconf 91' lang='lat' dir='ltr'><strong>anno</strong></span> <span class='ocrx_word' id='word_1_105' title='bbox 1471 1423 1657 1467; x_wconf 86' lang='lat' dir='ltr'><strong>ccccv.</strong></span> <span class='ocrx_word' id='word_1_106' title='bbox 1707 1419 1989 1475; x_wconf 84' lang='lat' dir='ltr'><strong>pOSIquam</strong></span> <span class='ocrx_word' id='word_1_107' title='bbox 2030 1402 2084 1457; x_wconf 91' lang='lat' dir='ltr'><strong>in</strong></span> 
     </span>
    </p>
   </div>
   <div class='ocr_carea' id='block_1_16' title="bbox 482 1500 2089 1580">
    <p class='ocr_par' dir='ltr' id='par_1_16' title="bbox 482 1500 2089 1580">
     <span class='ocr_line' id='line_1_16' title="bbox 482 1500 2089 1580; baseline -0.012 -13"><span class='ocrx_word' id='word_1_108' title='bbox 482 1514 794 1580; x_wconf 74' lang='lat' dir='ltr'><strong>episcopatu</strong></span> <span class='ocrx_word' id='word_1_109' title='bbox 825 1524 994 1563; x_wconf 83' lang='lat' dir='ltr'><strong>annos</strong></span> <span class='ocrx_word' id='word_1_110' title='bbox 1032 1523 1105 1561; x_wconf 70' lang='grc' dir='ltr'>χι</span> <span class='ocrx_word' id='word_1_111' title='bbox 1133 1505 1503 1574; x_wconf 80' lang='lat' dir='ltr'><strong>transegisset.</strong></span> <span class='ocrx_word' id='word_1_112' title='bbox 1543 1512 1596 1552; x_wconf 93' lang='lat' dir='ltr'><strong>nt</strong></span> <span class='ocrx_word' id='word_1_113' title='bbox 1621 1500 1821 1553; x_wconf 79' lang='lat' dir='ltr'><strong>habent</strong></span> <span class='ocrx_word' id='word_1_114' title='bbox 1852 1511 1959 1565; x_wconf 67' lang='lat' dir='ltr'><strong>pra:</strong></span> <span class='ocrx_word' id='word_1_115' title='bbox 1981 1511 2089 1549; x_wconf 76' lang='lat' dir='ltr'><strong>ca:-</strong></span> 
     </span>
    </p>
   </div>
   <div class='ocr_carea' id='block_1_17' title="bbox 481 1591 2088 1671">
    <p class='ocr_par' dir='ltr' id='par_1_17' title="bbox 481 1591 2088 1671">
     <span class='ocr_line' id='line_1_17' title="bbox 481 1591 2088 1671; baseline -0.012 -13"><span class='ocrx_word' id='word_1_116' title='bbox 481 1604 613 1658; x_wconf 88' lang='lat' dir='ltr'><strong>teris</strong></span> <span class='ocrx_word' id='word_1_117' title='bbox 645 1603 762 1671; x_wconf 65' lang='lat' dir='ltr'><strong>ejus</strong></span> <span class='ocrx_word' id='word_1_118' title='bbox 807 1600 939 1655; x_wconf 78' lang='lat' dir='ltr'><strong>Acta</strong></span> <span class='ocrx_word' id='word_1_119' title='bbox 983 1615 1011 1652; x_wconf 91' lang='lat' dir='ltr'><strong>a</strong></span> <span class='ocrx_word' id='word_1_120' title='bbox 1067 1598 1277 1667; x_wconf 88' lang='lat' dir='ltr'><strong>Donato</strong></span> <span class='ocrx_word' id='word_1_121' title='bbox 1326 1594 1492 1648; x_wconf 64' lang='lat' dir='ltr'><strong>Fietio</strong></span> <span class='ocrx_word' id='word_1_122' title='bbox 1533 1591 1812 1658; x_wconf 82' lang='lat' dir='ltr'><strong>evnlgata;</strong></span> <span class='ocrx_word' id='word_1_123' title='bbox 1855 1599 2088 1654; x_wconf 89' lang='lat' dir='ltr'><strong>cumque</strong></span> 
     </span>
    </p>
   </div>
   <div class='ocr_carea' id='block_1_18' title="bbox 485 1677 2083 1765">
    <p class='ocr_par' dir='ltr' id='par_1_18' title="bbox 485 1677 2083 1765">
     <span class='ocr_line' id='line_1_18' title="bbox 485 1677 2083 1765; baseline -0.013 -15"><span class='ocrx_word' id='word_1_124' title='bbox 485 1706 746 1765; x_wconf 65' lang='lat' dir='ltr'><strong>praeterea</strong></span> <span class='ocrx_word' id='word_1_125' title='bbox 776 1709 841 1748; x_wconf 79' lang='lat' dir='ltr'><strong>ex</strong></span> <span class='ocrx_word' id='word_1_126' title='bbox 877 1691 1127 1761; x_wconf 85' lang='lat' dir='ltr'><strong>superius</strong></span> <span class='ocrx_word' id='word_1_127' title='bbox 1151 1689 1307 1743; x_wconf 88' lang='lat' dir='ltr'><strong>dictis</strong></span> <span class='ocrx_word' id='word_1_128' title='bbox 1336 1700 1507 1738; x_wconf 79' lang='lat' dir='ltr'><strong>annos</strong></span> <span class='ocrx_word' id='word_1_129' title='bbox 1540 1694 1694 1737; x_wconf 89' lang='lat' dir='ltr'><strong>natus</strong></span> <span class='ocrx_word' id='word_1_130' title='bbox 1719 1696 1791 1735; x_wconf 76' lang='lat' dir='ltr'><strong>sx</strong></span> <span class='ocrx_word' id='word_1_131' title='bbox 1814 1677 1879 1732; x_wconf 88' lang='lat' dir='ltr'><strong>ad</strong></span> <span class='ocrx_word' id='word_1_132' title='bbox 1908 1677 2083 1732; x_wconf 84' lang='lat' dir='ltr'><strong>eccle-</strong></span> 
     </span>
    </p>
   </div>
   <div class='ocr_carea' id='block_1_19' title="bbox 2182 466 3783 545">
    <p class='ocr_par' dir='ltr' id='par_1_19' title="bbox 2182 466 3783 545">
     <span class='ocr_line' id='line_1_19' title="bbox 2182 466 3783 545; baseline -0.007 -13"><span class='ocrx_word' id='word_1_133' title='bbox 2182 478 2486 545; x_wconf 85' lang='lat' dir='ltr'><strong>pliciauum,</strong></span> <span class='ocrx_word' id='word_1_134' title='bbox 2512 477 2580 533; x_wconf 92' lang='lat' dir='ltr'><strong>de</strong></span> <span class='ocrx_word' id='word_1_135' title='bbox 2607 491 2713 531; x_wconf 92' lang='lat' dir='ltr'><strong>uno</strong></span> <span class='ocrx_word' id='word_1_136' title='bbox 2742 470 3094 541; x_wconf 83' lang='lat' dir='ltr'><strong>Simpliciano</strong></span> <span class='ocrx_word' id='word_1_137' title='bbox 3120 467 3512 523; x_wconf 80' lang='lat' dir='ltr'><strong>Mediolaneusi</strong></span> <span class='ocrx_word' id='word_1_138' title='bbox 3542 466 3783 521; x_wconf 81' lang='lat' dir='ltr'><strong>antiSIite</strong></span> 
     </span>
    </p>
   </div>
   <div class='ocr_carea' id='block_1_20' title="bbox 2180 559 3781 639">
    <p class='ocr_par' dir='ltr' id='par_1_20' title="bbox 2180 559 3781 639">
     <span class='ocr_line' id='line_1_20' title="bbox 2180 559 3781 639; baseline -0.006 -17"><span class='ocrx_word' id='word_1_139' title='bbox 2180 570 2498 639; x_wconf 79' lang='lat' dir='ltr'><strong>accipienda</strong></span> <span class='ocrx_word' id='word_1_140' title='bbox 2549 583 2670 623; x_wconf 92' lang='lat' dir='ltr'><strong>esse</strong></span> <span class='ocrx_word' id='word_1_141' title='bbox 2720 565 2917 620; x_wconf 88' lang='lat' dir='ltr'><strong>merito</strong></span> <span class='ocrx_word' id='word_1_142' title='bbox 2966 560 3371 625; x_wconf 78' lang='lat' dir='ltr'><strong>existimarint;</strong></span> <span class='ocrx_word' id='word_1_143' title='bbox 3430 559 3560 613; x_wconf 88' lang='lat' dir='ltr'><strong>huic</strong></span> <span class='ocrx_word' id='word_1_144' title='bbox 3604 566 3781 613; x_wconf 81' lang='lat' dir='ltr'><strong>tamen</strong></span> 
     </span>
    </p>
   </div>
   <div class='ocr_carea' id='block_1_21' title="bbox 2181 652 3780 725">
    <p class='ocr_par' dir='ltr' id='par_1_21' title="bbox 2181 652 3780 725">
     <span class='ocr_line' id='line_1_21' title="bbox 2181 652 3780 725; baseline -0.006 -9"><span class='ocrx_word' id='word_1_145' title='bbox 2181 665 2467 719; x_wconf 72' lang='lat' dir='ltr'><strong>sententia!</strong></span> <span class='ocrx_word' id='word_1_146' title='bbox 2521 662 2924 721; x_wconf 82' lang='lat' dir='ltr'><strong>intercessere,</strong></span> <span class='ocrx_word' id='word_1_147' title='bbox 2975 658 3207 725; x_wconf 86' lang='lat' dir='ltr'><strong>primum</strong></span> <span class='ocrx_word' id='word_1_148' title='bbox 3252 654 3505 708; x_wconf 87' lang='lat' dir='ltr'><strong>Labbeus</strong></span> <span class='ocrx_word' id='word_1_149' title='bbox 3545 652 3780 707; x_wconf 67' lang='lat' dir='ltr'><strong>Mll‘tPJIln</strong></span> 
     </span>
    </p>
   </div>
   <div class='ocr_carea' id='block_1_22' title="bbox 2186 748 3786 827">
    <p class='ocr_par' dir='ltr' id='par_1_22' title="bbox 2186 748 3786 827">
     <span class='ocr_line' id='line_1_22' title="bbox 2186 748 3786 827; baseline -0.005 -18"><span class='ocrx_word' id='word_1_150' title='bbox 2186 760 2552 826; x_wconf 64' lang='lat' dir='ltr'><strong>perstringens</strong></span> <span class='ocrx_word' id='word_1_151' title='bbox 2573 755 2658 827; x_wconf 85' lang='grc' dir='ltr'><strong>(ι),</strong></span> <span class='ocrx_word' id='word_1_152' title='bbox 2690 753 2890 811; x_wconf 90' lang='lat' dir='ltr'><strong>deinde</strong></span> <span class='ocrx_word' id='word_1_153' title='bbox 2915 751 3125 806; x_wconf 78' lang='lat' dir='ltr'><strong>Natalis</strong></span> <span class='ocrx_word' id='word_1_154' title='bbox 3154 748 3467 805; x_wconf 82' lang='lat' dir='ltr'><strong>Alexander</strong></span> <span class='ocrx_word' id='word_1_155' title='bbox 3497 748 3786 817; x_wconf 84' lang='lat' dir='ltr'><strong>ipsummet</strong></span> 
     </span>
    </p>
   </div>
   <div class='ocr_carea' id='block_1_23' title="bbox 2184 837 3784 912">
    <p class='ocr_par' dir='ltr' id='par_1_23' title="bbox 2184 837 3784 912">
     <span class='ocr_line' id='line_1_23' title="bbox 2184 837 3784 912; baseline -0.008 -10"><span class='ocrx_word' id='word_1_156' title='bbox 2184 852 2458 905; x_wconf 85' lang='lat' dir='ltr'><strong>annalium</strong></span> <span class='ocrx_word' id='word_1_157' title='bbox 2492 849 2990 905; x_wconf 81' lang='lat' dir='ltr'><strong>ecclesiasticarum</strong></span> <span class='ocrx_word' id='word_1_158' title='bbox 3024 854 3307 911; x_wconf 76' lang='lat' dir='ltr'><strong>parentem</strong></span> <span class='ocrx_word' id='word_1_159' title='bbox 3341 855 3632 912; x_wconf 70' lang='lat' dir='ltr'><strong>aggressus</strong></span> <span class='ocrx_word' id='word_1_160' title='bbox 3652 837 3784 910; x_wconf 70' lang='lat' dir='ltr'><strong>(in);</strong></span> 
     </span>
    </p>
   </div>
   <div class='ocr_carea' id='block_1_24' title="bbox 2186 936 3788 1010">
    <p class='ocr_par' dir='ltr' id='par_1_24' title="bbox 2186 936 3788 1010">
     <span class='ocr_line' id='line_1_24' title="bbox 2186 936 3788 1010; baseline -0.005 -13"><span class='ocrx_word' id='word_1_161' title='bbox 2186 960 2245 997; x_wconf 83' lang='lat' dir='ltr'><strong>ea</strong></span> <span class='ocrx_word' id='word_1_162' title='bbox 2277 945 2487 1000; x_wconf 86' lang='lat' dir='ltr'><strong>scilicet</strong></span> <span class='ocrx_word' id='word_1_163' title='bbox 2519 944 2731 998; x_wconf 86' lang='lat' dir='ltr'><strong>ratione</strong></span> <span class='ocrx_word' id='word_1_164' title='bbox 2758 942 2973 997; x_wconf 86' lang='lat' dir='ltr'><strong>ductus.</strong></span> <span class='ocrx_word' id='word_1_165' title='bbox 3006 938 3149 1010; x_wconf 91' lang='lat' dir='ltr'><strong>quod</strong></span> <span class='ocrx_word' id='word_1_166' title='bbox 3182 939 3245 993; x_wconf 91' lang='lat' dir='ltr'><strong>iis</strong></span> <span class='ocrx_word' id='word_1_167' title='bbox 3272 939 3477 1003; x_wconf 81' lang='lat' dir='ltr'><strong>verbis,</strong></span> <span class='ocrx_word' id='word_1_168' title='bbox 3510 936 3583 989; x_wconf 87' lang='lat' dir='ltr'><strong>ad</strong></span> <span class='ocrx_word' id='word_1_169' title='bbox 3610 952 3788 1004; x_wconf 85' lang='lat' dir='ltr'><strong>quem-</strong></span> 
     </span>
    </p>
   </div>
   <div class='ocr_carea' id='block_1_25' title="bbox 2186 1028 3787 1109">
    <p class='ocr_par' dir='ltr' id='par_1_25' title="bbox 2186 1028 3787 1109">
     <span class='ocr_line' id='line_1_25' title="bbox 2186 1028 3787 1109; baseline -0.006 -17"><span class='ocrx_word' id='word_1_170' title='bbox 2186 1039 2307 1094; x_wconf 97' lang='lat' dir='ltr'><strong>dam</strong></span> <span class='ocrx_word' id='word_1_171' title='bbox 2354 1039 2795 1109; x_wconf 81' lang='lat' dir='ltr'><strong>Simpliciauum,</strong></span> <span class='ocrx_word' id='word_1_172' title='bbox 2856 1034 3020 1088; x_wconf 88' lang='lat' dir='ltr'><strong>alium</strong></span> <span class='ocrx_word' id='word_1_173' title='bbox 3072 1031 3390 1088; x_wconf 72' lang='lat' dir='ltr'><strong>Gennadius</strong></span> <span class='ocrx_word' id='word_1_174' title='bbox 3444 1028 3700 1084; x_wconf 81' lang='lat' dir='ltr'><strong>indicarit</strong></span> <span class='ocrx_word' id='word_1_175' title='bbox 3753 1042 3787 1082; x_wconf 83' lang='lat' dir='ltr'><strong>a</strong></span> 
     </span>
    </p>
   </div>
   <div class='ocr_carea' id='block_1_26' title="bbox 2185 1121 3789 1199">
    <p class='ocr_par' dir='ltr' id='par_1_26' title="bbox 2185 1121 3789 1199">
     <span class='ocr_line' id='line_1_26' title="bbox 2185 1121 3789 1199; baseline -0.007 -13"><span class='ocrx_word' id='word_1_176' title='bbox 2185 1131 2542 1199; x_wconf 79' lang='lat' dir='ltr'><strong>Simpliciano</strong></span> <span class='ocrx_word' id='word_1_177' title='bbox 2605 1130 2866 1199; x_wconf 86' lang='lat' dir='ltr'><strong>episcopo</strong></span> <span class='ocrx_word' id='word_1_178' title='bbox 2915 1123 3344 1189; x_wconf 83' lang='lat' dir='ltr'><strong>Mediolanensi,</strong></span> <span class='ocrx_word' id='word_1_179' title='bbox 3398 1122 3554 1191; x_wconf 85' lang='lat' dir='ltr'><strong>cujus</strong></span> <span class='ocrx_word' id='word_1_180' title='bbox 3605 1121 3789 1191; x_wconf 81' lang='lat' dir='ltr'><strong>capite</strong></span> 
     </span>
    </p>
   </div>
   <div class='ocr_carea' id='block_1_27' title="bbox 2189 1212 3788 1294">
    <p class='ocr_par' dir='ltr' id='par_1_27' title="bbox 2189 1212 3788 1294">
     <span class='ocr_line' id='line_1_27' title="bbox 2189 1212 3788 1294; baseline -0.006 -16"><span class='ocrx_word' id='word_1_181' title='bbox 2189 1224 2433 1294; x_wconf 82' lang='lat' dir='ltr'><strong>proxime</strong></span> <span class='ocrx_word' id='word_1_182' title='bbox 2484 1221 2827 1278; x_wconf 84' lang='lat' dir='ltr'><strong>antecedenti</strong></span> <span class='ocrx_word' id='word_1_183' title='bbox 2878 1235 2999 1275; x_wconf 92' lang='lat' dir='ltr'><strong>cum</strong></span> <span class='ocrx_word' id='word_1_184' title='bbox 3054 1218 3211 1272; x_wconf 90' lang='lat' dir='ltr'><strong>laude</strong></span> <span class='ocrx_word' id='word_1_185' title='bbox 3286 1217 3626 1271; x_wconf 78' lang='lat' dir='ltr'><strong>meminerat.</strong></span> <span class='ocrx_word' id='word_1_186' title='bbox 3715 1212 3788 1269; x_wconf 79' lang='lat' dir='ltr'><strong>At</strong></span> 
     </span>
    </p>
   </div>
   <div class='ocr_carea' id='block_1_28' title="bbox 2188 1306 3788 1383">
    <p class='ocr_par' dir='ltr' id='par_1_28' title="bbox 2188 1306 3788 1383">
     <span class='ocr_line' id='line_1_28' title="bbox 2188 1306 3788 1383; baseline -0.006 -15"><span class='ocrx_word' id='word_1_187' title='bbox 2188 1318 2359 1370; x_wconf 89' lang='lat' dir='ltr'><strong>virum</strong></span> <span class='ocrx_word' id='word_1_188' title='bbox 2392 1330 2663 1369; x_wconf 89' lang='lat' dir='ltr'><strong>summum</strong></span> <span class='ocrx_word' id='word_1_189' title='bbox 2696 1313 2913 1383; x_wconf 84' lang='lat' dir='ltr'><strong>egregie</strong></span> <span class='ocrx_word' id='word_1_190' title='bbox 2941 1309 3189 1366; x_wconf 77' lang='lat' dir='ltr'><strong>defendit</strong></span> <span class='ocrx_word' id='word_1_191' title='bbox 3231 1308 3477 1363; x_wconf 90' lang='lat' dir='ltr'><strong>eruditus</strong></span> <span class='ocrx_word' id='word_1_192' title='bbox 3503 1306 3788 1361; x_wconf 79' lang='lat' dir='ltr'><strong>Tartarot-</strong></span> 
     </span>
    </p>
   </div>
   <div class='ocr_carea' id='block_1_29' title="bbox 2193 1399 3793 1479">
    <p class='ocr_par' dir='ltr' id='par_1_29' title="bbox 2193 1399 3793 1479">
     <span class='ocr_line' id='line_1_29' title="bbox 2193 1399 3793 1479; baseline -0.008 -14"><span class='ocrx_word' id='word_1_193' title='bbox 2193 1422 2277 1465; x_wconf 84' lang='lat' dir='ltr'><strong>tus</strong></span> <span class='ocrx_word' id='word_1_194' title='bbox 2306 1410 2421 1479; x_wconf 80' lang='lat' dir='ltr'><strong>(u);</strong></span> <span class='ocrx_word' id='word_1_195' title='bbox 2449 1410 2606 1479; x_wconf 88' lang='lat' dir='ltr'><strong>cujus</strong></span> <span class='ocrx_word' id='word_1_196' title='bbox 2639 1418 2923 1476; x_wconf 82' lang='lat' dir='ltr'><strong>prapterea</strong></span> <span class='ocrx_word' id='word_1_197' title='bbox 2965 1407 3128 1459; x_wconf 88' lang='lat' dir='ltr'><strong>verba</strong></span> <span class='ocrx_word' id='word_1_198' title='bbox 3187 1404 3274 1457; x_wconf 91' lang='lat' dir='ltr'><strong>bic</strong></span> <span class='ocrx_word' id='word_1_199' title='bbox 3304 1400 3617 1455; x_wconf 74' lang='lat' dir='ltr'><strong>describere</strong></span> <span class='ocrx_word' id='word_1_200' title='bbox 3644 1399 3793 1468; x_wconf 77' lang='lat' dir='ltr'><strong>juve-</strong></span> 
     </span>
    </p>
   </div>
   <div class='ocr_carea' id='block_1_30' title="bbox 2193 1493 3791 1563">
    <p class='ocr_par' dir='ltr' id='par_1_30' title="bbox 2193 1493 3791 1563">
     <span class='ocr_line' id='line_1_30' title="bbox 2193 1493 3791 1563; baseline -0.007 -5"><span class='ocrx_word' id='word_1_201' title='bbox 2193 1504 2296 1558; x_wconf 91' lang='lat' dir='ltr'><strong>rit:</strong></span> <span class='ocrx_word' id='word_1_202' title='bbox 2350 1521 2367 1555; x_wconf 80' lang='grc' dir='ltr'><strong>ι</strong></span> <span class='ocrx_word' id='word_1_203' title='bbox 2399 1501 2567 1556; x_wconf 82' lang='lat' dir='ltr'><strong>Nimis</strong></span> <span class='ocrx_word' id='word_1_204' title='bbox 2598 1499 2835 1563; x_wconf 78' lang='lat' dir='ltr'><strong>inﬁrma,</strong></span> <span class='ocrx_word' id='word_1_205' title='bbox 2875 1499 3068 1563; x_wconf 87' lang='lat' dir='ltr'><strong>inqttit,</strong></span> <span class='ocrx_word' id='word_1_206' title='bbox 3104 1507 3185 1550; x_wconf 85' lang='lat' dir='ltr'><strong>est</strong></span> <span class='ocrx_word' id='word_1_207' title='bbox 3219 1494 3530 1562; x_wconf 73' lang='lat' dir='ltr'><strong>bujusmodi</strong></span> <span class='ocrx_word' id='word_1_208' title='bbox 3559 1493 3791 1560; x_wconf 78' lang='lat' dir='ltr'><strong>(Natalis</strong></span> 
     </span>
    </p>
   </div>
   <div class='ocr_carea' id='block_1_31' title="bbox 2194 1584 3791 1663">
    <p class='ocr_par' dir='ltr' id='par_1_31' title="bbox 2194 1584 3791 1663">
     <span class='ocr_line' id='line_1_31' title="bbox 2194 1584 3791 1663; baseline -0.008 -12"><span class='ocrx_word' id='word_1_209' title='bbox 2194 1594 2524 1663; x_wconf 68' lang='lat' dir='ltr'><strong>Alexandri)</strong></span> <span class='ocrx_word' id='word_1_210' title='bbox 2574 1590 2992 1663; x_wconf 81' lang='lat' dir='ltr'><strong>argumentatio.</strong></span> <span class='ocrx_word' id='word_1_211' title='bbox 3043 1588 3392 1651; x_wconf 86' lang='lat' dir='ltr'><strong>Gennadius,</strong></span> <span class='ocrx_word' id='word_1_212' title='bbox 3446 1596 3501 1640; x_wconf 91' lang='lat' dir='ltr'><strong>ut</strong></span> <span class='ocrx_word' id='word_1_213' title='bbox 3546 1584 3791 1651; x_wconf 87' lang='lat' dir='ltr'><strong>videtur,</strong></span> 
     </span>
    </p>
   </div>
   <div class='ocr_carea' id='block_1_32' title="bbox 2194 1679 3787 1758">
    <p class='ocr_par' dir='ltr' id='par_1_32' title="bbox 2194 1679 3787 1758">
     <span class='ocr_line' id='line_1_32' title="bbox 2194 1679 3787 1758; baseline -0.008 -16"><span class='ocrx_word' id='word_1_214' title='bbox 2194 1688 2373 1758; x_wconf 81' lang='lat' dir='ltr'><strong>Vigilii</strong></span> <span class='ocrx_word' id='word_1_215' title='bbox 2408 1685 2683 1754; x_wconf 83' lang='lat' dir='ltr'><strong>Epistolas</strong></span> <span class='ocrx_word' id='word_1_216' title='bbox 2712 1700 2817 1738; x_wconf 88' lang='lat' dir='ltr'><strong>non</strong></span> <span class='ocrx_word' id='word_1_217' title='bbox 2853 1683 3079 1752; x_wconf 79' lang='lat' dir='ltr'><strong>legerat.</strong></span> <span class='ocrx_word' id='word_1_218' title='bbox 3124 1682 3323 1735; x_wconf 90' lang='lat' dir='ltr'><strong>Demus</strong></span> <span class='ocrx_word' id='word_1_219' title='bbox 3356 1680 3517 1733; x_wconf 86' lang='lat' dir='ltr'><strong>etiam</strong></span> <span class='ocrx_word' id='word_1_220' title='bbox 3553 1679 3787 1748; x_wconf 85' lang='lat' dir='ltr'><strong>legisse:</strong></span> 
     </span>
    </p>
   </div>
   <div class='ocr_carea' id='block_1_33' title="bbox 420 1768 3792 1851">
    <p class='ocr_par' dir='ltr' id='par_1_33' title="bbox 420 1768 3792 1851">
     <span class='ocr_line' id='line_1_33' title="bbox 420 1768 3792 1851; baseline -0.009 -9"><span class='ocrx_word' id='word_1_221' title='bbox 420 1784 430 1793; x_wconf 72' lang='grc'><strong>“</strong></span> <span class='ocrx_word' id='word_1_222' title='bbox 476 1790 610 1843; x_wconf 86' lang='lat' dir='ltr'><strong>siam</strong></span> <span class='ocrx_word' id='word_1_223' title='bbox 636 1785 1005 1841; x_wconf 73' lang='lat' dir='ltr'><strong>Tridentinnn</strong></span> <span class='ocrx_word' id='word_1_224' title='bbox 1032 1782 1321 1851; x_wconf 73' lang='lat' dir='ltr'><strong>regendam</strong></span> <span class='ocrx_word' id='word_1_225' title='bbox 1353 1780 1511 1832; x_wconf 90' lang='lat' dir='ltr'><strong>luerit</strong></span> <span class='ocrx_word' id='word_1_226' title='bbox 1536 1785 1846 1843; x_wconf 86' lang='lat' dir='ltr'><strong>assumptus</strong></span> <span class='ocrx_word' id='word_1_227' title='bbox 1878 1788 1891 1823; x_wconf 90' lang='lat'><strong>:</strong></span> <span class='ocrx_word' id='word_1_228' title='bbox 1926 1768 2087 1824; x_wconf 88' lang='lat' dir='ltr'><strong>relin-</strong></span> <span class='ocrx_word' id='word_1_229' title='bbox 2118 1771 2163 1832; x_wconf 86' lang='lat' dir='ltr'><strong>B</strong></span> <span class='ocrx_word' id='word_1_230' title='bbox 2193 1788 2531 1848; x_wconf 58' lang='lat' dir='ltr'><strong>compertum</strong></span> <span class='ocrx_word' id='word_1_231' title='bbox 2577 1787 2755 1832; x_wconf 56' lang='lat' dir='ltr'><strong>tamen</strong></span> <span class='ocrx_word' id='word_1_232' title='bbox 2806 1790 2912 1828; x_wconf 82' lang='grc' dir='ltr'>ηοη</span> <span class='ocrx_word' id='word_1_233' title='bbox 2955 1774 3174 1839; x_wconf 61' lang='lat' dir='ltr'><strong>habuit,</strong></span> <span class='ocrx_word' id='word_1_234' title='bbox 3226 1771 3291 1826; x_wconf 70' lang='lat' dir='ltr'><strong>ad</strong></span> <span class='ocrx_word' id='word_1_235' title='bbox 3324 1787 3448 1825; x_wconf 76' lang='lat' dir='ltr'><strong>eum</strong></span> <span class='ocrx_word' id='word_1_236' title='bbox 3482 1770 3792 1840; x_wconf 74' lang='lat' dir='ltr'><strong>Simplicia-</strong></span> 
     </span>
    </p>
   </div>
   <div class='ocr_carea' id='block_1_34' title="bbox 486 1862 2087 1948">
    <p class='ocr_par' dir='ltr' id='par_1_34' title="bbox 486 1862 2087 1948">
     <span class='ocr_line' id='line_1_34' title="bbox 486 1862 2087 1948; baseline -0.012 -15"><span class='ocrx_word' id='word_1_237' title='bbox 486 1884 688 1948; x_wconf 83' lang='lat' dir='ltr'><strong>quitur,</strong></span> <span class='ocrx_word' id='word_1_238' title='bbox 721 1888 778 1932; x_wconf 93' lang='lat' dir='ltr'><strong>ut</strong></span> <span class='ocrx_word' id='word_1_239' title='bbox 805 1886 953 1930; x_wconf 71' lang='lat' dir='ltr'><strong>ortus</strong></span> <span class='ocrx_word' id='word_1_240' title='bbox 984 1874 1144 1929; x_wconf 83' lang='lat' dir='ltr'><strong>fuerit</strong></span> <span class='ocrx_word' id='word_1_241' title='bbox 1169 1889 1311 1926; x_wconf 90' lang='lat' dir='ltr'><strong>anno</strong></span> <span class='ocrx_word' id='word_1_242' title='bbox 1337 1884 1570 1931; x_wconf 64' lang='lat' dir='ltr'><strong>cccuxv,</strong></span> <span class='ocrx_word' id='word_1_243' title='bbox 1602 1866 1825 1936; x_wconf 78' lang='lat' dir='ltr'><strong>ejuSquc</strong></span> <span class='ocrx_word' id='word_1_244' title='bbox 1869 1862 2087 1917; x_wconf 87' lang='lat' dir='ltr'><strong>ordina-</strong></span> 
     </span>
    </p>
   </div>
   <div class='ocr_carea' id='block_1_35' title="bbox 480 1960 2089 2026">
    <p class='ocr_par' dir='ltr' id='par_1_35' title="bbox 480 1960 2089 2026">
     <span class='ocr_line' id='line_1_35' title="bbox 480 1960 2089 2026; baseline -0.013 -1"><span class='ocrx_word' id='word_1_245' title='bbox 480 1972 557 2025; x_wconf 90' lang='lat' dir='ltr'><strong>tio</strong></span> <span class='ocrx_word' id='word_1_246' title='bbox 582 1973 635 2024; x_wconf 92' lang='lat' dir='ltr'><strong>in</strong></span> <span class='ocrx_word' id='word_1_247' title='bbox 662 1984 862 2024; x_wconf 87' lang='lat' dir='ltr'><strong>annum</strong></span> <span class='ocrx_word' id='word_1_248' title='bbox 886 1982 1160 2023; x_wconf 66' lang='lat' dir='ltr'><strong>ccccxxxv</strong></span> <span class='ocrx_word' id='word_1_249' title='bbox 1191 1964 1459 2021; x_wconf 67' lang='lat' dir='ltr'><strong>inriderit,</strong></span> <span class='ocrx_word' id='word_1_250' title='bbox 1491 1960 1737 2026; x_wconf 89' lang='lat' dir='ltr'><strong>adeoque</strong></span> <span class='ocrx_word' id='word_1_251' title='bbox 1774 1970 1917 2008; x_wconf 88' lang='lat' dir='ltr'><strong>anno</strong></span> <span class='ocrx_word' id='word_1_252' title='bbox 1962 1962 2089 2006; x_wconf 70' lang='lat' dir='ltr'><strong>mta-</strong></span> 
     </span>
    </p>
   </div>
   <div class='ocr_carea' id='block_1_36' title="bbox 480 2044 2088 2129">
    <p class='ocr_par' dir='ltr' id='par_1_36' title="bbox 480 2044 2088 2129">
     <span class='ocr_line' id='line_1_36' title="bbox 480 2044 2088 2129; baseline -0.014 -11"><span class='ocrx_word' id='word_1_253' title='bbox 480 2064 549 2118; x_wconf 90' lang='lat' dir='ltr'><strong>tis</strong></span> <span class='ocrx_word' id='word_1_254' title='bbox 588 2079 699 2115; x_wconf 82' lang='lat' dir='ltr'><strong>suae</strong></span> <span class='ocrx_word' id='word_1_255' title='bbox 742 2078 809 2115; x_wconf 69' lang='grc' dir='ltr'>ιι.</span> <span class='ocrx_word' id='word_1_256' title='bbox 858 2070 1062 2129; x_wconf 83' lang='lat' dir='ltr'><strong>martyr</strong></span> <span class='ocrx_word' id='word_1_257' title='bbox 1089 2074 1119 2112; x_wconf 94' lang='lat' dir='ltr'><strong>e</strong></span> <span class='ocrx_word' id='word_1_258' title='bbox 1151 2057 1284 2108; x_wconf 74' lang='lat' dir='ltr'><strong>vivis</strong></span> <span class='ocrx_word' id='word_1_259' title='bbox 1331 2050 1644 2108; x_wconf 72' lang='lat' dir='ltr'><strong>excessi-rit.</strong></span> <span class='ocrx_word' id='word_1_260' title='bbox 1680 2047 1833 2102; x_wconf 86' lang='lat' dir='ltr'><strong>Haud</strong></span> <span class='ocrx_word' id='word_1_261' title='bbox 1871 2044 2088 2115; x_wconf 78' lang='lat' dir='ltr'><strong>quidem</strong></span> 
     </span>
    </p>
   </div>
   <div class='ocr_carea' id='block_1_37' title="bbox 484 2139 2085 2223">
    <p class='ocr_par' dir='ltr' id='par_1_37' title="bbox 484 2139 2085 2223">
     <span class='ocr_line' id='line_1_37' title="bbox 484 2139 2085 2223; baseline -0.016 -10"><span class='ocrx_word' id='word_1_262' title='bbox 484 2173 573 2213; x_wconf 85' lang='lat' dir='ltr'><strong>tne</strong></span> <span class='ocrx_word' id='word_1_263' title='bbox 618 2154 769 2223; x_wconf 81' lang='lat' dir='ltr'><strong>fugit,</strong></span> <span class='ocrx_word' id='word_1_264' title='bbox 826 2152 1198 2206; x_wconf 76' lang='lat' dir='ltr'><strong>domissimum</strong></span> <span class='ocrx_word' id='word_1_265' title='bbox 1250 2144 1618 2200; x_wconf 79' lang='lat' dir='ltr'><strong>lllabilloniuni</strong></span> <span class='ocrx_word' id='word_1_266' title='bbox 1662 2139 1931 2211; x_wconf 82' lang='lat' dir='ltr'><strong>quoddam</strong></span> <span class='ocrx_word' id='word_1_267' title='bbox 1983 2151 2085 2189; x_wconf 85' lang='lat' dir='ltr'><strong>ms.</strong></span> 
     </span>
    </p>
   </div>
   <div class='ocr_carea' id='block_1_38' title="bbox 479 2230 2087 2317">
    <p class='ocr_par' dir='ltr' id='par_1_38' title="bbox 479 2230 2087 2317">
     <span class='ocr_line' id='line_1_38' title="bbox 479 2230 2087 2317; baseline -0.016 -13"><span class='ocrx_word' id='word_1_268' title='bbox 479 2249 759 2317; x_wconf 79' lang='lat' dir='ltr'><strong>exemplar</strong></span> <span class='ocrx_word' id='word_1_269' title='bbox 792 2247 1043 2300; x_wconf 85' lang='lat' dir='ltr'><strong>Aetorutn</strong></span> <span class='ocrx_word' id='word_1_270' title='bbox 1093 2239 1335 2308; x_wconf 80' lang='lat' dir='ltr'><strong>ejusdem</strong></span> <span class='ocrx_word' id='word_1_271' title='bbox 1376 2235 1561 2304; x_wconf 83' lang='lat' dir='ltr'><strong>Vigilii</strong></span> <span class='ocrx_word' id='word_1_272' title='bbox 1597 2231 1949 2300; x_wconf 79' lang='lat' dir='ltr'><strong>conSpcxisse</strong></span> <span class='ocrx_word' id='word_1_273' title='bbox 1989 2230 2087 2296; x_wconf 77' lang='grc' dir='ltr'><strong>(ε),</strong></span> 
     </span>
    </p>
   </div>
   <div class='ocr_carea' id='block_1_39' title="bbox 486 2320 2091 2407">
    <p class='ocr_par' dir='ltr' id='par_1_39' title="bbox 486 2320 2091 2407">
     <span class='ocr_line' id='line_1_39' title="bbox 486 2320 2091 2407; baseline -0.016 -12"><span class='ocrx_word' id='word_1_274' title='bbox 486 2339 588 2395; x_wconf 89' lang='lat' dir='ltr'><strong>sub</strong></span> <span class='ocrx_word' id='word_1_275' title='bbox 614 2351 841 2407; x_wconf 86' lang='lat' dir='ltr'><strong>quorum</strong></span> <span class='ocrx_word' id='word_1_276' title='bbox 871 2336 1031 2388; x_wconf 87' lang='lat' dir='ltr'><strong>linem</strong></span> <span class='ocrx_word' id='word_1_277' title='bbox 1070 2333 1263 2401; x_wconf 76' lang='lat' dir='ltr'><strong>legitur</strong></span> <span class='ocrx_word' id='word_1_278' title='bbox 1297 2328 1473 2399; x_wconf 80' lang='lat' dir='ltr'><strong>egiSse</strong></span> <span class='ocrx_word' id='word_1_279' title='bbox 1525 2327 1715 2379; x_wconf 82' lang='lat' dir='ltr'><strong>beatus</strong></span> <span class='ocrx_word' id='word_1_280' title='bbox 1745 2331 1947 2391; x_wconf 83' lang='lat' dir='ltr'><strong>martyr</strong></span> <span class='ocrx_word' id='word_1_281' title='bbox 1984 2320 2091 2384; x_wconf 76' lang='lat' dir='ltr'><strong>epi-</strong></span> 
     </span>
    </p>
   </div>
   <div class='ocr_carea' id='block_1_40' title="bbox 489 2416 2090 2501">
    <p class='ocr_par' dir='ltr' id='par_1_40' title="bbox 489 2416 2090 2501">
     <span class='ocr_line' id='line_1_40' title="bbox 489 2416 2090 2501; baseline -0.012 -16"><span class='ocrx_word' id='word_1_282' title='bbox 489 2438 756 2501; x_wconf 82' lang='lat' dir='ltr'><strong>scopatum</strong></span> <span class='ocrx_word' id='word_1_283' title='bbox 780 2428 831 2481; x_wconf 81' lang='lat' dir='ltr'><strong>in</strong></span> <span class='ocrx_word' id='word_1_284' title='bbox 852 2428 975 2479; x_wconf 81' lang='lat' dir='ltr'><strong>urbe</strong></span> <span class='ocrx_word' id='word_1_285' title='bbox 992 2423 1295 2477; x_wconf 86' lang='lat' dir='ltr'><strong>Tridentina</strong></span> <span class='ocrx_word' id='word_1_286' title='bbox 1320 2435 1392 2474; x_wconf 75' lang='lat' dir='ltr'><strong>xu</strong></span> <span class='ocrx_word' id='word_1_287' title='bbox 1413 2433 1597 2472; x_wconf 86' lang='lat' dir='ltr'><strong>annos.</strong></span> <span class='ocrx_word' id='word_1_288' title='bbox 1627 2416 1847 2480; x_wconf 86' lang='lat' dir='ltr'><strong>Verum,</strong></span> <span class='ocrx_word' id='word_1_289' title='bbox 1868 2424 2090 2482; x_wconf 75' lang='lat' dir='ltr'><strong>praeter-</strong></span> 
     </span>
    </p>
   </div>
   <div class='ocr_carea' id='block_1_41' title="bbox 483 2506 2090 2594">
    <p class='ocr_par' dir='ltr' id='par_1_41' title="bbox 483 2506 2090 2594">
     <span class='ocr_line' id='line_1_41' title="bbox 483 2506 2090 2594; baseline -0.014 -15"><span class='ocrx_word' id='word_1_290' title='bbox 483 2539 646 2594; x_wconf 90' lang='lat' dir='ltr'><strong>quam</strong></span> <span class='ocrx_word' id='word_1_291' title='bbox 685 2519 830 2591; x_wconf 92' lang='lat' dir='ltr'><strong>quod</strong></span> <span class='ocrx_word' id='word_1_292' title='bbox 861 2518 1016 2573; x_wconf 75' lang='lat' dir='ltr'><strong>facile</strong></span> <span class='ocrx_word' id='word_1_293' title='bbox 1061 2519 1115 2571; x_wconf 91' lang='lat' dir='ltr'><strong>in</strong></span> <span class='ocrx_word' id='word_1_294' title='bbox 1158 2528 1442 2569; x_wconf 89' lang='lat' dir='ltr'><strong>numerum</strong></span> <span class='ocrx_word' id='word_1_295' title='bbox 1474 2524 1735 2564; x_wconf 89' lang='lat' dir='ltr'><strong>annorum</strong></span> <span class='ocrx_word' id='word_1_296' title='bbox 1767 2522 1921 2561; x_wconf 88' lang='lat' dir='ltr'><strong>error</strong></span> <span class='ocrx_word' id='word_1_297' title='bbox 1952 2506 2090 2559; x_wconf 88' lang='lat' dir='ltr'><strong>irre-</strong></span> 
     </span>
    </p>
   </div>
   <div class='ocr_carea' id='block_1_42' title="bbox 482 2598 2088 2688">
    <p class='ocr_par' dir='ltr' id='par_1_42' title="bbox 482 2598 2088 2688">
     <span class='ocr_line' id='line_1_42' title="bbox 482 2598 2088 2688; baseline -0.013 -15"><span class='ocrx_word' id='word_1_298' title='bbox 482 2634 611 2688; x_wconf 82' lang='lat' dir='ltr'><strong>pere</strong></span> <span class='ocrx_word' id='word_1_299' title='bbox 660 2614 865 2685; x_wconf 84' lang='lat' dir='ltr'><strong>potuit;</strong></span> <span class='ocrx_word' id='word_1_300' title='bbox 917 2629 1021 2682; x_wconf 92' lang='lat' dir='ltr'><strong>quo</strong></span> <span class='ocrx_word' id='word_1_301' title='bbox 1071 2611 1252 2665; x_wconf 89' lang='lat' dir='ltr'><strong>minus</strong></span> <span class='ocrx_word' id='word_1_302' title='bbox 1291 2607 1510 2661; x_wconf 81' lang='lat' dir='ltr'><strong>demum</strong></span> <span class='ocrx_word' id='word_1_303' title='bbox 1554 2604 1704 2657; x_wconf 88' lang='lat' dir='ltr'><strong>liisce</strong></span> <span class='ocrx_word' id='word_1_304' title='bbox 1744 2600 1891 2654; x_wconf 82' lang='lat' dir='ltr'><strong>Actis</strong></span> <span class='ocrx_word' id='word_1_305' title='bbox 1930 2598 2088 2652; x_wconf 89' lang='lat' dir='ltr'><strong>tidem</strong></span> 
     </span>
    </p>
   </div>
   <div class='ocr_carea' id='block_1_43' title="bbox 482 2686 2086 2773">
    <p class='ocr_par' dir='ltr' id='par_1_43' title="bbox 482 2686 2086 2773">
     <span class='ocr_line' id='line_1_43' title="bbox 482 2686 2086 2773; baseline -0.014 -8"><span class='ocrx_word' id='word_1_306' title='bbox 482 2686 859 2767; x_wconf 74' lang='lat' dir='ltr'><strong>adhibeamus,</strong></span> <span class='ocrx_word' id='word_1_307' title='bbox 904 2703 994 2757; x_wconf 90' lang='lat' dir='ltr'><strong>illa</strong></span> <span class='ocrx_word' id='word_1_308' title='bbox 1028 2686 1366 2773; x_wconf 83' lang='lat' dir='ltr'><strong>potissimum</strong></span> <span class='ocrx_word' id='word_1_309' title='bbox 1417 2695 1703 2766; x_wconf 83' lang='lat' dir='ltr'><strong>prohibent</strong></span> <span class='ocrx_word' id='word_1_310' title='bbox 1754 2707 1870 2762; x_wconf 76' lang='lat' dir='ltr'><strong>qua:</strong></span> <span class='ocrx_word' id='word_1_311' title='bbox 1902 2689 2086 2744; x_wconf 83' lang='lat' dir='ltr'><strong>hacte-</strong></span> 
     </span>
    </p>
   </div>
   <div class='ocr_carea' id='block_1_44' title="bbox 484 2797 1027 2860">
    <p class='ocr_par' dir='ltr' id='par_1_44' title="bbox 484 2797 1027 2860">
     <span class='ocr_line' id='line_1_44' title="bbox 484 2797 1027 2860; baseline -0.018 -2"><span class='ocrx_word' id='word_1_312' title='bbox 484 2818 588 2860; x_wconf 89' lang='lat' dir='ltr'><strong>nus</strong></span> <span class='ocrx_word' id='word_1_313' title='bbox 618 2797 1027 2855; x_wconf 88' lang='lat' dir='ltr'><strong>edisseruimus.</strong></span> 
     </span>
    </p>
   </div>
   <div class='ocr_carea' id='block_1_45' title="bbox 546 2876 2089 2956">
    <p class='ocr_par' dir='ltr' id='par_1_45' title="bbox 546 2876 2089 2956">
     <span class='ocr_line' id='line_1_45' title="bbox 546 2876 2089 2956; baseline -0.011 -7"><span class='ocrx_word' id='word_1_314' title='bbox 546 2893 638 2949; x_wconf 76' lang='grc' dir='ltr'><strong>ιν.</strong></span> <span class='ocrx_word' id='word_1_315' title='bbox 683 2892 831 2945; x_wconf 86' lang='lat' dir='ltr'><strong>Nunc</strong></span> <span class='ocrx_word' id='word_1_316' title='bbox 883 2906 1011 2943; x_wconf 87' lang='lat' dir='ltr'><strong>vero</strong></span> <span class='ocrx_word' id='word_1_317' title='bbox 1060 2894 1345 2956; x_wconf 63' lang='lat' dir='ltr'><strong>superest,</strong></span> <span class='ocrx_word' id='word_1_318' title='bbox 1402 2890 1462 2938; x_wconf 91' lang='lat' dir='ltr'><strong>ut</strong></span> <span class='ocrx_word' id='word_1_319' title='bbox 1508 2882 1577 2936; x_wconf 88' lang='lat' dir='ltr'><strong>de</strong></span> <span class='ocrx_word' id='word_1_320' title='bbox 1624 2878 1797 2935; x_wconf 90' lang='lat' dir='ltr'><strong>nostri</strong></span> <span class='ocrx_word' id='word_1_321' title='bbox 1837 2876 2089 2947; x_wconf 69' lang='lat' dir='ltr'><strong>praesulis</strong></span> 
     </span>
    </p>
   </div>
   <div class='ocr_carea' id='block_1_46' title="bbox 481 2971 2092 3043">
    <p class='ocr_par' dir='ltr' id='par_1_46' title="bbox 481 2971 2092 3043">
     <span class='ocr_line' id='line_1_46' title="bbox 481 2971 2092 3043; baseline -0.014 0"><span class='ocrx_word' id='word_1_322' title='bbox 481 2986 784 3043; x_wconf 87' lang='lat' dir='ltr'><strong>Tridentini</strong></span> <span class='ocrx_word' id='word_1_323' title='bbox 817 2984 1120 3037; x_wconf 90' lang='lat' dir='ltr'><strong>litterarum</strong></span> <span class='ocrx_word' id='word_1_324' title='bbox 1156 2976 1524 3032; x_wconf 66' lang='lat' dir='ltr'><strong>monumentis</strong></span> <span class='ocrx_word' id='word_1_325' title='bbox 1553 2989 1860 3029; x_wconf 85' lang='lat' dir='ltr'><strong>sermonem</strong></span> <span class='ocrx_word' id='word_1_326' title='bbox 1888 2971 2092 3025; x_wconf 83' lang='lat' dir='ltr'><strong>habea-</strong></span> 
     </span>
    </p>
   </div>
   <div class='ocr_carea' id='block_1_47' title="bbox 480 3064 2090 3139">
    <p class='ocr_par' dir='ltr' id='par_1_47' title="bbox 480 3064 2090 3139">
     <span class='ocr_line' id='line_1_47' title="bbox 480 3064 2090 3139; baseline -0.012 -4"><span class='ocrx_word' id='word_1_327' title='bbox 480 3099 622 3137; x_wconf 89' lang='lat' dir='ltr'><strong>nnts.</strong></span> <span class='ocrx_word' id='word_1_328' title='bbox 659 3081 737 3135; x_wconf 90' lang='lat' dir='ltr'><strong>De</strong></span> <span class='ocrx_word' id='word_1_329' title='bbox 768 3079 851 3133; x_wconf 88' lang='lat' dir='ltr'><strong>his</strong></span> <span class='ocrx_word' id='word_1_330' title='bbox 883 3086 1063 3131; x_wconf 88' lang='lat' dir='ltr'><strong>autem</strong></span> <span class='ocrx_word' id='word_1_331' title='bbox 1098 3075 1178 3130; x_wconf 91' lang='lat' dir='ltr'><strong>sic</strong></span> <span class='ocrx_word' id='word_1_332' title='bbox 1210 3071 1528 3129; x_wconf 82' lang='lat' dir='ltr'><strong>Gennadius</strong></span> <span class='ocrx_word' id='word_1_333' title='bbox 1559 3070 1637 3139; x_wconf 81' lang='grc' dir='ltr'><strong>(ά)</strong></span> <span class='ocrx_word' id='word_1_334' title='bbox 1671 3087 1682 3122; x_wconf 87' lang='grc'>;</span> <span class='ocrx_word' id='word_1_335' title='bbox 1728 3066 1949 3138; x_wconf 81' lang='lat' dir='ltr'><strong>Vigilius</strong></span> <span class='ocrx_word' id='word_1_336' title='bbox 1980 3064 2090 3135; x_wconf 82' lang='lat' dir='ltr'><strong>epi-</strong></span> 
     </span>
    </p>
   </div>
   <div class='ocr_carea' id='block_1_48' title="bbox 2193 1862 3791 1939">
    <p class='ocr_par' dir='ltr' id='par_1_48' title="bbox 2193 1862 3791 1939">
     <span class='ocr_line' id='line_1_48' title="bbox 2193 1862 3791 1939; baseline -0.005 -14"><span class='ocrx_word' id='word_1_337' title='bbox 2193 1889 2321 1926; x_wconf 90' lang='lat' dir='ltr'><strong>nunt</strong></span> <span class='ocrx_word' id='word_1_338' title='bbox 2350 1870 2420 1925; x_wconf 90' lang='lat' dir='ltr'><strong>de</strong></span> <span class='ocrx_word' id='word_1_339' title='bbox 2446 1886 2552 1937; x_wconf 87' lang='lat' dir='ltr'><strong>quo</strong></span> <span class='ocrx_word' id='word_1_340' title='bbox 2583 1870 2760 1939; x_wconf 88' lang='lat' dir='ltr'><strong>capite</strong></span> <span class='ocrx_word' id='word_1_341' title='bbox 2799 1866 3044 1937; x_wconf 78' lang='lat' dir='ltr'><strong>proxime</strong></span> <span class='ocrx_word' id='word_1_342' title='bbox 3073 1862 3419 1921; x_wconf 81' lang='lat' dir='ltr'><strong>antecedenti</strong></span> <span class='ocrx_word' id='word_1_343' title='bbox 3462 1863 3791 1918; x_wconf 87' lang='lat' dir='ltr'><strong>ntetitiOuem</strong></span> 
     </span>
    </p>
   </div>
   <div class='ocr_carea' id='block_1_49' title="bbox 2193 1956 3795 2031">
    <p class='ocr_par' dir='ltr' id='par_1_49' title="bbox 2193 1956 3795 2031">
     <span class='ocr_line' id='line_1_49' title="bbox 2193 1956 3795 2031; baseline -0.006 -14"><span class='ocrx_word' id='word_1_344' title='bbox 2193 1966 2396 2018; x_wconf 84' lang='lat' dir='ltr'><strong>fecerat</strong></span> <span class='ocrx_word' id='word_1_345' title='bbox 2424 2002 2437 2025; x_wconf 88' lang='lat'><strong>,</strong></span> <span class='ocrx_word' id='word_1_346' title='bbox 2493 1960 2732 2031; x_wconf 87' lang='lat' dir='ltr'><strong>priorem</strong></span> <span class='ocrx_word' id='word_1_347' title='bbox 2778 1960 2999 2013; x_wconf 87' lang='lat' dir='ltr'><strong>missam</strong></span> <span class='ocrx_word' id='word_1_348' title='bbox 3032 1972 3195 2013; x_wconf 88' lang='lat' dir='ltr'><strong>esse:</strong></span> <span class='ocrx_word' id='word_1_349' title='bbox 3242 1957 3365 2011; x_wconf 90' lang='lat' dir='ltr'><strong>ideo</strong></span> <span class='ocrx_word' id='word_1_350' title='bbox 3407 1956 3476 2010; x_wconf 84' lang='lat' dir='ltr'><strong>ad</strong></span> <span class='ocrx_word' id='word_1_351' title='bbox 3524 1956 3795 2026; x_wconf 83' lang='lat' dir='ltr'><strong>quemdam</strong></span> 
     </span>
    </p>
   </div>
   <div class='ocr_carea' id='block_1_50' title="bbox 2193 2050 3793 2124">
    <p class='ocr_par' dir='ltr' id='par_1_50' title="bbox 2193 2050 3793 2124">
     <span class='ocr_line' id='line_1_50' title="bbox 2193 2050 3793 2124; baseline -0.005 -13"><span class='ocrx_word' id='word_1_352' title='bbox 2193 2058 2346 2112; x_wconf 83' lang='lat' dir='ltr'><strong>dixit.</strong></span> <span class='ocrx_word' id='word_1_353' title='bbox 2403 2054 2522 2111; x_wconf 87' lang='lat' dir='ltr'><strong>Non</strong></span> <span class='ocrx_word' id='word_1_354' title='bbox 2570 2065 2655 2109; x_wconf 86' lang='lat' dir='ltr'><strong>est</strong></span> <span class='ocrx_word' id='word_1_355' title='bbox 2707 2054 2912 2124; x_wconf 85' lang='lat' dir='ltr'><strong>igitur,</strong></span> <span class='ocrx_word' id='word_1_356' title='bbox 2962 2068 3059 2107; x_wconf 89' lang='lat' dir='ltr'><strong>cur</strong></span> <span class='ocrx_word' id='word_1_357' title='bbox 3102 2068 3163 2105; x_wconf 77' lang='lat' dir='ltr'><strong>ea</strong></span> <span class='ocrx_word' id='word_1_358' title='bbox 3219 2053 3288 2105; x_wconf 91' lang='lat' dir='ltr'><strong>de</strong></span> <span class='ocrx_word' id='word_1_359' title='bbox 3340 2064 3503 2105; x_wconf 86' lang='lat' dir='ltr'><strong>causa</strong></span> <span class='ocrx_word' id='word_1_360' title='bbox 3544 2065 3575 2103; x_wconf 87' lang='lat' dir='ltr'><strong>a</strong></span> <span class='ocrx_word' id='word_1_361' title='bbox 3627 2050 3793 2118; x_wconf 87' lang='lat' dir='ltr'><strong>priori</strong></span> 
     </span>
    </p>
   </div>
   <div class='ocr_carea' id='block_1_51' title="bbox 2193 2144 3795 2217">
    <p class='ocr_par' dir='ltr' id='par_1_51' title="bbox 2193 2144 3795 2217">
     <span class='ocr_line' id='line_1_51' title="bbox 2193 2144 3795 2217; baseline -0.005 -12"><span class='ocrx_word' id='word_1_362' title='bbox 2193 2151 2462 2206; x_wconf 82' lang='lat' dir='ltr'><strong>sententia</strong></span> <span class='ocrx_word' id='word_1_363' title='bbox 2497 2148 2856 2204; x_wconf 87' lang='lat' dir='ltr'><strong>recedamus:</strong></span> <span class='ocrx_word' id='word_1_364' title='bbox 2909 2156 3069 2217; x_wconf 88' lang='lat' dir='ltr'><strong>atque</strong></span> <span class='ocrx_word' id='word_1_365' title='bbox 3109 2146 3191 2199; x_wconf 90' lang='lat' dir='ltr'><strong>vel</strong></span> <span class='ocrx_word' id='word_1_366' title='bbox 3222 2147 3293 2198; x_wconf 87' lang='lat' dir='ltr'><strong>ob</strong></span> <span class='ocrx_word' id='word_1_367' title='bbox 3336 2144 3387 2199; x_wconf 92' lang='lat' dir='ltr'><strong>id</strong></span> <span class='ocrx_word' id='word_1_368' title='bbox 3434 2145 3624 2199; x_wconf 82' lang='lat' dir='ltr'><strong>saltem</strong></span> <span class='ocrx_word' id='word_1_369' title='bbox 3670 2159 3795 2213; x_wconf 84' lang='lat' dir='ltr'><strong>par-</strong></span> 
     </span>
    </p>
   </div>
   <div class='ocr_carea' id='block_1_52' title="bbox 2192 2235 3792 2307">
    <p class='ocr_par' dir='ltr' id='par_1_52' title="bbox 2192 2235 3792 2307">
     <span class='ocr_line' id='line_1_52' title="bbox 2192 2235 3792 2307; baseline -0.004 -10"><span class='ocrx_word' id='word_1_370' title='bbox 2192 2245 2424 2298; x_wconf 76' lang='lat' dir='ltr'><strong>crudum</strong></span> <span class='ocrx_word' id='word_1_371' title='bbox 2450 2242 2731 2296; x_wconf 83' lang='lat' dir='ltr'><strong>videbatur</strong></span> <span class='ocrx_word' id='word_1_372' title='bbox 2751 2240 3010 2305; x_wconf 87' lang='lat' dir='ltr'><strong>Baronio,</strong></span> <span class='ocrx_word' id='word_1_373' title='bbox 3034 2238 3178 2307; x_wconf 88' lang='lat' dir='ltr'><strong>quod</strong></span> <span class='ocrx_word' id='word_1_374' title='bbox 3209 2239 3255 2291; x_wconf 85' lang='lat' dir='ltr'><strong>is</strong></span> <span class='ocrx_word' id='word_1_375' title='bbox 3283 2236 3401 2291; x_wconf 67' lang='lat' dir='ltr'><strong>haec</strong></span> <span class='ocrx_word' id='word_1_376' title='bbox 3429 2237 3483 2291; x_wconf 90' lang='lat' dir='ltr'><strong>in</strong></span> <span class='ocrx_word' id='word_1_377' title='bbox 3510 2235 3652 2290; x_wconf 85' lang='lat' dir='ltr'><strong>banc</strong></span> <span class='ocrx_word' id='word_1_378' title='bbox 3677 2251 3792 2290; x_wconf 88' lang='lat' dir='ltr'><strong>rem</strong></span> 
     </span>
    </p>
   </div>
   <div class='ocr_carea' id='block_1_53' title="bbox 2196 2334 3794 2409">
    <p class='ocr_par' dir='ltr' id='par_1_53' title="bbox 2196 2334 3794 2409">
     <span class='ocr_line' id='line_1_53' title="bbox 2196 2334 3794 2409; baseline 0 -21"><span class='ocrx_word' id='word_1_379' title='bbox 2196 2338 2387 2392; x_wconf 83' lang='lat' dir='ltr'><strong>habeat</strong></span> <span class='ocrx_word' id='word_1_380' title='bbox 2417 2338 2494 2408; x_wconf 91' lang='grc' dir='ltr'><strong>(ο)</strong></span> <span class='ocrx_word' id='word_1_381' title='bbox 2520 2356 2531 2390; x_wconf 89' lang='lat'><strong>:</strong></span> <span class='ocrx_word' id='word_1_382' title='bbox 2580 2338 2689 2394; x_wconf 85' lang='lat' dir='ltr'><strong>Sed</strong></span> <span class='ocrx_word' id='word_1_383' title='bbox 2729 2356 2844 2392; x_wconf 87' lang='lat' dir='ltr'><strong>cum</strong></span> <span class='ocrx_word' id='word_1_384' title='bbox 2876 2337 3234 2409; x_wconf 86' lang='lat' dir='ltr'><strong>(Gennadius)</strong></span> <span class='ocrx_word' id='word_1_385' title='bbox 3268 2339 3572 2391; x_wconf 84' lang='lat' dir='ltr'><strong>mentionem</strong></span> <span class='ocrx_word' id='word_1_386' title='bbox 3600 2334 3794 2388; x_wconf 81' lang='lat' dir='ltr'><strong>habens</strong></span> 
     </span>
    </p>
   </div>
   <div class='ocr_carea' id='block_1_54' title="bbox 2195 2424 3795 2497">
    <p class='ocr_par' dir='ltr' id='par_1_54' title="bbox 2195 2424 3795 2497">
     <span class='ocr_line' id='line_1_54' title="bbox 2195 2424 3795 2497; baseline -0.003 -14"><span class='ocrx_word' id='word_1_387' title='bbox 2195 2428 2525 2497; x_wconf 77' lang='lat' dir='ltr'><strong>Simpliciuni</strong></span> <span class='ocrx_word' id='word_1_388' title='bbox 2551 2471 2565 2494; x_wconf 92' lang='lat'><strong>,</strong></span> <span class='ocrx_word' id='word_1_389' title='bbox 2618 2447 2720 2483; x_wconf 82' lang='lat' dir='ltr'><strong>non</strong></span> <span class='ocrx_word' id='word_1_390' title='bbox 2767 2430 2908 2483; x_wconf 82' lang='lat' dir='ltr'><strong>dicat</strong></span> <span class='ocrx_word' id='word_1_391' title='bbox 2954 2446 3069 2484; x_wconf 86' lang='lat' dir='ltr'><strong>eum</strong></span> <span class='ocrx_word' id='word_1_392' title='bbox 3111 2427 3513 2482; x_wconf 76' lang='lat' dir='ltr'><strong>Mediolauensis</strong></span> <span class='ocrx_word' id='word_1_393' title='bbox 3547 2424 3795 2479; x_wconf 71' lang='lat' dir='ltr'><strong>Ecclesia:</strong></span> 
     </span>
    </p>
   </div>
   <div class='ocr_carea' id='block_1_55' title="bbox 2194 2520 3794 2593">
    <p class='ocr_par' dir='ltr' id='par_1_55' title="bbox 2194 2520 3794 2593">
     <span class='ocr_line' id='line_1_55' title="bbox 2194 2520 3794 2593; baseline -0.001 -19"><span class='ocrx_word' id='word_1_394' title='bbox 2194 2524 2350 2593; x_wconf 78' lang='lat' dir='ltr'><strong>fuisse</strong></span> <span class='ocrx_word' id='word_1_395' title='bbox 2376 2523 2707 2590; x_wconf 71' lang='lat' dir='ltr'><strong>episcopum,</strong></span> <span class='ocrx_word' id='word_1_396' title='bbox 2755 2524 2845 2576; x_wconf 86' lang='lat' dir='ltr'><strong>sed</strong></span> <span class='ocrx_word' id='word_1_397' title='bbox 2878 2538 3134 2585; x_wconf 75' lang='lat' dir='ltr'><strong>QUEIDAI</strong></span> <span class='ocrx_word' id='word_1_398' title='bbox 3157 2563 3172 2585; x_wconf 89' lang='lat'><strong>,</strong></span> <span class='ocrx_word' id='word_1_399' title='bbox 3222 2521 3370 2591; x_wconf 84' lang='lat' dir='ltr'><strong>quasi</strong></span> <span class='ocrx_word' id='word_1_400' title='bbox 3409 2522 3655 2574; x_wconf 79' lang='lat' dir='ltr'><strong>incertum</strong></span> <span class='ocrx_word' id='word_1_401' title='bbox 3680 2520 3794 2583; x_wconf 82' lang='lat' dir='ltr'><strong>eius</strong></span> 
     </span>
    </p>
   </div>
   <div class='ocr_carea' id='block_1_56' title="bbox 2192 2611 3795 2683">
    <p class='ocr_par' dir='ltr' id='par_1_56' title="bbox 2192 2611 3795 2683">
     <span class='ocr_line' id='line_1_56' title="bbox 2192 2611 3795 2683; baseline -0.002 -16"><span class='ocrx_word' id='word_1_402' title='bbox 2192 2615 2414 2667; x_wconf 84' lang='lat' dir='ltr'><strong>nominis</strong></span> <span class='ocrx_word' id='word_1_403' title='bbox 2443 2616 2641 2678; x_wconf 85' lang='lat' dir='ltr'><strong>virum;</strong></span> <span class='ocrx_word' id='word_1_404' title='bbox 2668 2616 2897 2668; x_wconf 76' lang='lat' dir='ltr'><strong>revocari</strong></span> <span class='ocrx_word' id='word_1_405' title='bbox 2926 2631 3073 2683; x_wconf 79' lang='lat' dir='ltr'><strong>posse</strong></span> <span class='ocrx_word' id='word_1_406' title='bbox 3101 2614 3303 2666; x_wconf 82' lang='lat' dir='ltr'><strong>videtur</strong></span> <span class='ocrx_word' id='word_1_407' title='bbox 3330 2612 3383 2666; x_wconf 79' lang='lat' dir='ltr'><strong>in</strong></span> <span class='ocrx_word' id='word_1_408' title='bbox 3408 2611 3643 2677; x_wconf 75' lang='lat' dir='ltr'><strong>dubiant,</strong></span> <span class='ocrx_word' id='word_1_409' title='bbox 3668 2626 3795 2663; x_wconf 84' lang='lat' dir='ltr'><strong>num</strong></span> 
     </span>
    </p>
   </div>
   <div class='ocr_carea' id='block_1_57' title="bbox 2194 2704 3794 2780">
    <p class='ocr_par' dir='ltr' id='par_1_57' title="bbox 2194 2704 3794 2780">
     <span class='ocr_line' id='line_1_57' title="bbox 2194 2704 3794 2780; baseline -0.003 -19"><span class='ocrx_word' id='word_1_410' title='bbox 2194 2709 2278 2761; x_wconf 75' lang='lat' dir='ltr'><strong>hic</strong></span> <span class='ocrx_word' id='word_1_411' title='bbox 2301 2709 2390 2762; x_wconf 84' lang='lat' dir='ltr'><strong>ille</strong></span> <span class='ocrx_word' id='word_1_412' title='bbox 2417 2709 2483 2762; x_wconf 81' lang='lat' dir='ltr'><strong>sit</strong></span> <span class='ocrx_word' id='word_1_413' title='bbox 2515 2707 2891 2780; x_wconf 81' lang='lat' dir='ltr'><strong>Simpliciauus</strong></span> <span class='ocrx_word' id='word_1_414' title='bbox 2915 2709 3148 2770; x_wconf 77' lang='lat' dir='ltr'><strong>antistes,</strong></span> <span class='ocrx_word' id='word_1_415' title='bbox 3183 2722 3448 2760; x_wconf 70' lang='lat' dir='ltr'><strong>successor</strong></span> <span class='ocrx_word' id='word_1_416' title='bbox 3479 2704 3643 2758; x_wconf 81' lang='lat' dir='ltr'><strong>sancti</strong></span> <span class='ocrx_word' id='word_1_417' title='bbox 3668 2704 3794 2756; x_wconf 72' lang='lat' dir='ltr'><strong>Am~</strong></span> 
     </span>
    </p>
   </div>
   <div class='ocr_carea' id='block_1_58' title="bbox 2191 2796 3794 2872">
    <p class='ocr_par' dir='ltr' id='par_1_58' title="bbox 2191 2796 3794 2872">
     <span class='ocr_line' id='line_1_58' title="bbox 2191 2796 3794 2872; baseline -0.001 -19"><span class='ocrx_word' id='word_1_418' title='bbox 2191 2798 2388 2855; x_wconf 81' lang='lat' dir='ltr'><strong>brosii:</strong></span> <span class='ocrx_word' id='word_1_419' title='bbox 2431 2818 2547 2854; x_wconf 76' lang='lat' dir='ltr'><strong>cum</strong></span> <span class='ocrx_word' id='word_1_420' title='bbox 2580 2802 2865 2872; x_wconf 55' lang='lat' dir='ltr'><strong>praesertim</strong></span> <span class='ocrx_word' id='word_1_421' title='bbox 2912 2800 3225 2870; x_wconf 67' lang='lat' dir='ltr'><strong>pracedents’</strong></span> <span class='ocrx_word' id='word_1_422' title='bbox 3275 2798 3502 2867; x_wconf 80' lang='lat' dir='ltr'><strong>capitulo</strong></span> <span class='ocrx_word' id='word_1_423' title='bbox 3546 2797 3682 2851; x_wconf 78' lang='lat' dir='ltr'><strong>idem</strong></span> <span class='ocrx_word' id='word_1_424' title='bbox 3729 2796 3794 2851; x_wconf 80' lang='lat' dir='ltr'><strong>de</strong></span> 
     </span>
    </p>
   </div>
   <div class='ocr_carea' id='block_1_59' title="bbox 2192 2893 3793 2965">
    <p class='ocr_par' dir='ltr' id='par_1_59' title="bbox 2192 2893 3793 2965">
     <span class='ocr_line' id='line_1_59' title="bbox 2192 2893 3793 2965; baseline -0.002 -17"><span class='ocrx_word' id='word_1_425' title='bbox 2192 2894 2371 2949; x_wconf 86' lang='lat' dir='ltr'><strong>eodem</strong></span> <span class='ocrx_word' id='word_1_426' title='bbox 2401 2893 2777 2949; x_wconf 76' lang='lat' dir='ltr'><strong>Mediolanensi</strong></span> <span class='ocrx_word' id='word_1_427' title='bbox 2822 2896 3064 2965; x_wconf 77' lang='lat' dir='ltr'><strong>episcOpo</strong></span> <span class='ocrx_word' id='word_1_428' title='bbox 3107 2903 3290 2948; x_wconf 61' lang='lat' dir='ltr'><strong>auctu</strong></span> <span class='ocrx_word' id='word_1_429' title='bbox 3327 2902 3480 2963; x_wconf 81' lang='lat' dir='ltr'><strong>agat,</strong></span> <span class='ocrx_word' id='word_1_430' title='bbox 3526 2907 3793 2945; x_wconf 73' lang='lat' dir='ltr'><strong>recensens</strong></span> 
     </span>
    </p>
   </div>
   <div class='ocr_carea' id='block_1_60' title="bbox 2192 2985 3792 3057">
    <p class='ocr_par' dir='ltr' id='par_1_60' title="bbox 2192 2985 3792 3057">
     <span class='ocr_line' id='line_1_60' title="bbox 2192 2985 3792 3057; baseline -0.003 -16"><span class='ocrx_word' id='word_1_431' title='bbox 2192 2987 2331 3041; x_wconf 83' lang='lat' dir='ltr'><strong>edita</strong></span> <span class='ocrx_word' id='word_1_432' title='bbox 2357 2990 2419 3041; x_wconf 85' lang='lat' dir='ltr'><strong>ab</strong></span> <span class='ocrx_word' id='word_1_433' title='bbox 2452 3004 2510 3041; x_wconf 88' lang='lat' dir='ltr'><strong>eo</strong></span> <span class='ocrx_word' id='word_1_434' title='bbox 2537 2990 2750 3057; x_wconf 82' lang='lat' dir='ltr'><strong>scripta.</strong></span> <span class='ocrx_word' id='word_1_435' title='bbox 2810 2988 2887 3042; x_wconf 90' lang='lat' dir='ltr'><strong>En</strong></span> <span class='ocrx_word' id='word_1_436' title='bbox 2923 2989 3205 3057; x_wconf 64' lang='lat' dir='ltr'><strong>praevisum</strong></span> <span class='ocrx_word' id='word_1_437' title='bbox 3253 3004 3283 3040; x_wconf 67' lang='grc' dir='ltr'><strong>ο</strong></span> <span class='ocrx_word' id='word_1_438' title='bbox 3332 2985 3648 3042; x_wconf 86' lang='lat' dir='ltr'><strong>doctissimo</strong></span> <span class='ocrx_word' id='word_1_439' title='bbox 3695 2999 3792 3038; x_wconf 83' lang='lat' dir='ltr'><strong>an-</strong></span> 
     </span>
    </p>
   </div>
   <div class='ocr_carea' id='block_1_61' title="bbox 2195 3080 3792 3152">
    <p class='ocr_par' dir='ltr' id='par_1_61' title="bbox 2195 3080 3792 3152">
     <span class='ocr_line' id='line_1_61' title="bbox 2195 3080 3792 3152; baseline -0.003 -18"><span class='ocrx_word' id='word_1_440' title='bbox 2195 3081 2394 3135; x_wconf 88' lang='lat' dir='ltr'><strong>nalium</strong></span> <span class='ocrx_word' id='word_1_441' title='bbox 2444 3082 2942 3138; x_wconf 73' lang='lat' dir='ltr'><strong>ecclesiasticarum</strong></span> <span class='ocrx_word' id='word_1_442' title='bbox 3000 3093 3224 3152; x_wconf 86' lang='lat' dir='ltr'><strong>parente</strong></span> <span class='ocrx_word' id='word_1_443' title='bbox 3272 3081 3449 3137; x_wconf 85' lang='lat' dir='ltr'><strong>critici</strong></span> <span class='ocrx_word' id='word_1_444' title='bbox 3498 3080 3638 3137; x_wconf 87' lang='lat' dir='ltr'><strong>Galli</strong></span> <span class='ocrx_word' id='word_1_445' title='bbox 3689 3096 3792 3151; x_wconf 84' lang='lat' dir='ltr'><strong>op-</strong></span> 
     </span>
    </p>
   </div>
   <div class='ocr_carea' id='block_1_62' title="bbox 486 3158 2084 3245">
    <p class='ocr_par' dir='ltr' id='par_1_62' title="bbox 486 3158 2084 3245">
     <span class='ocr_line' id='line_1_62' title="bbox 486 3158 2084 3245; baseline -0.014 -14"><span class='ocrx_word' id='word_1_446' title='bbox 486 3191 673 3245; x_wconf 81' lang='lat' dir='ltr'><strong>scopus</strong></span> <span class='ocrx_word' id='word_1_447' title='bbox 721 3172 925 3241; x_wconf 73' lang='lat' dir='ltr'><strong>scripsit</strong></span> <span class='ocrx_word' id='word_1_448' title='bbox 971 3170 1039 3224; x_wconf 89' lang='lat' dir='ltr'><strong>ad</strong></span> <span class='ocrx_word' id='word_1_449' title='bbox 1081 3166 1350 3239; x_wconf 84' lang='lat' dir='ltr'><strong>quemdam</strong></span> <span class='ocrx_word' id='word_1_450' title='bbox 1382 3163 1785 3232; x_wconf 85' lang='lat' dir='ltr'><strong>Simplicianum</strong></span> <span class='ocrx_word' id='word_1_451' title='bbox 1832 3158 2084 3222; x_wconf 84' lang='lat' dir='ltr'><strong>libellum,</strong></span> 
     </span>
    </p>
   </div>
   <div class='ocr_carea' id='block_1_63' title="bbox 2188 3158 3791 3245">
    <p class='ocr_par' dir='ltr' id='par_1_63' title="bbox 2196 3174 3791 3245">
     <span class='ocr_line' id='line_1_63' title="bbox 2196 3174 3791 3245; baseline 0.001 -19"><span class='ocrx_word' id='word_1_452' title='bbox 2196 3175 2576 3245; x_wconf 82' lang='lat' dir='ltr'><strong>pugnationent</strong></span> <span class='ocrx_word' id='word_1_453' title='bbox 2608 3193 2621 3229; x_wconf 92' lang='lat'><strong>:</strong></span> <span class='ocrx_word' id='word_1_454' title='bbox 2666 3192 2827 3245; x_wconf 83' lang='lat' dir='ltr'><strong>quain</strong></span> <span class='ocrx_word' id='word_1_455' title='bbox 2879 3185 3060 3230; x_wconf 85' lang='lat' dir='ltr'><strong>tamen</strong></span> <span class='ocrx_word' id='word_1_456' title='bbox 3104 3175 3197 3230; x_wconf 90' lang='lat' dir='ltr'><strong>ille</strong></span> <span class='ocrx_word' id='word_1_457' title='bbox 3228 3191 3335 3229; x_wconf 91' lang='lat' dir='ltr'><strong>non</strong></span> <span class='ocrx_word' id='word_1_458' title='bbox 3365 3174 3502 3229; x_wconf 83' lang='lat' dir='ltr'><strong>adeo</strong></span> <span class='ocrx_word' id='word_1_459' title='bbox 3537 3175 3791 3228; x_wconf 86' lang='lat' dir='ltr'><strong>invictam</strong></span> 
     </span>
    </p>
   </div>
   <div class='ocr_carea' id='block_1_64' title="bbox 487 3251 2087 3342">
    <p class='ocr_par' dir='ltr' id='par_1_64' title="bbox 487 3251 2087 3342">
     <span class='ocr_line' id='line_1_64' title="bbox 487 3251 2087 3342; baseline -0.015 -16"><span class='ocrx_word' id='word_1_460' title='bbox 487 3280 533 3326; x_wconf 88' lang='lat' dir='ltr'><strong>et</strong></span> <span class='ocrx_word' id='word_1_461' title='bbox 565 3269 830 3342; x_wconf 63' lang='lat' dir='ltr'><strong>epistolam</strong></span> <span class='ocrx_word' id='word_1_462' title='bbox 859 3265 1202 3321; x_wconf 83' lang='lat' dir='ltr'><strong>continentem</strong></span> <span class='ocrx_word' id='word_1_463' title='bbox 1233 3269 1373 3332; x_wconf 83' lang='lat' dir='ltr'><strong>gesta</strong></span> <span class='ocrx_word' id='word_1_464' title='bbox 1401 3260 1479 3312; x_wconf 81' lang='lat' dir='ltr'><strong>sui</strong></span> <span class='ocrx_word' id='word_1_465' title='bbox 1521 3255 1767 3325; x_wconf 85' lang='lat' dir='ltr'><strong>temporis</strong></span> <span class='ocrx_word' id='word_1_466' title='bbox 1796 3251 1938 3322; x_wconf 87' lang='lat' dir='ltr'><strong>apud</strong></span> <span class='ocrx_word' id='word_1_467' title='bbox 1966 3251 2087 3304; x_wconf 89' lang='lat' dir='ltr'><strong>bar-</strong></span> 
     </span>
    </p>
   </div>
   <div class='ocr_carea' id='block_1_65' title="bbox 484 3345 2086 3431">
    <p class='ocr_par' dir='ltr' id='par_1_65' title="bbox 484 3345 2086 3431">
     <span class='ocr_line' id='line_1_65' title="bbox 484 3345 2086 3431; baseline -0.012 -13"><span class='ocrx_word' id='word_1_468' title='bbox 484 3364 638 3418; x_wconf 89' lang='lat' dir='ltr'><strong>baros</strong></span> <span class='ocrx_word' id='word_1_469' title='bbox 685 3371 989 3431; x_wconf 83' lang='lat' dir='ltr'><strong>martyrum.</strong></span> <span class='ocrx_word' id='word_1_470' title='bbox 1052 3357 1259 3424; x_wconf 83' lang='lat' dir='ltr'><strong>Quibus</strong></span> <span class='ocrx_word' id='word_1_471' title='bbox 1309 3368 1441 3407; x_wconf 87' lang='lat' dir='ltr'><strong>sane</strong></span> <span class='ocrx_word' id='word_1_472' title='bbox 1472 3351 1650 3404; x_wconf 82' lang='lat' dir='ltr'><strong>verbis</strong></span> <span class='ocrx_word' id='word_1_473' title='bbox 1681 3348 1968 3418; x_wconf 86' lang='lat' dir='ltr'><strong>presbyter</strong></span> <span class='ocrx_word' id='word_1_474' title='bbox 2000 3345 2086 3399; x_wconf 92' lang='lat' dir='ltr'><strong>bic</strong></span> 
     </span>
    </p>
   </div>
   <div class='ocr_carea' id='block_1_66' title="bbox 483 3439 2086 3513">
    <p class='ocr_par' dir='ltr' id='par_1_66' title="bbox 483 3439 2086 3513">
     <span class='ocr_line' id='line_1_66' title="bbox 483 3439 2086 3513; baseline -0.013 -1"><span class='ocrx_word' id='word_1_475' title='bbox 483 3454 841 3512; x_wconf 58' lang='lat' dir='ltr'><strong>Massiliensis</strong></span> <span class='ocrx_word' id='word_1_476' title='bbox 895 3455 1120 3507; x_wconf 88' lang='lat' dir='ltr'><strong>innuere</strong></span> <span class='ocrx_word' id='word_1_477' title='bbox 1160 3449 1371 3503; x_wconf 81' lang='lat' dir='ltr'><strong>videtur</strong></span> <span class='ocrx_word' id='word_1_478' title='bbox 1411 3446 1547 3500; x_wconf 86' lang='lat' dir='ltr'><strong>duas</strong></span> <span class='ocrx_word' id='word_1_479' title='bbox 1584 3442 1764 3513; x_wconf 81' lang='lat' dir='ltr'><strong>Vigilii</strong></span> <span class='ocrx_word' id='word_1_480' title='bbox 1814 3439 2086 3510; x_wconf 86' lang='lat' dir='ltr'><strong>Epistolas</strong></span> 
     </span>
    </p>
   </div>
   <div class='ocr_carea' id='block_1_67' title="bbox 482 3537 2082 3620">
    <p class='ocr_par' dir='ltr' id='par_1_67' title="bbox 482 3537 2082 3620">
     <span class='ocr_line' id='line_1_67' title="bbox 482 3537 2082 3620; baseline -0.013 -14"><span class='ocrx_word' id='word_1_481' title='bbox 482 3552 551 3607; x_wconf 91' lang='lat' dir='ltr'><strong>de</strong></span> <span class='ocrx_word' id='word_1_482' title='bbox 584 3549 850 3620; x_wconf 83' lang='lat' dir='ltr'><strong>martyrio</strong></span> <span class='ocrx_word' id='word_1_483' title='bbox 882 3556 1198 3600; x_wconf 79' lang='lat' dir='ltr'><strong>sanctorum</strong></span> <span class='ocrx_word' id='word_1_484' title='bbox 1231 3539 1455 3598; x_wconf 82' lang='lat' dir='ltr'><strong>Sisinnii</strong></span> <span class='ocrx_word' id='word_1_485' title='bbox 1493 3547 1546 3592; x_wconf 90' lang='lat' dir='ltr'><strong>et</strong></span> <span class='ocrx_word' id='word_1_486' title='bbox 1577 3537 1846 3591; x_wconf 89' lang='lat' dir='ltr'><strong>sociorum</strong></span> <span class='ocrx_word' id='word_1_487' title='bbox 1881 3550 1894 3586; x_wconf 91' lang='lat'><strong>:</strong></span> <span class='ocrx_word' id='word_1_488' title='bbox 1946 3546 2082 3602; x_wconf 85' lang='lat' dir='ltr'><strong>qua-</strong></span> 
     </span>
    </p>
   </div>
   <div class='ocr_carea' id='block_1_68' title="bbox 484 3628 2084 3704">
    <p class='ocr_par' dir='ltr' id='par_1_68' title="bbox 484 3628 2084 3704">
     <span class='ocr_line' id='line_1_68' title="bbox 484 3628 2084 3704; baseline -0.012 -5"><span class='ocrx_word' id='word_1_489' title='bbox 484 3660 603 3699; x_wconf 89' lang='lat' dir='ltr'><strong>rum</strong></span> <span class='ocrx_word' id='word_1_490' title='bbox 641 3643 811 3697; x_wconf 85' lang='lat' dir='ltr'><strong>altera</strong></span> <span class='ocrx_word' id='word_1_491' title='bbox 861 3639 1178 3695; x_wconf 88' lang='lat' dir='ltr'><strong>inscribitur</strong></span> <span class='ocrx_word' id='word_1_492' title='bbox 1206 3632 1561 3704; x_wconf 85' lang='lat' dir='ltr'><strong>Simpliciano</strong></span> <span class='ocrx_word' id='word_1_493' title='bbox 1591 3631 1848 3702; x_wconf 87' lang='lat' dir='ltr'><strong>episcopo</strong></span> <span class='ocrx_word' id='word_1_494' title='bbox 1878 3628 2084 3681; x_wconf 84' lang='lat' dir='ltr'><strong>Medio-</strong></span> 
     </span>
    </p>
   </div>
   <div class='ocr_carea' id='block_1_69' title="bbox 478 3723 2081 3802">
    <p class='ocr_par' dir='ltr' id='par_1_69' title="bbox 478 3723 2081 3802">
     <span class='ocr_line' id='line_1_69' title="bbox 478 3723 2081 3802; baseline -0.012 -9"><span class='ocrx_word' id='word_1_495' title='bbox 478 3737 711 3802; x_wconf 71' lang='lat' dir='ltr'><strong>lanensi,</strong></span> <span class='ocrx_word' id='word_1_496' title='bbox 748 3736 919 3790; x_wconf 86' lang='lat' dir='ltr'><strong>altera</strong></span> <span class='ocrx_word' id='word_1_497' title='bbox 949 3730 1148 3788; x_wconf 84' lang='lat' dir='ltr'><strong>Joanni</strong></span> <span class='ocrx_word' id='word_1_498' title='bbox 1173 3731 1429 3801; x_wconf 86' lang='lat' dir='ltr'><strong>episcopo</strong></span> <span class='ocrx_word' id='word_1_499' title='bbox 1455 3723 2081 3792; x_wconf 83' lang='lat' dir='ltr'><strong>Constantinopolitano,</strong></span> 
     </span>
    </p>
   </div>
   <div class='ocr_carea' id='block_1_70' title="bbox 478 3812 2087 3901">
    <p class='ocr_par' dir='ltr' id='par_1_70' title="bbox 478 3812 2087 3901">
     <span class='ocr_line' id='line_1_70' title="bbox 478 3812 2087 3901; baseline -0.011 -19"><span class='ocrx_word' id='word_1_500' title='bbox 478 3830 571 3901; x_wconf 90' lang='lat' dir='ltr'><strong>qui</strong></span> <span class='ocrx_word' id='word_1_501' title='bbox 602 3846 699 3901; x_wconf 93' lang='lat' dir='ltr'><strong>pro</strong></span> <span class='ocrx_word' id='word_1_502' title='bbox 730 3838 1038 3899; x_wconf 89' lang='lat' dir='ltr'><strong>temporum</strong></span> <span class='ocrx_word' id='word_1_503' title='bbox 1073 3825 1285 3878; x_wconf 86' lang='lat' dir='ltr'><strong>ratione</strong></span> <span class='ocrx_word' id='word_1_504' title='bbox 1313 3820 1737 3891; x_wconf 87' lang='lat' dir='ltr'><strong>Chrysostomus</strong></span> <span class='ocrx_word' id='word_1_505' title='bbox 1780 3814 1960 3869; x_wconf 82' lang='lat' dir='ltr'><strong>fuerit.</strong></span> <span class='ocrx_word' id='word_1_506' title='bbox 2018 3812 2087 3867; x_wconf 89' lang='lat' dir='ltr'><strong>Et</strong></span> 
     </span>
    </p>
   </div>
   <div class='ocr_carea' id='block_1_71' title="bbox 477 3908 2085 3994">
    <p class='ocr_par' dir='ltr' id='par_1_71' title="bbox 477 3908 2085 3994">
     <span class='ocr_line' id='line_1_71' title="bbox 477 3908 2085 3994; baseline -0.014 -15"><span class='ocrx_word' id='word_1_507' title='bbox 477 3925 715 3994; x_wconf 86' lang='lat' dir='ltr'><strong>priorem</strong></span> <span class='ocrx_word' id='word_1_508' title='bbox 756 3921 975 3991; x_wconf 85' lang='lat' dir='ltr'><strong>quidem</strong></span> <span class='ocrx_word' id='word_1_509' title='bbox 1009 3917 1310 3985; x_wconf 84' lang='lat' dir='ltr'><strong>Epistolam</strong></span> <span class='ocrx_word' id='word_1_510' title='bbox 1362 3916 1570 3982; x_wconf 88' lang='lat' dir='ltr'><strong>primus</strong></span> <span class='ocrx_word' id='word_1_511' title='bbox 1617 3910 1789 3965; x_wconf 90' lang='lat' dir='ltr'><strong>edidit</strong></span> <span class='ocrx_word' id='word_1_512' title='bbox 1831 3908 2085 3974; x_wconf 85' lang='lat' dir='ltr'><strong>Liponia-</strong></span> 
     </span>
    </p>
   </div>
   <div class='ocr_carea' id='block_1_72' title="bbox 478 3998 2084 4084">
    <p class='ocr_par' dir='ltr' id='par_1_72' title="bbox 478 3998 2084 4084">
     <span class='ocr_line' id='line_1_72' title="bbox 478 3998 2084 4084; baseline -0.012 -14"><span class='ocrx_word' id='word_1_513' title='bbox 478 4031 581 4070; x_wconf 88' lang='lat' dir='ltr'><strong>nus</strong></span> <span class='ocrx_word' id='word_1_514' title='bbox 612 4014 719 4084; x_wconf 74' lang='grc' dir='ltr'><strong>(ε),</strong></span> <span class='ocrx_word' id='word_1_515' title='bbox 767 4025 997 4081; x_wconf 88' lang='lat' dir='ltr'><strong>eamque</strong></span> <span class='ocrx_word' id='word_1_516' title='bbox 1027 4009 1288 4077; x_wconf 84' lang='lat' dir='ltr'><strong>deinceps</strong></span> <span class='ocrx_word' id='word_1_517' title='bbox 1328 4003 1665 4059; x_wconf 74' lang='lat' dir='ltr'><strong>excuderunt</strong></span> <span class='ocrx_word' id='word_1_518' title='bbox 1694 4000 1885 4055; x_wconf 88' lang='lat' dir='ltr'><strong>Surius</strong></span> <span class='ocrx_word' id='word_1_519' title='bbox 1920 3998 1989 4069; x_wconf 81' lang='lat' dir='ltr'><strong>(f)</strong></span> <span class='ocrx_word' id='word_1_520' title='bbox 2030 4006 2084 4051; x_wconf 90' lang='lat' dir='ltr'><strong>ct</strong></span> 
     </span>
    </p>
   </div>
   <div class='ocr_carea' id='block_1_73' title="bbox 479 4090 2080 4161">
    <p class='ocr_par' dir='ltr' id='par_1_73' title="bbox 479 4090 2080 4161">
     <span class='ocr_line' id='line_1_73' title="bbox 479 4090 2080 4161; baseline -0.011 0"><span class='ocrx_word' id='word_1_521' title='bbox 479 4107 751 4161; x_wconf 85' lang='lat' dir='ltr'><strong>Baronius</strong></span> <span class='ocrx_word' id='word_1_522' title='bbox 807 4120 876 4158; x_wconf 80' lang='lat' dir='ltr'><strong>ex</strong></span> <span class='ocrx_word' id='word_1_523' title='bbox 936 4101 1105 4155; x_wconf 89' lang='lat' dir='ltr'><strong>variis</strong></span> <span class='ocrx_word' id='word_1_524' title='bbox 1155 4098 1432 4153; x_wconf 87' lang='lat' dir='ltr'><strong>codicibus</strong></span> <span class='ocrx_word' id='word_1_525' title='bbox 1484 4093 1912 4150; x_wconf 87' lang='lat' dir='ltr'><strong>emendatiorem</strong></span> <span class='ocrx_word' id='word_1_526' title='bbox 1963 4090 2080 4161; x_wconf 83' lang='lat' dir='ltr'><strong>(g):</strong></span> 
     </span>
    </p>
   </div>
   <div class='ocr_carea' id='block_1_74' title="bbox 478 4185 2081 4270">
    <p class='ocr_par' dir='ltr' id='par_1_74' title="bbox 478 4185 2081 4270">
     <span class='ocr_line' id='line_1_74' title="bbox 478 4185 2081 4270; baseline -0.009 -19"><span class='ocrx_word' id='word_1_527' title='bbox 478 4196 837 4270; x_wconf 80' lang='lat' dir='ltr'><strong>posteriorem</strong></span> <span class='ocrx_word' id='word_1_528' title='bbox 886 4208 1016 4265; x_wconf 77' lang='lat' dir='ltr'><strong>vero</strong></span> <span class='ocrx_word' id='word_1_529' title='bbox 1045 4207 1205 4263; x_wconf 89' lang='lat' dir='ltr'><strong>quam</strong></span> <span class='ocrx_word' id='word_1_530' title='bbox 1250 4190 1390 4244; x_wconf 88' lang='lat' dir='ltr'><strong>idem</strong></span> <span class='ocrx_word' id='word_1_531' title='bbox 1425 4186 1692 4242; x_wconf 86' lang='lat' dir='ltr'><strong>Baronius</strong></span> <span class='ocrx_word' id='word_1_532' title='bbox 1732 4185 2081 4240; x_wconf 88' lang='lat' dir='ltr'><strong>intercidisse</strong></span> 
     </span>
    </p>
   </div>
   <div class='ocr_carea' id='block_1_75' title="bbox 479 4276 2081 4361">
    <p class='ocr_par' dir='ltr' id='par_1_75' title="bbox 479 4276 2081 4361">
     <span class='ocr_line' id='line_1_75' title="bbox 479 4276 2081 4361; baseline -0.009 -16"><span class='ocrx_word' id='word_1_533' title='bbox 479 4291 696 4347; x_wconf 90' lang='lat' dir='ltr'><strong>censuit</strong></span> <span class='ocrx_word' id='word_1_534' title='bbox 732 4286 812 4361; x_wconf 90' lang='lat' dir='ltr'><strong>(h)</strong></span> <span class='ocrx_word' id='word_1_535' title='bbox 837 4330 849 4351; x_wconf 86' lang='lat'><strong>,</strong></span> <span class='ocrx_word' id='word_1_536' title='bbox 900 4285 1172 4355; x_wconf 86' lang='lat' dir='ltr'><strong>evulgavit</strong></span> <span class='ocrx_word' id='word_1_537' title='bbox 1216 4280 1622 4352; x_wconf 83' lang='lat' dir='ltr'><strong>Papebrocbius</strong></span> <span class='ocrx_word' id='word_1_538' title='bbox 1654 4294 1722 4335; x_wconf 77' lang='lat' dir='ltr'><strong>ex</strong></span> <span class='ocrx_word' id='word_1_539' title='bbox 1752 4295 1855 4333; x_wconf 89' lang='lat' dir='ltr'><strong>ms.</strong></span> <span class='ocrx_word' id='word_1_540' title='bbox 1889 4276 2081 4332; x_wconf 89' lang='lat' dir='ltr'><strong>codice</strong></span> 
     </span>
    </p>
   </div>
   <div class='ocr_carea' id='block_1_76' title="bbox 478 4372 2083 4448">
    <p class='ocr_par' dir='ltr' id='par_1_76' title="bbox 478 4372 2083 4448">
     <span class='ocr_line' id='line_1_76' title="bbox 478 4372 2083 4448; baseline -0.009 -9"><span class='ocrx_word' id='word_1_541' title='bbox 478 4384 820 4439; x_wconf 66' lang='lat' dir='ltr'><strong>bibliotheca:</strong></span> <span class='ocrx_word' id='word_1_542' title='bbox 853 4380 1125 4437; x_wconf 66' lang='lat' dir='ltr'><strong>Vaticanum</strong></span> <span class='ocrx_word' id='word_1_543' title='bbox 1156 4376 1221 4448; x_wconf 75' lang='grc' dir='ltr'><strong>(ἱ)</strong></span> <span class='ocrx_word' id='word_1_544' title='bbox 1242 4418 1257 4442; x_wconf 87' lang='grc'><em>,</em></span> <span class='ocrx_word' id='word_1_545' title='bbox 1305 4374 1464 4430; x_wconf 85' lang='lat' dir='ltr'><strong>alteri</strong></span> <span class='ocrx_word' id='word_1_546' title='bbox 1491 4374 1756 4444; x_wconf 77' lang='lat' dir='ltr'><strong>adjectam</strong></span> <span class='ocrx_word' id='word_1_547' title='bbox 1789 4388 1909 4442; x_wconf 79' lang='lat' dir='ltr'><strong>qua:</strong></span> <span class='ocrx_word' id='word_1_548' title='bbox 1940 4372 2083 4442; x_wconf 84' lang='lat' dir='ltr'><strong>jam-</strong></span> 
     </span>
    </p>
   </div>
   <div class='ocr_carea' id='block_1_77' title="bbox 478 4466 2078 4547">
    <p class='ocr_par' dir='ltr' id='par_1_77' title="bbox 478 4466 2078 4547">
     <span class='ocr_line' id='line_1_77' title="bbox 478 4466 2078 4547; baseline -0.008 -13"><span class='ocrx_word' id='word_1_549' title='bbox 478 4478 681 4534; x_wconf 87' lang='lat' dir='ltr'><strong>dudum</strong></span> <span class='ocrx_word' id='word_1_550' title='bbox 714 4477 1009 4547; x_wconf 83' lang='lat' dir='ltr'><strong>prodierat.</strong></span> <span class='ocrx_word' id='word_1_551' title='bbox 1044 4473 1343 4542; x_wconf 89' lang='lat' dir='ltr'><strong>Utramque</strong></span> <span class='ocrx_word' id='word_1_552' title='bbox 1374 4482 1555 4525; x_wconf 86' lang='lat' dir='ltr'><strong>autem</strong></span> <span class='ocrx_word' id='word_1_553' title='bbox 1588 4470 1903 4527; x_wconf 72' lang='lat' dir='ltr'><strong>Ruinartius</strong></span> <span class='ocrx_word' id='word_1_554' title='bbox 1934 4466 2078 4521; x_wconf 90' lang='lat' dir='ltr'><strong>inter</strong></span> 
     </span>
    </p>
   </div>
   <div class='ocr_carea' id='block_1_78' title="bbox 2188 3265 3796 3337">
    <p class='ocr_par' dir='ltr' id='par_1_78' title="bbox 2188 3265 3796 3337">
     <span class='ocr_line' id='line_1_78' title="bbox 2188 3265 3796 3337; baseline 0 -17"><span class='ocrx_word' id='word_1_555' title='bbox 2188 3268 2562 3333; x_wconf 78' lang='lat' dir='ltr'><strong>existimavit,</strong></span> <span class='ocrx_word' id='word_1_556' title='bbox 2607 3276 2662 3322; x_wconf 93' lang='lat' dir='ltr'><strong>ut</strong></span> <span class='ocrx_word' id='word_1_557' title='bbox 2691 3268 2762 3323; x_wconf 83' lang='lat' dir='ltr'><strong>ob</strong></span> <span class='ocrx_word' id='word_1_558' title='bbox 2783 3284 2902 3323; x_wconf 87' lang='lat' dir='ltr'><strong>eam</strong></span> <span class='ocrx_word' id='word_1_559' title='bbox 2931 3284 3043 3323; x_wconf 88' lang='lat' dir='ltr'><strong>rem</strong></span> <span class='ocrx_word' id='word_1_560' title='bbox 3084 3269 3250 3337; x_wconf 88' lang='lat' dir='ltr'><strong>priori</strong></span> <span class='ocrx_word' id='word_1_561' title='bbox 3283 3268 3611 3337; x_wconf 67' lang='lat' dir='ltr'><strong>conjecturae</strong></span> <span class='ocrx_word' id='word_1_562' title='bbox 3645 3265 3796 3320; x_wconf 77' lang='lat' dir='ltr'><strong>vale-</strong></span> 
     </span>
    </p>
   </div>
   <div class='ocr_carea' id='block_1_79' title="bbox 2187 3358 3793 3432">
    <p class='ocr_par' dir='ltr' id='par_1_79' title="bbox 2187 3358 3793 3432">
     <span class='ocr_line' id='line_1_79' title="bbox 2187 3358 3793 3432; baseline 0.001 -18"><span class='ocrx_word' id='word_1_563' title='bbox 2187 3358 2477 3423; x_wconf 88' lang='lat' dir='ltr'><strong>dicendum</strong></span> <span class='ocrx_word' id='word_1_564' title='bbox 2509 3376 2631 3415; x_wconf 89' lang='lat' dir='ltr'><strong>esse</strong></span> <span class='ocrx_word' id='word_1_565' title='bbox 2661 3371 2918 3432; x_wconf 88' lang='lat' dir='ltr'><strong>putaret,</strong></span> <span class='ocrx_word' id='word_1_566' title='bbox 2967 3376 3129 3432; x_wconf 87' lang='lat' dir='ltr'><strong>quam</strong></span> <span class='ocrx_word' id='word_1_567' title='bbox 3165 3362 3249 3416; x_wconf 90' lang='lat' dir='ltr'><strong>bis</strong></span> <span class='ocrx_word' id='word_1_568' title='bbox 3285 3362 3586 3416; x_wconf 84' lang='lat' dir='ltr'><strong>rationibus</strong></span> <span class='ocrx_word' id='word_1_569' title='bbox 3621 3360 3793 3415; x_wconf 75' lang='lat' dir='ltr'><strong>fultus</strong></span> 
     </span>
    </p>
   </div>
   <div class='ocr_carea' id='block_1_80' title="bbox 2188 3452 3786 3525">
    <p class='ocr_par' dir='ltr' id='par_1_80' title="bbox 2188 3452 3786 3525">
     <span class='ocr_line' id='line_1_80' title="bbox 2188 3452 3786 3525; baseline 0.002 -21"><span class='ocrx_word' id='word_1_570' title='bbox 2188 3452 2383 3521; x_wconf 89' lang='lat' dir='ltr'><strong>probat</strong></span> <span class='ocrx_word' id='word_1_571' title='bbox 2411 3454 2600 3507; x_wconf 87' lang='lat' dir='ltr'><strong>eodem</strong></span> <span class='ocrx_word' id='word_1_572' title='bbox 2654 3454 2807 3507; x_wconf 90' lang='lat' dir='ltr'><strong>loco:</strong></span> <span class='ocrx_word' id='word_1_573' title='bbox 2835 3454 3038 3521; x_wconf 81' lang='lat' dir='ltr'><strong>Primo,</strong></span> <span class='ocrx_word' id='word_1_574' title='bbox 3081 3454 3223 3525; x_wconf 89' lang='lat' dir='ltr'><strong>quod</strong></span> <span class='ocrx_word' id='word_1_575' title='bbox 3261 3454 3437 3523; x_wconf 70' lang='lat' dir='ltr'><strong>Vigilii</strong></span> <span class='ocrx_word' id='word_1_576' title='bbox 3471 3455 3698 3523; x_wconf 85' lang='lat' dir='ltr'><strong>epistola</strong></span> <span class='ocrx_word' id='word_1_577' title='bbox 3732 3454 3786 3507; x_wconf 91' lang='lat' dir='ltr'><strong>in</strong></span> 
     </span>
    </p>
   </div>
   <div class='ocr_carea' id='block_1_81' title="bbox 2186 3544 3793 3617">
    <p class='ocr_par' dir='ltr' id='par_1_81' title="bbox 2186 3544 3793 3617">
     <span class='ocr_line' id='line_1_81' title="bbox 2186 3544 3793 3617; baseline 0.002 -19"><span class='ocrx_word' id='word_1_578' title='bbox 2186 3544 2468 3599; x_wconf 89' lang='lat' dir='ltr'><strong>codicibus</strong></span> <span class='ocrx_word' id='word_1_579' title='bbox 2515 3545 2768 3601; x_wconf 91' lang='lat' dir='ltr'><strong>omnibus</strong></span> <span class='ocrx_word' id='word_1_580' title='bbox 2813 3548 3070 3615; x_wconf 86' lang='lat' dir='ltr'><strong>inscripta</strong></span> <span class='ocrx_word' id='word_1_581' title='bbox 3121 3549 3223 3616; x_wconf 89' lang='lat' dir='ltr'><strong>sit,</strong></span> <span class='ocrx_word' id='word_1_582' title='bbox 3277 3548 3347 3601; x_wconf 88' lang='lat' dir='ltr'><strong>ad</strong></span> <span class='ocrx_word' id='word_1_583' title='bbox 3390 3548 3793 3617; x_wconf 84' lang='lat' dir='ltr'><strong>Stmpliciauum</strong></span> 
     </span>
    </p>
   </div>
   <div class='ocr_carea' id='block_1_82' title="bbox 2185 3639 3795 3713">
    <p class='ocr_par' dir='ltr' id='par_1_82' title="bbox 2185 3639 3795 3713">
     <span class='ocr_line' id='line_1_82' title="bbox 2185 3639 3795 3713; baseline 0.002 -20"><span class='ocrx_word' id='word_1_584' title='bbox 2185 3639 2502 3711; x_wconf 77' lang='lat' dir='ltr'><strong>episcopum.</strong></span> <span class='ocrx_word' id='word_1_585' title='bbox 2548 3639 2800 3696; x_wconf 90' lang='lat' dir='ltr'><strong>Secundo</strong></span> <span class='ocrx_word' id='word_1_586' title='bbox 2824 3682 2838 3707; x_wconf 92' lang='lat'><strong>,</strong></span> <span class='ocrx_word' id='word_1_587' title='bbox 2884 3641 3026 3711; x_wconf 90' lang='lat' dir='ltr'><strong>quod</strong></span> <span class='ocrx_word' id='word_1_588' title='bbox 3071 3642 3200 3698; x_wconf 88' lang='lat' dir='ltr'><strong>licet</strong></span> <span class='ocrx_word' id='word_1_589' title='bbox 3230 3643 3384 3713; x_wconf 90' lang='lat' dir='ltr'><strong>cujus</strong></span> <span class='ocrx_word' id='word_1_590' title='bbox 3419 3644 3666 3697; x_wconf 77' lang='lat' dir='ltr'><strong>ecclesia:</strong></span> <span class='ocrx_word' id='word_1_591' title='bbox 3695 3658 3795 3696; x_wconf 87' lang='lat' dir='ltr'><strong>an-</strong></span> 
     </span>
    </p>
   </div>
   <div class='ocr_carea' id='block_1_83' title="bbox 2187 3734 3789 3807">
    <p class='ocr_par' dir='ltr' id='par_1_83' title="bbox 2187 3734 3789 3807">
     <span class='ocr_line' id='line_1_83' title="bbox 2187 3734 3789 3807; baseline 0.001 -20"><span class='ocrx_word' id='word_1_592' title='bbox 2187 3734 2343 3789; x_wconf 87' lang='lat' dir='ltr'><strong>tistes</strong></span> <span class='ocrx_word' id='word_1_593' title='bbox 2380 3734 2573 3800; x_wconf 74' lang='lat' dir='ltr'><strong>fuerit,</strong></span> <span class='ocrx_word' id='word_1_594' title='bbox 2622 3737 2846 3790; x_wconf 90' lang='lat' dir='ltr'><strong>minime</strong></span> <span class='ocrx_word' id='word_1_595' title='bbox 2888 3737 3202 3805; x_wconf 81' lang='lat' dir='ltr'><strong>exprimat;</strong></span> <span class='ocrx_word' id='word_1_596' title='bbox 3253 3744 3433 3791; x_wconf 84' lang='lat' dir='ltr'><strong>tamen</strong></span> <span class='ocrx_word' id='word_1_597' title='bbox 3482 3735 3628 3807; x_wconf 87' lang='lat' dir='ltr'><strong>quod</strong></span> <span class='ocrx_word' id='word_1_598' title='bbox 3665 3751 3789 3789; x_wconf 90' lang='lat' dir='ltr'><strong>eum</strong></span> 
     </span>
    </p>
   </div>
   <div class='ocr_carea' id='block_1_84' title="bbox 2185 3825 3792 3900">
    <p class='ocr_par' dir='ltr' id='par_1_84' title="bbox 2185 3825 3792 3900">
     <span class='ocr_line' id='line_1_84' title="bbox 2185 3825 3792 3900; baseline 0.001 -21"><span class='ocrx_word' id='word_1_599' title='bbox 2185 3825 2396 3880; x_wconf 82' lang='lat' dir='ltr'><strong>Putrem</strong></span> <span class='ocrx_word' id='word_1_600' title='bbox 2427 3827 2696 3897; x_wconf 87' lang='lat' dir='ltr'><strong>appellet,</strong></span> <span class='ocrx_word' id='word_1_601' title='bbox 2728 3842 2852 3882; x_wconf 89' lang='lat' dir='ltr'><strong>cum</strong></span> <span class='ocrx_word' id='word_1_602' title='bbox 2893 3829 3134 3898; x_wconf 90' lang='lat' dir='ltr'><strong>episc0pi</strong></span> <span class='ocrx_word' id='word_1_603' title='bbox 3161 3829 3405 3897; x_wconf 76' lang='lat' dir='ltr'><strong>collegas</strong></span> <span class='ocrx_word' id='word_1_604' title='bbox 3436 3832 3623 3900; x_wconf 80' lang='lat' dir='ltr'><strong>fratres</strong></span> <span class='ocrx_word' id='word_1_605' title='bbox 3653 3842 3792 3883; x_wconf 90' lang='lat' dir='ltr'><strong>con-</strong></span> 
     </span>
    </p>
   </div>
   <div class='ocr_carea' id='block_1_85' title="bbox 2185 3923 3787 3997">
    <p class='ocr_par' dir='ltr' id='par_1_85' title="bbox 2185 3923 3787 3997">
     <span class='ocr_line' id='line_1_85' title="bbox 2185 3923 3787 3997; baseline 0.002 -22"><span class='ocrx_word' id='word_1_606' title='bbox 2185 3923 2465 3977; x_wconf 88' lang='lat' dir='ltr'><strong>sueverint</strong></span> <span class='ocrx_word' id='word_1_607' title='bbox 2492 3925 2794 3990; x_wconf 84' lang='lat' dir='ltr'><strong>nominare,</strong></span> <span class='ocrx_word' id='word_1_608' title='bbox 2830 3941 2937 3979; x_wconf 89' lang='lat' dir='ltr'><strong>non</strong></span> <span class='ocrx_word' id='word_1_609' title='bbox 2966 3927 3134 3981; x_wconf 89' lang='lat' dir='ltr'><strong>alium</strong></span> <span class='ocrx_word' id='word_1_610' title='bbox 3163 3942 3325 3996; x_wconf 86' lang='lat' dir='ltr'><strong>quam</strong></span> <span class='ocrx_word' id='word_1_611' title='bbox 3351 3925 3787 3997; x_wconf 77' lang='lat' dir='ltr'><strong>Simpliciannm,</strong></span> 
     </span>
    </p>
   </div>
   <div class='ocr_carea' id='block_1_86' title="bbox 2186 4012 3788 4087">
    <p class='ocr_par' dir='ltr' id='par_1_86' title="bbox 2186 4012 3788 4087">
     <span class='ocr_line' id='line_1_86' title="bbox 2186 4012 3788 4087; baseline 0.003 -21"><span class='ocrx_word' id='word_1_612' title='bbox 2186 4012 2347 4083; x_wconf 81' lang='lat' dir='ltr'><strong>longo</strong></span> <span class='ocrx_word' id='word_1_613' title='bbox 2393 4016 2544 4068; x_wconf 82' lang='lat' dir='ltr'><strong>senio</strong></span> <span class='ocrx_word' id='word_1_614' title='bbox 2587 4016 2955 4071; x_wconf 88' lang='lat' dir='ltr'><strong>venerandum</strong></span> <span class='ocrx_word' id='word_1_615' title='bbox 3004 4018 3205 4082; x_wconf 78' lang='lat' dir='ltr'><strong>fuisse,</strong></span> <span class='ocrx_word' id='word_1_616' title='bbox 3255 4019 3527 4087; x_wconf 81' lang='lat' dir='ltr'><strong>suspicari</strong></span> <span class='ocrx_word' id='word_1_617' title='bbox 3583 4019 3788 4073; x_wconf 86' lang='lat' dir='ltr'><strong>liceat:</strong></span> 
     </span>
    </p>
   </div>
   <div class='ocr_carea' id='block_1_87' title="bbox 2192 4107 3795 4182">
    <p class='ocr_par' dir='ltr' id='par_1_87' title="bbox 2192 4107 3795 4182">
     <span class='ocr_line' id='line_1_87' title="bbox 2192 4107 3795 4182; baseline 0.004 -22"><span class='ocrx_word' id='word_1_618' title='bbox 2192 4107 2493 4177; x_wconf 76' lang='lat' dir='ltr'><strong>przesertim</strong></span> <span class='ocrx_word' id='word_1_619' title='bbox 2521 4124 2644 4164; x_wconf 88' lang='lat' dir='ltr'><strong>cum</strong></span> <span class='ocrx_word' id='word_1_620' title='bbox 2676 4124 2898 4166; x_wconf 87' lang='lat' dir='ltr'><strong>sanctus</strong></span> <span class='ocrx_word' id='word_1_621' title='bbox 2921 4112 3253 4182; x_wconf 83' lang='lat' dir='ltr'><strong>AuguStinus</strong></span> <span class='ocrx_word' id='word_1_622' title='bbox 3282 4114 3414 4181; x_wconf 83' lang='lat' dir='ltr'><strong>ipse,</strong></span> <span class='ocrx_word' id='word_1_623' title='bbox 3444 4112 3554 4181; x_wconf 85' lang='lat' dir='ltr'><strong>jam</strong></span> <span class='ocrx_word' id='word_1_624' title='bbox 3582 4113 3795 4181; x_wconf 76' lang='lat' dir='ltr'><strong>episco-</strong></span> 
     </span>
    </p>
   </div>
   <div class='ocr_carea' id='block_1_88' title="bbox 2186 4199 3793 4271">
    <p class='ocr_par' dir='ltr' id='par_1_88' title="bbox 2186 4199 3793 4271">
     <span class='ocr_line' id='line_1_88' title="bbox 2186 4199 3793 4271; baseline 0.004 -19"><span class='ocrx_word' id='word_1_625' title='bbox 2186 4214 2332 4269; x_wconf 88' lang='lat' dir='ltr'><strong>pus,</strong></span> <span class='ocrx_word' id='word_1_626' title='bbox 2408 4199 2475 4254; x_wconf 88' lang='lat' dir='ltr'><strong>ad</strong></span> <span class='ocrx_word' id='word_1_627' title='bbox 2531 4202 2780 4257; x_wconf 90' lang='lat' dir='ltr'><strong>eumdem</strong></span> <span class='ocrx_word' id='word_1_628' title='bbox 2843 4203 3252 4271; x_wconf 83' lang='lat' dir='ltr'><strong>Simplicianum</strong></span> <span class='ocrx_word' id='word_1_629' title='bbox 3311 4205 3562 4259; x_wconf 89' lang='lat' dir='ltr'><strong>scribens</strong></span> <span class='ocrx_word' id='word_1_630' title='bbox 3623 4204 3793 4259; x_wconf 89' lang='lat' dir='ltr'><strong>libros</strong></span> 
     </span>
    </p>
   </div>
   <div class='ocr_carea' id='block_1_89' title="bbox 2185 4290 3790 4367">
    <p class='ocr_par' dir='ltr' id='par_1_89' title="bbox 2185 4290 3790 4367">
     <span class='ocr_line' id='line_1_89' title="bbox 2185 4290 3790 4367; baseline 0.004 -25"><span class='ocrx_word' id='word_1_631' title='bbox 2185 4290 2554 4359; x_wconf 63' lang='lat' dir='ltr'><strong>Quaestionum</strong></span> <span class='ocrx_word' id='word_1_632' title='bbox 2578 4337 2592 4359; x_wconf 93' lang='lat'><strong>,</strong></span> <span class='ocrx_word' id='word_1_633' title='bbox 2635 4310 2758 4349; x_wconf 87' lang='lat' dir='ltr'><strong>eum</strong></span> <span class='ocrx_word' id='word_1_634' title='bbox 2783 4337 2796 4360; x_wconf 92' lang='lat'><strong>,</strong></span> <span class='ocrx_word' id='word_1_635' title='bbox 2830 4295 2961 4350; x_wconf 91' lang='lat' dir='ltr'><strong>licet</strong></span> <span class='ocrx_word' id='word_1_636' title='bbox 2988 4304 3114 4350; x_wconf 91' lang='lat' dir='ltr'><strong>tunc</strong></span> <span class='ocrx_word' id='word_1_637' title='bbox 3142 4304 3350 4350; x_wconf 80' lang='lat' dir='ltr'><strong>tantum</strong></span> <span class='ocrx_word' id='word_1_638' title='bbox 3382 4297 3790 4367; x_wconf 84' lang='lat' dir='ltr'><strong>presbyterum,</strong></span> 
     </span>
    </p>
   </div>
   <div class='ocr_carea' id='block_1_90' title="bbox 2187 4382 3796 4459">
    <p class='ocr_par' dir='ltr' id='par_1_90' title="bbox 2187 4382 3796 4459">
     <span class='ocr_line' id='line_1_90' title="bbox 2187 4382 3796 4459; baseline 0.005 -22"><span class='ocrx_word' id='word_1_639' title='bbox 2187 4382 2402 4439; x_wconf 82' lang='lat' dir='ltr'><strong>Patrem</strong></span> <span class='ocrx_word' id='word_1_640' title='bbox 2431 4387 2687 4458; x_wconf 81' lang='lat' dir='ltr'><strong>appellet.</strong></span> <span class='ocrx_word' id='word_1_641' title='bbox 2714 4387 2900 4444; x_wconf 88' lang='lat' dir='ltr'><strong>Tertio</strong></span> <span class='ocrx_word' id='word_1_642' title='bbox 2929 4390 3166 4455; x_wconf 83' lang='lat' dir='ltr'><strong>tandem,</strong></span> <span class='ocrx_word' id='word_1_643' title='bbox 3192 4390 3336 4459; x_wconf 88' lang='lat' dir='ltr'><strong>quod</strong></span> <span class='ocrx_word' id='word_1_644' title='bbox 3366 4400 3578 4445; x_wconf 87' lang='lat' dir='ltr'><strong>constet</strong></span> <span class='ocrx_word' id='word_1_645' title='bbox 3607 4400 3796 4445; x_wconf 84' lang='lat' dir='ltr'><strong>aucto-</strong></span> 
     </span>
    </p>
   </div>
   <div class='ocr_carea' id='block_1_91' title="bbox 2184 4471 3790 4552">
    <p class='ocr_par' dir='ltr' id='par_1_91' title="bbox 2184 4471 3790 4552">
     <span class='ocr_line' id='line_1_91' title="bbox 2184 4471 3790 4552; baseline 0.005 -23"><span class='ocrx_word' id='word_1_646' title='bbox 2184 4477 2345 4531; x_wconf 85' lang='lat' dir='ltr'><strong>ritate</strong></span> <span class='ocrx_word' id='word_1_647' title='bbox 2376 4477 2581 4533; x_wconf 71' lang='lat' dir='ltr'><strong>Paulini</strong></span> <span class='ocrx_word' id='word_1_648' title='bbox 2614 4471 2727 4552; x_wconf 66' lang='grc' dir='ltr'><strong>(ρ),</strong></span> <span class='ocrx_word' id='word_1_649' title='bbox 2777 4483 2968 4535; x_wconf 85' lang='lat' dir='ltr'><strong>borum</strong></span> <span class='ocrx_word' id='word_1_650' title='bbox 3014 4490 3313 4552; x_wconf 89' lang='lat' dir='ltr'><strong>martyrum</strong></span> <span class='ocrx_word' id='word_1_651' title='bbox 3370 4481 3632 4551; x_wconf 75' lang='lat' dir='ltr'><strong>reliquias</strong></span> <span class='ocrx_word' id='word_1_652' title='bbox 3663 4496 3790 4536; x_wconf 77' lang='lat' dir='ltr'><strong>mox</strong></span> 
     </span>
    </p>
   </div>
   <div class='ocr_carea' id='block_1_92' title="bbox 477 4546 2084 4643">
    <p class='ocr_par' dir='ltr' id='par_1_92' title="bbox 477 4563 2079 4643">
     <span class='ocr_line' id='line_1_92' title="bbox 477 4563 2079 4643; baseline -0.007 -17"><span class='ocrx_word' id='word_1_653' title='bbox 477 4572 610 4626; x_wconf 85' lang='lat' dir='ltr'><strong>Acta</strong></span> <span class='ocrx_word' id='word_1_654' title='bbox 652 4580 952 4643; x_wconf 85' lang='lat' dir='ltr'><strong>martyrum</strong></span> <span class='ocrx_word' id='word_1_655' title='bbox 995 4569 1211 4624; x_wconf 89' lang='lat' dir='ltr'><strong>sincera</strong></span> <span class='ocrx_word' id='word_1_656' title='bbox 1254 4564 1438 4621; x_wconf 89' lang='lat' dir='ltr'><strong>denuo</strong></span> <span class='ocrx_word' id='word_1_657' title='bbox 1484 4563 1866 4620; x_wconf 80' lang='lat' dir='ltr'><strong>excutiendam</strong></span> <span class='ocrx_word' id='word_1_658' title='bbox 1917 4576 2079 4616; x_wconf 88' lang='lat' dir='ltr'><strong>cura-</strong></span> 
     </span>
    </p>
   </div>
   <div class='ocr_carea' id='block_1_93' title="bbox 2188 4546 3790 4643">
    <p class='ocr_par' dir='ltr' id='par_1_93' title="bbox 2188 4546 3790 4643">
     <span class='ocr_line' id='line_1_93' title="bbox 2188 4546 3790 4643; baseline 0.002 -18"><span class='ocrx_word' id='word_1_659' title='bbox 2188 4570 2545 4626; x_wconf 81' lang='lat' dir='ltr'><strong>Metliolanum</strong></span> <span class='ocrx_word' id='word_1_660' title='bbox 2589 4546 2756 4628; x_wconf 76' lang='lat' dir='ltr'><strong>fuisse</strong></span> <span class='ocrx_word' id='word_1_661' title='bbox 2786 4575 3103 4629; x_wconf 79' lang='lat' dir='ltr'><strong>translatas.</strong></span> <span class='ocrx_word' id='word_1_662' title='bbox 3159 4546 3260 4628; x_wconf 70' lang='lat' dir='ltr'><strong>llis</strong></span> <span class='ocrx_word' id='word_1_663' title='bbox 3305 4574 3430 4629; x_wconf 82' lang='lat' dir='ltr'><strong>addi</strong></span> <span class='ocrx_word' id='word_1_664' title='bbox 3473 4546 3687 4643; x_wconf 77' lang='lat' dir='ltr'><strong>potest,</strong></span> <span class='ocrx_word' id='word_1_665' title='bbox 3733 4575 3790 4629; x_wconf 87' lang='lat' dir='ltr'><strong>in</strong></span> 
     </span>
    </p>
   </div>
   <div class='ocr_carea' id='block_1_94' title="bbox 477 4676 687 4719">
    <p class='ocr_par' dir='ltr' id='par_1_94' title="bbox 477 4676 687 4719">
     <span class='ocr_line' id='line_1_94' title="bbox 477 4676 687 4719; baseline -0.019 0"><span class='ocrx_word' id='word_1_666' title='bbox 477 4676 555 4719; x_wconf 80' lang='grc' dir='ltr'>νιι</span> <span class='ocrx_word' id='word_1_667' title='bbox 589 4676 687 4719; x_wconf 79' lang='lat' dir='ltr'><strong>lt).</strong></span> 
     </span>
    </p>
   </div>
   <div class='ocr_carea' id='block_1_95' title="bbox 554 4662 2079 4823">
    <p class='ocr_par' dir='ltr' id='par_1_95' title="bbox 554 4662 2079 4823">
     <span class='ocr_line' id='line_1_95' title="bbox 554 4662 2079 4823; baseline -0.003 -18"><span class='ocrx_word' id='word_1_668' title='bbox 554 4662 841 4823; x_wconf 58' lang='lat' dir='ltr'><strong>V(.})Neque</strong></span> <span class='ocrx_word' id='word_1_669' title='bbox 890 4769 1052 4822; x_wconf 90' lang='lat' dir='ltr'><strong>porro</strong></span> <span class='ocrx_word' id='word_1_670' title='bbox 1097 4750 1228 4807; x_wconf 92' lang='lat' dir='ltr'><strong>illud</strong></span> <span class='ocrx_word' id='word_1_671' title='bbox 1262 4750 1350 4805; x_wconf 86' lang='lat' dir='ltr'><strong>hic</strong></span> <span class='ocrx_word' id='word_1_672' title='bbox 1385 4750 1663 4819; x_wconf 77' lang='lat' dir='ltr'><strong>praeterire</strong></span> <span class='ocrx_word' id='word_1_673' title='bbox 1694 4748 1772 4802; x_wconf 84' lang='lat' dir='ltr'><strong>fas</strong></span> <span class='ocrx_word' id='word_1_674' title='bbox 1802 4756 1903 4813; x_wconf 91' lang='lat' dir='ltr'><strong>est,</strong></span> <span class='ocrx_word' id='word_1_675' title='bbox 1934 4747 2079 4818; x_wconf 87' lang='lat' dir='ltr'><strong>quod</strong></span> 
     </span>
    </p>
   </div>
   <div class='ocr_carea' id='block_1_96' title="bbox 473 4842 2080 4918">
    <p class='ocr_par' dir='ltr' id='par_1_96' title="bbox 473 4842 2080 4918">
     <span class='ocr_line' id='line_1_96' title="bbox 473 4842 2080 4918; baseline -0.002 -19"><span class='ocrx_word' id='word_1_676' title='bbox 473 4848 725 4918; x_wconf 87' lang='lat' dir='ltr'><strong>quamvis</strong></span> <span class='ocrx_word' id='word_1_677' title='bbox 759 4846 999 4915; x_wconf 88' lang='lat' dir='ltr'><strong>plerique</strong></span> <span class='ocrx_word' id='word_1_678' title='bbox 1029 4858 1219 4899; x_wconf 88' lang='lat' dir='ltr'><strong>omnes</strong></span> <span class='ocrx_word' id='word_1_679' title='bbox 1249 4842 1350 4897; x_wconf 88' lang='lat' dir='ltr'><strong>viri</strong></span> <span class='ocrx_word' id='word_1_680' title='bbox 1383 4842 1552 4905; x_wconf 90' lang='lat' dir='ltr'><strong>docti,</strong></span> <span class='ocrx_word' id='word_1_681' title='bbox 1577 4852 1856 4912; x_wconf 68' lang='lat' dir='ltr'><strong>praeeunte</strong></span> <span class='ocrx_word' id='word_1_682' title='bbox 1880 4856 2080 4913; x_wconf 78' lang='lat' dir='ltr'><strong>magno</strong></span> 
     </span>
    </p>
   </div>
   <div class='ocr_carea' id='block_1_97' title="bbox 547 4991 2072 5067">
    <p class='ocr_par' dir='ltr' id='par_1_97' title="bbox 547 4991 2072 5067">
     <span class='ocr_line' id='line_1_97' title="bbox 547 4991 2072 5067; baseline -0.001 -18"><span class='ocrx_word' id='word_1_683' title='bbox 547 4994 623 5067; x_wconf 76' lang='grc' dir='ltr'><strong>(τι)</strong></span> <span class='ocrx_word' id='word_1_684' title='bbox 664 4994 749 5067; x_wconf 15' lang='grc' dir='ltr'><strong>Ιίά.</strong></span> <span class='ocrx_word' id='word_1_685' title='bbox 782 4994 910 5049; x_wconf 88' lang='lat' dir='ltr'><strong>ibid.</strong></span> <span class='ocrx_word' id='word_1_686' title='bbox 941 5009 1062 5067; x_wconf 48' lang='lat' dir='ltr'><strong>pag:</strong></span> <span class='ocrx_word' id='word_1_687' title='bbox 1097 4991 1221 5067; x_wconf 60' lang='lat'><strong>163.</strong></span> <span class='ocrx_word' id='word_1_688' title='bbox 1253 4992 1563 5067; x_wconf 68' lang='lat' dir='ltr'><strong>Comment.</strong></span> <span class='ocrx_word' id='word_1_689' title='bbox 1596 5006 1793 5061; x_wconf 57' lang='lat' dir='ltr'><strong>praem,</strong></span> <span class='ocrx_word' id='word_1_690' title='bbox 1829 5007 1984 5067; x_wconf 74' lang='lat' dir='ltr'><strong>nunt.</strong></span> <span class='ocrx_word' id='word_1_691' title='bbox 2013 4992 2072 5047; x_wconf 76' lang='grc'><strong>2.</strong></span> 
     </span>
    </p>
   </div>
   <div class='ocr_carea' id='block_1_98' title="bbox 546 5064 2077 5140">
    <p class='ocr_par' dir='ltr' id='par_1_98' title="bbox 546 5064 2077 5140">
     <span class='ocr_line' id='line_1_98' title="bbox 546 5064 2077 5140; baseline 0 -21"><span class='ocrx_word' id='word_1_692' title='bbox 546 5064 621 5140; x_wconf 76' lang='grc' dir='ltr'><strong>(ὁ)</strong></span> <span class='ocrx_word' id='word_1_693' title='bbox 660 5066 868 5122; x_wconf 77' lang='lat' dir='ltr'><strong>Tortor.</strong></span> <span class='ocrx_word' id='word_1_694' title='bbox 890 5066 1000 5140; x_wconf 40' lang='lat' dir='ltr'><strong>die</strong></span> <span class='ocrx_word' id='word_1_695' title='bbox 1026 5064 1232 5140; x_wconf 60' lang='lat' dir='ltr'><strong>origin.</strong></span> <span class='ocrx_word' id='word_1_696' title='bbox 1264 5065 1401 5119; x_wconf 90' lang='lat' dir='ltr'><strong>eccl.</strong></span> <span class='ocrx_word' id='word_1_697' title='bbox 1436 5064 1706 5140; x_wconf 62' lang='lat' dir='ltr'><strong>Trident.,</strong></span> <span class='ocrx_word' id='word_1_698' title='bbox 1742 5078 1862 5133; x_wconf 82' lang='lat' dir='ltr'><strong>pag.</strong></span> <span class='ocrx_word' id='word_1_699' title='bbox 1890 5065 1984 5140; x_wconf 42' lang='lat' dir='ltr'><strong>Sui,</strong></span> <span class='ocrx_word' id='word_1_700' title='bbox 2021 5071 2077 5118; x_wconf 90' lang='lat' dir='ltr'><strong>et</strong></span> 
     </span>
    </p>
   </div>
   <div class='ocr_carea' id='block_1_99' title="bbox 470 5135 1971 5211">
    <p class='ocr_par' dir='ltr' id='par_1_99' title="bbox 470 5135 1971 5211">
     <span class='ocr_line' id='line_1_99' title="bbox 470 5135 1971 5211; baseline -0.005 -16"><span class='ocrx_word' id='word_1_701' title='bbox 470 5135 861 5211; x_wconf 28' lang='lat' dir='ltr'><strong>Apologadelle</strong></span> <span class='ocrx_word' id='word_1_702' title='bbox 892 5135 1051 5192; x_wconf 77' lang='lat' dir='ltr'><strong>Mem.</strong></span> <span class='ocrx_word' id='word_1_703' title='bbox 1084 5136 1137 5211; x_wconf 79' lang='lat' dir='ltr'><strong>dt</strong></span> <span class='ocrx_word' id='word_1_704' title='bbox 1170 5136 1380 5211; x_wconf 53' lang='lat' dir='ltr'><strong>Rauca,</strong></span> <span class='ocrx_word' id='word_1_705' title='bbox 1415 5149 1536 5206; x_wconf 85' lang='lat' dir='ltr'><strong>pag.</strong></span> <span class='ocrx_word' id='word_1_706' title='bbox 1567 5135 1695 5211; x_wconf 48' lang='lat'><strong>513,</strong></span> <span class='ocrx_word' id='word_1_707' title='bbox 1726 5144 1838 5211; x_wconf 67' lang='lat' dir='ltr'><strong>not.</strong></span> <span class='ocrx_word' id='word_1_708' title='bbox 1878 5135 1971 5211; x_wconf 57' lang='grc' dir='ltr'><strong>ιβ.</strong></span> 
     </span>
    </p>
   </div>
   <div class='ocr_carea' id='block_1_100' title="bbox 546 5204 2070 5339">
    <p class='ocr_par' dir='ltr' id='par_1_100' title="bbox 546 5204 2070 5339">
     <span class='ocr_line' id='line_1_100' title="bbox 546 5204 2070 5339; baseline -0.003 -73"><span class='ocrx_word' id='word_1_709' title='bbox 546 5204 905 5339; x_wconf 43' lang='grc' dir='ltr'><strong>(ειέιὲιίιὸίιιη</strong></span> <span class='ocrx_word' id='word_1_710' title='bbox 964 5208 1173 5279; x_wconf 70' lang='lat' dir='ltr'><strong>prazlat.</strong></span> <span class='ocrx_word' id='word_1_711' title='bbox 1215 5206 1283 5262; x_wconf 89' lang='lat' dir='ltr'><strong>ad</strong></span> <span class='ocrx_word' id='word_1_712' title='bbox 1321 5204 1447 5261; x_wconf 74' lang='lat' dir='ltr'><strong>szec.</strong></span> <span class='ocrx_word' id='word_1_713' title='bbox 1495 5221 1557 5272; x_wconf 81' lang='grc' dir='ltr'><strong>ν,</strong></span> <span class='ocrx_word' id='word_1_714' title='bbox 1609 5204 1854 5271; x_wconf 84' lang='lat' dir='ltr'><strong>Bened.,</strong></span> <span class='ocrx_word' id='word_1_715' title='bbox 1906 5204 1934 5276; x_wconf 85' lang='lat'>§</span> <span class='ocrx_word' id='word_1_716' title='bbox 1978 5204 2070 5271; x_wconf 76' lang='lat'><strong>95,</strong></span> 
     </span>
     <span class='ocr_line' id='line_1_101' title="bbox 547 5302 717 5339; baseline -0.006 0"><span class='ocrx_word' id='word_1_717' title='bbox 547 5302 596 5339; x_wconf 72' lang='lat' dir='ltr'><strong>it.</strong></span> <span class='ocrx_word' id='word_1_718' title='bbox 704 5325 717 5338; x_wconf 92' lang='lat'><strong>.</strong></span> 
     </span>
    </p>
   </div>
   <div class='ocr_carea' id='block_1_101' title="bbox 514 5299 717 5349">
    <p class='ocr_par' dir='ltr' id='par_1_101' title="bbox 514 5299 717 5349">
     <span class='ocr_line' id='line_1_102' title="bbox 514 5299 717 5349; baseline 0.01 -13"><span class='ocrx_word' id='word_1_719' title='bbox 514 5299 596 5349; x_wconf 71' lang='lat' dir='ltr'><strong>ag.</strong></span> <span class='ocrx_word' id='word_1_720' title='bbox 626 5299 717 5339; x_wconf 62' lang='lat' dir='ltr'><strong>eo.</strong></span> 
     </span>
    </p>
   </div>
   <div class='ocr_carea' id='block_1_102' title="bbox 473 5298 1846 5497">
    <p class='ocr_par' dir='ltr' id='par_1_102' title="bbox 473 5298 1846 5497">
     <span class='ocr_line' id='line_1_103' title="bbox 473 5298 1846 5497; baseline -0.007 -88"><span class='ocrx_word' id='word_1_721' title='bbox 473 5298 929 5497; x_wconf 43' lang='grc' dir='ltr'><strong>Ρῧῖἇΐῒίὶἶεηηαάη</strong></span> <span class='ocrx_word' id='word_1_722' title='bbox 961 5352 1053 5407; x_wconf 92' lang='lat' dir='ltr'><strong>lib.</strong></span> <span class='ocrx_word' id='word_1_723' title='bbox 1088 5348 1158 5404; x_wconf 85' lang='lat' dir='ltr'><strong>de</strong></span> <span class='ocrx_word' id='word_1_724' title='bbox 1190 5348 1305 5403; x_wconf 81' lang='lat' dir='ltr'><strong>Vir.</strong></span> <span class='ocrx_word' id='word_1_725' title='bbox 1341 5348 1564 5430; x_wconf 80' lang='lat' dir='ltr'><strong>illttstr.,</strong></span> <span class='ocrx_word' id='word_1_726' title='bbox 1599 5360 1727 5428; x_wconf 47' lang='lat' dir='ltr'><strong>cap.</strong></span> <span class='ocrx_word' id='word_1_727' title='bbox 1755 5345 1846 5401; x_wconf 80' lang='grc'><strong>57.</strong></span> 
     </span>
     <span class='ocr_line' id='line_1_104' title="bbox 568 5418 1846 5497; baseline -0.006 -17"><span class='ocrx_word' id='word_1_728' title='bbox 568 5428 616 5497; x_wconf 92' lang='lat' dir='ltr'><strong>e)</strong></span> <span class='ocrx_word' id='word_1_729' title='bbox 662 5426 901 5495; x_wconf 77' lang='lat' dir='ltr'><strong>Lippom.</strong></span> <span class='ocrx_word' id='word_1_730' title='bbox 930 5464 946 5488; x_wconf 85' lang='lat'><strong>,</strong></span> <span class='ocrx_word' id='word_1_731' title='bbox 1017 5419 1253 5497; x_wconf 19' lang='lat' dir='ltr'><strong>tumuli</strong></span> <span class='ocrx_word' id='word_1_732' title='bbox 1318 5419 1424 5474; x_wconf 85' lang='lat' dir='ltr'><strong>Vit.</strong></span> <span class='ocrx_word' id='word_1_733' title='bbox 1484 5418 1846 5497; x_wconf 74' lang='lat' dir='ltr'><strong>SS_.____i_irtsc0t</strong></span> 
     </span>
    </p>
   </div>
   <div class='ocr_carea' id='block_1_103' title="bbox 568 5417 2070 5498">
    <p class='ocr_par' dir='ltr' id='par_1_103' title="bbox 568 5417 2070 5498">
     <span class='ocr_line' id='line_1_105' title="bbox 568 5417 2070 5498; baseline -0.005 -18"><span class='ocrx_word' id='word_1_734' title='bbox 568 5417 617 5498; x_wconf 48' lang='lat' dir='ltr'><strong>e)&#39;</strong></span> <span class='ocrx_word' id='word_1_735' title='bbox 662 5426 946 5498; x_wconf 80' lang='lat' dir='ltr'><strong>Lippom.,</strong></span> <span class='ocrx_word' id='word_1_736' title='bbox 1017 5419 1253 5498; x_wconf 78' lang='lat' dir='ltr'><strong>tum.__ll</strong></span> <span class='ocrx_word' id='word_1_737' title='bbox 1318 5419 1424 5474; x_wconf 88' lang='lat' dir='ltr'><strong>Vit.</strong></span> <span class='ocrx_word' id='word_1_738' title='bbox 1484 5418 1880 5498; x_wconf 71' lang='lat' dir='ltr'><strong>SS_.____i_iriscor.</strong></span> <span class='ocrx_word' id='word_1_739' title='bbox 1934 5417 2070 5486; x_wconf 84' lang='lat' dir='ltr'><strong>PP.,</strong></span> 
     </span>
    </p>
   </div>
   <div class='ocr_carea' id='block_1_104' title="bbox 475 5490 1706 5565">
    <p class='ocr_par' dir='ltr' id='par_1_104' title="bbox 475 5490 1706 5565">
     <span class='ocr_line' id='line_1_106' title="bbox 475 5490 1706 5565; baseline -0.003 -18"><span class='ocrx_word' id='word_1_740' title='bbox 475 5490 608 5565; x_wconf 40' lang='lat' dir='ltr'><strong>pug:</strong></span> <span class='ocrx_word' id='word_1_741' title='bbox 631 5498 726 5552; x_wconf 73' lang='lat'><strong>151</strong></span> <span class='ocrx_word' id='word_1_742' title='bbox 764 5490 949 5564; x_wconf 70' lang='lat' dir='ltr'><strong>i‘iritnte</strong></span> <span class='ocrx_word' id='word_1_743' title='bbox 980 5494 1110 5549; x_wconf 87' lang='lat' dir='ltr'><strong>edit.</strong></span> <span class='ocrx_word' id='word_1_744' title='bbox 1148 5491 1350 5565; x_wconf 60' lang='lat' dir='ltr'><strong>Venet.</strong></span> <span class='ocrx_word' id='word_1_745' title='bbox 1385 5507 1510 5546; x_wconf 84' lang='lat' dir='ltr'><strong>ann.</strong></span> <span class='ocrx_word' id='word_1_746' title='bbox 1548 5490 1706 5565; x_wconf 47' lang='lat'><strong>155}.</strong></span> 
     </span>
    </p>
   </div>
   <div class='ocr_carea' id='block_1_105' title="bbox 570 5560 2035 5636">
    <p class='ocr_par' dir='ltr' id='par_1_105' title="bbox 570 5560 2035 5636">
     <span class='ocr_line' id='line_1_107' title="bbox 570 5560 2035 5636; baseline -0.005 -14"><span class='ocrx_word' id='word_1_747' title='bbox 570 5572 613 5636; x_wconf 70' lang='grc' dir='ltr'><strong>Γ)</strong></span> <span class='ocrx_word' id='word_1_748' title='bbox 658 5560 806 5629; x_wconf 45' lang='lat' dir='ltr'><strong>Suri,</strong></span> <span class='ocrx_word' id='word_1_749' title='bbox 846 5567 949 5621; x_wconf 78' lang='lat' dir='ltr'><strong>Vit.</strong></span> <span class='ocrx_word' id='word_1_750' title='bbox 984 5566 1109 5631; x_wconf 73' lang='lat'><strong>83.,</strong></span> <span class='ocrx_word' id='word_1_751' title='bbox 1136 5564 1206 5636; x_wconf 60' lang='lat'><strong>2‘)</strong></span> <span class='ocrx_word' id='word_1_752' title='bbox 1239 5563 1387 5636; x_wconf 55' lang='lat' dir='ltr'><strong>Mai},</strong></span> <span class='ocrx_word' id='word_1_753' title='bbox 1415 5575 1547 5617; x_wconf 79' lang='lat' dir='ltr'><strong>lout.</strong></span> <span class='ocrx_word' id='word_1_754' title='bbox 1577 5560 1669 5628; x_wconf 86' lang='grc' dir='ltr'>ιιι,</span> <span class='ocrx_word' id='word_1_755' title='bbox 1706 5575 1829 5632; x_wconf 70' lang='lat' dir='ltr'><strong>pag.</strong></span> <span class='ocrx_word' id='word_1_756' title='bbox 1860 5560 1991 5617; x_wconf 72' lang='grc'><strong>319.</strong></span> <span class='ocrx_word' id='word_1_757' title='bbox 2030 5560 2035 5563; x_wconf 67' lang='grc'><em>’</em></span> 
     </span>
    </p>
   </div>
   <div class='ocr_carea' id='block_1_106' title="bbox 569 5632 1645 5707">
    <p class='ocr_par' dir='ltr' id='par_1_106' title="bbox 569 5632 1645 5707">
     <span class='ocr_line' id='line_1_108' title="bbox 569 5632 1645 5707; baseline -0.006 -15"><span class='ocrx_word' id='word_1_758' title='bbox 569 5632 621 5706; x_wconf 69' lang='lat' dir='ltr'><strong>a)</strong></span> <span class='ocrx_word' id='word_1_759' title='bbox 660 5637 1134 5707; x_wconf 13' lang='lat' dir='ltr'><strong>Baron.,iatlann.</strong></span> <span class='ocrx_word' id='word_1_760' title='bbox 1169 5633 1297 5702; x_wconf 67' lang='lat'><strong>400,</strong></span> <span class='ocrx_word' id='word_1_761' title='bbox 1330 5632 1394 5707; x_wconf 82' lang='lat'>§§</span> <span class='ocrx_word' id='word_1_762' title='bbox 1426 5638 1452 5684; x_wconf 79' lang='lat'><strong>7</strong></span> <span class='ocrx_word' id='word_1_763' title='bbox 1484 5651 1645 5705; x_wconf 78' lang='lat' dir='ltr'><strong>seqq.</strong></span> 
     </span>
    </p>
   </div>
   <div class='ocr_carea' id='block_1_107' title="bbox 572 5706 1256 5778">
    <p class='ocr_par' dir='ltr' id='par_1_107' title="bbox 572 5706 1256 5778">
     <span class='ocr_line' id='line_1_109' title="bbox 572 5706 1256 5778; baseline -0.001 -18"><span class='ocrx_word' id='word_1_764' title='bbox 572 5708 627 5778; x_wconf 74' lang='lat' dir='ltr'><strong>Ii)</strong></span> <span class='ocrx_word' id='word_1_765' title='bbox 669 5706 758 5760; x_wconf 84' lang='lat' dir='ltr'><strong>Id.</strong></span> <span class='ocrx_word' id='word_1_766' title='bbox 792 5706 948 5773; x_wconf 61' lang='lat' dir='ltr'><strong>urit,</strong></span> <span class='ocrx_word' id='word_1_767' title='bbox 983 5706 1044 5778; x_wconf 54' lang='grc' dir='ltr'>δέ</span> <span class='ocrx_word' id='word_1_768' title='bbox 1076 5709 1132 5771; x_wconf 85' lang='lat'><strong>7,</strong></span> <span class='ocrx_word' id='word_1_769' title='bbox 1168 5708 1256 5760; x_wconf 79' lang='lat' dir='ltr'><strong>it.</strong></span> 
     </span>
    </p>
   </div>
   <div class='ocr_carea' id='block_1_108' title="bbox 574 5774 1837 5850">
    <p class='ocr_par' dir='ltr' id='par_1_108' title="bbox 574 5774 1837 5850">
     <span class='ocr_line' id='line_1_110' title="bbox 574 5774 1837 5850; baseline -0.001 -19"><span class='ocrx_word' id='word_1_770' title='bbox 574 5777 613 5850; x_wconf 78' lang='grc' dir='ltr'><strong>ἱ)</strong></span> <span class='ocrx_word' id='word_1_771' title='bbox 656 5781 779 5833; x_wconf 84' lang='lat' dir='ltr'><strong>Act.</strong></span> <span class='ocrx_word' id='word_1_772' title='bbox 807 5778 933 5844; x_wconf 76' lang='lat'><strong>$8.,</strong></span> <span class='ocrx_word' id='word_1_773' title='bbox 958 5774 1101 5842; x_wconf 63' lang='lat' dir='ltr'><strong>Maii,</strong></span> <span class='ocrx_word' id='word_1_774' title='bbox 1133 5786 1266 5832; x_wconf 84' lang='lat' dir='ltr'><strong>tom.</strong></span> <span class='ocrx_word' id='word_1_775' title='bbox 1293 5774 1405 5841; x_wconf 64' lang='lat' dir='ltr'><strong>\‘ll,</strong></span> <span class='ocrx_word' id='word_1_776' title='bbox 1439 5790 1594 5849; x_wconf 73' lang='lat' dir='ltr'><strong>pagg.</strong></span> <span class='ocrx_word' id='word_1_777' title='bbox 1623 5774 1697 5831; x_wconf 62' lang='grc' dir='ltr'>ιε</span> <span class='ocrx_word' id='word_1_778' title='bbox 1721 5791 1837 5848; x_wconf 72' lang='lat' dir='ltr'><strong>seq.</strong></span> 
     </span>
    </p>
   </div>
   <div class='ocr_carea' id='block_1_109' title="bbox 2188 4662 3795 4733">
    <p class='ocr_par' dir='ltr' id='par_1_109' title="bbox 2188 4662 3795 4733">
     <span class='ocr_line' id='line_1_111' title="bbox 2188 4662 3795 4733; baseline 0.004 -18"><span class='ocrx_word' id='word_1_779' title='bbox 2188 4662 2439 4717; x_wconf 74' lang='lat' dir='ltr'><strong>confesso</strong></span> <span class='ocrx_word' id='word_1_780' title='bbox 2467 4678 2586 4717; x_wconf 89' lang='lat' dir='ltr'><strong>esse</strong></span> <span class='ocrx_word' id='word_1_781' title='bbox 2616 4664 2757 4731; x_wconf 86' lang='lat' dir='ltr'><strong>apud</strong></span> <span class='ocrx_word' id='word_1_782' title='bbox 2786 4680 3007 4733; x_wconf 89' lang='lat' dir='ltr'><strong>omnes,</strong></span> <span class='ocrx_word' id='word_1_783' title='bbox 3054 4666 3195 4721; x_wconf 89' lang='lat' dir='ltr'><strong>inter</strong></span> <span class='ocrx_word' id='word_1_784' title='bbox 3223 4666 3604 4733; x_wconf 81' lang='lat' dir='ltr'><strong>Ambrosium,</strong></span> <span class='ocrx_word' id='word_1_785' title='bbox 3649 4668 3795 4721; x_wconf 82' lang='lat' dir='ltr'><strong>Sim-</strong></span> 
     </span>
    </p>
   </div>
   <div class='ocr_carea' id='block_1_110' title="bbox 2188 4753 3791 4835">
    <p class='ocr_par' dir='ltr' id='par_1_110' title="bbox 2188 4753 3791 4835">
     <span class='ocr_line' id='line_1_112' title="bbox 2188 4753 3791 4835; baseline 0.004 -28"><span class='ocrx_word' id='word_1_786' title='bbox 2188 4753 2404 4824; x_wconf 87' lang='lat' dir='ltr'><strong>pliciani</strong></span> <span class='ocrx_word' id='word_1_787' title='bbox 2437 4753 2504 4808; x_wconf 80' lang='lat' dir='ltr'><strong>de</strong></span> <span class='ocrx_word' id='word_1_788' title='bbox 2533 4770 2640 4824; x_wconf 89' lang='lat' dir='ltr'><strong>quo</strong></span> <span class='ocrx_word' id='word_1_789' title='bbox 2671 4757 2965 4835; x_wconf 86' lang='lat' dir='ltr'><strong>loquimur,</strong></span> <span class='ocrx_word' id='word_1_790' title='bbox 2995 4758 3274 4813; x_wconf 90' lang='lat' dir='ltr'><strong>alumnum</strong></span> <span class='ocrx_word' id='word_1_791' title='bbox 3301 4774 3364 4813; x_wconf 90' lang='lat' dir='ltr'><strong>ac</strong></span> <span class='ocrx_word' id='word_1_792' title='bbox 3394 4759 3448 4812; x_wconf 93' lang='lat' dir='ltr'><strong>in</strong></span> <span class='ocrx_word' id='word_1_793' title='bbox 3473 4759 3791 4828; x_wconf 85' lang='lat' dir='ltr'><strong>episcopatu</strong></span> 
     </span>
    </p>
   </div>
   <div class='ocr_carea' id='block_1_111' title="bbox 2189 4848 3791 4920">
    <p class='ocr_par' dir='ltr' id='par_1_111' title="bbox 2189 4848 3791 4920">
     <span class='ocr_line' id='line_1_113' title="bbox 2189 4848 3791 4920; baseline 0.004 -22"><span class='ocrx_word' id='word_1_794' title='bbox 2189 4853 2625 4913; x_wconf 85' lang='lat' dir='ltr'><strong>antecessorem,</strong></span> <span class='ocrx_word' id='word_1_795' title='bbox 2673 4859 2732 4903; x_wconf 91' lang='lat' dir='ltr'><strong>et</strong></span> <span class='ocrx_word' id='word_1_796' title='bbox 2772 4848 3063 4920; x_wconf 81' lang='lat' dir='ltr'><strong>Vigilium,</strong></span> <span class='ocrx_word' id='word_1_797' title='bbox 3115 4862 3361 4906; x_wconf 89' lang='lat' dir='ltr'><strong>mutuum</strong></span> <span class='ocrx_word' id='word_1_798' title='bbox 3410 4850 3791 4908; x_wconf 82' lang='lat' dir='ltr'><strong>intercessisse</strong></span> 
     </span>
    </p>
   </div>
   <div class='ocr_carea' id='block_1_112' title="bbox 2176 4986 3786 5121">
    <p class='ocr_par' dir='ltr' id='par_1_112' title="bbox 2176 4986 3786 5121">
     <span class='ocr_line' id='line_1_114' title="bbox 2176 4986 3786 5121; baseline 0.011 -120"><span class='ocrx_word' id='word_1_799' title='bbox 2176 4986 2644 5121; x_wconf 44' lang='lat' dir='ltr'><strong>.ve(r];))n.liuinart.,</strong></span> <span class='ocrx_word' id='word_1_800' title='bbox 2702 5000 2822 5054; x_wconf 82' lang='lat' dir='ltr'><strong>Act.</strong></span> <span class='ocrx_word' id='word_1_801' title='bbox 2874 5000 3033 5057; x_wconf 83' lang='lat' dir='ltr'><strong>Mart.</strong></span> <span class='ocrx_word' id='word_1_802' title='bbox 3084 5016 3242 5072; x_wconf 61' lang='lat' dir='ltr'><strong>pagg,</strong></span> <span class='ocrx_word' id='word_1_803' title='bbox 3288 4998 3397 5058; x_wconf 58' lang='lat'><strong>53‘</strong></span> <span class='ocrx_word' id='word_1_804' title='bbox 3447 5014 3604 5070; x_wconf 56' lang='lat' dir='ltr'><strong>seqq.</strong></span> <span class='ocrx_word' id='word_1_805' title='bbox 3654 4998 3786 5055; x_wconf 52' lang='lat' dir='ltr'><strong>edit.</strong></span> 
     </span>
    </p>
   </div>
   <div class='ocr_carea' id='block_1_113' title="bbox 2258 5137 2920 5213">
    <p class='ocr_par' dir='ltr' id='par_1_113' title="bbox 2258 5137 2920 5213">
     <span class='ocr_line' id='line_1_115' title="bbox 2258 5137 2920 5213; baseline 0.006 -22"><span class='ocrx_word' id='word_1_806' title='bbox 2258 5137 2338 5213; x_wconf 67' lang='lat' dir='ltr'><strong>(Is)</strong></span> <span class='ocrx_word' id='word_1_807' title='bbox 2382 5137 2602 5213; x_wconf 58' lang='lat' dir='ltr'><strong>param,</strong></span> <span class='ocrx_word' id='word_1_808' title='bbox 2632 5139 2671 5195; x_wconf 89' lang='lat' dir='ltr'><strong>l.</strong></span> <span class='ocrx_word' id='word_1_809' title='bbox 2700 5156 2778 5213; x_wconf 9' lang='lat' dir='ltr'><strong>rc.,</strong></span> <span class='ocrx_word' id='word_1_810' title='bbox 2811 5139 2920 5213; x_wconf 75' lang='lat'><strong>§‘2.</strong></span> 
     </span>
    </p>
   </div>
   <div class='ocr_carea' id='block_1_114' title="bbox 2185 5208 3463 5350">
    <p class='ocr_par' dir='ltr' id='par_1_114' title="bbox 2185 5208 3463 5350">
     <span class='ocr_line' id='line_1_116' title="bbox 2258 5208 3463 5285; baseline 0.005 -23"><span class='ocrx_word' id='word_1_811' title='bbox 2258 5208 2323 5280; x_wconf 78' lang='grc' dir='ltr'><strong>(ι)</strong></span> <span class='ocrx_word' id='word_1_812' title='bbox 2376 5208 2535 5265; x_wconf 85' lang='lat' dir='ltr'><strong>Labb.</strong></span> <span class='ocrx_word' id='word_1_813' title='bbox 2565 5253 2578 5277; x_wconf 96' lang='lat'><strong>,</strong></span> <span class='ocrx_word' id='word_1_814' title='bbox 2650 5208 2876 5267; x_wconf 72' lang='lat' dir='ltr'><strong>Dissert.</strong></span> <span class='ocrx_word' id='word_1_815' title='bbox 2934 5212 3001 5268; x_wconf 92' lang='lat' dir='ltr'><strong>de</strong></span> <span class='ocrx_word' id='word_1_816' title='bbox 3046 5214 3251 5285; x_wconf 82' lang='lat' dir='ltr'><strong>Script.</strong></span> <span class='ocrx_word' id='word_1_817' title='bbox 3302 5215 3463 5283; x_wconf 90' lang='lat' dir='ltr'><strong>eccl.,</strong></span> 
     </span>
     <span class='ocr_line' id='line_1_117' title="bbox 2185 5282 2476 5350; baseline 0.01 -18"><span class='ocrx_word' id='word_1_818' title='bbox 2185 5295 2306 5350; x_wconf 87' lang='lat' dir='ltr'><strong>pag.</strong></span> <span class='ocrx_word' id='word_1_819' title='bbox 2350 5282 2476 5341; x_wconf 66' lang='lat'><strong>4.75.</strong></span> 
     </span>
    </p>
   </div>
   <div class='ocr_carea' id='block_1_115' title="bbox 2257 5370 3792 5451">
    <p class='ocr_par' dir='ltr' id='par_1_115' title="bbox 2257 5370 3792 5451">
     <span class='ocr_line' id='line_1_118' title="bbox 2257 5370 3792 5451; baseline 0.006 -26"><span class='ocrx_word' id='word_1_820' title='bbox 2257 5370 2353 5445; x_wconf 75' lang='lat' dir='ltr'><strong>(in)</strong></span> <span class='ocrx_word' id='word_1_821' title='bbox 2401 5373 2528 5428; x_wconf 84' lang='lat' dir='ltr'><strong>Nat.</strong></span> <span class='ocrx_word' id='word_1_822' title='bbox 2564 5375 2713 5431; x_wconf 75' lang='lat' dir='ltr'><strong>Alex.</strong></span> <span class='ocrx_word' id='word_1_823' title='bbox 2739 5416 2753 5439; x_wconf 93' lang='lat'><strong>,</strong></span> <span class='ocrx_word' id='word_1_824' title='bbox 2804 5375 2947 5433; x_wconf 83' lang='lat' dir='ltr'><strong>Hist.</strong></span> <span class='ocrx_word' id='word_1_825' title='bbox 2997 5378 3133 5451; x_wconf 87' lang='lat' dir='ltr'><strong>eccl.</strong></span> <span class='ocrx_word' id='word_1_826' title='bbox 3163 5389 3273 5434; x_wconf 92' lang='lat' dir='ltr'><strong>tom</strong></span> <span class='ocrx_word' id='word_1_827' title='bbox 3305 5378 3409 5445; x_wconf 88' lang='lat' dir='ltr'><strong>Ill,</strong></span> <span class='ocrx_word' id='word_1_828' title='bbox 3459 5395 3584 5451; x_wconf 88' lang='lat' dir='ltr'><strong>pag.</strong></span> <span class='ocrx_word' id='word_1_829' title='bbox 3620 5379 3685 5443; x_wconf 82' lang='lat' dir='ltr'><strong>l,</strong></span> <span class='ocrx_word' id='word_1_830' title='bbox 3734 5379 3792 5434; x_wconf 90' lang='lat' dir='ltr'><strong>in</strong></span> 
     </span>
    </p>
   </div>
   <div class='ocr_carea' id='block_1_116' title="bbox 2181 5450 3203 5519">
    <p class='ocr_par' dir='ltr' id='par_1_116' title="bbox 2181 5450 3203 5519">
     <span class='ocr_line' id='line_1_119' title="bbox 2181 5450 3203 5519; baseline 0.007 -22"><span class='ocrx_word' id='word_1_831' title='bbox 2181 5460 2407 5516; x_wconf 61' lang='lat' dir='ltr'><strong>synOps.</strong></span> <span class='ocrx_word' id='word_1_832' title='bbox 2442 5460 2568 5501; x_wconf 70' lang='lat' dir='ltr'><strong>saec.</strong></span> <span class='ocrx_word' id='word_1_833' title='bbox 2600 5464 2651 5514; x_wconf 81' lang='grc' dir='ltr'><strong>ν,</strong></span> <span class='ocrx_word' id='word_1_834' title='bbox 2686 5463 2805 5519; x_wconf 88' lang='lat' dir='ltr'><strong>cap.</strong></span> <span class='ocrx_word' id='word_1_835' title='bbox 2846 5451 2896 5515; x_wconf 84' lang='grc'><strong>1,</strong></span> <span class='ocrx_word' id='word_1_836' title='bbox 2930 5451 3049 5505; x_wconf 91' lang='lat' dir='ltr'><strong>sub.</strong></span> <span class='ocrx_word' id='word_1_837' title='bbox 3083 5450 3203 5505; x_wconf 79' lang='lat' dir='ltr'><strong>init.</strong></span> 
     </span>
    </p>
   </div>
   <div class='ocr_carea' id='block_1_117' title="bbox 2179 5538 3785 5679">
    <p class='ocr_par' dir='ltr' id='par_1_117' title="bbox 2179 5538 3785 5679">
     <span class='ocr_line' id='line_1_120' title="bbox 2179 5538 3785 5679; baseline 0 -83"><span class='ocrx_word' id='word_1_838' title='bbox 2179 5538 2615 5679; x_wconf 50' lang='lat' dir='ltr'><strong>66(Z)eqi&#39;ai&#39;tar.,</strong></span> <span class='ocrx_word' id='word_1_839' title='bbox 2650 5542 2717 5598; x_wconf 91' lang='lat' dir='ltr'><strong>de</strong></span> <span class='ocrx_word' id='word_1_840' title='bbox 2744 5542 2894 5615; x_wconf 84' lang='lat' dir='ltr'><strong>Orig.</strong></span> <span class='ocrx_word' id='word_1_841' title='bbox 2930 5544 3066 5599; x_wconf 92' lang='lat' dir='ltr'><strong>eccl.</strong></span> <span class='ocrx_word' id='word_1_842' title='bbox 3101 5543 3387 5612; x_wconf 87' lang='lat' dir='ltr'><strong>Trident.,</strong></span> <span class='ocrx_word' id='word_1_843' title='bbox 3420 5544 3451 5618; x_wconf 85' lang='lat'><strong>§</strong></span> <span class='ocrx_word' id='word_1_844' title='bbox 3479 5544 3583 5612; x_wconf 78' lang='lat'><strong>36,</strong></span> <span class='ocrx_word' id='word_1_845' title='bbox 3629 5560 3785 5617; x_wconf 83' lang='lat' dir='ltr'><strong>pagg.</strong></span> 
     </span>
    </p>
   </div>
   <div class='ocr_carea' id='block_1_118' title="bbox 2249 5703 3159 5843">
    <p class='ocr_par' dir='ltr' id='par_1_118' title="bbox 2249 5703 3159 5843">
     <span class='ocr_line' id='line_1_121' title="bbox 2249 5703 3159 5843; baseline 0.007 -86"><span class='ocrx_word' id='word_1_846' title='bbox 2249 5703 2327 5843; x_wconf 44' lang='grc' dir='ltr'><strong>ἕο)</strong></span> <span class='ocrx_word' id='word_1_847' title='bbox 2366 5703 2590 5788; x_wconf 62' lang='grc' dir='ltr'><strong>Βανοιιη</strong></span> <span class='ocrx_word' id='word_1_848' title='bbox 2622 5706 2851 5788; x_wconf 72' lang='lat' dir='ltr'><strong>adaun.</strong></span> <span class='ocrx_word' id='word_1_849' title='bbox 2880 5709 3011 5775; x_wconf 62' lang='lat'><strong>‘00,</strong></span> <span class='ocrx_word' id='word_1_850' title='bbox 3044 5708 3159 5782; x_wconf 62' lang='grc' dir='ltr'><strong>δε.</strong></span> 
     </span>
     <span class='ocr_line' id='line_1_122' title="bbox 2273 5774 3159 5843; baseline 0.015 -15"><span class='ocrx_word' id='word_1_851' title='bbox 2273 5780 2327 5843; x_wconf 82' lang='grc' dir='ltr'><strong>ρ)</strong></span> <span class='ocrx_word' id='word_1_852' title='bbox 2372 5774 2611 5841; x_wconf 65' lang='lat' dir='ltr'><strong>Panum,</strong></span> <span class='ocrx_word' id='word_1_853' title='bbox 2652 5777 2758 5833; x_wconf 85' lang='lat' dir='ltr'><strong>Vtt.</strong></span> <span class='ocrx_word' id='word_1_854' title='bbox 2791 5777 2849 5835; x_wconf 87' lang='lat' dir='ltr'><strong>S.</strong></span> <span class='ocrx_word' id='word_1_855' title='bbox 2882 5783 3159 5843; x_wconf 54' lang='lat' dir='ltr'><strong>Ambros.</strong></span> 
     </span>
    </p>
   </div>
   <div class='ocr_carea' id='block_1_119' title="bbox 2273 5774 3424 5849">
    <p class='ocr_par' dir='ltr' id='par_1_119' title="bbox 2273 5774 3424 5849">
     <span class='ocr_line' id='line_1_123' title="bbox 2273 5774 3424 5849; baseline 0.005 -20"><span class='ocrx_word' id='word_1_856' title='bbox 2273 5774 2327 5844; x_wconf 85' lang='lat' dir='ltr'><strong>p)</strong></span> <span class='ocrx_word' id='word_1_857' title='bbox 2372 5774 2611 5841; x_wconf 58' lang='lat' dir='ltr'><strong>Panthu,</strong></span> <span class='ocrx_word' id='word_1_858' title='bbox 2652 5777 2758 5833; x_wconf 84' lang='lat' dir='ltr'><strong>Vit.</strong></span> <span class='ocrx_word' id='word_1_859' title='bbox 2791 5777 2849 5835; x_wconf 85' lang='lat' dir='ltr'><strong>S.</strong></span> <span class='ocrx_word' id='word_1_860' title='bbox 2882 5774 3163 5849; x_wconf 52' lang='lat' dir='ltr'><strong>Ambros&quot;</strong></span> <span class='ocrx_word' id='word_1_861' title='bbox 3197 5780 3301 5838; x_wconf 81' lang='lat' dir='ltr'><strong>sub</strong></span> <span class='ocrx_word' id='word_1_862' title='bbox 3330 5780 3424 5837; x_wconf 79' lang='lat' dir='ltr'><strong>lin.</strong></span> 
     </span>
    </p>
   </div>
   <div class='ocr_carea' id='block_1_120' title="bbox 3516 5211 3789 5282">
    <p class='ocr_par' dir='ltr' id='par_1_120' title="bbox 3516 5211 3789 5282">
     <span class='ocr_line' id='line_1_124' title="bbox 3516 5211 3789 5282; baseline -0.007 -12"><span class='ocrx_word' id='word_1_863' title='bbox 3516 5221 3651 5270; x_wconf 88' lang='lat' dir='ltr'><strong>tom.</strong></span> <span class='ocrx_word' id='word_1_864' title='bbox 3701 5211 3749 5269; x_wconf 81' lang='lat' dir='ltr'><strong>il</strong></span> <span class='ocrx_word' id='word_1_865' title='bbox 3774 5256 3789 5282; x_wconf 93' lang='lat'><strong>,</strong></span> 
     </span>
    </p>
   </div>
  </div>
