4194 6184
558 264 658 320 551

1617 253 1931 316 SANCTUS
1970 254 2272 316 VIGILIUS
2310 255 2797 317 TRIDENTINUS.

3760 260 3858 319 552

558 390 818 441 noscens,
852 374 999 431 velut
1028 373 1164 430 Loth
1196 371 1449 431 Sodomis
1474 415 1485 438 ,
1518 373 1784 444 stupende
1810 375 2006 429 timore
2031 374 2154 429 reli-
2182 378 2232 436 Α
2261 375 2493 429 animam
2521 390 2674 430 suam
2699 384 2756 429 ut
2780 387 2887 430 non
2911 373 3128 441 obtulit,
3156 375 3227 431 ita
3254 388 3361 432 non
3384 376 3618 449 negavit.
3664 378 3858 435 Verum

557 476 769 545 giunem
801 473 1077 528 servavit:
1122 469 1217 525 sed
1265 469 1379 524 ovis
1425 477 1536 523 tuta
1564 469 1605 533 ί,
1640 469 1886 539 quamvis
1918 469 1970 523 in
2002 468 2158 536 lupo-

558 581 678 622 rum
710 565 889 621 medio
915 563 1228 626 constituta,
1260 562 1399 617 ovile
1429 562 1698 632 qntcsivit,
1730 559 1873 631 quod
1900 602 1914 627 ,
1948 560 2159 629 impen-

558 659 635 715 sis
663 658 870 728 pusilla:
904 656 1029 712 ﬁdei
1054 655 1195 711 votis
1219 654 1529 719 muniﬁcus,
1560 654 1764 725 primus
1792 653 1844 707 in
1870 653 1957 707 illa
1987 653 2161 723 regio-

561 768 628 807 nc
656 751 899 807 fundavit
924 769 934 804 :
968 750 1120 821 cujus
1139 752 1403 814 minister,
1433 749 1477 803 si
1502 764 1710 804 mecum
1738 752 2023 803 recensere
2045 747 2161 818 dig-

562 847 729 913 naris,
760 863 854 917 per
884 846 986 900 hoc
1015 845 1161 900 velut
1183 860 1249 900 ex
1280 843 1462 899 debito
1487 859 1607 899 esse
1637 842 1959 914 promeruit,
1995 858 2163 897 senex

559 950 618 996 ut
646 955 783 1004 :cvo,
811 940 882 993 ita
909 938 1106 994 merito
1138 938 1497 1006 praecesserit.
2164 1002 2169 1007 ἢ

635 1032 701 1088 Il.
736 1033 931 1088 Lector
954 1047 1169 1103 quoque
1198 1032 1488 1102 Martyrius
1517 1074 1531 1098 ,
1573 1030 1693 1101 eius
1716 1031 2048 1087 adminiculo
2074 1047 2162 1087 so-

563 1124 756 1193 ciatus,
782 1125 893 1193 jam
925 1125 1158 1179 nominis
1189 1126 1411 1194 pignore
1441 1124 1856 1179 commendante
1893 1139 2040 1185 eum,
2074 1140 2163 1179 re-

469 1220 478 1230 '
564 1215 771 1286 ligiosrc
794 1216 1143 1287 professionis
1158 1216 1377 1272 exordia
1401 1224 1521 1286 post
1544 1215 1787 1270 militiam
1809 1216 2162 1284 temporalem

566 1308 988 1364 catechumenos
1036 1308 1230 1364 induit.
1280 1309 1414 1363 Nam
1462 1307 1703 1379 projeCto
1752 1324 1781 1361 a
1821 1322 1879 1363 se
1906 1308 2163 1378 cingulo,

568 1404 879 1474 rejccmqne
910 1414 1191 1474 parentum
1234 1403 1321 1457 vel
1364 1402 1587 1457 fratrum
1632 1402 1929 1457 carnalium
1979 1410 2123 1456 coetu
2149 1442 2163 1467 ,

570 1496 879 1568 intelligens
926 1512 1047 1553 sese
1075 1512 1218 1552 verae
1244 1496 1378 1550 lucis
1403 1505 1624 1550 auctore
1644 1495 1751 1550 Deo
1780 1496 2006 1565 gratiam
2037 1510 2167 1548 con-

569 1600 836 1656 secutum,
873 1591 1014 1647 inter
1044 1591 1275 1645 lectores
1306 1589 1486 1645 officio
1513 1591 1751 1644 sociatus
1776 1631 1789 1655 ,
1823 1589 2019 1643 divina:
2048 1590 2165 1644 lau-

569 1684 653 1741 dis
682 1686 951 1740 canticum
983 1684 1205 1739 auribus
1231 1682 1437 1753 primus
1457 1682 1632 1737 surdae
1659 1682 1893 1752 regionis
1914 1681 2165 1748 intonuit,

2260 482 2447 523 omnes
2476 468 2529 523 in
2560 485 2722 522 unutn
2770 469 3020 537 collecti,
3065 484 3159 541 per
3206 471 3413 541 aliquot
3452 472 3625 540 spatia
3667 473 3857 541 tracti,

2263 560 2373 615 Deo
2404 560 2613 616 animas
2639 562 3005 631 exspirarunt.
3037 563 3103 617 Et
3133 564 3364 619 duorum
3397 564 3614 635 quidem
3644 566 3860 621 ductum

2261 658 2347 706 est
2372 667 2569 722 corpus
2602 657 2847 711 exanime
2876 674 2888 711 :
2925 657 3083 711 tertio
3122 672 3250 712 vero
3288 674 3394 727 quo
3433 658 3683 714 tenacior
3717 661 3858 727 vita,

2264 745 2334 800 ita
2367 744 2467 800 fuit
2495 761 2651 817 poena
2686 748 3033 804 sensibilior:
3078 763 3201 803 nam
3232 751 3386 804 vivus
3434 764 3560 805 suas
3606 752 3867 821 Spectavit

2264 839 2565 909 exsequias.
2620 840 2958 909 Praeparatns
2991 851 3073 896 est
3104 840 3171 897 de
3197 842 3369 897 sacris
3396 843 3644 899 ecclesia:
3670 844 3865 899 culmi-

2267 932 2423 988 nibus
2448 950 2543 989 seu
2578 936 2818 990 trabibus
2847 952 3010 1006 rogus
3050 954 3062 990 :
3099 936 3214 992 hate
3236 935 3449 991 flamma
3481 950 3753 1011 martyres
3779 956 3866 994 vc-

2268 1023 2413 1079 lavit.
2466 1024 2756 1081 Rcverenti
2787 1037 2966 1082 autem
2998 1038 3123 1082 voto
3151 1070 3165 1096 ,
3198 1027 3494 1100 cogitamus
3536 1031 3825 1087 nobiseum
3853 1072 3868 1098 ,

2268 1125 2325 1170 ut
2348 1116 2397 1171 id
2429 1117 2531 1171 loci
2565 1118 2782 1173 basilica
2806 1127 3174 1185 construatur,
3216 1123 3307 1176 ubi
3342 1122 3567 1191 primum
3600 1122 3721 1178 ﬁdei
3753 1124 3872 1194 glo-

2269 1210 2427 1264 riosrc
2458 1210 2819 1266 testimonium
2850 1223 3188 1268 meruerunt.
3222 1213 3372 1268 Nunc
3403 1230 3488 1269 me
3513 1216 3869 1281 immeritum,

2271 1303 2323 1357 in
2354 1314 2582 1375 utroque
2610 1316 2948 1371 consortem,
2994 1318 3219 1378 paterno
3247 1325 3433 1364 amore
3464 1310 3745 1365 consolare
3769 1352 3784 1376 ,
3818 1319 3873 1366 et

2270 1412 2391 1452 cum
2416 1399 2605 1454 eodem
2634 1399 2655 1429 ’⁵
2695 1410 2911 1455 sanctos
2950 1401 3091 1471 apud
3143 1402 3289 1472 ipsos
3332 1412 3593 1457 exorator
3631 1403 3868 1472 accede,

2270 1501 2535 1561 quatenus
2584 1494 2780 1561 possim
2821 1492 2908 1548 die
2956 1494 3044 1547 illa
3075 1492 3340 1549 fimbriam
3390 1505 3485 1551 aut
3528 1494 3870 1553 sacerdotum

2271 1594 2361 1637 aut
2393 1593 2711 1655 martyrum,
2737 1585 2849 1653 jam
2876 1586 3130 1640 omnibus
3160 1588 3415 1657 sepositis
3440 1630 3455 1655 ,
3508 1600 3761 1659 peccator
3796 1599 3876 1644 at-

2275 1673 2503 1743 tingere.
2584 1675 2900 1731 Salutamus
2975 1678 3196 1747 speciali
3258 1680 3481 1733 servitio
3534 1681 3877 1737 sanctitatem

570 1787 808 1833 attentus
849 1778 1103 1848 operibus
1131 1776 1332 1846 jugiter
1371 1774 1704 1845 spiritalibus
1728 1817 1743 1841 ,
1773 1775 2003 1829 lassatus
2026 1773 2166 1843 jeju-
2200 1774 2249 1834 Β
2278 1775 2421 1819 tuam
2448 1784 2461 1821 :
2492 1782 2698 1835 quaeso,
2732 1776 2790 1821 ut
2820 1782 3110 1823 mmrorem
3136 1785 3314 1825 meum
3345 1770 3577 1825 Domino
3600 1786 3879 1828 commen-

571 1871 674 1927 niis
700 1871 989 1935 continuis,
1025 1867 1275 1925 lectionis
1296 1882 1408 1923 sum
1436 1866 1779 1937 pmdagogus,
1809 1865 1863 1920 in
1895 1864 2171 1919 lucrandis

570 1965 854 2021 animabus
899 1965 1091 2019 anxius
1130 1982 1141 2017 :
1194 1978 1362 2034 quare
1400 1962 1551 2017 brevi
1602 1961 1859 2031 temporis
1898 1958 2171 2029 impendio

573 2070 779 2116 tantum
830 2060 988 2115 fenus
1014 2068 1139 2114 ante
1170 2056 1471 2127 prmmisit,
1516 2066 1573 2110 ut
1622 2054 1695 2109 illi
1740 2068 1937 2109 corona
1979 2056 2172 2107 merito

572 2156 908 2213 crederetur.
940 2152 1079 2221 Quid
1110 2151 1363 2206 liberatas
1392 2149 1603 2217 animas
1631 2146 1886 2211 referam,
1918 2147 1969 2200 in
1994 2145 2172 2201 sinum

572 2246 804 2303 Abrahae
831 2246 989 2316 plena
1018 2246 1134 2298 luce
1166 2245 1438 2312 profectas
1458 2283 1473 2308 ,
1519 2256 1653 2311 quas
1680 2240 1883 2310 perﬁda
1913 2239 2175 2309 supersti-

576 2339 838 2393 tiosorum
868 2336 1078 2391 dierum
1110 2335 1456 2389 observantia
1487 2375 1501 2400 ,
1531 2336 1768 2387 alienato
1791 2334 1914 2403 jure
1942 2342 2171 2397 natura},

571 2427 778 2483 crudeli
809 2436 984 2482 morte
1014 2424 1350 2481 damnabat?
1383 2424 1581 2479 Verum
1613 2424 1723 2488 ille,
1744 2423 2039 2477 subductus
2062 2437 2176 2475 ma-

574 2521 744 2576 ternis
771 2520 1027 2576 uberibus
1053 2519 1192 2574 lacte
1225 2517 1561 2588 turgentibus
1581 2557 1595 2582 ,
1629 2531 1852 2585 peregre
1883 2515 2172 2581 enutritus,

573 2612 962 2668 condecentem
993 2627 1208 2683 semper
1237 2611 1395 2665 matri
1432 2609 1710 2680 quaarebat
1747 2608 1995 2663 allectum
2022 2649 2037 2675 ,
2086 2624 2175 2662 rc-

573 2708 966 2765 surrectionem
998 2708 1264 2778 exemplis
1293 2707 1635 2775 praedicatam
1669 2705 1974 2761 videntibus
2005 2705 2177 2761 oculis

574 2800 874 2858 dicaturus.
906 2802 1033 2857 Hzcc
1062 2809 1190 2857 sunt
1220 2814 1389 2871 pauca
1418 2799 1486 2854 de
1509 2798 1714 2854 multis.

648 2916 735 2972 lll.
772 2915 1081 2973 Alexander
1118 2931 1336 2988 quoque
1361 2956 1377 2982 ,
1421 2914 1665 2987 Martyrii
1711 2912 2178 2984 consanguinitate

573 3023 884 3081 germanus,
919 3010 1108 3063 tertius
1134 3007 1385 3062 trinitatis
1407 3007 1639 3061 hostiam
1668 3008 1968 3075 complens,
1994 3020 2175 3075 parem

510 3118 513 3119 '
577 3102 938 3159 confessionis
978 3101 1197 3173 jannam
1248 3102 1531 3157 reseravit.
1591 3100 1724 3156 Nam
1768 3102 2035 3171 patriam,
2081 3098 2177 3154 Dei

573 3198 779 3252 causa’
806 3195 1139 3266 peregrinus,
1185 3206 1545 3265 parentesque
1582 3191 1841 3254 deseruit,
1892 3206 2076 3246 comes
2125 3191 2177 3246 in

574 3289 979 3361 probationibus
1007 3288 1144 3359 ﬁdus
1169 3328 1184 3355 ,
1231 3287 1338 3343 ﬁde
1376 3287 1746 3357 magnanimus
1771 3327 1786 3353 ,
1834 3284 2179 3341 miseratione

574 3397 897 3454 propensus.
933 3382 1002 3437 Et
1025 3383 1069 3437 si
1095 3381 1406 3437 testimonio
1439 3395 1560 3437 meo
1588 3388 1877 3450 utcumque
1899 3378 2138 3434 creditur
2161 3419 2177 3445 ,

576 3491 684 3531 non
712 3485 855 3544 sunt,
886 3474 989 3529 nisi
1018 3473 1120 3545 ipsi
1147 3475 1271 3539 sibi,
1293 3474 1621 3530 altrinsecus
1652 3473 2011 3545 prmferendi:
2041 3486 2178 3544 quos

576 3568 943 3626 commendari
975 3582 1080 3623 non
1110 3581 1247 3637 OpllS
1274 3567 1414 3633 fuit,
1467 3566 1566 3622 nisi
1617 3566 1757 3621 forte
1800 3567 1940 3636 quod
1972 3565 2175 3621 decuit.

575 3663 646 3720 At
666 3676 799 3718 vero
826 3660 1088 3717 hactenus
1109 3670 1236 3716 sunt
1263 3661 1490 3716 allevata
1522 3659 1757 3726 fastidia,
1794 3662 1835 3715 si
1879 3658 2059 3713 adhuc
2084 3673 2179 3711 au-

574 3756 727 3812 ribus
767 3754 1001 3811 libenter
1033 3753 1289 3810 admittis.
1340 3752 1473 3808 Nam
1514 3752 1719 3807 fumosa
1750 3753 2022 3824 gentilitas
2048 3766 2177 3807 cons

571 3858 655 3905 tra
682 3864 933 3920 vaporem
966 3846 1127 3916 ﬁdei,
1176 3846 1292 3902 zelo
1332 3846 1532 3902 diaboli
1555 3845 1770 3900 ﬂamma
1800 3845 1997 3899 furoris
2028 3845 2176 3899 inca-

572 3943 708 3998 luit:
732 3942 929 3999 exinde
947 3941 1057 4012 jam
1088 3942 1293 3996 lentum
1323 3939 1563 3994 fomitem
1592 3952 1817 4009 serpens
1841 3979 1854 4001 ,
1889 3937 2030 4007 quod
2059 3936 2175 4005 epi-

470 4092 481 4101 _
574 4034 675 4089 bus
696 4074 710 4099 ,
743 4043 800 4087 ut
826 4033 936 4087 dixi
967 4072 982 4097 ,
1013 4030 1139 4087 ﬁdei
1166 4039 1482 4101 paupertate
1513 4030 1727 4095 devela,
1757 4029 1964 4099 primus
1987 4027 2037 4081 id
2072 4028 2175 4083 loci

571 4126 837 4181 diaconus
863 4124 1108 4181 ecclesiae
1137 4123 1549 4178 tabernaculum
1593 4122 1882 4192 posuisset.
1928 4120 2176 4178 Accessit

571 4233 787 4290 quoque
823 4218 984 4288 iusta:
1025 4217 1093 4271 ad
1125 4216 1311 4271 titulos
1353 4231 1553 4280 causae,
1584 4214 1727 4287 quod
1754 4214 2049 4270 condonari
2080 4215 2176 4269 ho-

570 4315 701 4372 stias
729 4314 945 4371 diabolo
971 4312 1038 4370 de
1067 4312 1361 4370 christiana
1388 4311 1573 4377 domo,
1604 4310 1815 4365 diaconi
1840 4308 1983 4365 ﬁdeli
2011 4309 2175 4364 mini-

568 4410 736 4467 sterio
773 4408 1131 4480 prohiberet,
1176 4413 1233 4461 et
1274 4407 1427 4461 lustri
1456 4404 1640 4461 feralis
1682 4402 1878 4459 vexillo
1929 4402 2171 4473 praeferri

568 4499 828 4557 vexillum
870 4502 1039 4556 vetuit
1067 4498 1087 4530 ³
1123 4498 1411 4569 passionis.
1473 4496 1605 4552 Nam
1652 4495 1876 4551 invitata
1914 4495 2017 4551 sub
2064 4510 2171 4549 uno

570 4594 791 4664 praemio
816 4608 1008 4648 manus
1035 4632 1051 4658 ,
1083 4591 1148 4647 ad
1181 4591 1499 4662 sanguinem
1524 4588 1865 4655 convolavit;
1900 4602 1964 4643 ac
1994 4598 2172 4642 matu-

568 4688 696 4742 tinis
719 4688 889 4752 boris,
920 4687 1145 4743 nimium
1173 4684 1548 4741 antecedentis
1577 4683 1684 4738 diei
1711 4682 2025 4737 vulneribus
2048 4682 2171 4737 fati-

566 4787 771 4851 gatum,
791 4794 892 4836 nec
908 4780 1068 4835 aliter
1088 4778 1288 4835 lecmlo
1302 4775 1724 4847 deprehensum,
1750 4775 1973 4830 emerita
1989 4776 2170 4845 quiete

567 4870 835 4942 sepelivit.
892 4871 1087 4927 Lector
1115 4884 1327 4939 quoque
1352 4866 1495 4922 haud
1526 4882 1777 4938 umquam
1805 4868 2036 4938 impiger
2057 4907 2073 4933 ,
2114 4873 2170 4920 et

570 4966 638 5023 ad
671 4964 1027 5020 ministerium
1056 4963 1431 5018 antelucanum
1460 4962 1767 5028 serviebat,
1799 4964 1885 5017 cui
1915 4962 1967 5016 in
2000 4961 2171 5016 sacri-

570 5059 694 5117 ﬁcio
716 5059 974 5115 diaconus
1003 5056 1396 5123 famulabatur;
1423 5066 1481 5111 et
1509 5057 1828 5112 medicinam
1856 5054 2169 5111 vulneribus

568 5163 898 5213 memoratus
927 5143 1213 5226 Martyrius
1258 5151 1587 5218 exhibebat,
1639 5167 1798 5221 quam
1849 5165 2015 5221 Opere
2062 5165 2170 5221 quo

567 5251 894 5324 deprehensi
919 5259 1044 5307 sunt
1067 5293 1081 5317 ,
1115 5246 1547 5317 compleverunt.
1592 5245 1872 5315 Siquidem
1904 5243 2168 5300 secedens

565 5347 633 5403 ad
671 5346 886 5402 hortum
919 5346 1085 5400 lector
1108 5384 1124 5411 ,
1162 5342 1252 5413 qui
1282 5340 1527 5397 ecclesim
1553 5338 1901 5405 cohaerebat,
1933 5348 2121 5409 captus
2144 5380 2159 5405 ,

565 5440 689 5496 vitaz
716 5456 828 5495 sure
850 5438 1099 5494 arborem
1127 5451 1157 5490 a
1190 5435 1370 5493 radice
1405 5434 1685 5505 plantavit.
1712 5434 1978 5489 Ostiarius
1999 5435 2162 5491 etiam

566 5533 801 5602 passioni
843 5530 1128 5602 adjunctus
1171 5537 1257 5587 est
1306 5546 1319 5585 :
1369 5528 1425 5585 in
1475 5529 1711 5600 hospitio
1751 5528 2161 5599 deprehensus,

643 5663 658 5693 ³
689 5662 791 5720 Ed.
816 5673 941 5720 tota.

640 5734 662 5764 ’
691 5734 791 5790 Ed.
808 5736 996 5791 deinde
1016 5752 1214 5807 peregr.

2274 1859 2405 1914 dare
2432 1860 2693 1929 digneris.
2720 1860 2852 1916 Item
2884 1864 2989 1918 alia
3022 1881 3199 1919 manu.
3245 1866 3520 1937 Denegare
3547 1883 3652 1923 non
3691 1872 3877 1940 potui,

2275 1952 2417 2022 quod
2447 1961 2595 2007 tuum
2626 1954 2676 2007 in
2710 1956 2864 2010 nobis
2892 1958 3339 2028 crat.gloriosius
3358 1959 3509 2015 ﬁeret
3537 1962 3881 2032 suscipientis

2277 2051 2500 2113 merito,
2536 2062 2641 2101 non
2668 2049 2837 2118 gratia
2870 2049 3172 2120 largientis.
3221 2051 3365 2115 Dies,
3388 2062 3568 2107 autem
3616 2056 3882 2121 passionis

2276 2149 2604 2208 sanctorum,
2636 2152 2829 2212 quarto
2859 2142 3124 2200 kalendas
3155 2145 3363 2212 Junias,
3395 2157 3545 2202 sexta
3577 2147 3734 2215 feria,
3764 2149 3885 2206 luce

2277 2244 2559 2290 nascente.

2862 2309 3201 2367 EPISTOLA
3242 2311 3304 2367 ΙΙ.

2590 2401 2668 2455 Αι)
2707 2401 2765 2457 S.
2808 2402 3055 2458 JOANNEM
3093 2403 3539 2462 Cunvsosronuu.

2747 2492 2827 2548 De
2850 2495 3028 2549 iisdem
3067 2500 3397 2569 martyribus.

2280 2583 2456 2645 Incipit
2491 2584 2893 2652 Epistolasancti
2919 2589 3083 2652 Vigilii
3122 2592 3185 2641 de
3225 2593 3450 2643 laudibus
3486 2594 3884 2649 beatissimorum

2342 2648 2831 2721 martyrnmﬁisiunit
2852 2692 2864 2709 ,
2892 2648 3162 2721 .alexaiiglri
3189 2664 3241 2703 et
3267 2656 3480 2720 Martyrii
3498 2695 3512 2718 ,
3537 2672 3743 2721 quorum
3769 2648 3887 2711 relis

2340 2712 2469 2771 quite
2494 2711 2839 2785 perJa‘cobum
2873 2716 3032 2785 virum
3054 2716 3291 2766 illustrem
3326 2711 3651 2772 ad'Joa'nriem
3687 2725 3885 2785 episco-

2342 2785 2458 2834 pum
2482 2774 2619 2822 urbis
2644 2774 3183 2840 Constantinpolitanaa
3215 2792 3569 2841 pervenerunt.

2351 2854 2394 2909 Ι.
2438 2855 2519 2910 Ad
2562 2869 2777 2914 sanctas
2822 2875 2982 2915 aures
3010 2877 3181 2918 novus
3207 2864 3490 2921 charitatis
3528 2867 3730 2938 hospes
3773 2885 3883 2927 non

2281 2945 2435 3001 aliter
2466 2949 2765 3018 applicaret
2793 2992 2806 3017 ,
2837 2960 2929 3006 aut
2954 2953 3334 3008 verecundiam
3378 2957 3539 3026 primi
3569 2969 3746 3014 motus
3773 2976 3883 3015 non

2282 3052 2607 3108 provocatus
2657 3042 3001 3112 impelleret,
3046 3046 3129 3101 vel
3174 3047 3441 3104 imbueret
3490 3051 3704 3121 ignotus
3747 3052 3885 3108 allo—

2204 3162 2250 3225 ρ
2283 3138 2463 3207 quium
2489 3156 2503 3205 ;
2539 3140 2642 3195 nisi
2673 3152 2990 3211 provocaret
3016 3154 3072 3200 et
3100 3146 3401 3215 pramtium.
3432 3148 3511 3202 Ab
3540 3147 3755 3204 homine
3782 3150 3885 3205 ita-

2283 3248 2387 3302 que
2413 3235 2712 3303 apostolico
2733 3278 2746 3302 ,
2797 3237 2962 3292 frater
2989 3238 3312 3296 charissime
3337 3282 3352 3307 ,
3402 3245 3686 3312 praesentis
3725 3252 3883 3300 tenor

2282 3334 2444 3393 atque
2473 3328 2717 3396 epistolae
2749 3328 2972 3398 incipiet
3001 3330 3281 3400 plenitudo
3306 3373 3322 3399 ,
3368 3344 3425 3388 ut
3464 3333 3608 3390 facili
3641 3336 3882 3393 conﬁnio

2282 3414 2586 3486 intelligas,
2635 3418 2776 3488 quod
2822 3430 3117 3492 martyrum
3147 3425 3415 3494 praeconia
3457 3427 3879 3498 subsequantur.

2280 3506 2513 3563 Jacobus
2542 3512 2765 3575 etenim,
2794 3512 3190 3570 desideriorum
3221 3517 3523 3574 caalestium
3558 3522 3639 3576 vir
3681 3520 3880 3591 ﬁdelis,

2279 3601 2601 3658 Comitivam
2627 3605 2987 3664 reclinaturus
3015 3609 3065 3663 in
3094 3610 3294 3667 Christi
3325 3614 3611 3670 comitibus
3644 3615 3881 3688 dignita-

2281 3702 2389 3750 tem
2410 3736 2423 3759 ,
2455 3706 2763 3753 sanctorum
2804 3702 3102 3757 recentium
3132 3714 3188 3759 et
3213 3720 3410 3775 vapore
3433 3707 3726 3763 fumantum
3756 3712 3882 3766 reli-

2279 3788 2432 3857 quias
2462 3791 2777 3857 postulavit.
2815 3792 3358 3863 Reclinaturus'dixi,
3389 3801 3509 3869 quia
3539 3801 3737 3872 deponi
3770 3819 3879 3860 non

2282 3888 2477 3947 potest,
2508 3897 2628 3950 quae
2652 3883 2791 3951 apud
2824 3884 3106 3941 Dominum
3133 3888 3365 3959 dignitas
3404 3894 3727 3949 cumulatur.
3780 3896 3877 3952 Cui

2279 3988 2379 4043 ego
2434 3974 2566 4028 satis
2609 3975 2862 4045 timidus,
2895 3995 2994 4035 nec
3048 3996 3233 4050 parum
3267 3974 3503 4052 prudens
3531 4000 3739 4050 causzc,
3771 4003 3877 4045 me-

2278 4081 2399 4122 cum
2431 4068 2835 4139 dispensatione
2882 4073 3113 4129 luctatus
3140 4118 3153 4141 ,
3204 4092 3311 4146 quo
3356 4078 3535 4135 minus
3560 4080 3877 4139 distributor

2278 4161 2533 4231 idoneus,
2584 4180 2720 4234 pene
2748 4165 2876 4221 dum
2909 4183 3099 4224 vereor
3124 4169 3380 4242 denegavi
3429 4190 3443 4228 :
3490 4174 3631 4244 quod
3663 4191 3879 4247 semper

2283 4254 2484 4311 debere
2513 4299 2527 4323 ,
2561 4266 2621 4312 ut
2650 4259 2770 4329 quis
2796 4259 3063 4316 feneretur
3089 4304 3103 4328 ,
3134 4264 3365 4331 expendi
3394 4264 3648 4321 feceram.
3700 4269 3879 4324 Conﬁ-

2281 4358 2431 4413 teor;
2481 4349 2709 4405 multum
2755 4352 3049 4408 multorum
3080 4356 3343 4425 privatam
3377 4358 3528 4413 timui
3578 4362 3783 4429 privato
3812 4364 3879 4417 ti-

2276 4456 2428 4497 more
2449 4441 2740 4511 jacturam,
2769 4444 2869 4498 nisi
2893 4447 2959 4500 ad
2985 4446 3247 4504 Iacobum
3278 4451 3664 4520 respexissem,
3690 4466 3876 4511 sancto

2201 4559 2255 4621 Β
2278 4532 2473 4588 Joanni
2519 4550 2617 4604 per
2664 4536 2908 4606 quaedam
2937 4538 3195 4594 alimenta
3226 4544 3544 4598 reverentizc
3576 4545 3872 4616 tradituro,

2279 4637 2335 4679 ut
2362 4625 2609 4697 delegato
2634 4642 2819 4685 amore
2840 4645 2937 4701 per
2969 4632 3217 4701 religiosa
3246 4635 3506 4691 vocabula
3536 4647 3830 4711 martyrum
3856 4682 3873 4710 ,

2277 4716 2597 4787 deferretur,
2626 4732 2680 4776 et
2708 4722 2899 4778 iterum
2921 4726 3181 4796 sanguine
3202 4726 3545 4799 iungeretur,
3578 4748 3685 4788 non
3719 4748 3877 4803 pcre-

2276 4812 2425 4881 grina
2456 4815 2806 4880 germanitas.
2855 4816 3003 4874 Hanc
3029 4835 3245 4889 quoque
3271 4823 3412 4879 inter
3433 4836 3629 4882 ctetera
3660 4826 3875 4896 Opinio-

2275 4918 2399 4959 nem
2432 4905 2555 4961 ﬁdei
2582 4905 2813 4964 libenter
2834 4912 3105 4980 accipieus
3124 4954 3140 4980 ,
3179 4930 3299 4983 qua:
3328 4916 3466 4972 bene
3510 4918 3562 4973 in
3590 4934 3710 4974 meo
3737 4934 3875 4977 ιηω-

2276 5012 2397 5052 rore
2422 4999 2655 5067 ridebat,
2688 5011 2891 5058 tantum
2919 5004 3126 5073 distuli,
3158 5023 3264 5064 non
3299 5010 3510 5080 negavi.
3558 5011 3747 5067 Distuli
3770 5056 3784 5080 ,
3815 5022 3876 5069 ut

2271 5090 2471 5148 iterum
2504 5092 2766 5149 lentitudo
2800 5112 2918 5152 mea
2955 5108 3145 5169 aperte
3186 5103 3538 5171 proderetur,
3582 5105 3675 5175 qui
3717 5107 3872 5177 sequi

2274 5201 2425 5242 meos
2449 5188 2678 5244 comites
2705 5189 2928 5247 minime
2957 5196 3299 5251 meruissem.
3332 5194 3631 5264 Confiteor,
3661 5201 3871 5270 optavi:

2274 5276 2369 5333 sed
2401 5294 2508 5333 non
2544 5290 2628 5334 est
2669 5280 2723 5335 in
2754 5283 2871 5337 Solo
2900 5284 3171 5342 desiderio
3198 5303 3398 5345 corona
3425 5290 3669 5360 justitim.
3718 5291 3873 5349 Nunc

2274 5380 2451 5425 autem
2484 5371 2529 5425 si
2559 5372 2759 5429 decens
2781 5376 2915 5432 ordo
2936 5381 3116 5448 gravis
3148 5396 3251 5437 non
3284 5383 3387 5438 erit
3408 5385 3629 5440 auribus
3649 5385 3873 5441 sitienti-

2274 5463 2395 5534 bus,
2427 5482 2455 5521 a
2479 5469 2716 5539 regionis
2745 5471 2850 5526 situ
2881 5474 2967 5528 vel
2991 5473 3195 5531 itineris
3224 5476 3491 5535 inchoabo
3518 5496 3533 5547 ;
3565 5495 3772 5535 summa
3796 5495 3874 5535 re-

2275 5575 2393 5615 rum
2426 5563 2654 5633 vestigia
2696 5565 2813 5621 sine
2842 5566 3057 5625 fastidio
3104 5580 3431 5642 secuturus,
3476 5582 3535 5630 ut
3582 5573 3872 5645 proclivius

2342 5677 2362 5709 ³
2386 5676 2489 5733 Ed.
2521 5684 2731 5735 meruit.

2344 5747 2364 5780 ⁸
2390 5747 2491 5805 Ed.
2523 5751 2724 5807 iisdem.
