4194 6184
380 222 487 279 553

1586 221 1832 280 SANCTI
1872 217 2099 275 VICILII
2138 218 2519 278 EPISTOLE.

3591 224 3695 282 554

378 334 615 391 confluat
644 333 926 393 inundatio
958 339 1275 396 meritorum
1303 379 1317 406 ,
1359 339 1404 396 si
1428 338 1495 395 ad
1527 340 1790 412 originem
1825 336 1988 397 fontis
2016 337 2064 396 A
2095 346 2150 391 ut
2177 352 2277 394 nec
2304 348 2429 395 ante
2454 338 2582 410 quid
2614 338 2987 410 praecesserit,
3025 353 3125 395 nec
3154 348 3449 412 sequatur;
3501 345 3594 399 sed
3628 346 3700 399 sit

377 427 562 496 capaci
591 443 780 486 amore
806 430 1111 499 pervenias.

446 517 513 577 ll.
556 520 769 578 Positus
816 539 1049 595 namque
1094 524 1223 598 (cui
1272 526 1589 598 inquilinum
1634 538 1719 583 est
1746 529 1987 599 Anagnia

377 614 739 687 vocabulum)
768 616 921 673 locus
979 618 1172 690 viginti
1210 620 1448 692 quinque
1491 621 1681 677 stadiis
1710 636 1739 675 a
1770 622 1990 677 civitate

376 703 588 761 divisus
611 750 626 774 ,
659 716 769 762 tam
803 709 1028 779 perﬁdia
1049 727 1211 782 quam
1241 721 1431 768 natura
1457 713 1701 784 angustis
1743 713 1989 771 faucibus

378 794 746 868 interclusus,
792 817 902 859 uno
940 819 1079 874 pene
1125 804 1271 860 aditu
1318 806 1590 862 relaxatus
1628 806 1776 880 (iter
1826 806 1987 864 trium

377 899 679 963 martyrum
709 893 885 967 dicas)
914 897 1005 967 qui
1035 898 1323 969 resupinus
1356 898 1505 953 molli
1536 899 1724 967 dorso,
1759 900 1900 956 vallo
1922 916 1986 957 ex

378 986 529 1039 omni
577 986 750 1043 latere
785 987 1074 1046 desidente
1097 1033 1114 1059 ,
1166 992 1405 1048 castellis
1433 992 1673 1064 undique
1704 994 1894 1063 positis
1934 994 1989 1049 in

378 1091 662 1143 coronam,
703 1078 893 1135 vicinis
928 1081 1030 1138 sibi
1066 1082 1287 1152 perfidia
1315 1084 1756 1154 conspirantibus
1781 1128 1795 1152 ,
1830 1100 1981 1156 spec-

379 1172 541 1228 taculi
574 1188 747 1242 genus
778 1174 997 1231 exhibet
1023 1192 1184 1233 scena
1239 1189 1466 1234 naturae.
1497 1178 1671 1235 Causa
1719 1180 1840 1237 loco
1896 1183 1992 1238 de-

377 1277 528 1323 erat:
559 1269 655 1325 sed
687 1269 785 1325 fuit
810 1285 971 1327 causa
1002 1270 1251 1329 Christus
1279 1274 1495 1342 idonea,
1521 1287 1578 1330 ut
1606 1275 1761 1331 daret
1788 1276 1989 1331 diaboli

380 1358 541 1415 ludus
579 1375 833 1433 pompam
880 1364 1159 1436 martyrio.
1220 1364 1340 1422 Non
1383 1367 1453 1422 sit
1507 1369 1726 1426 auribus
1765 1369 1993 1425 audien-

381 1450 451 1507 tis
470 1450 656 1508 odiosa
683 1453 926 1511 locorum
945 1456 1153 1513 relatio.
1172 1458 1297 1513 Fuit
1315 1460 1457 1515 enim
1484 1461 1589 1517 sibi
1611 1476 1827 1532 semper
1849 1461 1991 1517 male

378 1545 604 1612 socius,
651 1563 921 1606 concavus
965 1552 1017 1607 in
1047 1553 1323 1609 montibus
1374 1568 1647 1611 consonus
1676 1555 1872 1611 locus:
1923 1556 1991 1611 ad

379 1652 540 1709 quem
562 1653 683 1695 cum
710 1639 911 1699 Christi
934 1644 1169 1715 primum
1188 1645 1375 1701 militia
1397 1646 1827 1714 conscendisset,
1850 1648 1990 1704 tubis

2092 430 2365 499 singulare
2394 476 2408 497 ,
2451 430 2593 503 quod
2624 432 2799 488 solum
2828 434 2950 487 data
2984 436 3453 491 consummatione
3479 436 3699 490 conclu—

2091 538 2233 580 sum.
2260 524 2426 582 Ovem
2454 528 2595 597 quia
2625 526 2880 598 prm’done
2910 527 3187 596 custodit,
3219 537 3379 599 puto,
3415 545 3521 585 non
3555 546 3698 585 mer-

2091 617 2342 673 cenarius
2370 660 2386 685 ,
2419 617 2514 673 sed
2543 618 2745 674 Christi
2782 619 3086 675 ostenditur
3111 634 3230 677 esse
3261 620 3559 691 discipulus
3592 638 3605 686 ;
3644 632 3701 678 et

2092 708 2179 778 qui
2206 707 2362 779 fugit,
2393 708 2758 767 conductitius
2785 728 2798 778 ;
2830 710 2920 781 qui
2952 726 3059 766 non
3085 711 3308 780 deserit,
3344 723 3547 783 pastor.
3594 714 3698 781 Qui

2091 801 2245 871 ponit
2273 802 2534 871 animam,
2563 803 2694 858 vivit
2725 821 2740 870 ;
2782 803 2875 873 qui
2902 815 3103 869 servat,
3137 806 3355 859 amittit.
3402 805 3536 861 Nam
3569 806 3697 877 qttid

2093 893 2238 949 aliud
2271 894 2382 966 egit
2411 895 2662 966 Magister
2688 906 2745 953 et
2774 896 3035 952 Dominus
3058 940 3073 963 ,
3115 897 3213 953 nisi
3242 908 3302 952 ut
3329 914 3432 953 non
3462 900 3701 956 derelin-

2092 996 2287 1058 queret
2312 988 2623 1044 desertores
2648 1005 2663 1054 ;
2693 996 2785 1044 aut
2808 991 2992 1059 Agnus
3015 1032 3028 1056 ,
3058 989 3161 1044 nisi
3195 999 3251 1044 nt
3282 1005 3471 1060 agnam
3515 992 3700 1048 defen-

2092 1079 2267 1147 deret,
2302 1090 2357 1135 ut
2385 1096 2480 1151 pro
2509 1081 2698 1136 ovibus
2721 1081 2808 1151 pia
2832 1082 3045 1136 victima
3074 1084 3699 1139 consutnmaretur?Sed

2094 1174 2440 1245 ingressurus
2469 1175 2780 1246 passionum
2805 1184 3037 1246 portam,
3075 1182 3196 1243 post
3222 1174 3420 1229 editam
3451 1175 3704 1245 multipli-

2093 1283 2211 1324 cem
2236 1284 2474 1337 causam,
2503 1271 2840 1341 peregrinam
2866 1268 3080 1325 laudern
3111 1285 3216 1324 non
3241 1271 3580 1330 contraham.
3607 1286 3703 1327 nc-

2095 1377 2199 1432 que
2229 1361 2453 1417 furabor
2484 1378 2497 1415 :
2529 1362 2654 1431 quia
2683 1377 2785 1417 nec
2816 1362 2992 1418 aliena
3021 1363 3161 1418 velle
3187 1406 3201 1429 ,
3249 1372 3547 1435 martyrum
3575 1373 3699 1429 est;

2095 1469 2195 1510 nec
2226 1454 2434 1521 fallere,
2469 1454 2849 1509 sacerdotum:
2882 1454 2983 1509 nisi
3011 1455 3135 1525 quia
3166 1454 3560 1525 impossibilem
3587 1471 3696 1525 me,

2095 1556 2154 1602 ut
2193 1546 2532 1618 insequendo
2581 1548 2683 1602 ista
2732 1547 2999 1602 confiteor
3046 1547 3376 1615 referendo,
3424 1557 3475 1603 et
3516 1549 3568 1602 in
3598 1548 3701 1603 hoc

2093 1641 2338 1709 minime,
2371 1642 2496 1712 quia
2526 1641 2737 1697 minora
2768 1641 3028 1697 dicturus.

380 1744 527 1799 saepe
553 1732 732 1787 excita
763 1735 1066 1791 truculenta
1093 1737 1362 1807 gentilitas
1390 1781 1404 1802 ,
1438 1740 1632 1795 aemulo
1662 1739 1846 1796 furore
1876 1740 1986 1796 bel-

2167 1731 2231 1787 V.
2274 1731 2405 1788 Post
2429 1732 2685 1788 vexillum
2714 1748 2944 1803 namque
2962 1732 3349 1790 diabolicorum
3380 1734 3697 1808 lustrorum,

380 1819 524 1892 lique
552 1822 899 1895 clangoribus
942 1825 1329 1884 inflammatur.
1383 1828 1581 1887 Verum
1626 1847 1789 1887 unum
1821 1847 1991 1903 genus

378 1930 575 1986 pugnae
612 1928 924 1977 sanctorum
951 1920 1049 1977 fttit
1076 1922 1416 1992 perfectum,
1466 1925 1647 1980 omnia
1676 1927 1947 1983 sustinere
1972 1970 1989 1997 ,

378 2005 663 2065 lacessitos
692 2010 889 2068 cedere
911 2054 926 2078 ,
962 2016 1230 2083 patienter
1257 2016 1397 2072 ferre
1422 2060 1436 2083 ,
1489 2032 1742 2088 passuros
1778 2020 1991 2089 privata

380 2103 798 2162 mansuetudine
828 2105 1069 2165 furorem
1102 2110 1377 2178 publicum
1416 2112 1688 2169 refrenare
1716 2155 1729 2181 ,
1770 2115 1991 2172 vincere

379 2192 776 2255 detrectando:
819 2200 916 2257 sed
959 2201 1341 2272 prredestinata
1371 2205 1539 2275 gloria
1572 2208 1765 2261 maturi
1812 2207 1990 2263 exitus

382 2287 553 2346 titulis
581 2292 933 2362 perurgebat,
955 2309 1090 2365 quos
1127 2295 1345 2353 debitus
1372 2296 1506 2353 ordo
1528 2309 1829 2371 pepererat.
1853 2299 1987 2356 Nam

376 2384 764 2452 praetermissis
789 2385 1108 2458 ambagibus
1131 2396 1186 2444 et
1212 2389 1386 2461 longis
1435 2391 1766 2449 anfractibus
1792 2407 1986 2464 ampu-

380 2475 507 2531 tatis
538 2476 752 2547 (solum
785 2495 890 2534 non
919 2481 1200 2554 reticebo)
1227 2483 1423 2554 quibus
1452 2493 1537 2541 est
1562 2485 1736 2541 virtus
1782 2486 1985 2542 nutrita

378 2581 700 2644 martyrum,
726 2574 981 2631 damnum
1015 2576 1188 2633 laudis
1209 2578 1456 2635 ablaturo
1479 2579 1826 2651 compendio.

451 2662 543 2718 ΠΙ.
576 2662 711 2720 Cum
737 2666 916 2723 adhuc
943 2680 1089 2725 esset
1120 2670 1172 2724 in
1200 2670 1509 2740 supradicta
1538 2672 1759 2743 regione
1785 2687 1986 2729 nomen

378 2753 592 2812 Domini
620 2760 961 2830 peregrinum
988 2801 1003 2827 ,
1044 2777 1221 2833 neque
1243 2762 1408 2819 ullum
1431 2764 1643 2836 signum
1667 2774 1813 2821 esset
1841 2765 1985 2838 quod

382 2844 553 2917 (fidei)
583 2848 919 2920 signaculum
946 2851 1361 2922 demonstraret,
1409 2855 1626 2911 fuerunt
1648 2855 1702 2910 hi
1734 2866 1861 2912 tunc
1887 2873 1988 2912 nu-

376 2952 551 3006 mero,
580 2956 722 2999 nunc
750 2943 947 3001 merito
973 2946 1278 3018 singulares
1307 2947 1553 3018 advenas,
1583 2958 1690 3005 tam
1719 2950 1984 3022 religione

374 3050 535 3105 quam
562 3046 725 3108 gente
747 3079 761 3104 ,
794 3054 825 3093 a
852 3040 1048 3111 quibus
1075 3056 1182 3097 non
1214 3042 1488 3099 immerito
1536 3043 1678 3100 Deus
1718 3044 1981 3115 prtedica-

2093 1825 2259 1897 quod,
2285 1835 2341 1882 ut
2367 1827 2675 1895 retulimus,
2702 1827 3093 1883 eratindicium
3117 1828 3305 1898 gloria:
3332 1844 3454 1884 mox
3472 1829 3689 1899 futurae,

2094 1933 2198 1972 una
2228 1927 2387 1975 nocte
2413 1918 2630 1974 dilatam
2657 1919 2968 1975 ascenditur
2993 1918 3060 1973 ad
3090 1934 3370 1976 coronam.
3412 1921 3546 1976 Nam
3577 1938 3696 1977 ma-

2094 2011 2285 2067 tutinis
2307 2011 2453 2067 horis
2470 2027 2679 2067 aurora:
2706 2022 2933 2083 repente
2958 2013 3080 2068 cceli
3106 2014 3293 2069 umbra
3312 2012 3562 2081 cedente,
3584 2030 3699 2069 ma-

2092 2118 2193 2159 nus
2217 2104 2515 2172 inopinata,
2547 2104 2644 2160 sed
2672 2105 2979 2174 conspirata
3005 2106 3296 2174 colligitur,
3330 2107 3580 2175 prvenstis
3602 2122 3691 2161 ar-

2092 2206 2234 2253 tnata
2251 2197 2475 2255 sudibus
2497 2207 2659 2267 atque
2677 2198 2982 2265 securibus,
3010 2210 3063 2253 et
3078 2200 3217 2269 quod
3246 2200 3569 2257 rimantibus
3584 2202 3691 2256 dia-

2090 2290 2197 2346 boli
2230 2291 2308 2345 ira
2326 2291 2495 2346 telum
2521 2290 2775 2358 fecisset;
2804 2292 2982 2363 ibique
3006 2291 3190 2348 levitis
3207 2292 3501 2363 aliquantis
3534 2296 3696 2349 inec-

2088 2384 2255 2440 clesia
2271 2383 2647 2455 deprehensis,
2673 2385 2928 2454 hymnum
2961 2386 3307 2443 cantantibus
3333 2388 3713 2453 matutinum,

2086 2479 2145 2534 lit
2173 2489 2319 2534 vasta
2337 2478 2717 2550 depopulatio,
2738 2495 2881 2535 saeva
2901 2480 3166 2552 direptio:
3201 2480 3559 2550 profanantur
3584 2496 3700 2537 om-

2088 2581 2174 2636 nia
2207 2590 2313 2635 tam
2351 2588 2562 2637 secreta
2589 2595 2753 2651 quam
2792 2579 2974 2635 divina
3006 2580 3298 2651 mysteria;
3334 2580 3390 2636 fit
3421 2592 3695 2650 postremo

2088 2671 2290 2744 praeda,
2324 2671 2537 2744 religio.
2567 2670 2647 2728 Ne
2667 2673 2790 2743 quis
2820 2670 2924 2727 hoc
2951 2673 3171 2743 vulgare
3195 2682 3346 2742 putet
3374 2672 3543 2729 fuisse
3572 2689 3693 2729 cer-

2085 2771 2267 2820 tamen
2302 2805 2316 2830 ,
2376 2779 2499 2819 cum
2560 2772 2657 2819 aut
2696 2762 3034 2820 iusensibilia
3095 2763 3299 2818 idolaa
3353 2764 3703 2820 sensibilibus

2085 2854 2394 2922 diruuntur,
2428 2862 2521 2909 aut
2558 2870 2814 2911 saxorum
2854 2855 3027 2911 moles
3056 2869 3179 2910 cum
3213 2855 3325 2910 suis
3354 2855 3701 2911 molitoribus

2085 2956 2529 3013 commoventur;
2564 2958 2620 3003 ut
2658 2948 2728 3004 de
2753 2948 2960 3003 cultore
2984 2956 3039 3004 et
3079 2948 3148 3002 de
3173 2947 3401 3003 colendo
3431 2948 3701 3004 incertum

2085 3040 2309 3107 habeas,
2358 3057 2519 3113 quem
2562 3040 2772 3113 iudices
2816 3041 3113 3115 duriorem.
3161 3041 3322 3098 Petra
3362 3041 3614 3098 Christus
3646 3044 3701 3098 in

374 3139 528 3183 retur
557 3128 770 3201 ignotus
795 3174 809 3198 ,
854 3132 999 3204 longi
1038 3135 1299 3205 temporis
1340 3136 1521 3207 quieta
1559 3139 1981 3196 conversatione
2007 3117 2054 3181 (ἶ
2086 3135 2339 3191 omnibus
2382 3134 2707 3202 vexabatur,
2756 3134 3028 3205 angularis
3074 3134 3210 3206 lapis
3249 3136 3643 3205 reprobabatur
3670 3152 3701 3189 a

376 3224 700 3293 compositi,
730 3224 859 3282 dum
888 3227 1034 3284 nulla
1057 3227 1183 3286 fidei
1215 3229 1418 3286 utilitas
1463 3230 1721 3288 titillaret.
1775 3232 1978 3290 Verum

374 3328 552 3385 nunc,
598 3316 643 3371 si
669 3332 831 3374 causa
860 3318 915 3375 in
955 3319 1241 3377 Dominum
1294 3325 1564 3395 surgentis
1601 3324 1713 3380 odii
1739 3326 1982 3397 requira-

375 3414 465 3462 tur
485 3449 500 3476 ,
537 3406 831 3484 (violatae)
876 3409 1023 3484 pacis
1054 3414 1242 3472 titulus
1263 3414 1402 3483 fuit;
1448 3418 1570 3488 quia
1597 3434 1734 3474 unus
1760 3434 1824 3475 ex
1854 3419 1937 3475 his
1963 3460 1979 3486 ,

374 3499 597 3558 nomine
641 3500 934 3573 Sisinnius,
966 3495 1194 3579 utroque
1214 3508 1589 3579 grattdaavior,
1620 3511 1673 3566 in
1699 3526 1805 3581 quo
1834 3520 1983 3569 esset

375 3592 461 3647 vel
506 3594 625 3650 sola
668 3598 996 3656 venerabilis
1054 3613 1346 3670 senectus,
1405 3604 1694 3660 ecclesiam
1748 3606 1982 3677 pr0priis

374 3687 681 3758 sumptibus
716 3691 968 3748 elevavit.
1016 3693 1148 3751 Fide
1177 3694 1342 3751 ditior
1373 3712 1534 3768 quam
1576 3697 1863 3766 facultate,
1896 3701 1980 3756 lo—

373 3780 563 3850 cuples
607 3783 803 3854 spiritu
828 3826 842 3850 ,
876 3801 1082 3857 pauper
1104 3802 1270 3844 censu
1298 3830 1312 3854 ,
1340 3790 1562 3846 tradidit
1584 3792 1723 3847 ovile
1750 3794 1980 3863 pastori.

374 3871 573 3931 Factus
603 3886 686 3934 est
713 3879 867 3949 cujus
896 3890 1014 3936 erat
1040 3882 1294 3938 conditor
1317 3925 1333 3951 ,
1366 3885 1663 3942 excubator
1696 3904 1709 3941 :
1760 3886 1855 3943 sed
1885 3887 1986 3944 fuit

374 3966 518 4038 lupis
560 3970 703 4025 ovile
732 3973 1089 4029 contrarium.
1140 3972 1337 4031 Invidit
1364 3978 1516 4032 ruina
1544 3976 1743 4033 diaboli
1767 3980 1983 4035 culmen

378 4071 643 4117 erectum.
677 4062 805 4120 ﬂzec
829 4066 929 4121 fuit
957 4082 1079 4123 sors
1105 4066 1277 4136 prima
1305 4071 1575 4142 martyrii,
1607 4080 1665 4127 ttt
1696 4087 1824 4129 oves
1855 4072 1983 4128 dum

375 4165 575 4224 agnum
609 4167 1007 4230 persequuntur
1032 4201 1046 4225 ,
1081 4160 1415 4219 occiderent.
1470 4161 1666 4219 Addita
1715 4176 1799 4220 est
1838 4166 1989 4221 velut

374 4245 588 4315 hostia,
638 4250 727 4307 illa
769 4252 881 4309 Deo
920 4254 1116 4321 justior
1160 4270 1361 4311 causa:
1412 4258 1555 4327 quod
1601 4271 1726 4312 cum
1764 4256 1988 4313 lustrale

374 4342 577 4397 malum
625 4343 769 4400 circa
814 4344 949 4401 ﬁnes
995 4360 1251 4417 agrorum
1297 4358 1560 4419 cuperent
1583 4348 1783 4406 ducere
1824 4364 1987 4407 scena

372 4432 557 4503 ferali,
587 4452 657 4504 ac.
677 4448 793 4493 sata
823 4441 1097 4496 nascentia
1132 4449 1239 4496 tam
1266 4449 1609 4512 protererent
1629 4457 1790 4514 quam
1820 4442 1989 4499 finda-

2087 3229 2360 3301 gentibus,
2394 3229 2705 3298 probandus
2738 3230 2971 3295 iterum;
3004 3228 3207 3283 mundo
3232 3229 3497 3298 sanguine
3526 3230 3700 3284 rediti-

2087 3334 2307 3381 caturus
2332 3323 2544 3379 ruinam
2591 3333 2924 3395 surgentem.
2974 3322 3216 3377 Habebat
3244 3322 3384 3377 inter
3430 3322 3529 3377 ista
3560 3322 3700 3378 ﬁdes

2087 3417 2453 3487 spectaculum
2481 3432 2660 3473 suum.
2694 3414 2919 3472 Sisinnii
2951 3425 3080 3471 tunc
3108 3414 3320 3470 diaconi
3363 3430 3561 3485 corpus
3590 3416 3704 3471 lec»

2088 3512 2202 3568 tulo
2240 3511 2547 3577 tenebatur,
2592 3494 2901 3567 cenfossum
2930 3525 2995 3566 ac
3020 3510 3260 3565 saucium
3302 3508 3545 3580 pristinis
3570 3525 3706 3581 quo—

2088 3621 2194 3679 que
2220 3606 2557 3672 Vulneribus,
2588 3620 2709 3661 cum
2743 3613 2835 3659 aut
2863 3620 3018 3660 ovem
3056 3604 3122 3659 ad
3154 3604 3384 3659 hostiam
3419 3619 3699 3670 revocare,

2094 3708 2188 3754 ant
2225 3698 2399 3754 hostia
2446 3698 2563 3754 ﬁeri
2594 3697 2902 3768 iuberetur,
2932 3699 3033 3753 nisi
3062 3696 3318 3753 feralibus
3350 3697 3539 3752 hostiis
3569 3714 3704 3753 con-

2090 3792 2381 3855 sensisset;
2417 3790 2541 3845 tuba
2593 3804 2879 3859 percussus
2906 3804 3010 3859 qua
3040 3789 3311 3844 canticum
3342 3788 3541 3844 diaboli
3573 3806 3702 3860 per-

2089 3884 2383 3950 sonabant,
2416 3898 2525 3938 non
2571 3882 2843 3937 immerito
2888 3883 2979 3954 qui
3005 3897 3197 3937 sonum
3229 3881 3355 3937 fidei
3384 3882 3589 3952 primus
3614 3880 3701 3935 in-

2092 3976 2293 4031 tulerat
2325 3991 2338 4030 :
2369 3974 2647 4031 securibus
2680 3988 2855 4029 caesus
2878 4016 2891 4038 ,
2924 3974 3016 4043 qui
3044 3987 3290 4029 securem
3322 3972 3391 4028 ab
3417 3971 3703 4028 infecunda

2091 4067 2406 4140 gentilitatis
2434 4068 2630 4123 arbore
2656 4064 3003 4122 defendebat.
3032 4066 3111 4121 Ac
3136 4080 3204 4120 ne
3234 4064 3447 4135 longius
3489 4073 3699 4134 protra-

2095 4161 2220 4216 ham
2250 4162 2601 4227 conﬁrmata;
2632 4160 2880 4225 emerita,
2910 4169 2969 4215 ut
2996 4158 3249 4222 diximus,
3297 4157 3481 4214 lectuli
3505 4159 3702 4230 depre-

2096 4238 2350 4313 henditur
2372 4260 2587 4329 quiete;
2631 4257 2934 4325 confessus,
2962 4255 3150 4323 credo,
3194 4263 3252 4310 ut
3274 4254 3482 4322 privato
3507 4264 3705 4325 myste-

2096 4352 2179 4406 rlo
2209 4350 2275 4405 ad
2304 4364 2521 4405 crucem
2570 4349 2728 4405 citius
2774 4348 3082 4419 perveniret
3102 4388 3115 4412 ,
3146 4346 3505 4419 paralyticum
3533 4361 3702 4418 pOpu-

2098 4441 2209 4497 lum
2236 4442 2535 4497 soluturus.

371 4538 534 4595 rent;
589 4530 791 4587 Christi
836 4549 1048 4605 quoque
1089 4536 1333 4605 germina
1378 4535 1676 4603 calcaturi,
1730 4536 1992 4592 luctuosis
2019 4522 2073 4583 D
2170 4533 2259 4588 VI.
2300 4533 2403 4589 Per
2439 4532 2647 4603 lignum
2704 4530 2924 4586 funibus
2965 4531 3215 4602 alligatur
3267 4529 3438 4585 lector
3488 4544 3702 4601 quoque

373 4622 654 4678 ornatibus
679 4626 945 4693 coronati,
974 4626 1178 4681 ululato
1207 4627 1450 4683 carmine
1478 4626 1704 4695 diaboli,
1736 4626 1986 4684 diversa-

376 4727 494 4768 rum
520 4729 773 4785 pecorum
798 4718 1009 4788 pompis
1037 4719 1234 4774 erectis
1262 4720 1313 4774 in
1337 4719 1555 4775 Domini
1594 4719 1767 4776 aedem
1810 4721 1989 4777 vexil-

376 4805 445 4863 lis
469 4848 485 4875 ,
521 4824 689 4879 nuper
714 4809 782 4866 de
809 4824 906 4866 sua
936 4819 1096 4882 gente
1141 4826 1467 4868 conversum
1494 4854 1510 4879 ,
1565 4813 1812 4868 victimas
1857 4813 1989 4869 dare

377 4900 645 4971 cogebant
682 4902 940 4972 operibus
982 4904 1351 4961 tenebrarum.
1405 4905 1558 4972 Quod
1607 4920 1728 4961 cum
1775 4906 1988 4961 Domini

377 4992 609 5049 ministri
638 4993 756 5051 sine
783 5010 882 5051 suo
915 5005 1067 5053 reatu
1090 4996 1204 5053 ﬁeri
1237 4998 1324 5052 vix
1363 4997 1649 5065 viderent,
1691 4998 1816 5068 quia
1854 4999 1988 5053 assi-

374 5093 584 5141 Stentes
604 5086 706 5157 ipsi
727 5103 940 5160 quoque
959 5089 1215 5159 operibus
1238 5090 1557 5147 videbantur
1580 5091 1987 5148 communicare

375 5175 650 5243 confusis;
676 5180 1021 5251 oppignerata
1044 5190 1170 5236 sunt
1191 5182 1283 5237 illa
1309 5182 1398 5238 die
1426 5190 1737 5239 sanctorum
1759 5197 1989 5255 corpora

374 5268 513 5324 caedi
545 5268 796 5339 funestae,
828 5271 993 5328 dilata
1026 5283 1203 5329 tamen
1228 5274 1404 5343 palma
1436 5275 1697 5330 victoriae.

452 5361 540 5417 IV.
572 5362 670 5420 ilic
694 5366 966 5434 conferre,
995 5364 1165 5421 frater
1191 5408 1207 5434 ,
1254 5365 1530 5436 paululum
1555 5365 1681 5422 volo
1708 5374 1886 5423 tecum
1917 5366 1986 5421 ti-

374 5455 522 5510 tulos
556 5471 759 5522 rerum,
776 5472 844 5513 ne
863 5458 947 5513 cui
980 5458 1232 5529 pedestre
1252 5457 1500 5514 videatur
1522 5459 1840 5529 martyrium
1865 5473 1985 5515 esse

373 5547 680 5606 humilitate
704 5562 1045 5623 susceptum:
1068 5552 1192 5624 quia
1222 5551 1328 5610 vile
1349 5559 1570 5623 putatur
1593 5551 1795 5607 bonum
1824 5566 1987 5609 onmc

374 5643 520 5715 quod
552 5660 790 5714 praesens
816 5655 937 5713 est;
974 5661 1096 5703 cum
1120 5662 1319 5704 novum
1342 5647 1414 5704 sit
1444 5655 1607 5719 atque
1642 5646 1946 5702 mirandum
1965 5687 1981 5714 ,

375 5735 494 5793 sine
520 5736 721 5795 invidia
752 5739 1011 5811 temporis
1037 5741 1357 5798 suscitatutn
1384 5783 1398 5812 ,
1428 5748 1483 5800 et
1509 5739 1584 5797 ita
1608 5739 1942 5811 completum
1966 5782 1984 5812 ,

750 5834 1026 5899 Pauor"
1074 5835 1261 5899 XIII.

2099 4626 2416 4699 Martyrius:
2457 4624 2739 4681 confessor
2774 4623 3130 4680 consimiliter
3156 4632 3211 4679 et
3252 4631 3492 4680 assertor
3527 4626 3702 4681 nomi-

2099 4719 2184 4776 nis
2206 4719 2319 4785 sui;
2344 4718 2436 4790 qui
2459 4717 2728 4775 canticum
2756 4732 2981 4785 novum,
3034 4726 3160 4773 tunc
3188 4718 3423 4789 primus,
3470 4726 3527 4774 et
3556 4735 3701 4778 nunc

2096 4813 2245 4869 solus
2272 4814 2325 4868 in
2356 4822 2497 4869 terra
2544 4813 2719 4869 aliena
2765 4812 3070 4878 cecinerat;
3106 4812 3248 4868 inter
3293 4820 3600 4885 strepentes
3647 4824 3704 4871 et

2097 4904 2349 4960 horridos
2373 4904 2577 4973 juhilos
2609 4906 2928 4972 pastorales,
2974 4906 3085 4976 jam
3133 4914 3259 4962 tunc
3296 4906 3471 4964 dulcis
3502 4909 3702 4979 eloquii

2099 4998 2326 5055 redditis
2355 4998 2467 5053 Deo
2518 4998 2788 5066 laudibus,
2841 5010 2900 5055 ut
2951 4999 3202 5071 superius
3254 5002 3583 5065 memoravi;
3636 5014 3701 5055 ac

2097 5093 2329 5151 diacono
2363 5092 2607 5150 Sisinnio
2641 5093 2964 5149 medicinam
2992 5094 3076 5149 vel
3107 5093 3346 5149 fomenta
3372 5092 3695 5157 contulerat,

2096 5195 2385 5243 sanaturus
2432 5184 2689 5251 dolores,
2738 5186 2986 5258 quamvis
3031 5186 3254 5241 vulnera
3312 5192 3696 5255 suscepturus;

2093 5292 2359 5335 revocans
2386 5277 2603 5334 eximiis
2629 5277 2914 5334 haustibus
2958 5278 3194 5333 animam
3225 5274 3539 5345 fugientem,
3586 5289 3697 5330 non

2096 5371 2332 5442 corpori,
2362 5370 2460 5427 sed
2504 5370 2763 5442 passioni.
2798 5371 2994 5427 Verum
3039 5377 3279 5436 sanctus,
3307 5366 3421 5438 jam
3452 5370 3702 5441 martyrii

2098 5463 2165 5520 ad
2185 5463 2460 5520 Christum
2489 5463 2683 5519 itinere
2704 5464 2996 5529 deStinato,
3025 5477 3180 5533 aquae
3220 5470 3430 5532 potum,
3470 5463 3593 5533 quia
3615 5464 3699 5519 vi-

2099 5574 2227 5616 num
2255 5557 2522 5630 passionis
2547 5567 2791 5621 venerat,
2823 5557 3127 5622 refutabat,
3150 5555 3293 5628 quod
3321 5557 3444 5611 vitae
3470 5558 3701 5614 verioris

2098 5652 2322 5709 fluentis
2354 5652 2646 5707 miscuerat
2694 5651 2862 5706 calice
2905 5650 3211 5720 prepinato.
3264 5648 3323 5705 In
3365 5650 3466 5707 hac
3518 5652 3703 5723 itaque

2098 5759 2228 5804 cura
2258 5743 2651 5816 deprehensus,
2682 5741 2775 5815 qui
2804 5757 3022 5815 semper
3063 5742 3131 5800 de
3170 5742 3473 5802 animarum
3499 5746 3698 5804 sancti-

3069 5835 3195 5900 -18
