4194 6184
478 230 584 288 555

1560 229 1869 286 SANCTUS
1912 226 2205 287 VIGILIUS
2244 226 2727 287 TRIDENTINUS.

3686 233 3793 291 536

476 360 586 406 tate
612 349 905 413 sollicitus,
932 362 1038 403 non
1067 348 1167 403 sibi
1200 347 1301 402 soli
1326 357 1503 416 natus,
1534 358 1625 404 aut
1659 350 1757 403 soli
1788 350 1889 407 sibi
1922 361 2067 405 certe
2098 351 2149 413 Α
2176 352 2264 407 lux
2294 362 2419 405 ante
2450 350 2636 406 oculos
2662 349 2794 415 fuit;
2830 360 3050 420 pcenam
3076 347 3237 403 timor
3266 354 3443 418 ptente
3466 347 3742 418 prohibuit
3773 369 3786 405 :

475 446 733 509 victurus,
768 444 819 497 itt
874 440 1018 497 horti
1048 443 1135 511 qtti
1165 441 1448 512 cootiguus
1494 442 1819 512 jungcbatur
1865 452 2072 498 secreta

475 541 721 606 secessit,
752 540 853 595 hoc
895 548 979 594 est
1003 539 1069 593 ab
1092 539 1321 594 ecclesia
1350 556 1456 596 non
1491 541 1739 596 recessit.
1773 541 1873 596 Est
1902 543 2069 609 enim,

470 634 611 689 sicut
641 632 834 687 melius
857 632 1029 697 nosti,
1058 632 1245 686 hortus
1274 631 1526 698 ecclesia,
1558 633 1776 702 scpibus
1798 633 2075 697 mandato-

473 740 591 780 rum
621 724 859 794 plantata
905 723 1223 778 viventium.
1269 723 1383 779 Non
1412 725 1637 796 ingessit
1682 740 1899 795 corpus,
1930 726 2072 797 quod

471 834 669 891 negare
696 819 951 874 nolebat:
981 834 1082 874 nec
1114 818 1434 873 temeritatis
1488 819 1719 889 sumpsit
1768 820 2067 887 audaciam,

466 913 792 970 confidentia
820 913 1051 984 pietatis.
1082 912 1234 967 Sicut
1267 912 1317 965 in
1346 910 1618 966 Africanis
1648 911 1960 981 regionibus
1991 913 2072 969 di-

468 1008 628 1068 citur,
663 1007 755 1075 qui
802 1007 855 1061 in
902 1007 1206 1061 ultroneum
1251 1006 1409 1060 funus
1440 1016 1737 1071 armantur,
1778 1007 1923 1073 quod
1954 1008 2072 1064 sine

469 1101 662 1154 timore
693 1099 912 1166 faciunt,
955 1100 1205 1154 ambiunt
1254 1115 1363 1169 pra:
1394 1109 1624 1155 tumore.
1684 1100 1845 1155 Stetit
1888 1111 2069 1157 autem

466 1203 673 1264 martyr
717 1192 951 1257 futurus,
1003 1203 1232 1263 captus,
1280 1192 1453 1259 liber;
1503 1194 1826 1265 intrepidus,
1858 1194 2071 1251 confes-

465 1301 588 1353 sus;
644 1301 810 1357 agens
853 1286 1089 1356 gratias,
1140 1286 1487 1351 vulneratus;
1542 1286 1759 1340 saucius
1805 1304 2066 1357 corpore,

463 1387 644 1434 mente
672 1393 893 1433 securus
917 1419 931 1443 ,
975 1392 1117 1432 creso
1148 1378 1344 1447 capite,
1374 1379 1582 1447 privato
1613 1379 1956 1447 baptismate,
1987 1384 2068 1434 lo-

465 1479 551 1527 tus
598 1486 810 1527 cruore.
870 1469 1038 1525 Nemo
1092 1472 1238 1525 illum
1289 1473 1437 1540 sequi
1496 1472 1691 1526 meruit
1739 1474 1829 1543 qui
1882 1473 2068 1543 fugere

459 1561 771 1631 putabatur,
796 1562 936 1616 unde
959 1577 1090 1615 vana
1115 1561 1414 1632 similisque
1442 1563 1621 1617 timori
1641 1573 1723 1618 est
1744 1567 2064 1635 secessisse,

456 1655 648 1725 religio
680 1672 691 1706 :
728 1654 823 1709 sed
852 1654 1229 1725 comprehensi
1252 1655 1393 1724 justa
1424 1656 1694 1711 confessio
1721 1656 2067 1713 demousua-

2179 444 2469 499 calortidei
2498 444 2696 515 repulit
2721 443 2993 497 flammam
3016 441 3242 514 :gradus
3265 443 3624 497 reverentiam
3656 443 3790 499 ordo

2177 554 2391 609 quoque
2422 541 2592 593 tenuit
2623 536 2909 608 passionis.
2935 536 3168 593 Ultimus
3198 537 3489 607 suscipitur
3518 536 3649 591 :sed
3676 553 3788 593 non

2178 631 2319 687 inter
2345 630 2538 687 fratres
2556 630 2772 686 infimus
2794 638 3106 685 coronatur.
3131 628 3414 700 impletum
3439 638 3544 696 est,
3572 630 3786 697 fratres,

2179 722 2231 777 in
2254 723 2431 778 tribus
2459 722 2741 788 miniSIris,
2768 737 2908 776 nunc
2932 737 3059 776 vero
3088 719 3141 775 itt
3175 721 3415 777 cmlcstis
3444 720 3647 776 laetitia:
3663 738 3792 777 con-

2179 814 2318 869 vivio
2342 856 2357 882 ,
2393 815 2712 885 mysterium
2754 813 3074 880 Trinitatis;
3117 829 3236 869 cum
3268 822 3321 870 ct
3363 814 3454 868 alii
3489 815 3794 885 potuissent

2179 906 2354 961 h05tia
2400 908 2517 963 viva
2556 908 2695 977 pati,
2730 916 2880 963 sorte
2931 907 3241 975 consimili,
3279 907 3380 963 nisi
3416 918 3608 963 cuncta
3643 908 3788 963 trino

2176 1001 2414 1073 perfecta
2435 1019 2659 1058 numero
2681 1010 3054 1058 censerentur.
3088 1001 3308 1057 Fuimus
3329 1004 3469 1058 enim
3502 1003 3646 1059 inter
3673 1004 3791 1058 haec

2176 1098 2353 1167 portio
2382 1095 2519 1151 forte
2557 1113 2663 1151 non
2706 1096 2967 1152 minima:
3016 1108 3068 1153 et
3114 1096 3306 1151 horum
3335 1110 3494 1151 causa
3534 1111 3724 1151 sumus
3757 1110 3790 1150 a

2174 1189 2423 1260 gentibus
2468 1188 2763 1259 increpati;
2812 1205 2913 1245 nec
2949 1188 3337 1261 dereliquimus
3387 1188 3562 1245 socios
3610 1206 3625 1243 :
3684 1187 3786 1246 sed

2177 1284 2498 1339 cleationcm
2533 1282 2692 1339 habet
2718 1283 2936 1355 gradus.

2245 1378 2381 1434 Vlll.
2424 1378 2589 1433 Multa
2620 1390 2882 1449 prceterea
2911 1378 3100 1435 diebus
3133 1377 3621 1450 propinquantibus
3652 1393 3771 1449 pas-

2172 1472 2365 1541 sionis,
2401 1488 2507 1532 non
2537 1482 2643 1527 tant
2674 1473 3041 1529 demonstrata
3072 1481 3197 1526 sunt
3225 1487 3385 1541 quam
3417 1471 3647 1527 veritate
3679 1470 3781 1527 de-

2176 1567 2335 1636 picta,
2381 1582 2501 1636 qua:
2546 1564 2599 1619 in
2630 1565 3009 1635 compendium
3054 1565 3416 1630 dimittimus;
3450 1572 3508 1618 ut
3544 1579 3639 1633 per
3666 1562 3783 1619 haec

2173 1674 2342 1728 pauca
2368 1675 2487 1730 quae
2537 1668 2690 1728 gesta
2720 1668 2867 1725 sunt,
2919 1656 3130 1729 plenius
3164 1656 3424 1728 mysteria
3466 1655 3780 1711 doceamus.

459 1750 555 1817 vit,
590 1750 728 1819 quod
763 1750 851 1805 ille
882 1750 1029 1805 stetit
1055 1758 1263 1806 tantum
1295 1759 1353 1805 ut
1383 1753 1656 1815 vinceret;
1688 1752 1781 1807 ille
1811 1754 2055 1817 secessit,
2088 1754 2137 1815 B
2167 1753 2223 1810 Si
2262 1764 2440 1809 tamen
2473 1770 2680 1809 mecum
2716 1754 2982 1825 patienter
3014 1755 3261 1825 relegere
3306 1754 3476 1808 relata
3521 1751 3781 1823 dignabe-

456 1852 600 1897 utet
641 1853 957 1913 persecutor
1002 1843 1055 1897 in
1103 1842 1219 1913 ejus
1254 1844 1424 1913 gloria
1472 1844 1764 1912 deperiret.
1802 1846 1875 1899 De
1908 1845 2065 1901 horto

455 1951 563 2006 quo
596 1936 822 2007 fugerat,
860 1936 1144 2008 Martyrius
1171 1936 1475 1992 adducitur.
1523 1937 1706 1994 Genus
1729 1949 1811 1992 est
1846 1940 1949 1994 hoc
1978 1955 2065 1995 se-

455 2032 689 2087 cessisse
738 2030 1019 2102 mystcrii,
1060 2040 1113 2085 ut
1152 2048 1459 2101 purpureus
1488 2032 1586 2086 ﬂos
1614 2032 1747 2087 locis
1785 2034 2061 2089 vernanti-

447 2125 550 2181 bus
582 2126 896 2195 inquilinus,
946 2142 1052 2179 non
1096 2127 1361 2180 immerita
1419 2128 1717 2198 tingerctur
1749 2144 1911 2195 rosa,
1964 2144 2062 2183 no-

448 2232 576 2273 vum
621 2217 935 2286 praecedens
976 2230 1304 2288 martyrem;
1336 2227 1431 2273 aut
1462 2223 1601 2275 inter
1628 2221 1871 2276 albentes
1919 2221 2060 2275 lilio-

447 2323 567 2362 rum
614 2323 708 2378 per
736 2308 1060 2379 baptismum
1108 2325 1293 2365 comas
1322 2310 1510 2380 rigatis
1538 2314 1789 2367 omnibus
1821 2313 2055 2368 recidiva

447 2410 627 2456 morte
688 2402 981 2471 plantatis,
1032 2402 1284 2458 voluntas
1338 2404 1461 2458 vitae
1515 2405 1679 2460 tacita
1736 2407 2053 2463 dietarctur.

447 2494 762 2551 Transtixus
790 2497 954 2552 etiam
1001 2497 1275 2568 stipitibus
1325 2499 1625 2556 ducebatur
1681 2501 1747 2556 ad
1800 2502 2050 2558 idolum:

443 2591 541 2646 sed
572 2601 698 2647 ante
722 2591 937 2647 victima
963 2607 1084 2649 esse
1116 2595 1437 2664 promeruit,
1471 2610 1630 2666 quam
1660 2594 1726 2651 ad
1758 2610 1903 2652 aram
1930 2596 2050 2653 dia-

443 2684 553 2741 boli
583 2686 912 2755 perveniret.

514 2776 627 2839 Vl].
671 2782 849 2839 Tertia
882 2798 1098 2854 quoque
1121 2827 1136 2851 ,
1166 2784 1534 2840 Alexandrum
1563 2784 1917 2854 honoratura,
1946 2786 2050 2843 Do.

442 2878 575 2933 mini
605 2894 807 2933 corona
833 2879 1158 2948 completur.
1190 2879 1550 2936 Familiariter
1579 2881 1783 2936 invenit
1808 2882 2047 2949 aditum,

440 2972 531 3041 qui
558 2970 625 3025 ad
655 2968 853 3024 Christi
879 2974 1071 3039 januas
1100 2971 1435 3038 excubabat;
1468 2989 1576 3042 qtto
1607 2974 1833 3030 custode
1860 2976 2045 3031 velum

441 3065 625 3133 templi
670 3072 811 3119 tecta
854 3066 1137 3136 gentilium
1167 3066 1328 3122 corda
1359 3067 1697 3136 dirupetant.
1729 3068 1777 3123 A
1802 3071 2045 3126 multitu-

2169 1850 2281 1917 ris,
2313 1849 2379 1903 ab
2430 1849 2561 1918 ipsis
2587 1848 2874 1904 cunabulis
2922 1849 3161 1919 regionis
3209 1848 3453 1919 quidem,
3506 1845 3779 1902 Sisinnius

2164 1941 2270 1997 fuit
2321 1942 2611 2013 Cappadox
2658 1951 2821 2013 gente
2875 1941 2956 1996 vel
3002 1940 3247 2007 Gratcus,
3298 1940 3438 2011 apud
3491 1953 3589 1994 vos
3642 1938 3777 1995 olim

2163 2036 2441 2107 sanguinis
2490 2036 2676 2106 primi;
2723 2035 2830 2091 ﬁde
2878 2034 3056 2102 velox,
3111 2034 3304 2104 spiritu
3358 2033 3774 2105 magnanimus,

2161 2129 2365 2184 laboris
2416 2129 2706 2201 prodigus,
2757 2128 2824 2182 ad
2873 2127 3056 2183 omnia
3113 2141 3508 2197 perseverans,
3573 2134 3778 2180 metam

2160 2238 2313 2278 suam
2347 2222 2524 2292 palma
2565 2221 2898 2277 concludens
2927 2237 3033 2275 non
3088 2234 3231 2285 sera,
3269 2221 3284 2250 ¹
3314 2220 3537 2291 septima
3585 2232 3777 2288 repro-

2160 2314 2435 2371 missionis
2484 2325 2633 2371 sorte
2682 2327 2978 2382 venturus,
3035 2315 3256 2385 junctus
3309 2328 3526 2383 semper
3574 2311 3774 2380 copula

2158 2411 2461 2481 charitatis,
2503 2427 2635 2482 pace
2684 2410 3044 2478 concordans,
3094 2409 3293 2464 divina:
3344 2408 3497 2463 frena
3529 2406 3772 2463 retinens

2156 2502 2479 2574 disciplima,
2505 2503 2702 2575 jugalis
2744 2504 2875 2558 tanti
2910 2503 3089 2575 populi
3134 2501 3391 2568 domitor,
3438 2499 3640 2557 Christi
3688 2500 3772 2555 iu-

2155 2598 2294 2664 dex;
2327 2608 2607 2669 postremo
2655 2596 2827 2652 futuri
2856 2597 3033 2668 gregis
3075 2605 3169 2650 aut
3213 2595 3493 2667 sanguinis
3521 2592 3771 2665 germani

2155 2690 2339 2763 (sicuti
2367 2708 2529 2757 usus,
2567 2692 2822 2762 magister
2853 2706 3036 2745 rerum
3074 2687 3333 2760 IOquitur)
3378 2687 3632 2743 ducatum
3668 2687 3769 2743 vite

2156 2795 2367 2851 tenens,
2414 2785 2639 2854 periculi
2668 2784 3014 2854 proculcator
3061 2781 3235 2836 audax
3276 2789 3330 2836 et
3365 2789 3555 2836 auctor
3600 2794 3770 2849 agno-

2160 2880 2352 2945 scitur,
2384 2889 2444 2937 ut
2483 2894 2678 2934 secure
2726 2894 2864 2948 pone
2888 2888 3044 2934 tenus
3087 2879 3299 2947 agmina
3349 2877 3767 2945 subsequantur.

2150 2972 2226 3028 Ita
2258 2976 2307 3027 in
2340 2984 2529 3028 nostro
2552 2972 2679 3027 fidei
2717 2972 2895 3027 indice
2926 2972 3192 3026 matutino
3224 2971 3486 3039 primatus
3518 2967 3614 3023 fuit
3646 2982 3773 3022 san-

2152 3067 2335 3137 guinis
2391 3075 2445 3122 et
2499 3065 2773 3120 ducatus:
2829 3066 2918 3135 qui
2964 3073 3088 3135 post
3144 3064 3567 3118 demonstratam
3626 3061 3770 3116 viam

437 3156 564 3213 dine
588 3158 832 3219 studiose
865 3161 1145 3228 quaesitus,
1175 3160 1297 3230 quia
1326 3162 1444 3215 zelo
1476 3161 1598 3217 ﬁdei
1631 3162 1764 3217 satis
1794 3165 2044 3222 erunibus
2074 3148 2119 3213 C
2152 3160 2300 3215 duxit
2338 3158 2403 3212 ad
2452 3159 2637 3224 vitam,
2690 3167 2785 3213 aut
2826 3156 3037 3212 induxit
3077 3157 3146 3211 ad
3197 3155 3450 3227 gloriam,
3507 3154 3767 3209 seductor

437 3260 620 3319 notus,
646 3262 871 3321 captus,
906 3268 1014 3308 non
1047 3264 1223 3309 tamen
1262 3256 1595 3322 captivatur;
1629 3258 1815 3323 timor,
1850 3273 1956 3313 non
1990 3261 2054 3314 ti-

438 3344 592 3398 muit.
624 3344 819 3399 lllusus
845 3360 991 3416 saepe
1029 3356 1111 3402 est
1140 3346 1340 3403 Christi
1383 3348 1702 3419 discipulus,
1738 3350 1790 3404 in
1839 3350 2051 3410 hocoue

436 3437 763 3493 \‘ivaciorem
788 3455 1008 3511 poenam
1058 3442 1185 3498 fecit
1231 3444 1403 3510 maior
1432 3446 1485 3500 in
1518 3447 1804 3503 tormentis
1846 3461 2050 3520 marty-

435 3530 662 3585 rialibus
694 3531 845 3585 labor
878 3550 890 3585 :
923 3549 986 3587 ac
1013 3538 1092 3589 sic
1122 3548 1571 3607 compensaturus
1600 3539 1919 3610 dignitatem
1951 3558 2046 3597 ex—

434 3623 894 3694 cessnpassionis,
920 3637 1065 3681 sorte
1086 3630 1383 3697 promeruit
1402 3672 1416 3696 ,
1446 3641 1502 3684 ut
1532 3630 1663 3685 nihil
1697 3633 1749 3686 itt
1776 3634 1946 3688 tribus
1960 3649 2049 3690 es-

431 3724 518 3771 set
544 3715 787 3771 inferius.
826 3716 956 3773 Nam
992 3719 1045 3774 in
1076 3723 1290 3777 caeteris
1319 3722 1468 3778 furor
1496 3734 1764 3781 tormenta
1795 3742 1900 3782 non
1932 3727 2043 3783 dis-

434 3810 589 3875 tulit;
621 3810 763 3865 hunc
782 3810 930 3866 lenta
961 3813 1013 3868 in
1053 3813 1340 3871 Dominum
1367 3832 1526 3886 poena
1561 3820 1796 3873 servavit
1829 3837 1840 3872 :
1875 3820 2048 3878 sensit

430 3917 492 3957 se
531 3904 672 3958 scire
711 3905 858 3974 quod
909 3907 1230 3971 sustinebat,
1264 3920 1537 3979 spectator
1559 3912 1806 3981 corporis
1832 3913 1915 3967 sui
1948 3930 1959 3965 :
1990 3916 2046 3969 et

428 3995 673 4062 quamvis
705 3998 1070 4065 supradictum
1095 4001 1409 4056 cxdiacono
1435 4016 1726 4073 martyrem
1755 4006 1899 4061 illata
1930 4007 2049 4061 vul-

429 4102 561 4143 nera
612 4088 985 4157 distulissent,
1020 4092 1162 4147 hunc
1210 4094 1311 4148 sibi
1367 4096 1732 4153 exhibucrunt
1769 4106 2041 4156 tormenta

422 4178 731 4237 custodem.
763 4182 973 4238 Junctis
1006 4200 1236 4251 namque
1264 4202 1327 4242 ac
1364 4189 1518 4244 nexis
1560 4193 1921 4260 corporibus,
1978 4209 2044 4248 ac

426 4288 525 4343 per
559 4274 825 4343 publicum
860 4276 1047 4332 tractis
1082 4288 1234 4334 more
1259 4294 1479 4349 canum,
1513 4282 1607 4337 sed
1633 4300 1738 4338 non
1773 4285 1838 4340 ad
1863 4286 2043 4340 vomi-

423 4375 535 4421 tum
566 4371 898 4435 reversuris,
925 4373 1077 4427 vivus
1108 4373 1246 4428 inter
1300 4376 1423 4430 illos
1465 4376 1775 4443 Alexander
1822 4382 2041 4436 innexis

419 4460 650 4530 pedibus
672 4464 994 4531 ducebatur,
1028 4480 1122 4535 per
1142 4469 1395 4536 scopulos
1422 4480 1630 4539 partem
1662 4474 2037 4529 membrorum

2158 3253 2375 3321 salutis,
2411 3257 2659 3325 cognitor
2697 3253 2975 3317 veritatis;
3010 3251 3283 3322 Propheta
3334 3260 3590 3317 testante,
3647 3250 3667 3282 ³
3699 3249 3767 3304 Et

2156 3348 2315 3403 index
2345 3364 2486 3401 meus
2518 3348 2570 3401 in
2603 3347 2879 3401 matutino.
2929 3345 3107 3415 Atque
3140 3354 3197 3400 ut
3244 3346 3364 3415 plus
3404 3347 3535 3399 facta
3562 3353 3770 3412 myste-

2155 3443 2239 3498 ria
2263 3444 2625 3505 cumularent,
2658 3451 2709 3495 et
2737 3440 2903 3495 Indici
2934 3454 3034 3494 suo
3066 3457 3171 3495 non
3215 3439 3435 3495 deesset
3462 3439 3762 3505 indicium;

2156 3554 2277 3594 cum
2311 3538 2459 3593 velut
2508 3535 3022 3592 animal’traltcrent
3070 3534 3241 3589 sancti
3294 3533 3518 3587 Sisinnii
3563 3548 3767 3604 corpus

2156 3632 2427 3698 exanime,
2459 3629 2601 3686 eollo
2630 3629 2763 3685 aerii
2797 3628 2953 3683 testis
2981 3628 3235 3683 tinnitum
3281 3640 3582 3681 concavum
3632 3626 3764 3696 liga.-

2156 3734 2369 3791 vcrunt,
2402 3724 2547 3796 quod
2592 3724 2783 3795 vulgus
2832 3721 3254 3776 tintinnabulum
3304 3728 3536 3785 vocant;
3594 3719 3766 3773 insul-

2157 3827 2336 3872 tantes
2369 3817 2610 3886 corpori,
2640 3816 2988 3885 increpantes
3016 3811 3203 3879 morti,
3233 3812 3629 3882 exprobrantes
3656 3826 3763 3866 nou

2155 3910 2425 3965 vindicem
2462 3908 2780 3973 Christum;
2813 3916 2869 3961 et
2914 3906 3210 3961 irridentes
3258 3902 3474 3959 Domini
3524 3903 3765 3973 discipu-

2154 4003 2290 4065 lum,
2326 4002 2686 4070 impleverunt
2739 4000 2977 4053 salutare
3026 3998 3368 4068 mysterium.
3426 3994 3566 4064 Quid
3616 3995 3763 4050 enim

2154 4095 2330 4150 voluit
2386 4094 2488 4147 sibi
2533 4092 2625 4148 ille
2670 4092 2895 4146 tinnitus
2946 4096 3039 4144 aut
3067 4088 3390 4160 sequacibus
3441 4086 3765 4142 animalibus

2155 4188 2305 4242 utilis
2336 4202 2522 4251 sonus,
2558 4184 2740 4239 decori
2775 4197 2987 4255 quoque
3032 4196 3325 4251 congruos,
3357 4179 3502 4235 collo
3530 4194 3764 4249 suspen-

2154 4282 2286 4337 sus?
2318 4282 2417 4336 nisi
2461 4280 2605 4351 quod
2636 4295 2737 4334 vox
2770 4287 3009 4333 ructaret
3060 4292 3257 4331 nomen
3308 4274 3531 4341 Christi,
3595 4288 3757 4328 rauca

2152 4377 2439 4433 clamando
2467 4376 2683 4441 surdis;
2718 4385 2771 4430 et
2799 4374 3122 4443 principem,
3154 4381 3210 4425 ut
3230 4369 3432 4441 gregis,
3462 4370 3533 4423 ita
3562 4368 3759 4441 gentis,

2150 4467 2207 4525 in
2230 4470 2482 4524 omnibus
2509 4469 2856 4538 approbaret.
2890 4466 3102 4519 Primus
3128 4464 3273 4519 enim
3294 4462 3522 4517 verbum
3545 4461 3765 4531 religio-

420 4554 804 4623 palpitantium
836 4556 1178 4617 dimissurus.
1213 4559 1387 4616 donec
1409 4564 1474 4617 ad
1504 4564 1761 4628 Ioci,vit.12
1794 4548 2039 4635 inquam,
2068 4543 2124 4606 Ῑ)
2151 4578 2227 4619 sae
2252 4565 2397 4618 vocis
2427 4562 2721 4630 increpuit,
2756 4561 2965 4630 primus
3011 4557 3264 4614 concavis
3292 4556 3526 4611 vallibus
3573 4570 3760 4626 perso-

327 4643 331 4647 ’
422 4650 709 4703 torminum
742 4650 1052 4706 duceretur.
1106 4652 1243 4707 [tum
1282 4664 1366 4709 est
1392 4666 1512 4724 post
1557 4657 1756 4711 haec-in
1785 4658 2039 4729 religiosa

422 4738 667 4809 tastigia,
718 4740 819 4796 hoc
868 4753 980 4808 est,
1036 4744 1141 4798 alta
1189 4746 1283 4799 Dei
1344 4748 1572 4816 templa;
1610 4759 1731 4813 post
1772 4766 2033 4821 cerpora,

426 4841 595 4888 strata
626 4834 743 4893 solo
771 4835 1030 4901 enhnina,
1061 4838 1286 4903 sacratis
1315 4838 1453 4895 facta
1489 4857 1615 4913 pyra
1652 4844 1923 4914 trabibus,
1979 4849 2037 4902 in

418 4936 715 4995 conspectu
746 4926 987 4993 Saturni,
1012 4927 1141 4982 idoli
1179 4932 1379 4993 veteris
1420 4944 1741 5003 tempestate
1772 4940 2037 5008 longaeva.

422 5019 798 5075 Praemissisin
824 5020 1000 5090 ignem
1028 5022 1259 5089 getttinjs
1289 5026 1734 5097 atquegermanis
1757 5043 1881 5087 ante
1907 5048 2031 5088 cor-

416 5116 672 5185 poribus,
703 5116 1095 5171 stetitsaucius
1142 5117 1470 5183 Alexander,
1505 5122 1701 5177 iterum
1744 5126 2029 5182 confessu-

418 5222 534 5273 rus;
567 5208 651 5261 cui
684 5207 963 5278 praetttium
984 5209 1105 5261 vita:
1137 5211 1467 5279 propositum
1499 5224 1603 5277 est,
1637 5226 1693 5269 ut
1738 5219 1843 5271 vita
1876 5235 2038 5276 carew

420 5309 533 5364 ret;
584 5299 857 5355 ﬂammant
897 5292 1217 5366 prisentem
1267 5303 1311 5357 si
1340 5303 1469 5357 velit
1497 5305 1728 5362 evadere
1749 5349 1765 5374 ,
1798 5309 1940 5365 dicat
1967 5326 2035 5370 se

417 5407 606 5449 eorum
636 5395 874 5449 tenebris
924 5396 1290 5450 consensisse.
1320 5395 1520 5452 Verum
1567 5398 1668 5467 illi,
1716 5408 2023 5461 transversa

419 5486 591 5542 tuenti
620 5496 676 5542 et
702 5486 989 5557 impiorum
1019 5504 1241 5544 munera
1264 5490 1599 5561 reprobanti,
1627 5504 1817 5551 contra
1847 5496 2030 5554 lucem'

418 5664 510 5736 δέ
553 5661 716 5736 [forte
744 5668 956 5736 optima.

405 5730 513 5805 {ﬁ
571 5730 847 5793 Vetustam
892 5736 1138 5798 Latinam
1184 5742 1492 5803 versionem
1535 5744 1827 5821 Scriptores
1876 5764 2011 5808 con-

2153 4658 2302 4713 navit
2338 4674 2350 4709 :
2382 4656 2559 4713 adhuc
2592 4670 2760 4724 pr0pe
2791 4654 2965 4708 brutis
2996 4650 3341 4715 animalibus,
3365 4661 3458 4705 aut
3486 4660 3635 4705 certe
3667 4653 3775 4719 pe-‘

2149 4751 2374 4806 coribus
2403 4749 2512 4803 dux
2562 4758 2749 4819 pastus
2796 4744 3005 4812 intacti,
3063 4742 3189 4799 novi
3244 4742 3470 4798 linnitor
3516 4739 3756 4808 auditus,

2150 4844 2457 4902 ﬂorulentae
2486 4844 2620 4913 legis
2651 4840 2954 4897 ruminator
2978 4839 3029 4893 itt
3062 4836 3339 4908 gentibus.

2227 4936 2319 4992 1X.
2361 4935 2563 4991 Ordine
2586 4932 2885 5006 proposito,
2916 4930 3155 4999 Martyrii
3199 4928 3303 4983 sibi
3327 4942 3539 4997 quoque
3564 4939 3757 4981 conse-

2148 5044 2325 5101 quens
2358 5044 2578 5094 nomen,
2622 5025 2963 5096 protihetiam
3012 5038 3173 5093 quam
3219 5021 3437 5077 tenebat
3471 5018 3753 5087 implevit:

2148 5124 2404 5193 exposuit
2442 5118 2691 5175 vocabuli
2721 5117 3057 5188 parabolam,
3098 5131 3259 5171 verus
3297 5115 3348 5169 in
3380 5112 3632 5168 omnibus
3669 5126 3758 5167 re‘

2147 5215 2399 5269 velatur:
2435 5212 2615 5267 arrisit
2652 5209 2795 5277 quod
2844 5209 3139 5264 vocabatur
3192 5222 3412 5272 nomen,
3460 5213 3515 5259 et
3545 5204 3753 5259 meritis

2144 5308 2441 5366 cumulavit
2472 5326 2483 5362 :
2521 5308 2712 5361 statuit
2744 5306 2922 5361 natale
2950 5304 3294 5368 vocabulum,
3328 5311 3383 5356 ut
3414 5300 3642 5371 origine,
3675 5299 3753 5354 sic

2150 5403 2408 5474 passione
2438 5412 2748 5456 venturum.
2772 5399 2912 5468 Quid
2944 5413 3116 5469 poema
3136 5396 3349 5452 conscia
3378 5397 3517 5449 horti
3542 5401 3751 5449 secreta

2146 5496 2490 5553 dissolvunt?
2527 5493 2672 5566 quod
2716 5493 2814 5548 illo
2861 5508 2921 5548 se
2965 5490 3199 5562 primum
3226 5488 3481 5557 contulit,
3515 5486 3581 5542 ad
3608 5483 3752 5557 quod

2143 5677 2296 5736 'sulas
2324 5684 2572 5749 oportet,
2613 5684 2670 5734 ut
2697 5674 2838 5735 hunc
2867 5675 3043 5733 locum
3076 5672 3349 5738 invenias.
3402 5670 3636 5727 Paeana.
