4194 6184
418 318 525 373 557

917 309 1349 373 MONUMENT’A
1387 308 1670 369 VETERA
1710 308 1804 367 AD
1840 304 2249 368 ARIANGRUM
2286 306 2687 367 DOCTRINAM
2723 305 3215 365 PERMEMIA.

3614 308 3723 369 558

416 432 619 487 iterum
667 434 873 503 martyr
913 429 1153 496 intravit,
1194 428 1413 500 ianuam
1457 427 1714 499 paradisi,
1764 426 2019 482 mundam
2046 423 2097 484 Α
2125 440 2435 482 mcerorem.
2488 424 2620 481 Nam
2668 425 2889 497 planum
2930 433 3015 480 est
3057 430 3113 479 et
3149 421 3309 491 plene
3353 432 3722 493 perspectum,

416 524 748 593 voluptatem
799 537 862 578 ac
915 520 1258 579 venerandas
1310 522 1394 577 sui
1441 523 1587 577 veris
1636 520 1861 577 delicias
1901 536 2017 575 me-

415 616 656 680 ditatus;
698 615 994 669 animatum
1045 614 1261 682 ﬂorem,
1296 616 1439 671 male
1490 615 1788 670 hiemalem
1842 614 2019 668 adimo

416 711 589 781 Spinte
613 709 819 775 δίκαιΙῆ
852 708 984 765 locis
1015 710 1319 765 virentibus
1350 709 1721 780 plantaturus;
1751 724 1783 764 a
1812 707 2019 778 virgine

415 801 841 869 demonstratus,
890 801 1048 872 cujus
1090 811 1206 859 erat
1249 804 1460 859 hortus.
1497 802 1632 871 Quid
1683 818 1771 857 me
1820 802 2017 857 iterum

413 899 482 954 ad
504 898 759 971 mysteria
795 896 933 952 facta
962 898 1279 954 revolvitis?
1308 898 1401 954 Illa
1426 898 1580 969 virgo
1613 897 1868 967 prodidit,
1899 912 2020 966 qua:

416 1006 545 1048 suos
575 1002 767 1046 tenere
793 1005 1012 1061 setnper
1053 993 1261 1061 optavit
1293 1010 1305 1043 :
1336 991 1509 1047 voluit
1539 989 1817 1046 dimittere
1855 1006 2015 1061 quem

415 1088 625 1156 recepit
660 1104 683 1142 εκ
706 1086 971 1141 cultorem
1019 1101 1179 1158 quem
1226 1087 1491 1157 probavit,
1527 1087 1712 1157 elegit.
1755 1084 1873 1141 .lam
1905 1087 2017 1141 noti

412 1184 620 1238 amoris
664 1182 862 1238 affectu
895 1182 1064 1237 Deum
1108 1196 1324 1253 quoque
1370 1183 1545 1239 tenuit
1586 1182 1899 1248 invitatum,
1930 1180 2018 1236 di-

414 1286 574 1333 cente
606 1277 661 1331 in
688 1276 921 1332 Canticis
950 1277 1263 1343 Salomone,
1298 1274 1587 1332 Descendo:
1611 1282 1773 1348 {inter
1792 1292 1934 1330 meus
1964 1277 2020 1329 in

417 1370 625 1423 hortum
678 1384 830 1424 suum
886 1366 1062 1441 (Cant.
1096 1385 1149 1434 v,
1202 1367 1277 1439 1).
1329 1368 1617 1425 Descendit
1644 1378 1700 1423 ct
1726 1377 1880 1424 certe
1922 1366 2023 1423 de-

415 1462 667 1518 scendit:
698 1477 823 1517 nam
852 1462 1002 1517 exire
1031 1462 1205 1519 noluit
1233 1478 1393 1534 quem
1419 1463 1570 1519 dives
1600 1462 1859 1518 voluntas
1886 1462 2017 1518 ada-

416 1556 579 1611 mavit
610 1572 822 1628 quoque
852 1565 1099 1623 tempore
1126 1559 1417 1628 passionis,
1448 1568 1509 1613 ut
1537 1574 1652 1614 rem
1679 1568 1861 1614 notam
1887 1574 2016 1615 nos—

416 1649 517 1705 tris
557 1650 893 1719 temporibus
924 1651 1312 1721 exprimamus.
1346 1651 1403 1707 In
1444 1651 1604 1708 horto
1647 1668 1769 1708 cum
1815 1652 2018 1710 Iudaeis

414 1742 822 1811 comprehendit
854 1742 1140 1798 Dominum
1181 1742 1479 1801 Scariotes.
1518 1744 1686 1800 Nemo
1719 1745 1787 1801 de
1812 1746 1902 1799 tali
1931 1762 2017 1801 se-

2123 520 2263 590 quod
2295 530 2377 576 est
2402 518 3049 589 Scripturisdictantibus
3088 528 3389 573 reseratum
3418 517 3596 587 (Rom.
3631 535 3682 573 xi
3707 560 3722 583 ,

2122 614 2236 686 δί),
2267 624 2459 669 cuncta
2491 629 2598 669 uno
2631 623 2854 683 peccato
2887 614 2901 643 ¹
2933 611 3212 672 conclusa,
3246 619 3304 665 ut
3343 625 3533 666 omnes
3563 611 3728 667 mise-

2122 710 2410 767 ricordiam
2463 717 2823 765 mererentur.
2877 707 2939 761 iii
2978 714 3104 762 sunt
3146 705 3492 775 centuplicati
3521 704 3730 761 reditus

2123 806 2411 877 passionis,
2436 803 2634 875 quibus
2659 817 2787 857 suos
2806 802 2916 872 jam
2947 815 3082 871 gens
3121 800 3210 853 illa
3241 808 3422 855 reatus
3443 798 3676 853 absolvit
3708 816 3723 853 :

2121 904 2405 973 captivitas
2431 903 2631 957 liberos
2655 901 2801 966 fecit,
2822 899 3023 954 laxavit
3043 897 3377 968 indulgentia
3398 898 3725 954 vinculatos.

2120 999 2329 1056 leum
2364 1006 2490 1052 tunc
2542 995 2823 1051 consensit
2869 994 2921 1048 in
2975 992 3249 1059 tenebras,
3311 992 3402 1047 lux
3455 992 3730 1049 inhorruit;

2125 1094 2393 1164 passione,
2422 1090 2619 1145 mentis
2642 1088 2805 1143 credo
2831 1086 3067 1156 perfidia:
3097 1086 3341 1141 caecitate
3369 1084 3613 1141 confusa.

2193 1187 2283 1243 XI.
2342 1186 2537 1251 Crede,
2570 1186 2759 1249 frater,
2790 1182 2961 1238 oculis
3003 1181 3207 1235 fratris.
3244 1180 3445 1237 Umbra
3474 1180 3729 1251 quaedam

2121 1283 2289 1353 nigrae
2331 1282 2490 1336 nubis
2536 1288 2700 1334 totam
2754 1278 2886 1333 texit
2925 1278 3041 1331 sive
3083 1276 3363 1331 contexuit
3408 1276 3724 1345 regionem;

2120 1374 2364 1445 proxima
2395 1383 2554 1428 terra:
2600 1370 2822 1426 fulmina
2850 1377 3215 1439 crepuerunt;
3255 1368 3409 1424 dirue
3448 1384 3593 1439 saepe
3620 1369 3730 1424 fra-

2088 1484 2218 1539 ggor
2248 1468 2517 1531 intonuit;
2552 1478 2848 1519 coruscans
2895 1463 3091 1517 rutilus
3133 1462 3255 1531 plus
3284 1462 3424 1532 ignis
3458 1462 3680 1517 emicuit
3713 1480 3728 1515 :

2118 1560 2396 1618 conscium
2440 1558 2715 1629 sanguinis
2766 1557 2975 1611 diceres
3022 1556 3241 1610 cmlum.
3294 1555 3409 1611 Non
3463 1567 3545 1611 est
3589 1558 3731 1612 ultra

2117 1665 2239 1729 post
2267 1653 2512 1709 umbram
2546 1651 2866 1722 peregrinae,
2893 1658 2951 1705 ut
2989 1649 3062 1704 ita
3099 1649 3351 1716 dixerim,
3385 1652 3579 1718 noctis,
3608 1668 3725 1707 ma-

2121 1748 2368 1803 nifestam
2412 1747 2591 1803 celare
2637 1744 2738 1800 sub
2777 1742 2970 1799 nebula
3014 1744 3319 1800 veritatem.
3356 1745 3479 1800 Dies
3509 1761 3728 1817 quoque

412 1839 665 1895 mione
705 1837 965 1909 discipuli
1004 1839 1401 1895 eauseturtita
1431 1838 1685 1909 Magister
1741 1850 1798 1897 et
1830 1840 2012 1895 Domi-
2043 1827 2093 1890 Β
2120 1842 2401 1897 horrorem
2460 1839 2695 1911 prodidit
2738 1837 3027 1907 passionis,
3080 1852 3186 1891 non
3230 1846 3441 1893 tantum
3471 1840 3724 1908 refugus,

415 1948 521 1991 nm
540 1934 833 1989 invenitur.
869 1934 1095 1989 Putatus
1116 1944 1201 1990 est
1226 1934 1570 1996 horutlanus,
1604 1935 1808 2004 rigatur
1830 1936 2020 1991 viven-

408 2026 565 2094 tium,
609 2026 889 2098 plantator
914 2027 1237 2083 animarum.
1273 2026 1472 2083 Hortus
1507 2036 1593 2084 est
1629 2043 1759 2096 ergo
1788 2045 1896 2084 non
1934 2028 2018 2084 fu-

408 2119 642 2190 gientis,
708 2120 806 2178 sed
855 2119 1217 2193 confugientis
1278 2122 1529 2195 asylum,
1585 2121 2015 2194 intelligentibus

408 2211 557 2269 horti
579 2212 781 2271 facient
812 2218 1081 2273 meruisse
1105 2219 1435 2288 paradisum.

482 2306 549 2363 Χ.
581 2309 888 2365 Alexandro
913 2312 1455 2381 veroquotlconferre
1478 2315 1795 2385 mysterium
1823 2315 2015 2369 mortis

407 2402 599 2473 potuit,
622 2404 715 2473 qui
741 2412 909 2461 totum
940 2405 1089 2459 vivus
1121 2406 1399 2476 implevit;
1429 2407 1531 2463 nisi
1560 2408 1705 2476 quod
1727 2408 1803 2463 ad'
1822 2408 2015 2479 gentis

410 2492 601 2567 vitium
633 2510 829 2550 nOmeu
860 2497 1078 2562 arrisit;
1110 2506 1167 2551 ut
1199 2498 1525 2553 Alexandria
1558 2508 1837 2569 putaretur
1868 2500 2017 2556 Asta-

404 2590 554 2659 gnia,
588 2589 817 2659 privatis
847 2590 1095 2660 religiosa
1123 2593 1407 2662 portentis,
1438 2609 1725 2650 numerosa
1750 2595 2015 2651 daemonis

407 2684 531 2751 bus,
569 2684 816 2741 biformis
843 2686 1145 2753 Anubibus,
1183 2688 1342 2744 idolis
1376 2690 1725 2747 multiformis
1753 2692 2014 2747 semi-ho—

407 2776 675 2845 minibus,
730 2778 875 2848 quod
920 2790 1005 2835 est
1055 2781 1191 2852 legis
1244 2782 1587 2849 irrisoribus;
1645 2784 1803 2854 plena
1853 2785 2012 2842 Isidis

405 2870 906 2942 amentia,8erapis
933 2872 1094 2942 fuga;
1146 2874 1346 2929 blanda
1398 2885 1674 2947 postremo
1722 2879 2013 2949 inquilino-

406 2979 525 3020 rum
550 2973 725 3020 mater
748 2965 1058 3034 criminum,
1098 2968 1225 3037 quin
1283 2969 1460 3038 potius
1487 2985 1749 3036 noverCa;
1791 2972 2009 3042 vipera-

405 3075 524 3115 rum
556 3061 770 3116 alumna
799 3065 1075 3133 progenie,
1110 3079 1209 3135 per
1236 3063 1481 3120 sobolem
1507 3076 1789 3122 venenatae
1811 3068 2006 3138 gentis,

406 3168 526 3223 qum
556 3154 726 3210 nescit
747 3154 979 3226 concipi,
1035 3155 1137 3210 nisi
1166 3156 1340 3224 patris
1368 3157 1600 3213 orbitate
1627 3158 1874 3225 hetetur;
1911 3174 2007 3213 nc-

406 3246 509 3302 scit
531 3262 802 3313 crescere,
832 3247 933 3303 nisi
961 3258 1136 3303 morte
1162 3264 1446 3317 nascatur;
1481 3251 1653 3305 nescit
1679 3252 1883 3319 vivere,
1906 3253 2006 3308 nisi
2037 3229 2079 3292 C

407 3339 699 3396 nesciverit
725 3352 987 3407 matrem;
1024 3350 1081 3396 ut
1106 3342 1156 3396 in
1190 3341 1316 3397 ﬁdei
1344 3343 1706 3399 conversione
1733 3346 1889 3399 malae
1919 3361 2010 3401 so-

408 3432 545 3489 bolis
580 3434 780 3503 proles,
820 3444 1076 3505 concepta
1103 3434 1315 3506 jactura
1357 3437 1451 3493 Dei
1481 3437 1672 3505 Patris,
1708 3439 1886 3509 capite
1913 3440 2009 3497 de-

406 3536 602 3597 negato
631 3536 773 3596 nata,
805 3527 1053 3598 perfossa
1073 3530 1199 3584 alvo
1221 3531 1407 3585 matris
1436 3530 1693 3586 Ecclesia:
1715 3542 1888 3603 parta,
1912 3549 2008 3603 per

405 3628 718 3676 sanctorum
754 3631 985 3677 mortem
1033 3622 1159 3677 vitae
1196 3634 1370 3679 sumat
1429 3626 1731 3695 originem;
1777 3631 1870 3681 sed
1894 3629 2005 3697 jam

406 3711 607 3770 crescit
644 3712 843 3770 damno
872 3713 1176 3785 fecundior,
1206 3714 1354 3771 letho
1398 3716 1654 3785 vivacior,
1684 3719 1860 3775 lzetior
1885 3728 2009 3791 post

2119 1935 2212 1991 sed
2240 1935 2500 2007 privatus.
2525 1932 2659 1987 Nam
2687 1940 2855 1986 sexta:
2884 1931 3031 1985 feria:
3066 1929 3155 1983 lux
3182 1930 3324 1985 alma
3356 1940 3725 2000 processerat,

2117 2045 2333 2098 semper
2364 2036 2479 2098 post
2512 2027 2682 2082 Deum
2708 2024 2883 2079 amica
2930 2023 3296 2095 martyribus:
3323 2033 3517 2080 tenens
3568 2041 3728 2081 reve»

2116 2132 2303 2181 renter
2334 2131 2537 2194 partem
2566 2121 2743 2175 adhuc
2768 2118 3025 2174 dominici
3071 2120 3338 2188 corporis,
3375 2135 3471 2189 per
3506 2129 3725 2176 sanctos

2116 2219 2365 2274 alumnos
2396 2215 2609 2270 famulis
2642 2214 2735 2269 Dei
2774 2214 3024 2281 prazstitit
3051 2212 3390 2277 famulatum,
3430 2216 3727 2271 temttlante

2115 2321 2297 2368 tamen
2322 2310 2520 2366 invidia
2551 2308 2832 2378 religionis
2868 2317 3015 2363 sorte
3048 2316 3295 2363 ventura.
3325 2308 3415 2365 Sic
3445 2324 3505 2365 se
3532 2311 3729 2365 asserit

2117 2405 2377 2460 Dominus
2426 2403 2681 2473 operibus
2727 2400 2877 2465 suis;
2910 2400 2990 2456 sic
3040 2415 3099 2456 se
3148 2402 3352 2456 socium
3397 2410 3621 2472 praestat
3667 2403 3724 2457 in

2115 2500 2390 2566 omnibus,
2425 2508 2483 2553 ut
2507 2497 2815 2569 mqualitate
2842 2496 3095 2565 jungatur
3128 2504 3183 2550 et
3208 2506 3471 2567 tempore.
3502 2496 3729 2565 Spectas

2114 2602 2223 2661 tor,
2266 2592 2550 2656 confiteor,
2596 2589 2670 2645 fui
2714 2589 2856 2644 inter
2885 2588 2985 2643 ista
3016 2589 3293 2661 mysteria,
3326 2597 3382 2643 et
3418 2588 3482 2644 ad
3516 2600 3730 2646 sancto-

2112 2701 2233 2740 rum
2260 2684 2473 2739 cineres
2501 2682 2799 2737 excubator
2832 2698 2846 2734 :
2884 2684 2975 2751 qui
3006 2682 3278 2751 particeps
3304 2696 3428 2737 esse
3478 2699 3583 2737 non
3615 2698 3728 2739 mc-

2115 2777 2226 2845 rui,
2259 2776 2409 2832 sensi
2439 2775 2503 2829 ad
2526 2774 2668 2845 quod
2695 2772 2978 2843 pervenire
3018 2787 3125 2828 non
3159 2775 3326 2843 pomi.
3360 2773 3598 2843 Vidi,vix
3628 2774 3727 2831 bo-

2114 2873 2311 2942 dieque
2337 2871 2589 2927 credulus
2631 2869 2810 2926 mihi:
2859 2868 3129 2925 excedunt
3176 2870 3313 2925 facta
3360 2872 3726 2928 reverentiam

2113 2970 2285 3025 relata
2332 2967 2645 3023 dictorum:
2697 2966 2842 3022 unde
2899 2966 2994 3022 Dei
3047 2968 3171 3035 erit,
3230 2966 3420 3035 frater,
3478 2982 3727 3024 asserere

2070 3078 2083 3087 ε
2113 3063 2253 3134 quod
2283 3062 2465 3133 elegit,
2489 3069 2544 3116 et
2574 3061 2793 3117 testanti
2836 3060 3204 3116 testimonium
3250 3062 3559 3131 perhibere.
3588 3062 3725 3119 Sus-

2113 3158 2231 3227 cipe
2265 3171 2428 3221 nunc,
2455 3154 2641 3223 frater,
2688 3154 2850 3208 trium
2881 3169 3104 3209 munera
3139 3170 3427 3224 puerorum
3450 3196 3464 3220 ,
3494 3164 3585 3209 aut
3612 3162 3725 3213 tres

2114 3264 2311 3320 pueros
2340 3247 2408 3303 de
2438 3248 2675 3313 camino,
2714 3247 2893 3303 anheli
2924 3248 3064 3317 ignis
3108 3247 3283 3301 adhuc
3331 3246 3726 3314 proiiemodum

2113 3342 2452 3398 ambulantes
2484 3341 2769 3407 incendia;
2820 3350 2875 3396 et
2908 3340 3012 3395 nisi
3060 3339 3272 3395 invidus
3302 3339 3533 3394 flamma:
3572 3341 3726 3396 furor

2112 3437 2412 3491 semineces
2439 3435 2788 3502 suscepisset,
2808 3434 3045 3488 historia:
3067 3434 3356 3489 revixisset
3379 3433 3719 3502 exemplum:

2112 3532 2187 3587 ita
2214 3530 2395 3585 omnia
2422 3545 2480 3584 se
2504 3544 2641 3599 pene
2660 3528 2822 3583 simili
2858 3527 3063 3583 honore
3083 3531 3401 3599 pinxerunt:
3432 3527 3721 3595 Vox,Ros,

2112 3627 2401 3694 Numerus,
2457 3624 2733 3680 Caminus.
2796 3621 2915 3679 Vox
2970 3623 3133 3680 fidem
3188 3639 3529 3681 consonam:
3584 3624 3719 3694 Ros,

2116 3720 2391 3793 pluviam;
2436 3717 2717 3784 Caminus,
2770 3734 2993 3790 pyram;
3045 3718 3310 3774 Numerus
3341 3718 3681 3774 Trinitatem.
3768 3730 3771 3731 '

481 3850 498 3881 ί
540 3848 819 3909 Conclusa.
851 3851 941 3910 Sic
966 3853 1316 3911 emendamus
1342 3870 1560 3927 pravam
1592 3856 1864 3916 editorum
1887 3859 2178 3917 lectionem
2198 3873 2465 3914 concussa.
2494 3857 2735 3929 Respicit
2764 3855 2909 3913 enim
2937 3856 2995 3913 S.
3026 3855 3254 3927 Vigilius
3277 3854 3346 3911 ad
3369 3855 3608 3923 Bonum,
3627 3855 3718 3912 52.

416 4004 3695 4044 -————-——-—————————-—-—————————-—-—-————-————-—————

968 4128 2248 4279 MONUMENTA
2364 4086 3159 4285 VETERA

727 4364 895 4519 ΑΒ
990 4366 1675 4524 ARIANllRUM
1780 4366 2455 4524 Dllﬂ’l‘RINAlll
2562 4371 3398 4537 PER’I‘INENTIA.

1712 4620 1852 4662 ANNO
1888 4620 2072 4663 ωιικι
2107 4620 2397 4663 οωιιχνι.

1190 4742 1533 4803 EPISNLA
1570 4741 1789 4802 PRIMA
1829 4741 2237 4801 CONSTANTII
2278 4743 2369 4799 AD
2407 4740 2917 4802 ATHANASIUM‘.
2990 4816 2995 4819 _

624 5041 1159 5099 ConstantiusVictor
1178 5041 1448 5116 Augustus
1477 5041 1795 5101 Athanasio.

480 5134 582 5192 Diu
609 5145 660 5195 te
677 5138 871 5208 jactari
901 5139 1195 5207 vexarique
1224 5138 1546 5193 immanibus
1587 5137 1854 5193 undarum
1888 5152 2014 5208 pro-

406 5229 561 5288 cellis
590 5241 795 5287 nostrae
816 5232 1120 5290 elameutia:
1145 5232 1451 5289 humanitas
1476 5250 1579 5288 non
1606 5233 1848 5304 permisit
1875 5252 1886 5286 :
1916 5249 2016 5288 nuc

404 5324 592 5381 datum
631 5326 896 5398 siquidem
928 5330 1166 5399 paternis
1198 5330 1419 5385 sedibus
1454 5330 1717 5401 bonisque
1750 5328 1858 5383 tuis
1887 5344 2012 5399 spo‘

404 5414 625 5489 liatum,
662 5429 717 5475 et
762 5422 812 5474 in
857 5420 1016 5475 inviis
1057 5422 1421 5495 feralihusque
1464 5423 1599 5477 locis
1647 5420 2012 5477 errabundum

404 5521 593 5566 nostra
636 5512 1065 5586 indefatigabilis
1107 5518 1279 5586 pietas
1325 5532 1431 5573 non
1467 5516 1732 5572 deseruit.
1766 5514 1897 5570 Nam
1933 5521 2013 5568 ta-

404 5608 565 5661 metsi
596 5607 923 5681 jampridem
965 5611 1244 5681 supersedi
1278 5611 1483 5667 tuentis
1515 5624 1650 5665 mea:
1677 5607 2014 5677 propositum

405 5697 471 5752 ad
499 5708 550 5754 te
569 5700 835 5771 scribere,
858 5718 923 5759 eo
943 5702 1086 5774 quod
1110 5713 1163 5761 te
1186 5704 1326 5760 ultro
1353 5703 1707 5760 adventorum
1731 5708 2014 5772 exspecta-

2038 5025 2091 5086 D
2153 5047 2501 5109 Κωνστάντιος
2530 5052 2729 5110 sumta;
2758 5046 3055 5123 Αὔγουστος
3076 5050 3358 5123 ’Δθανασίῳ
3388 5052 3679 5126 ἐπισκόπῳ·

2188 5137 2297 5195 Ἐπὶ
2326 5140 2448 5195 πολύ
2480 5161 2537 5197 σε
2568 5140 2971 5210 γλυδωνίζεσθαι,
3007 5148 3093 5199 καὶ
3119 5146 3464 5216 χειμάζεσθαι
3494 5152 3602 5204 τοῖς
3628 5150 3720 5204 τῆς

2119 5232 2383 5295 θαλάσσης
2429 5232 2613 5306 ὁμοίως
2646 5235 2864 5306 κύμασιν
2910 5238 3127 5311 ἀγρίοις,
3176 5239 3265 5291 οὐκ
3310 5238 3493 5307 ἀφῆκεν
3552 5238 3581 5293 ἡ
3628 5242 3723 5297 τῆς

2124 5330 2375 5406 ἡμετέρας
2405 5330 2715 5406 ἡμερότητος
2745 5332 3107 5407 φιλανθρωπία⁹
3153 5330 3475 5404 ’γυμνωθέντα
3525 5349 3583 5383 σε
3629 5336 3725 5389 τῆς

2121 5424 2365 5497 πατρῴας
2396 5423 2593 5487 ἑστίας,
2626 5426 2711 5477 καὶ
2738 5425 3043 5500 στερηθέντα
3072 5430 3170 5477 τῶν
3198 5420 3334 5475 ἰδίων
3362 5460 3375 5482 ,
3415 5424 3495 5474 καὶ
3517 5421 3726 5476 πλανώ-

2122 5536 2271 5587 μενον
2317 5517 2367 5569 ὶν
2397 5513 2695 5589 θηριώδεσιν
2725 5513 2958 5579 ἀνοδίαις,
3014 5516 3071 5567 οὐ
3113 5511 3350 5591 παρεῖδεν
3380 5514 3409 5571 ἡ
3455 5511 3727 5585 ἀκάματος

2123 5608 2263 5680 ἡμῶν
2295 5607 2569 5661 εὐσέϐεια*
2602 5609 2643 5659 εἰ
2686 5609 2770 5677 atati
2814 5606 3105 5677 τὰμά).ιστα
3148 5605 3359 5661 ἐπιπολὺ
3412 5605 3726 5680 ὑπερεθέμην

2123 5698 2326 5774 γραψαι
2367 5708 2461 5760 τῆν
2482 5697 2721 5775 πρόθεσιν
2761 5707 2853 5760 τῆς
2882 5700 3004 5771 ἐμῆς
3043 5698 3263 5763 διανοίας
3310 5697 3606 5779 προσδοκῶν
3638 5700 3725 5760 αὕη

466 5836 486 5861 ¹
523 5838 647 5895 Haec
681 5848 733 5895 et
765 5856 908 5909 seqq.
931 5857 1045 5910 epp.
1076 5857 1234 5908 usque
1265 5843 1326 5897 ad
1349 5842 1551 5896 Constit.
1578 5841 1801 5903 Valent.,
1836 5836 1932 5891 col.
1964 5834 2088 5901 575,
2131 5848 2199 5889 ex
2227 5834 2383 5891 Labb.
2408 5833 2831 5902 dcsumptmsaat,
2862 5842 2983 5891 tom.
3007 5810 3442 5902 mactatae“.
