4194 6184
470 283 577 340 559

991 281 1419 343 MONUMENTA
1461 281 1741 342 VETERA
1782 282 1874 339 AD
1912 278 2322 340 ARIANORUM
2362 274 2761 336 DOCTRINAM
2788 276 3291 353 PERTINENTIA.‘

3677 278 3784 338 560

470 416 628 467 rem,
661 408 715 455 et
738 396 1135 470 postulaturum
1166 398 1432 454 malorum
1466 406 1681 454 tuorum
1730 396 2061 464 remedium,

2182 397 2399 471 λαίρετόν
2434 418 2491 451 σε
2527 398 2900 470 παραγενέσθαι
2934 398 3064 473 πρὸς
3099 398 3265 467 ἡμᾶς,
3306 394 3392 453 καί
3411 401 3510 451 τῶν
3546 397 3783 469 καμάτων

470 508 652 551 tamen
672 535 684 557 ,
715 494 837 565 quia
868 492 1097 547 fortasse
1130 492 1468 549 voluntatem
1494 492 1761 563 propositi
1787 492 1858 546 tui
1896 500 2069 547 metus

464 586 782 656 impedivit,
817 584 939 639 ideo
970 584 1180 639 litteras
1210 584 1595 639 munificentiae
1636 594 1835 640 nostr:e
1867 584 2064 653 plenis-

466 680 633 733 simas
664 676 728 731 ad
760 686 902 731 tuam
928 678 1290 732 constantiam
1316 678 1584 744 misimus,
1618 686 1673 731 ut
1721 692 1910 733 secure
1934 693 2062 732 con-

466 772 674 843 spectui
689 783 877 827 nostro
899 772 1297 843 quamprimum
1322 782 1465 827 tuam
1481 773 1824 844 praesentiam
1849 772 2065 838 oll‘eras,

465 875 525 921 ut
556 866 665 920 voti
704 866 1010 936 particeps,
1051 876 1403 936 nostramque
1455 864 1846 921 humanitatem
1874 881 2068 937 exper-

465 967 589 1025 tus,
624 960 729 1013 tuis
777 960 1102 1015 restitnaris.
1140 960 1249 1015 llac
1273 960 1417 1014 enim
1464 959 1531 1015 de
1578 975 1737 1014 causa
1784 958 2063 1013 dominum

464 1066 650 1107 meum
699 1060 754 1107 et
794 1052 1017 1108 fratrem
1059 1052 1410 1109 Constantem
1465 1054 1726 1109 victorem
1775 1062 2065 1125 augustum

452 1160 566 1215 pro
597 1153 648 1199 te
676 1144 1143 1202 adhortationibus
1180 1147 1452 1213 conveni,
1479 1154 1537 1203 ut
1565 1147 1660 1205 tibi
1703 1148 1956 1204 veniendi
1986 1148 2065 1202 la-

463 1238 722 1301 cultatem
777 1239 961 1307 daret,
1014 1255 1122 1311 quo
1167 1240 1450 1312 utriusque
1496 1250 1741 1297 nostrum
1787 1252 1921 1298 nutu
1967 1258 2065 1314 pa-

462 1332 583 1387 trize
634 1334 972 1401 restituatis,
1004 1335 1191 1393 ethoc
1232 1351 1329 1407 pro
1376 1336 1604 1407 pignore
1648 1346 1850 1395 nostra:
1880 1339 2067 1410 gratia:

464 1421 689 1482 habeas.

2179 492 2336 545 αἰτεῖν
2367 490 2641 565 θεραπείαν
2666 505 2678 519 ’
2730 486 2868 561 ὅμως
2900 487 3070 548 ἐπειδή
3100 486 3228 549 ἴσως
3260 487 3284 541 ό
3315 486 3495 562 φόϐος,
3526 494 3616 548 τήν
3650 510 3781 564 προ-

2176 586 2372 657 αἰρεσιν
2401 592 2492 643 τῆς
2523 592 2618 644 σῆς
2645 585 2933 660 προθέσεως
2959 581 3220 637 ἐνεπόδισε
3238 624 3252 648 ,
3286 581 3369 637 διά
3394 589 3549 638 τοῦτο
3585 582 3783 660 δωρεᾶς

2176 675 2505 749 πληρέστατα
2541 678 2826 751 γράμματα
2868 676 3000 749 πρὸς
3051 680 3140 733 τήν
3182 679 3279 733 σήν
3317 675 3641 749 στερρότητα
3681 674 3783 730 διε-

2174 767 2515 840 πεμψάμεθα·
2560 770 2642 823 ’ίνα
2680 769 2880 843 ἀφόϐως
2904 777 3024 829 ταῖς
3064 771 3334 845 ἡμετέραις
3371 769 3662 847 προσόψεσι
3691 793 3784 826 τακ

2176 870 2327 934 χεῖαν
2370 868 2460 922 τήν
2494 869 2692 919 σαυτοῦ
2730 867 3024 939 παρουσίαν
3080 870 3383 938 παρασχεῖν
3446 862 3781 935 σπουδάσῃς,

2172 956 2306 1032 ύπέρ
2335 962 2429 1012 τοῦ
2477 965 2567 1017 τῆς
2613 962 2812 1011 σαυτοῦ
2857 957 3127 1028 ἐπιθυμίας
3158 955 3464 1015 ἀπολαύσας
3500 958 3587 1010 καὶ
3621 976 3784 1030 περα-

2172 1053 2309 1110 σθεὶς
2334 1052 2473 1121 ήμῶν
2498 1058 2588 1112 τῆς
2630 1051 3024 1127 φιλανθρωπίας,
3064 1057 3169 1110 τοῖς
3211 1048 3354 1109 ἰδίοις
3388 1050 3777 1125 άποκατασθῇς⁶

2170 1147 2357 1200 τούτου
2404 1147 2501 1219 γὰρ
2548 1146 2689 1200 ἕνεκα
2736 1148 2822 1200 καί
2870 1146 2954 1199 τὸν
3003 1142 3260 1203 δεσπότην
3304 1146 3388 1199 καί
3426 1143 3630 1216 ἀδελφόν
3674 1163 3780 1215 μου

2172 1242 2497 1304 Κώνσταντα,
2530 1240 2614 1295 τὸν
2641 1244 2839 1299 νικητήν
2873 1237 3195 1315 Αὔγουστον,
3240 1240 3374 1315 ύπέρ
3427 1245 3520 1294 σοῦ
3552 1240 3779 1314 παρεκά-

2174 1333 2321 1400 λεσα,
2352 1335 2433 1388 ἵνα
2459 1339 2552 1389 τοῦ
2584 1334 2736 1389 ἐλθεῖν
2761 1335 2997 1399 ἐξουσίαν
3022 1354 3104 1389 σοι
3124 1332 3215 1407 δῷ,
3247 1333 3331 1388 ἐπὶ
3363 1339 3438 1405 τῷ
3475 1333 3786 1410 άμφωτέρων

2176 1427 2315 1498 ήμῶν
2360 1426 2765 1491 ἐπινευσάντων,
2814 1434 2877 1502 τῇ
2916 1425 3129 1505 πατρίδι
3159 1427 3612 1504 ἀποκατασταθῇς,
3643 1422 3787 1499 ἔχων

2175 1526 2329 1575 τοῦτο
2358 1529 2451 1581 τῆς
2482 1522 2623 1593 ἡμῶν
2654 1522 2879 1598 χάριτος
2910 1522 3175 1597 ἐνέχυρον.

979 1664 1317 1724 EPISTOLA
1347 1664 1681 1761 SECUNDA»
1705 1667 2120 1729 CONSTANTII
2158 1671 2636 1733 IMPEllATORlS
2675 1677 2769 1734 AD
2809 1676 3289 1735 ATHANASIUM.

540 1794 605 1854 Et
630 1799 673 1853 si
697 1799 1074 1870 superioribus
1102 1800 1297 1857 litteris
1318 1802 1745 1873 significavimus
1764 1846 1777 1871 ,
1804 1814 1860 1859 ut
1880 1820 2072 1863 secure
2103 1825 2150 1886 Β

464 1894 532 1949 ad
568 1905 810 1951 nostrum
859 1896 1175 1951 comitatum
1225 1896 1539 1965 accederes,
1564 1914 1629 1954 eo
1656 1898 1803 1970 quod
1835 1901 2069 1956 maxime

463 1988 747 2058 cupiamus
774 1996 827 2044 te
854 1988 921 2043 ad
946 1998 1066 2045 tuos
1096 1990 1373 2045 remittere
1394 2031 1407 2055 ,
1434 1998 1613 2046 tamen
1658 1990 1819 2045 etiam
1856 1991 1952 2045 has
1978 1991 2067 2045 lit-

467 2084 613 2134 teras
668 2094 812 2135 nunc
855 2080 922 2134 ad
972 2089 1116 2135 tuam
1175 2080 1501 2136 soliditatem
1554 2081 1840 2149 misimus,
1873 2082 2069 2153 quibus

464 2173 850 2241 adhortamnr,
882 2184 942 2231 ut
978 2177 1099 2232 sine
1149 2178 1295 2232 omni
1344 2178 1641 2234 diffidentia
1678 2189 1770 2235 aut
1797 2190 1944 2235 metu
1977 2198 2069 2251 pu-

463 2264 605 2321 blica
632 2267 878 2323 vehicula
907 2268 1190 2335 ascendas,
1218 2278 1273 2325 et
1305 2285 1563 2341 properes
1588 2271 1655 2327 ad
1685 2286 1803 2341 nos,
1836 2281 1917 2342 ut,
1949 2289 2069 2345 qua:

466 2359 811 2429 concupiscis
828 2401 841 2428 ,
870 2374 1183 2432 assequare.

2250 1813 2306 1866 Εἰ
2329 1814 2417 1867 καί
2438 1814 2666 1883 μάλιστα
2686 1811 2771 1869 διά
2794 1816 3062 1892 πρὸτέρων
3090 1815 3411 1892 γραμμάτων
3439 1814 3785 1890 ἐδηλώσαμεν,

2176 1904 2315 1967 ὅπως
2347 1910 2665 1984 ἀμερίμνως,
2700 1911 2770 1970 εἰς
2799 1910 2857 1965 τὸ
2896 1912 3141 1989 ἡμέτερον
3182 1913 3450 1983 κομιτάτον
3498 1914 3785 1989 παραγένῃ,

2176 1996 2258 2053 διά
2287 2000 2343 2053 τό
2377 1999 2608 2071 μάλιστα
2648 2001 2983 2073 βουλεύεσθαι
3017 2006 3153 2075 ἡμᾶς
3184 2005 3487 2060 ἀποστεῖλαί
3522 2026 3581 2059 σε
3625 2007 3695 2066 εἰς
3722 2007 3791 2061 τά

2174 2088 2299 2155 ἴδια,
2331 2089 2468 2164 ὅμως
2511 2097 2595 2149 καί
2642 2100 2731 2147 νῦν
2774 2101 2946 2151 ταῦτα
2983 2096 3047 2149 τά
3076 2098 3389 2171 γράμματα,
3417 2097 3545 2171 πρὸς
3575 2101 3667 2154 τήν
3694 2103 3791 2155 σήν

2177 2185 2498 2259 στερρότητα
2526 2186 2896 2261 δεδηλώκαμεν·
2924 2187 3027 2253 διὸ,
3046 2190 3437 2266 προτρεπόμεθα
3463 2192 3631 2263 χωρίς
3650 2210 3789 2251 τινος

2175 2281 2418 2341 ἀπιστίας
2448 2285 2537 2337 καὶ
2568 2283 2741 2355 φόϐου,
2771 2284 3009 2343 ἐπιϐῆναί
3038 2305 3095 2339 σε
3131 2283 3392 2356 δημοσίοις
3426 2285 3665 2356 ὀχήμασι
3700 2286 3785 2337 καί

2177 2374 2473 2433 σπουδάσαι
2523 2379 2652 2455 πρὸς
2699 2380 2864 2451 ἡμᾶς,
2908 2380 2992 2435 ἶνα
3034 2375 3099 2434 ὧν
3150 2380 3443 2452 ἐπιθυμεῖς,
3490 2379 3787 2435 ἀπολαῦσαι

2175 2466 2415 2543 δυνηθῇς.
3066 2461 3073 2467 ’

1020 2593 1358 2652 EPISTOLA
1397 2595 1653 2653 TERTIA
1692 2595 2105 2657 CONSTANTII
2141 2601 2613 2666 IMPERATORIS
2653 2609 2747 2665 AD
2786 2600 3260 2668 ATHANASIUM.

516 2686 581 2709 Jan
616 2691 661 2706 ιο·

539 2736 677 2791 Cum
732 2734 951 2791 Edessa:
1008 2747 1502 2802 commoraremur,
1554 2735 1914 2805 praesentibus
1969 2737 2078 2792 tuis

468 2829 835 2901 presbyteris,
866 2828 1066 2899 placuit
1096 2838 1153 2883 ut
1182 2828 1351 2883 misso
1376 2828 1443 2883 ad
1476 2836 1527 2883 te
1555 2829 1900 2901 presbytero,
1921 2828 2076 2885 festi-

470 2938 634 2981 nares
681 2923 748 2977 ad
805 2933 1047 2979 nostrum
1097 2924 1416 2979 comitatum
1458 2922 1643 2979 venire
1682 2933 1777 2978 :ut
1817 2923 1906 2979 ubi
1953 2940 2082 2981 nos-

468 3024 613 3072 trum
643 3016 872 3072 vidisses
901 3023 1273 3084 conspectum,
1294 3016 1476 3071 statim
1500 3015 1882 3071 Alexandriam
1906 3024 2082 3073 trans-

2178 2740 2362 2815 .denuo
2380 2742 2718 2800 admonitum
2738 2746 3009 2813 volumus,
3032 2755 3090 2801 ut
3119 2748 3203 2803 vel
3232 2762 3374 2804 nunc
3403 2748 3597 2805 saltem
3625 2763 3785 2819 quam

2185 2835 2471 2893 celerrime
2517 2839 2583 2894 ad
2629 2855 2727 2896 nos
2761 2851 2813 2897 te
2841 2842 3092 2898 conferas
3115 2884 3129 2907 ,
3160 2859 3267 2912 quo
3291 2853 3343 2899 tu
3374 2844 3445 2899 ita
3468 2844 3657 2915 patria:
3684 2852 3793 2900 tua:

2187 2930 2527 2997 restituaris,
2564 2942 2615 2987 et
2656 2948 2755 2989 nos
2788 2936 2892 2990 tuis
2925 2934 3177 3005 precibus
3205 2936 3305 2990 frui
3362 2936 3649 3006 possimus.
3704 2935 3790 2991 Ad

2187 3021 2487 3091 pleniorem
2519 3034 2695 3082 autem
2738 3027 3106 3099 cognitionem
3139 3027 3386 3083 Achitam
3409 3027 3697 3084 diaconum
3724 3028 3792 3082 ad

470 3106 599 3162 ires.
630 3106 737 3164 Sed
762 3110 886 3179 quia
912 3108 1202 3178 plurimum
1234 3108 1491 3176 temporis
1519 3106 1842 3174 intercessit,
1876 3123 1941 3163 ex
1966 3124 2074 3179 quo
2103 3089 2149 3154 (ἶ
2182 3089 2235 3169 te
2279 3116 2543 3186 misimus,
2589 3136 2618 3174 a
2669 3137 2779 3191 quo
2806 3089 3028 3179 discere
3079 3123 3265 3179 licebit
3313 3131 3369 3179 et
3418 3127 3613 3180 mentis
3666 3138 3792 3180 nos-

473 3198 673 3255 litteris
714 3200 919 3255 nostris
968 3198 1206 3269 acceptis
1258 3214 1366 3253 non
1395 3197 1629 3265 venisti,
1666 3197 1788 3253 ideo
1832 3206 1882 3252 te
1932 3214 2075 3256 nunc

2183 3214 2280 3262 true
2305 3210 2673 3281 voluntatem,
2707 3223 2763 3271 et
2797 3222 2848 3270 te
2872 3215 3086 3287 assequi
3115 3230 3279 3287 posse
3303 3231 3424 3288 qua:
3447 3216 3588 3273 votis
3616 3227 3792 3288 optas.

1092 3356 1430 3413 EPISTOLA
1472 3355 1679 3412 PRIMA
1720 3354 2131 3414 CONSTANTII
2167 3358 2260 3417 AD
2297 3363 2568 3424 CLEROS
2606 3367 3160 3428 ALEXANDRINOS.

477 3474 663 3531 Victor
693 3474 1061 3540 Constantius,
1097 3473 1381 3539 Maximus,
1412 3473 1705 3544 Augustus,
1728 3471 1995 3543 episcopis
2017 3483 2070 3529 et

651 3568 989 3639 presbyteris
1026 3565 1309 3622 catholica:
1334 3564 1591 3620 Ecclesiae
1612 3607 1624 3631 ,
1645 3566 1893 3620 salutem.

549 3660 668 3716 Non
710 3670 792 3716 est
838 3658 1132 3715 derelictus
1164 3674 1193 3711 a
1226 3658 1317 3713 Dei
1364 3658 1534 3729 gratia
1588 3657 2075 3713 reverendissimus

476 3754 836 3820 Athanasius,
876 3752 1091 3808 tametsi
1122 3753 1187 3807 ad
1231 3754 1395 3808 breve
1438 3762 1649 3822 tempus
1679 3754 1928 3807 humanae
1952 3768 2078 3822 pro-

477 3847 683 3901 bationi
724 3846 1002 3914 subjectus
1050 3844 1258 3901 fuerit:
1300 3845 1504 3915 justum
1545 3844 1689 3900 enim
1733 3845 2081 3915 debitumque

476 3937 587 4008 jam
609 3938 677 3992 ab
704 3938 885 3993 omnia
914 3938 1122 3993 ferente
1150 3946 1204 3992 et
1239 3938 1544 3991 sustinente
1582 3936 1925 3990 Providentia
1966 3938 2079 3991 cal-

480 4028 662 4082 culum
692 4028 896 4093 retulit,
919 4042 986 4083 eo
1014 4027 1156 4098 quod
1182 4035 1236 4081 et
1262 4027 1538 4081 voluntate
1559 4027 1781 4095 Optimi,
1805 4034 1860 4080 ct
1877 4026 2083 4095 judicio

482 4129 705 4185 nostro,
748 4120 978 4190 patriam
1032 4127 1089 4175 et
1136 4118 1455 4183 ecclesiam,
1485 4134 1645 4189 quam
1687 4127 1846 4174 antea
1896 4118 2083 4173 divino

482 4223 616 4267 nutu
646 4213 909 4282 possedit,
935 4211 1160 4283 recipiat
1185 4230 1197 4265 :
1228 4212 1293 4267 ad
1322 4229 1480 4283 quem
1502 4214 1851 4282 congruentia
1883 4212 2025 4267 enim
2053 4228 2083 4267 a

480 4315 663 4362 nostra
696 4305 1033 4360 humanitate
1057 4305 1281 4376 perferri
1314 4314 1566 4375 oportet:
1594 4304 1732 4359 adeo
1764 4314 1822 4358 ut
1863 4305 2043 4359 omnia
2064 4347 2080 4373 ,

483 4418 605 4472 qnze
627 4409 781 4456 antea
804 4411 994 4456 contra
1016 4416 1130 4466 eos,
1154 4398 1243 4470 qui
1271 4414 1391 4454 cum
1424 4414 1491 4455 eo
1522 4399 1959 4454 communionem
1989 4414 2079 4453 ce-

2174 3488 2388 3545 Νικητὴς
2414 3486 2783 3552 Κωνστάντιος,
2836 3489 3108 3561 μέγιστος,
3181 3487 3462 3552 σεϐαστός,
3500 3486 3795 3550 ἐπισκόποις

2242 3640 2245 3647 ν
2356 3582 2439 3633 καί
2464 3580 2835 3655 πρεσϐυτέροις
2872 3588 2963 3639 τῆς
2998 3580 3257 3641 καθολικῆς
3283 3579 3592 3641 ἐκκλησίας.

2251 3673 2357 3725 Ούκ
2385 3674 2654 3743 ἀπελείφθη
2674 3681 2767 3735 τῆς
2788 3679 2877 3728 τοῦ
2916 3680 3144 3749 Χριστοῦ
3180 3676 3403 3750 χάριτος
3440 3672 3466 3728 ὁ
3505 3672 3788 3745 αἰδεσιμώ·

2184 3789 2339 3829 τατος
2387 3768 2662 3829 ἐπίσκοπος
2703 3768 3031 3831 ’Δθανάσιοςο
3092 3769 3215 3823 ἀλλὰ
3262 3772 3304 3824 εἰ
3357 3772 3437 3823 καί
3491 3770 3540 3824 ἐν
3591 3770 3795 3843 βραχεῖ

2187 3860 2364 3932 χρόνῳ
2406 3869 2468 3935 τῇ
2522 3860 2629 3915 κατ’
2676 3862 2975 3938 ἀνθρώπους
3018 3860 3294 3937 δοκιμασίᾳ
3330 3862 3614 3923 ὑπεϐλήθη,
3657 3860 3794 3932 ὅμως

2187 3954 2277 4009 τήν
2300 3951 2613 4022 ὀφειλομένην
2634 3954 2780 4026 παρά
2799 3961 2889 4013 τῆς
2911 3952 3240 4029 παντοφόρον
3266 3956 3503 4026 προνοίας
3524 3954 3794 4026 ύπηνενεγ-

2188 4066 2310 4099 κατο
2366 4044 2560 4119 ψῆφον,
2608 4046 2881 4101 ἀπολαϐών
2926 4049 3169 4119 βουλήσει
3198 4056 3287 4104 τοῦ
3332 4053 3649 4126 Κρείττονος,
3710 4050 3791 4103 καί

2189 4140 2349 4213 κρίσει
2469 4140 2691 4215 ἡμετέρᾳ
2720 4145 2809 4199 τήν
2836 4140 3064 4217 πατρίδα
3098 4141 3224 4213 ὁμοῦ
3260 4144 3345 4197 καὶ
3382 4147 3472 4201 τήν
3506 4142 3793 4204 ἐκκλησίαν,

2191 4229 2247 4291 ἦν
2287 4233 2403 4305 θείῳ
2444 4234 2659 4304 νεύματι
2707 4237 3009 4310 προστάτης
3057 4238 3339 4311 ἐτύγχανε,
3374 4235 3543 4307 τούτῳ
3582 4238 3649 4291 τά
3678 4234 3794 4289 ἀκό-

2189 4324 2347 4379 λουθα
2377 4323 2480 4380 ἔδει
2506 4327 2649 4403 παρά
2675 4334 2767 4387 τῆς
2796 4329 3043 4406 ἡμετέρας
3068 4329 3301 4406 ύπᾶρξαι
3324 4328 3634 4405 πρᾳότητος·
3661 4329 3792 4382 ὥστε

2185 4417 2358 4471 πάντα
2398 4419 2463 4472 τά
2508 4419 2610 4490 πρὸ
2658 4419 2845 4473 τούτου
2892 4421 3022 4475 κατά
3049 4429 3148 4475 τῶν
3185 4424 3349 4475 αὐτῶν
3376 4420 3796 4481 κεκοινωνηκότων

484 4495 791 4562 lebrarunt,
818 4493 1033 4552 decreta
1068 4495 1217 4550 fuere
1238 4536 1253 4563 ,
1285 4494 1543 4550 oblivioni
1576 4494 1715 4549 tradi
1743 4493 1939 4559 velim;
1964 4508 2079 4549 om—

2189 4512 2448 4587 ὡρισμένα
2476 4518 2586 4576 νῦν,
2611 4515 2869 4590 ἀμνηστία
2896 4513 3345 4593 παραδοθήσεται,
3382 4518 3554 4572 πᾶσάν
3587 4538 3641 4571 τε
3667 4517 3794 4571 ύπο-

484 4590 675 4659 nisque
715 4590 972 4662 deinceps
1003 4592 1240 4661 suspicio
1285 4599 1471 4645 contra
1526 4588 1845 4653 aboleatur;
1880 4598 1934 4642 et
1984 4587 2086 4642 im-

486 4684 745 4746 munitas,
769 4700 927 4750 quam
953 4684 1078 4738 olim
1106 4683 1343 4737 habuere
1372 4683 1543 4750 ipsius
1564 4681 1773 4743 clerici,
1800 4681 1953 4735 firma
1980 4682 2086 4736 illis

485 4784 541 4826 et
563 4781 676 4825 rata
702 4773 885 4844 (prout
911 4774 1090 4843 decet)
1106 4784 1478 4829 conservetur.
1507 4772 1646 4840 Quin
1673 4780 1727 4832 et
1748 4771 1849 4829 hoc
1871 4788 2086 4844 quoque

489 4864 609 4933 ejus
649 4865 819 4933 gratia
852 4866 1043 4934 adjici,
1078 4881 1289 4935 aequum
1316 4865 1562 4920 arbitrati
1593 4880 1810 4931 sumus,
1846 4876 1901 4921 ut
1945 4867 2085 4937 apud

490 4960 776 5014 universos
824 4959 961 5013 sacri
1003 4957 1208 5012 ordinis
1248 4958 1393 5013 viros
1442 4959 1843 5030 promulgctur,
1877 4960 2086 5015 cunctis

487 5054 577 5126 qui
621 5053 919 5109 Athanasio
966 5051 1245 5108 adltzesere
1301 5054 1481 5108 datam
1530 5068 1653 5109 esse
1699 5055 2084 5121 securitatem,

486 5148 602 5202 sive
632 5146 874 5217 episc0pi
895 5188 907 5209 ,
942 5145 1055 5200 sive
1086 5144 1270 5199 clerici
1300 5146 1427 5200 sint.
1479 5146 1710 5201 Abunde
1741 5150 1882 5200 cnim
1926 5161 2087 5217 argu-

490 5240 656 5296 ιιιιιιιιὶ
685 5241 820 5307 erit,
856 5255 1291 5311 unumquemque
1321 5255 1509 5294 eorum
1542 5240 1691 5309 probi
1723 5240 1887 5294 animi
1932 5256 2085 5307 esse,

490 5333 574 5386 vel
626 5348 692 5388 eo
731 5334 847 5389 Solo
898 5334 1039 5405 quod
1096 5332 1394 5388 Athanasio
1418 5333 1715 5387 consociati
1759 5334 1929 5388 fuere.
1961 5334 2089 5402 Qui-

490 5441 723 5498 cumque
772 5428 916 5483 euim
963 5428 1172 5482 meliori
1220 5436 1276 5482 et
1306 5425 1516 5497 judicio
1547 5434 1603 5481 et
1647 5425 1883 5481 factione
1931 5430 2092 5499 hujus

492 5523 928 5576 communionem
984 5523 1296 5592 elegerunt,
1338 5522 1437 5577 hos
1486 5535 1676 5578 omnes
1717 5522 1981 5592 jussimus
2022 5523 2091 5579 ad

493 5619 776 5686 exemplar
792 5621 1091 5691 superioris
1129 5622 1523 5689 Providentiae,
1558 5633 1612 5680 et
1638 5624 1932 5681 secundum
1964 5639 2093 5681 nos-

496 5714 637 5760 tram
670 5710 1113 5781 voluntatem,ut
1138 5716 1310 5785 gratia
1360 5716 1429 5771 ab
1476 5717 1682 5788 optimo
1735 5718 1845 5775 Deo
1893 5718 2091 5775 tributa

495 5797 766 5854 securiter
793 5799 1159 5870 perfruantur.
1189 5805 1332 5865 Deus
1363 5823 1461 5867 vos
1488 5822 1687 5869 servet.

2189 4602 2312 4667 ψίαν
2336 4610 2425 4659 τοῦ
2457 4604 2567 4659 κατ’
2595 4607 2757 4660 αύτοῦ
2785 4608 3015 4678 κολάσαι
3038 4614 3131 4665 τοῦ
3157 4610 3338 4665 λοιποῦ
3371 4614 3463 4669 τήν
3486 4632 3539 4664 τε
3568 4609 3796 4665 άτελείαν

2191 4692 2248 4755 ἧς
2278 4694 2472 4767 ἔτυχον
2508 4698 2665 4753 πάλαι
2692 4699 2738 4752 οἱ
2770 4698 2880 4771 ἅμα
2915 4703 3053 4775 αὐτῷ
3090 4702 3338 4779 κληρικοί,
3377 4704 3581 4764 τούτοις
3619 4702 3672 4758 δέ

2193 4787 2467 4848 ϐαιωθῆναι
2495 4792 2891 4866 προσηκόντως’
2923 4794 3051 4849 ἀλλά
3079 4801 3179 4866 μήν
3199 4800 3283 4851 καί
3308 4802 3461 4852 τοῦτο
3491 4805 3553 4871 τῇ
3584 4798 3657 4856 εἰς
3686 4798 3798 4850 αύ-

2190 4881 2273 4935 τόν
2298 4882 2481 4956 χάριτι
2508 4887 2846 4958 προστεθῆναι
2877 4883 3249 4958 ἐδικαιὼσαμεν
3284 4889 3417 4944 ὥστε
3444 4892 3645 4947 πάντας
3674 4889 3798 4947 τούς

2188 4980 2280 5027 τοῦ
2332 4975 2470 5049 ἱεροῦ
2516 4977 2801 5050 καταλόγου
2847 4981 3108 5049 γινώσκειν
3158 4978 3451 5036 ἐκδεδόσθαι
3497 4982 3555 5035 τὸ
3604 4977 3794 5056 ἄφοϐον

2190 5071 2323 5123 πᾶσι
2349 5074 2461 5127 τοῖς
2496 5070 2629 5138 αὐτῷ
2676 5072 3132 5144 προστεθεμένοις,
3182 5070 3280 5127 εἴτε
3328 5074 3649 5133 ἐπισκόποις.
3692 5071 3791 5129 εἴτε

2194 5158 2471 5235 κληρίκοις·
2503 5162 2666 5217 ίκανον
2696 5160 2749 5216 δέ
2776 5166 3044 5237 γνώρισμα
3070 5172 3163 5225 τῆς
3188 5165 3405 5223 ἑκάστου
3437 5167 3587 5241 ὀρθῆς
3612 5187 3791 5243 προαι-

2193 5257 2403 5329 ρέσεως,
2430 5256 2578 5313 ἔσται
2604 5260 2633 5316 ή
2667 5258 2803 5335 πρὸς
2832 5266 3016 5316 τοῦτον
3061 5262 3274 5323 ἓνωσις⁸
3318 5260 3435 5317 ὅσοι
3470 5263 3569 5333 γάρ
3604 5256 3665 5316 ἀν
3702 5270 3795 5322 τῆς

2194 5350 2447 5409 καλλίονος
2479 5349 2605 5422 ὁμοῦ
2629 5352 2843 5427 κρίσεώς
2869 5372 2922 5408 τε
2953 5356 3038 5407 καί
3065 5356 3249 5429 μοίρας
3275 5356 3527 5426 γενόμενοι
3555 5359 3647 5413 τήν
3675 5354 3795 5408 τού-

2192 5464 2285 5498 του
2335 5444 2545 5500 ἕλωνται
2596 5448 2893 5512 κοινωνίαν,
2943 5449 3164 5507 τούτους
3210 5449 3410 5509 πάντας
3457 5449 3793 5520 ἐκελεύσαμεν

2196 5534 2303 5591 καθ’
2328 5535 2605 5608 ὁμοιότητα
2632 5546 2725 5599 τῆς
2764 5540 3052 5612 φθανούσης
3086 5542 3363 5617 προνοίας,
3390 5544 3475 5596 καί
3502 5547 3591 5595 νῦν
3622 5549 3683 5617 τῇ
3713 5538 3796 5612 ὑφ’

2181 5630 2337 5701 ,ὑμῶν
2364 5632 2634 5704 βουλήσει,
2678 5640 2768 5690 τοῦ
2792 5635 3085 5712 κρείττονος
3119 5636 3545 5711 παρασχεθιίσης
3576 5636 3798 5709 χάριτος

2195 5725 2489 5783 ἀπολαύειν.
