4194 6184
483 215 582 274 56!

986 216 1414 276 MONUMENTA
1458 217 1743 275 VETERA
1782 218 1876 275 AD
1912 217 2321 278 ARIANORUM
2364 222 2759 284 DOCTRINAM
2786 228 3272 292 PERTINENTIA.

3682 230 3791 289 562

1378 331 1713 389 EPISTULA
1754 332 2074 390 SECUNDA
2114 332 2425 392 EIUSDEM
2464 336 2557 393 AD
2598 338 2891 398 EOSDEM.

482 426 666 483 Victor
706 425 1097 491 Constantius,
1155 426 1454 492 Maximus,
1500 429 1811 498 Augustus,
1874 426 2074 499 populo

2176 436 2393 492 Νικητὴς
2434 436 2802 501 Κωνστάντιος,
2854 439 3120 511 μέγιστος,
3150 438 3437 504 σεϐαστός,
3470 445 3543 509 τῷ
3570 438 3676 513 λαῷ
3696 448 3803 504 τῆς

659 519 1007 576 Alexandria:
1024 518 1307 576 catholicae
1337 521 1580 577 ecclesiae
1601 564 1615 587 ,
1646 522 1899 577 salutem.

546 618 683 674 Cum
710 626 834 673 ante
861 616 1049 673 oculos
1094 616 1389 673 habeamus
1434 626 1670 673 vestram
1721 616 1775 671 in
1826 616 2079 672 omnibus

474 712 838 783 disciplinam,
860 720 915 767 et
942 726 1284 781 nequaquam
1315 711 1467 766 inscii
1500 712 1670 766 simus
1720 724 1816 764 vos
1836 708 1946 779 jam
1971 709 2079 779 pri-

474 806 599 861 dem
646 804 945 876 episcopali
992 802 1333 874 providentia
1374 803 1694 868 dcstitutos,
1734 800 2077 856 decrevimus

474 898 831 955 Athanasium
878 897 1226 969 episcopum,
1256 897 1432 952 vitum
1481 896 1619 967 apud
1638 910 1828 952 omnes
1854 897 2075 952 rectitu-

471 992 603 1047 dine
648 1005 972 1061 morumque
995 990 1265 1061 probitate
1297 990 1500 1044 clarum
1519 1031 1534 1054 ,
1559 989 1625 1043 ad
1650 1003 1745 1042 vos
1773 988 2069 1043 remittere.

473 1086 625 1141 Hunc
648 1086 809 1156 igitur
842 1086 887 1139 si
918 1084 1147 1139 libenter
1176 1094 1231 1140 et
1254 1083 1512 1139 decenter
1542 1082 1855 1153 receperitis
1876 1125 1889 1147 ,
1922 1097 2068 1136 eum-

468 1195 580 1250 que
606 1178 673 1233 ad
709 1178 876 1234 Deum
906 1176 1038 1233 fusis
1070 1179 1321 1249 precibus
1343 1177 1728 1249 opitulatorem
1761 1175 2073 1230 adhibueri-

471 1276 571 1341 tis,
620 1272 969 1329 concordiam
1003 1282 1058 1328 et
1095 1272 1248 1329 vobis
1270 1271 1525 1327 decoram
1558 1282 1610 1325 ct
1636 1268 1790 1325 nobis
1820 1269 2069 1341 gratissi-

470 1384 612 1427 mam
656 1369 814 1424 simul
847 1383 1142 1440 pacemque
1184 1378 1501 1439 perpetuam
1534 1377 1588 1423 et
1613 1365 1863 1421 ecclesia:
1894 1364 2067 1434 legem

467 1461 883 1519 conservabitis.
906 1460 1212 1521 Absurdum
1234 1461 1379 1517 enim
1410 1468 1495 1514 est
1517 1457 1844 1513 discordiam
1869 1464 1963 1512 aut
1992 1471 2072 1511 sc-

470 1556 730 1612 ditionem
763 1555 905 1609 inter
937 1568 1037 1610 vos
1063 1552 1278 1624 agitari,
1305 1562 1357 1607 et
1386 1552 1621 1607 alienum
1654 1550 1757 1605 hoc
1788 1550 1962 1619 ipsum
1986 1557 2071 1603 est

469 1660 831 1704 anostrorum
880 1657 1187 1717 temporum
1244 1645 1571 1716 integritate.
1618 1643 1877 1698 Volumus
1908 1642 2067 1710 igitur

468 1751 523 1797 ct
551 1742 653 1797 hoc
682 1741 868 1796 vitium
903 1755 1127 1811 prorsus
1156 1756 1186 1794 a
1212 1739 1366 1815 vobis
1410 1739 1625 1805 abesse,
1650 1747 1703 1792 et
1732 1752 1828 1792 vos
1859 1737 1912 1791 in
1946 1749 2066 1791 ves.

2402 525 2517 580 κατ’
2547 525 2921 606 Ἀλεξάνδρειαν
2951 530 3211 592 καθολικὴς
3244 532 3538 593 ἐκκλησίας’

2256 617 2444 672 Σκόπον
2471 622 2765 693 ποιούμενοι
2790 628 2881 682 τὴν
2917 624 3160 695 ὑμετέραν
3198 626 3247 677 ἐν
3284 622 3478 680 ἅπασιν
3516 626 3787 697 εὐνομίαν,

2185 708 2374 771 εἰδότες
2402 733 2456 765 τε
2482 715 2550 772 ὡς
2580 715 2793 769 ἐπιπολύ
2841 724 2934 775 τῆς
2980 723 3071 772 τοῦ
3107 719 3511 777 ὲπισκοποῦντος
3540 721 3787 794 προνοίας

2183 802 2508 878 ἐστερῆσθαι,
2542 804 2831 862 Ἀθανάσιον
2855 809 2939 863 τόν
2984 810 3276 873 ἐπίσκοπον,
3300 807 3463 887 ἄνδρα
3490 819 3604 871 τοῖς
3628 818 3783 880 πᾶσι,

2182 894 2263 951 διά
2292 917 2346 950 τε
2384 902 2474 955 τήν
2516 906 2819 973 προσοῦσαν
2861 902 3139 976 ὀρθότητα,
3190 907 3275 957 καὶ
3333 902 3416 958 διὰ
3464 911 3555 963 τὴν
3605 908 3788 961 οἰκείαν

2181 991 2456 1059 εὐτροπίαν
2499 994 2773 1067 γνώριμον,
2820 994 2970 1049 πάλιν
3012 996 3142 1070 πρός
3178 996 3315 1066 ὑμᾶς
3352 996 3658 1051 ἀποστεῖλαι
3688 997 3788 1053 ἐδι-

2181 1084 2496 1154 καιὼσαμεν·
2545 1090 2729 1139 τοῦτον
2770 1089 2994 1147 συνήθως
3030 1090 3113 1141 καὶ
3142 1088 3502 1161 προσηκόντως
3534 1088 3784 1154 ὑποδεξά-

2178 1197 2339 1248 μενοι,
2366 1180 2449 1231 καὶ
2476 1185 2590 1239 ταῖς
2611 1181 2744 1255 πρός
2774 1181 2861 1234 τόν
2888 1181 3008 1235 Θεὸν
3039 1182 3228 1252 εὐχαῖς
3264 1182 3444 1251 βοηθὸν
3480 1185 3784 1254 προστησά-

2178 1292 2317 1343 μενοι
2334 1313 2346 1335 ,
2376 1277 2468 1331 τὴν
2498 1273 2623 1344 ὑμῖν
2643 1295 2699 1329 τε
2722 1275 3031 1349 πρέπουσαν
3051 1277 3134 1329 καί
3155 1276 3270 1346 ἡμῖν
3297 1276 3519 1349 ἁρεστὴν
3552 1274 3782 1346 ὁμόνοιαν

2175 1368 2259 1417 καὶ
2294 1368 2490 1439 εἰρήνην
2538 1366 2668 1419 κατὰ
2702 1366 2787 1419 τὸν
2820 1374 2911 1425 τῆς
2946 1366 3205 1427 ἐκκλησίας
3244 1366 3426 1438 θεσμὸν
3473 1364 3661 1441 δίαρκῆ
3697 1390 3785 1440 φυ-

2173 1457 2380 1512 λαττέον
2430 1455 2790 1513 σπουδάσατε.
2842 1457 2952 1513 οὐδέ
3000 1461 3098 1535 γάρ
3144 1458 3343 1533 εὔλογόν
3370 1462 3481 1515 ἐστι
3516 1458 3783 1531 διχόνοιάν

2173 1574 2287 1607 τινα
2314 1551 2343 1610 ἡ
2372 1554 2557 1607 στάσιν
2596 1554 2645 1606 ἐν
2693 1553 2817 1623 ὑμῖν
2860 1553 3143 1614 κινηθῆναι,
3192 1554 3495 1609 ὑπεναντίαν
3546 1562 3637 1615 τῆς
3679 1562 3781 1609 τῶν

2174 1646 2428 1721 ἡμετέρων
2468 1648 2656 1721 καίρων
2692 1647 2976 1721 εὐμοιρίας·
3028 1651 3113 1701 καί
3151 1654 3304 1702 τοῦτο
3334 1650 3423 1719 μὲν
3454 1650 3666 1704 ἀπεῖναι
3698 1648 3783 1719 ἀφ’

2172 1740 2315 1810 ὑμῶν
2355 1739 2616 1800 παντελῶς
2656 1739 2952 1811 βουλόμεθα·
2986 1738 3123 1794 τόδὲ
3155 1762 3211 1811 γε
3253 1748 3367 1800 ταῖς
3416 1741 3598 1813 εὐχαῖς
3640 1742 3781 1813 ὑμᾶς

468 1834 565 1888 tris
595 1833 851 1905 precibus
881 1833 1149 1903 perpetim
1176 1831 1266 1887 illo
1299 1832 1380 1903 (ut
1402 1829 1559 1901 dixi),
1586 1828 1821 1901 prteside
1855 1838 1908 1883 ct
1942 1830 2062 1899 opi-

2172 1830 2390 1908 διαρκῶς
2432 1835 2598 1903 αὐτῷ,
2641 1834 2708 1894 ὡς
2742 1835 3063 1909 προείρηται,
3101 1836 3373 1909 προστάτῃ
3407 1838 3491 1889 καὶ
3520 1832 3778 1912 ἐπικουρῳ

467 1925 699 1981 lulatore
729 1924 870 1996 apud
904 1925 1072 1979 Deum
1100 1924 1206 1991 uti,
1232 1935 1286 1979 et
1319 1924 1370 1978 in
1403 1938 1470 1978 eo
1510 1923 1689 1977 studio
1716 1922 1875 1977 solito
1914 1935 2064 1977 more

464 2019 801 2089 perseverari
824 2034 839 2084 ;
865 2026 921 2073 ut
945 2018 1038 2072 tali
1062 2017 1359 2088 proposito,
1385 2027 1567 2072 vestro
1587 2016 1826 2070 omnium
1859 2029 1953 2070 ore
1976 2029 2065 2070 ce-

465 2110 698 2177 lebrato,
724 2110 990 2177 Gentiles,
1024 2111 1114 2182 qui
1147 2111 1443 2165 etiamnum
1478 2109 1743 2165 idolorum
1782 2109 2062 2165 erroribus

461 2202 762 2270 inhaerent,
788 2204 853 2258 ad
881 2219 1050 2260 sacrae
1077 2203 1355 2275 religionis
1378 2204 1740 2275 cognitionem
1770 2201 2062 2274 promptis-

455 2299 591 2355 sime
620 2298 935 2354 decurrant.

535 2391 702 2463 Rogat
740 2391 934 2461 διιεεὶρὶ
990 2391 1349 2446 Athanasium.
1380 2421 1448 2431 —
1490 2390 1836 2461 Quapropter
1880 2388 2061 2444 denuo

454 2498 553 2539 vos
571 2483 950 2551 admonemus,
967 2492 1023 2539 ut
1050 2484 1422 2555 superioribus
1445 2484 1604 2539 dictis
1624 2482 2055 2554 acquiesceutes,

454 2580 769 2650 episcopum
801 2579 1058 2651 suffragio
1079 2581 1300 2652 Optimi,
1324 2588 1380 2637 et
1406 2589 1593 2637 nostra
1623 2581 1923 2646 voluntate,
1954 2579 2059 2633 huc

454 2673 765 2741 remissum,
797 2673 1030 2728 libenter
1058 2675 1405 2745 suscipiatis,
1452 2688 1685 2745 eumque
1744 2674 1811 2728 ab
1862 2672 2057 2727 animis

454 2766 853 2836 sententiisque
896 2766 1090 2822 vestris
1119 2767 1549 2823 indissolubilem
1575 2764 1804 2837 putetis:
1829 2765 1880 2819 id
1912 2766 2054 2821 enim

462 2872 556 2912 vos
587 2858 764 2925 decet,
796 2866 852 2914 et
907 2870 1107 2915 nostra:
1160 2861 1558 2917 mansuetudini
1614 2876 1909 2933 congruum
1948 2870 2050 2914 est.

455 2950 536 3005 Ad
588 2966 804 3005 omnem
860 2950 1130 3023 siquidem
1187 2952 1617 3008 conturbationis
1672 2962 1727 3007 et
1771 2951 2054 3007 seditionis

457 3048 736 3105 materiam
757 3050 1298 3121 exstirpandam,qua
1320 3050 1499 3121 cupidi
1528 3049 1791 3105 malorum
1822 3048 2055 3105 libenter

456 3153 698 3211 utuntur,
731 3145 931 3199 nostris
962 3143 1104 3214 apud
1132 3159 1229 3200 vos
1284 3144 1555 3213 iudicibus
1587 3158 1681 3212 per
1735 3143 1942 3197 litteras
1971 3140 2054 3196 in-

451 3234 753 3306 junximus,
784 3244 862 3302 ut,
893 3244 1160 3307 quotquot
1182 3235 1472 3291 seditiosos
1504 3235 1833 3301 invenerint,
1876 3232 2051 3304 poenis
2078 3228 2122 3290 C

453 3331 841 3402 suppliciisque
889 3331 1066 3401 legum
1114 3339 1420 3386 coerceant.
1479 3330 1670 3385 Omnia
1741 3327 1903 3399 igitur
1952 3328 2052 3382 ista

454 3439 564 3495 prm
595 3424 768 3479 oculis
819 3424 1114 3489 habentes,
1164 3433 1220 3479 et
1260 3434 1499 3479 nostram
1542 3437 1663 3478 cum
1707 3423 1912 3492 Optimo
1941 3421 2053 3475 Deo

453 3516 801 3586 conjunctam
832 3517 1179 3584 sententiam,
1215 3532 1508 3585 curamque
1549 3524 1784 3571 vestram
1813 3515 1969 3568 simul
1999 3524 2054 3570 et

453 3610 779 3674 concordiae,
813 3625 1135 3681 poenamque
1165 3611 1215 3663 in
1272 3610 1628 3664 immodestos
1678 3610 2048 3675 constitutam,

451 3716 688 3773 congrua
747 3704 1104 3774 decentiaque
1150 3717 1319 3757 sacra:
1362 3702 1637 3774 religionis
1687 3703 1895 3773 legibus
1926 3718 2043 3759 ser-

452 3804 661 3859 vantes,
690 3794 1002 3863 prtedictum
1034 3795 1391 3850 Athanasium
1434 3812 1555 3851 cum
1602 3798 1745 3852 omni
1790 3812 2047 3851 reveren-

453 3890 522 3943 tia
554 3898 611 3944 et
654 3890 861 3945 honore
900 3890 1083 3958 colite,
1129 3901 1445 3963 vestrasque
1496 3907 1686 3962 preces
1734 3908 1854 3946 cum
1887 3907 1953 3946 eo
1996 3900 2050 3947 et

452 3996 549 4051 pro
584 3992 763 4037 nostra
792 3992 846 4038 et
876 3998 974 4052 pro
998 3985 1258 4053 cujusque
1289 3985 1414 4038 vita:
1461 3984 1750 4039 sanctitate
1778 3986 1887 4040 Deo
1928 4000 2046 4039 om-

452 4073 601 4128 nium
634 4075 846 4146 parenti
878 4072 1089 4131 oﬂ'erte.

2173 1926 2484 2001 χρωμένοις,
2517 1925 2649 1998 πρὸς
2678 1926 2737 1979 τὸ
2758 1926 2887 1979 θεῖον
2914 1926 3140 1996 ἐμμένειν
3174 1927 3407 1985 συνήθως
3432 1932 3778 1998 παραινοῦμεν

2170 2020 2237 2077 ὡς
2266 2013 2325 2070 ἂν
2350 2024 2443 2076 τῆς
2464 2018 2706 2076 τοιαύτης
2750 2018 2891 2089 ὑμῶν
2936 2017 3261 2091 προσθέσεως
3297 2018 3368 2077 εἰς
3406 2019 3499 2077 τὰς
3536 2016 3777 2073 ἁπάντων

2167 2110 2333 2180 εὐχάς
2387 2109 2754 2173 διαϐαινούσης
2771 2150 2784 2174 ,
2821 2113 2907 2163 καί
2933 2111 2985 2164 ἐκ
3008 2118 3109 2164 τῶν
3134 2111 3302 2173 ὲθνῶν,
3335 2110 3380 2164 οἳ
3406 2119 3469 2186 τῇ
3498 2118 3597 2168 τῶν
3627 2112 3773 2168 εἰδὼ-

2167 2202 2263 2256 λων
2294 2202 2456 2275 πλανῇ
2484 2202 2560 2258 ἔτι
2588 2205 2674 2257 καὶ
2702 2210 2789 2257 νῦν
2819 2204 3227 2280 προανέχοντες,
3265 2206 3349 2259 ἐπὶ
3372 2209 3462 2263 τὴν
3500 2213 3591 2266 τῆς
3629 2206 3773 2281 ἱερᾶς

2164 2300 2431 2369 θρησκείας
2465 2300 2765 2371 ἐπίγνωσιν,
2804 2297 3169 2373 προθυμότατα
3204 2296 3475 2353 σπούδοιεν
3496 2340 3510 2361 ,
3549 2296 3770 2365 Ἀλέξαν-

2168 2388 2306 2467 δρεῖς
2335 2390 2786 2462 προσφιλέστατοι.

2234 2486 2324 2537 Καὶ
2351 2476 2491 2543 αὖθις
2523 2477 2611 2536 οὖν
2642 2489 3024 2560 παραινοῦμεν,
3058 2490 3167 2542 τοῖς
3197 2484 3582 2559 προειρημένοις
3616 2485 3767 2557 ἐμμέ-

2162 2598 2281 2641 νειν,
2315 2576 2401 2631 τόν
2428 2573 2481 2630 δὲ
2511 2576 2805 2643 ἐπίσκοπον,
2822 2574 2971 2646 ψήφῳ
2994 2581 3086 2629 τοῦ
3109 2578 3518 2652 Κρείττονος,καί
3546 2578 3767 2654 ἡμετέρα

2161 2672 2334 2743 γνώμη
2360 2667 2759 2737 ἀπεσταλμένον,
2794 2665 2951 2727 ἡδέως
2974 2665 3199 2730 δέξασθε,
3225 2668 3397 2728 πάσης·
3426 2668 3610 2739 ψυχῆς
3630 2672 3766 2741 γνὼ-

2161 2787 2232 2839 μη
2254 2762 2526 2818 ἀσπαστὸν
2554 2762 2816 2834 ἡγήσασθε
2835 2776 2848 2790 ⁸
2882 2766 3034 2816 τοῦτο
3059 2762 3156 2838 γὰρ
3178 2764 3259 2814 καί
3288 2762 3406 2833 ὑμῖν
3430 2764 3647 2839 πρέπει,
3681 2767 3767 2817 καί

2158 2866 2221 2933 τῇ
2254 2858 2477 2931 ἡμετέρᾳ
2505 2856 2762 2932 πρᾳότητι
2795 2858 3068 2930 προσήκειν
3109 2856 3443 2912 συνέστηκεν·
3486 2855 3618 2931 ὑπὲρ
3656 2858 3757 2928 γάρ

2158 2956 2248 3005 τοῦ
2298 2956 2475 3005 πᾶσαν
2522 2949 2833 3013 άνασκεύην,
2884 2950 2969 3002 καί
2997 2950 3235 3009 στάσεως
3264 2949 3515 3022 πρόφασιν
3552 2970 3758 3025 περιαι-

2156 3049 2397 3122 ρεσθῆναι
2422 3052 2522 3101 τῶν
2549 3044 2833 3118 ἓθελοκακία
2863 3044 3164 3116 χρωμένων,
3191 3052 3299 3104 τοῖς
3319 3044 3439 3120 παρ’
3472 3044 3591 3115 ὑμῖν
3620 3042 3763 3100 δικα-

2160 3147 2308 3199 σταῖς
2353 3136 2436 3194 διὰ
2485 3138 2802 3211 γραμμάτων
2848 3138 3233 3210 προσετάξαμεν
3278 3135 3535 3201 ἅπαντας,
3582 3136 3674 3197 οὓς
3700 3133 3761 3192 ἂν

2158 3235 2463 3298 στασιώδεις
2498 3234 2835 3307 καταμάθοιεν
2870 3241 2932 3308 τῇ
2966 3240 3065 3287 τῶν
3100 3232 3259 3303 νόμων
3290 3232 3594 3286 ὑποϐάλλειν
3625 3230 3759 3285 ἐκδι-

2156 3337 2268 3407 κίᾳ.
2318 3331 2798 3406 άμφότερα’τοίνυν
2852 3334 3189 3402 συνορῶντες,
3239 3328 3324 3379 καί
3372 3329 3461 3383 τὴν
3507 3326 3758 3401 ἡμετέραν

2159 3425 2287 3478 αετά
2312 3429 2403 3478 τοῦ
2435 3424 2722 3498 κρείττονος
2752 3422 2973 3493 γνώμην,
3006 3420 3209 3472 καὶτῶν
3228 3417 3360 3493 ὑπὲρ
3389 3417 3529 3488 ὑμῶν
3558 3421 3757 3480 καὶτῆς

2156 3516 2389 3599 ὁμονοίας
2419 3513 2565 3585 λόγον
2581 3554 2595 3580 ,
2640 3517 2723 3568 καί
2747 3517 2837 3571 τὴν
2869 3514 2999 3567 κατὰ
3020 3518 3119 3568 τῶν
3140 3509 3372 3566 ἀτάκτων
3401 3516 3666 3587 τιμωρίαν,
3692 3514 3757 3567 τά

2155 3613 2422 3689 πρέποντα
2445 3612 2530 3662 καί
2558 3605 2848 3682 ἁρμόζοντα
2869 3614 2941 3676 τῷ
2975 3615 3065 3665 τῆς
3096 3606 3235 3683 ίερᾶς
3262 3606 3537 3681 θρησκείας
3583 3608 3753 3677 θεσμῷ

2156 3701 2572 3775 διαφυλάττοντες
2593 3741 2607 3765 ,
2649 3701 2733 3753 καί
2759 3699 2844 3753 τόν
2880 3698 3241 3772 προειρημένον
3267 3695 3350 3751 διὰ
3377 3699 3549 3757 πάσης
3578 3696 3755 3757 αἰδοῦς

2156 3798 2242 3850 καί
2266 3799 2416 3867 τίμης
2443 3790 2670 3867 ἄγοντες,
2702 3793 2796 3851 τὰς
2823 3792 2988 3860 εὐχάς
3020 3790 3127 3860 ἅμα
3151 3792 3290 3860 αὐτῷ
3319 3790 3451 3864 ὺπέρ
3474 3810 3528 3843 τε
3557 3790 3753 3843 ἑαυτῶν

2154 3890 2238 3941 καὶ
2265 3894 2356 3946 τῆς
2377 3890 2467 3940 τοῦ
2500 3885 2615 3955 βίου
2644 3884 2837 3943 εὐνοίας
2858 3888 2958 3935 τῶν
2978 3879 3104 3935 ὅλων
3128 3889 3238 3954 Θεῷ
3264 3884 3423 3956 πατρὶ
3442 3883 3753 3951 ἀναπέμπειν

2156 3980 2471 4045 σπουδάζετε
2482 4020 2495 4033 .

1482 4168 1815 4226 EPISTOLA
1855 4170 2162 4227 EJUSDEM
2204 4170 2293 4226 AD
2330 4165 2751 4225 NESTORIUM.

452 4301 636 4358 Victor
692 4299 1038 4358 Constantius
1092 4304 1362 4372 Augustus
1414 4301 1691 4369 Nestorio,
1757 4311 1811 4357 et
1857 4302 2047 4357 eadem

522 4397 693 4452 forma
748 4397 1214 4467 Augusmmnicae,
1244 4394 1534 4452 Thebaidis
1557 4438 1571 4463 ,
1601 4407 1654 4452 et
1681 4396 1871 4453 Africae
1912 4412 2049 4467 pra:-

522 4486 697 4546 fec'tis.

522 4586 578 4641 Si
608 4585 734 4656 quid
762 4601 996 4656 unquam
1026 4586 1091 4642 ad
1112 4602 1306 4642 noxam
1324 4586 1779 4643 contumeliamve
1830 4600 2042 4651 eorum,

451 4681 541 4749 qui
575 4679 872 4735 Athanasio
902 4682 1371 4736 communicarunt
1395 4723 1409 4747 ,
1444 4680 1720 4736 decretum
1749 4679 2042 4747 invenitur,

455 4772 506 4827 id
559 4772 779 4827 omnino
826 4771 996 4828 deleri
1046 4773 1317 4827 volumus.
1353 4772 1485 4828 Nam
1522 4780 1579 4828 et
1617 4772 1853 4828 ofﬁcium
1905 4773 2046 4842 quod

454 4876 609 4920 antea
642 4865 946 4921 habuerunt
975 4866 1092 4935 ejus
1123 4866 1329 4931 clerici,
1361 4867 1557 4921 iterum
1595 4865 1813 4921 eosdem
1848 4865 2049 4921 habere

453 4959 722 5013 volumus.
760 4959 873 5014 Hoc
927 4960 1071 5014 enim
1125 4960 1403 5015 decretum
1457 4959 1733 5014 observari
1771 4958 2044 5028 jubemus,

454 5059 511 5104 ut
542 5050 791 5105 restituto
811 5050 1109 5106 Athanasio
1130 5066 1240 5106 suae
1266 5050 1534 5116 ecclesitn,
1560 5052 2049 5106 communicatores

452 5142 597 5197 illius
628 5144 768 5197 idem
800 5143 1036 5198 habeant
1057 5143 1293 5199 ofﬁcium
1318 5142 1460 5214 quod
1484 5152 1639 5198 antea
1667 5143 2046 5213 possederunt,

452 5250 559 5306 quo
583 5245 637 5291 et
669 5236 767 5306 ipsi
799 5250 860 5293 se
888 5236 1159 5307 gaudeant
1186 5249 1406 5307 prorsus
1436 5236 1720 5292 restitutos
1770 5252 1911 5293 esse.

2158 4306 2372 4362 Νικητής
2398 4303 2743 4359 Κωνστάντιος
2763 4296 3071 4373 Ἀὔγουστος
3100 4302 3376 4375 Νεστορίῳ,
3416 4307 3491 4373 τῷ
3523 4298 3575 4355 δὲ
3611 4301 3755 4355 αὐτῶ

2225 4396 2375 4464 τύπῳ
2401 4395 2620 4451 καὶτοῖς
2675 4389 3212 4463 ἐν”Δυγουσταμνίκη,
3235 4394 3318 4445 καί
3378 4389 3617 4456 Θηϐαΐδι,
3671 4394 3756 4446 καί

2224 4488 2388 4559 Λιϐύῃ
2419 4485 2681 4558 ἡγεμόσιν.

2222 4578 2287 4635 Εἴ
2308 4581 2359 4635 τί
2410 4598 2534 4634 ποτε
2593 4578 2695 4655 πρὸ
2744 4579 2953 4643 τούτου,
3009 4580 3094 4633 ἐπὶ
3140 4579 3305 4653 βλάϐῃ
3346 4581 3429 4635 καί
3471 4580 3618 4657 ὕϐρει
3653 4588 3753 4637 τῶν

2153 4673 2521 4729 κοινωνούντων
2544 4670 2816 4743 ’Δθανασίῳ
2841 4680 2915 4745 τῷ
2948 4672 3215 4743 ἐπισκόπῳ
3246 4673 3484 4749 πραχθέν
3523 4674 3752 4748 εὑρίσκε-

2152 4789 2259 4830 ται,
2310 4771 2460 4822 τοῦτο
2508 4773 2596 4820 νῦν
2624 4765 2979 4838 ἀπολειφθῆναι
3025 4766 3310 4837 βουλόμεθα
3334 4806 3348 4831 ,
3398 4770 3482 4822 καὶ
3532 4769 3630 4841 γάρ
3669 4772 3760 4828 τήν

2156 4858 2577 4933 ἀλειτουργησίαν
2612 4858 2671 4917 ἡν
2716 4858 2763 4912 οί
2816 4860 2973 4913 αὐτοῦ
3005 4858 3227 4934 κληρικοὶ
3270 4854 3445 4931 εἶχον,
3477 4864 3566 4919 τὴν
3600 4862 3756 4919 αὐτὴν

2155 4950 2303 5005 πάλιν
2330 4950 2531 5021 θέλομεν
2559 4947 2701 5020 ἔχειν
2723 4966 2735 4979 ⁸
2760 4951 2951 5007 ταύτην
2982 4947 3036 5003 δὲ
3059 4955 3149 5007 τὴν
3189 4951 3438 5024 ἡμετέραν
3472 4951 3752 5027 πρόσταξιν

2154 5042 2478 5113 φυλαχθῆναι
2531 5041 2845 5113 βουλόμεθα,
2894 5042 3027 5096 ὥστε
3079 5040 3409 5102 ἀποδοθέντος
3456 5042 3753 5097 Ἀθανασίου

2156 5139 2246 5189 τοῦ
2297 5135 2583 5191 ἐπισκόπου
2622 5142 2685 5211 τῇ
2729 5134 2995 5210 ἐκκλησίᾳ,
3043 5137 3164 5195 τοὺς
3203 5139 3563 5192 κοινωνοῦντας
3614 5135 3755 5206 αὐτῷ

2158 5226 2301 5299 ἔχειν
2321 5228 2744 5305 άλειτουργησίαν
2778 5228 2836 5287 ἡν
2870 5231 2948 5282 ἀεὶ
2965 5226 3149 5299 ἔσχον,
3184 5228 3242 5285 ἡν
3268 5229 3349 5280 καί
3377 5227 3424 5280 οἱ
3448 5226 3615 5279 λοιποί
3639 5225 3755 5287 κλη-

2157 5324 2292 5395 ρικοί
2310 5318 2557 5393 ἔχουσιν,
2586 5322 2668 5377 ἵνα
2697 5320 2862 5381 οὕτως
2883 5318 3097 5393 ἔχοντες
3118 5322 3201 5373 καὶ
3230 5320 3376 5374 αὐτοὶ
3401 5320 3678 5394 χαίρωσιν.

1274 5424 1607 5482 EPISTOLA
1645 5425 1928 5494 QUABTA
1972 5429 2283 5491 EJUSDEM
2331 5436 2425 5491 AD
2464 5434 2937 5493 ATHANASIUM.

525 5543 710 5599 Victor
731 5540 1082 5597 Constantius
1115 5541 1385 5612 Augustus
1430 5539 1726 5595 Athanasio
1757 5544 2007 5599 salutem.

523 5635 719 5693 Votum
756 5650 935 5690 meum
968 5636 1132 5691 fuisse
1188 5645 1245 5690 ιιι
1300 5635 1478 5689 omnia
1512 5650 1575 5690 ex
1605 5636 1867 5690 sententia
1900 5636 2047 5693 fratri

462 5744 586 5784 nam
617 5730 898 5783 Constanti
930 5727 1317 5800 procederent,
1379 5741 1552 5797 neque
1602 5726 1685 5780 vel
1730 5736 1873 5782 lnam
1918 5744 2048 5785 con-

2316 5556 2530 5610 Νικητὴς
2562 5552 2907 5611 Κωνστάντιος
2935 5547 3253 5622 Αὔγουστος,
3276 5548 3583 5623 ’Δθανασίῳ.

2227 5646 2399 5714 Εὐχὴν
2434 5646 2513 5698 ἀεί
2534 5665 2622 5715 μοι
2650 5646 2844 5702 ταύτην
2869 5646 3197 5719 γεγενῆσθαι,
3228 5646 3358 5701 ὥστε
3390 5647 3556 5702 πάντα
3587 5660 3751 5703 κατα-

2156 5734 2349 5803 θυμίως
2380 5734 2669 5799 ἀποϐαίνειν
2714 5743 2789 5809 τῷ
2817 5738 2943 5792 ποτέ
2970 5757 3070 5808 μου
3090 5735 3284 5811 ἀδελφῷ
3308 5740 3612 5805 κὼνσταντα,
3642 5736 3751 5791 οὐδὲ
