4194 6184
460 250 567 306 56³5

993 236 1417 302 Μοπυιιεκτλ
1458 237 1737 300 verum
1781 242 1872 298 an
1910 240 2062 324 AR‘I‘A

2167 234 2318 298 MM
2357 236 2749 296 BGCTMNAM
2783 232 3267 296 PERM‘HA.

3665 242 3783 300 .‘56‘

460 363 748 420 scientiam
802 362 949 417 latet.
982 362 1039 415 ln
1089 368 1288 430 quanto
1328 367 1509 413 autem
1560 370 1794 413 maerore
1837 354 2062 424 fuerim,

2172 363 2263 417 τήν
2310 364 2404 418 σὴν
2448 361 2654 413 σύνεσιν
2697 354 2907 420 ἔλαθεν,
2950 359 3000 411 ἐν
3031 355 3125 430 ὅσῃ
3150 379 3206 413 τε
3234 358 3371 434 λύπῃ
3400 355 3644 427 διετέθην,
3675 384 3781 432 μα-

452 454 589 514 ”ευῐη
647 455 955 511 didicissem
997 466 1120 508 eutn
1161 466 1188 505 a
1219 451 1537 522 quibusdam
1566 451 1748 521 impiis
1790 450 2062 505 sublatum

464 566 609 617 esse,
645 550 800 623 facile
827 550 1023 602 iterum
1056 557 1143 601 tua
1184 545 1472 615 prudentia
1506 546 1847 600 divinaverit.
1891 543 2066 600 Caete-

458 660 583 701 rum
616 642 739 713 quia
768 641 1013 698 nonnulli
1041 649 1168 695 sunt
1191 642 1241 695 in
1270 639 1650 696 bocluctnoso
1682 650 1946 709 tempore,
1973 642 2059 708 qui

458 742 517 790 te
544 743 753 790 terrere
784 738 1057 804 satagunt,
1090 732 1213 786 ideo
1234 732 1337 786 bas
1372 732 1578 787 litteras
1611 740 1714 786 tum
1746 729 2058 787 lirmitudiui

453 828 815 899 porrigendas
847 826 1189 893 censuimus,
1221 825 1416 896 quibus
1438 824 1539 879 tibi
1571 835 1763 880 auctor
1803 839 1943 890 sum,
1974 832 2056 891 ut,

460 919 917 991 quemadmodum
948 921 1263 988 episcomrm
1294 917 1474 983 decet,
1498 931 1561 971 ea
1588 930 1707 987 qua:
1736 916 1803 972 ad
1848 931 2058 972 sacram

458 1011 779 1082 religionem
812 1011 1105 1081 pertinent,
1139 1008 1370 1080 populos
1402 1008 1619 1073 doceas,
1670 1009 1901 1078 tuisque
1929 1024 2055 1063 con-

461 1106 633 1161 suetis
667 1106 920 1175 precibus
940 1119 1128 1170 vaces,
1152 1114 1331 1173 neque
1356 1115 1553 1158 vanum
1574 1116 1850 1157 rumorem
1885 1101 2060 1158 feren-

459 1201 607 1256 tibus
639 1201 863 1266 credas,
896 1203 1223 1271 quicumque
1275 1198 1441 1252 etiam
1495 1195 1712 1252 fuerint.
1762 1198 1820 1252 ln
1874 1206 2058 1253 nostro

460 1302 641 1349 autem
672 1295 853 1348 animo
878 1293 1042 1347 ﬁxum
1064 1300 1179 1360 est,
1230 1304 1288 1348 ut
1316 1295 1616 1350 secundum
1677 1300 1916 1347 nostram
1965 1305 2062 1346 vo-

459 1386 723 1443 luntatem
755 1395 1014 1457 perpetuo
1042 1388 1092 1441 in
1122 1387 1250 1443 sede
1280 1396 1366 1443 tua
1387 1389 1674 1461 episcopus
1698 1396 1938 1443 maneas.
1972 1386 2064 1441 Di-

458 1482 583 1536 vina
610 1480 951 1552 providentia
972 1490 1032 1538 te
1067 1482 1312 1553 plurimis
1343 1481 1501 1538 annis
1526 1490 1832 1550 conservet,
1866 1494 2064 1553 parens

455 1574 795 1631 cbari‘ssime.

2170 452 2267 503 θὼν
2296 456 2476 506 τοῦτον
2518 451 2825 526 ἀνῃρηθῆναι
2871 452 3016 525 παρά
3054 471 3205 505 τινων
3232 453 3617 518 ἀνοσιωτάτων,
3648 472 3779 511 στο-

2173 546 2429 615 χάζεσθαι
2456 545 2605 599 πάλιν
2635 544 2845 599 δύναται
2890 546 2921 602 ἡ
2951 550 3018 603 σὴ
3045 546 3288 619 φρόνησις
3308 587 3320 599 .
3369 548 3481 603 ἐπεὶ
3518 542 3606 602 οὖν
3644 553 3779 611 τινές

2170 638 2296 692 εἰσιν
2332 636 2378 691 oi
2418 638 2471 691 ἓν
2509 644 2583 709 τῷ
2624 636 2841 711 παρόντι
2886 645 3065 713 καιρῷ,
3094 645 3167 711 τῷ
3207 638 3373 700 οὕτως
3400 641 3635 711 πενθικῷ,
3663 663 3779 699 πει-

2168 734 2389 807 ρὼμενοί
2434 751 2493 785 σε
2545 731 2793 803 ἐκφοϐεῖν,
2841 728 2927 785 διὰ
2962 738 3114 787 τοῦτο
3164 738 3331 788 ταῦτα
3374 736 3509 811 πρὸς
3551 740 3645 795 τὴν
3682 741 3777 797 erit

2150 825 2511 899 ’στερρότητα,
2538 823 2740 883 δοθῆναι
2767 824 2834 878 τά
2854 825 3138 898 γράμματα
3168 822 3456 891 ἐδικαίωσα,
3484 826 3780 903 προτρεπό-

2168 919 2315 991 μενός
2356 938 2448 983 σε,
2499 920 2610 982 ἵνα,
2661 920 2729 978 ὡς
2772 918 2959 991 πρέπει
3012 920 3318 985 ἐπίσκοπον,
3368 925 3491 982 τοὺς
3534 923 3685 984 λαοὺς
3712 925 3782 979 τά

2168 1013 2458 1086 ὀφειλόμενα
2504 1021 2567 1088 τῇ
2596 1014 2706 1088 θείᾳ
2748 1015 2991 1088 θρησκείᾳ
3028 1010 3308 1085 διδάσκῃς,
3349 1019 3432 1070 καὶ
3467 1016 3579 1087 μετ’
3606 1018 3779 1074 αὐτῶν

2169 1109 2399 1168 συνήθως
2443 1107 2627 1177 εὐχαῖς
2660 1106 2962 1181 σχολάζῃς,
3011 1110 3095 1162 καί
3136 1113 3205 1178 μή
3250 1110 3482 1179 ματαίοις
3508 1110 3775 1185 θρύλλοις,

2169 1203 2215 1256 οἷ
2240 1220 2369 1261 τινες
2398 1195 2459 1255 ἂν
2488 1202 2732 1272 γένοιντο,
2760 1202 3055 1275 πιστεύσῃς
3072 1240 3087 1266 ,
3106 1202 3225 1272 ἡμῖν
3271 1204 3375 1277 γὰρ
3414 1206 3565 1257 τοῦτο
3591 1206 3641 1258 iv
3665 1203 3774 1275 ψυ-

2168 1302 2246 1371 χῇ
2273 1295 2523 1366 πέπηγεν,
2554 1295 2685 1348 ὥστε
2715 1312 2773 1347 σε
2804 1293 3092 1360 ἀκολούθως
3199 1294 3425 1371 ἡμετέρᾳ
3451 1297 3771 1373 προαιρέσει,

2167 1385 2249 1443 διὰ
2270 1388 2462 1448 πάντος
2493 1387 2541 1440 ἐν
2560 1395 2633 1460 τῷ
2664 1388 2807 1459 τόπῳ
2834 1407 2928 1441 σου
2952 1386 3106 1441 θέλειν
3131 1386 3407 1443 ἐπίσκοπον
3433 1381 3577 1443 εὸσα·
3619 1390 3650 1447 ἡ
3668 1392 3778 1446 θεία

2167 1478 2385 1559 πρόνοια
2436 1481 2639 1543 πολλοῖς
2681 1478 2820 1536 ἔτεσί
2865 1500 2923 1535 σε
2974 1477 3267 1557 διατηροίη,
3307 1486 3457 1554 γονεῧ
3498 1483 3777 1558 προσφιλέ-

2170 1595 2347 1631 στατε.

1766 1676 1903 1723 Δηο
1932 1680 2116 1724 ΜΙίΝΙ
2148 1680 2243 1724 CCC
2252 1682 2451 1723 κιινιι.

735 1848 739 1852 ι
894 1758 1240 1821 EPISTULA
1285 1758 1757 1818 IMPERATORIS
1792 1758 2252 1818 CONSTANTINI
2287 1757 2599 1817 JUNIORIS
2636 1757 2731 1814 AD
2769 1757 3327 1849 ALEXANDRINOS.

458 1856 1044 1917 Cons'tantinusﬂtesar
1055 1858 1257 1930 populo
1274 1856 1555 1914 catholica:
1571 1856 1817 1914 ecclesiae
1839 1856 2062 1913 Alexan-

2178 1865 2551 1919 Κωνσταντῖνος
2592 1864 2793 1933 Καῖσαρ
2836 1864 2909 1931 τῷ
2946 1858 3054 1932 λαῷ
3091 1866 3183 1919 τῆς
3211 1858 3472 1922 καθολικῆς
3505 1861 3782 1928 ἐκκλησίας

1036 1953 1205 2008 drlnae
1236 1952 1486 2007 salutem.

524 2046 712 2123 Neque
754 2052 994 2107 vestram
1043 2063 1251 2104 sacram
1300 2056 1537 2102 mentem
1582 2045 1753 2101 latere
1797 2042 2064 2110 arbitror,

457 2140 583 2200 ideo
637 2142 995 2200 Athanasium
1064 2139 1355 2194 adorandae
1403 2138 1538 2209 legis
1591 2137 1942 2206 interpretem
2012 2134 2065 2188 in

457 2238 659 2295 Gallias
687 2238 911 2292 missum
942 2249 1082 2299 esse,
1116 2248 1183 2288 ne
1213 2246 1320 2303 quo
1350 2240 1597 2301 tempore
1619 2229 2067 2301 sanguinolento-

457 2346 577 2385 rnm
608 2328 843 2382 hostium
894 2326 1080 2381 feritas
1101 2338 1258 2378 sacro
1286 2322 1404 2392 ejus
1430 2322 1592 2392 capiti
1633 2332 1792 2391 quam
1832 2319 2067 2375 maxime

459 2424 797 2483 immineret,
846 2419 1243 2489 intplicilusque
1300 2416 1569 2470 malorum
1624 2412 1937 2478 collimitio,
1968 2412 2062 2467 ali-

457 2516 587 2588 quid
618 2515 1047 2579 intoleraudum,
1084 2519 1139 2568 et
1177 2511 1263 2567 cui
1300 2509 1600 2564 remedium
1643 2508 1847 2562 mitium
1877 2516 2063 2572 esset,

455 2620 754 2682 pateretur.
800 2606 881 2664 Ad
926 2612 1065 2662 banc
1109 2606 1270 2675 igitur
1302 2600 1574 2658 feritatem
1600 2600 1957 2666 ‘eiudendam,
1988 2606 2066 2655 tot

454 2703 701 2759 faucibus
730 2700 1050 2757 inbiantium
1075 2699 1399 2763 subtractus,
1426 2706 1484 2750 ut
1509 2697 1609 2751 sub
1630 2710 1717 2751 me
1742 2704 1925 2765 ageret
1949 2693 2065 2764 jus-

458 2809 551 2851 sus
576 2806 680 2850 est.
713 2798 889 2866 Atque
922 2793 993 2847 ita
1043 2792 1095 2846 in
1136 2790 1240 2845 bac
1271 2789 1403 2844 urbe
1438 2794 1805 2843 commoratus
1851 2793 1933 2840 est
1959 2827 1973 2851 ,
2008 2792 2067 2839 ut

457 2887 706 2943 omnibus
751 2887 914 2942 rebus
962 2882 1286 2941 necessariis
1336 2878 1907 2947 abundaret,tametsi
1946 2876 2064 2945 ejus

457 2979 755 3036 reverenda
780 2981 981 3040 virtus,
1013 2972 1195 3031 divina
1242 2988 1346 3044 ope
1377 2973 1546 3028 fretus
1574 3015 1587 3039 ,
1610 2986 1773 3026 onera
1821 2971 2062 3040 asperio-

456 3073 533 3129 ris
563 3072 790 3127 fortttnm
810 3069 1189 3140 vilipenderet.
1218 3065 1335 3123 Jam
1360 3080 1480 3120 cum
1505 3063 1771 3133 imprimis
1794 3073 1986 3118 vestrae
2008 3062 2063 3117 in

456 3164 628 3222 Deum
661 3165 847 3238 pietati
878 3208 889 3229 ,
915 3165 1133 3235 suisque
1161 3156 1380 3219 sedibus
1416 3158 1567 3214 inme
1610 3160 1921 3227 episcopum
1958 3157 2061 3211 do-

2660 1950 2857 2011 πόλεως
2877 1948 3273 2028 Ἀλεξανδρείας.

2244 2039 2374 2096 Ούδέ
2421 2045 2511 2101 τήν
2538 2051 2631 2103 τῆς
2674 2042 2927 2118 ὑμετέρας
2962 2043 3103 2119 ίερᾶς
3142 2030 3329 2107 ἐννοίας
3376 2047 3781 2121 ἀποπεφευγέναι

2171 2139 2357 2204 γνῶσιν
2385 2128 2526 2206 οἶμαι
2545 2174 2558 2197 ,
2588 2132 2671 2189 ὂιά
2691 2141 2846 2189 τοῦτο
2876 2134 3166 2190 Ἀθανάσιον
3189 2139 3277 2192 τόν
3304 2144 3394 2193 τοῦ
3422 2148 3779 2211 προσκυνητώ

2171 2224 2327 2297 νόμου
2359 2226 2623 2300 ὑποφήτην
2649 2227 2779 2302 πρὸς
2808 2228 2982 2302 καιρόν
2999 2228 3071 2288 εἰς
3094 2229 3409 2291 τάςΓαλλίας
3437 2233 3779 2303 ἀπεστάλθαι,

2171 2317 2236 2372 ἶν’
2262 2315 2436 2376 ἐπειδὴ
2465 2320 2496 2375 ἡ
2526 2313 2767 2392 ἀγριότης
2792 2325 2892 2372 τῶν
2921 2320 3209 2396 αίμοϐόρων
3234 2323 3391 2378 αὐτοῦ
3412 2328 3497 2379 καὶ
3528 2326 3782 2397 πολεμίων

2178 2410 2377 2486 ἐχθρῶν
2404 2410 2476 2469 είς
2506 2406 2728 2463 κίνδυνον
2754 2416 2845 2470 τῆς
2888 2410 3030 2484 ἱερᾶς
3082 2413 3239 2467 αὐτοῦ
3279 2414 3489 2487 κεφαλῆς
3528 2417 3777 2490 ἐπέμεινε,

2174 2511 2244 2576 μή
2268 2501 2372 2582 ἄρα
2402 2501 2487 2558 διὰ
2515 2510 2606 2563 τῆς
2636 2508 2736 2558 τῶν
2766 2504 2963 2576 φαύλων
2999 2503 3313 2579 διαστροφῆς
3347 2510 3603 2568 ἀνήκεστα
3647 2513 3781 2568 ύπο·

2173 2607 2293 2674 στῇ⁶
2342 2600 2471 2675 πρὸς
2508 2599 2567 2652 τό
2610 2595 2881 2662 διαπαίξαι
2917 2600 3084 2654 τοίνυν
3129 2603 3324 2661 ταύτην
3360 2605 3645 2679 ἀφαιρεθεὶς
3675 2613 3777 2660 τῶν

2172 2693 2444 2767 φαρύγγων
2466 2696 2567 2743 τῶν
2596 2690 2913 2760 ἐπικειμένων
2949 2693 3090 2762 αύτῷ
3130 2691 3355 2769 ἀνδρῶν,
3388 2695 3480 2749 ὐπ’
3526 2698 3639 2769 ἂμοί
3664 2697 3776 2754 διὰ-

2174 2804 2280 2857 γειν
2303 2783 2642 2837 κεκέλευσται·
2679 2781 2847 2842 οὕτως
2878 2784 2946 2842 ὡς
2975 2782 3023 2835 ἐν
3042 2784 3208 2857 ταύτῃ
3342 2784 3486 2840 πολει
3519 2788 3571 2841 ἑν
3671 2786 3778 2843 δίε-

2169 2875 2348 2950 τριϐε,
2378 2879 2515 2928 πᾶσι
2559 2880 2665 2934 τοῖς
2713 2875 3011 2947 ἀναγκαίοις
3060 2875 3432 2948 ἐμπλεονάζειν,
3487 2880 3531 2933 εἰ
3578 2883 3661 2935 καὶ
3710 2883 3780 2939 τὰ

2173 2969 2397 3042 μάλιστα
2422 2970 2576 3024 αὐτοῦ
2607 2968 2638 3025 ἡ
2664 2969 2894 3039 ἀοίδιμος
2932 2969 3088 3043 ἀρετὴ
3133 2972 3254 3031 ταῖς
3295 2972 3451 3035 θείαις
3496 2976 3779 3033 πεποιθυῖα

2170 3063 2421 3133 βοηθείαις
2447 3102 2462 3126 ,
2494 3064 2664 3117 καὶτὰ
2693 3069 2784 3122 τῆς
2815 3066 3157 3138 τραχυτέρας
3186 3066 3361 3137 τύχης
3392 3062 3533 3136 ἄχθη
3576 3069 3779 3132 ἐξουθε-

2162 3163 2260 3210 νεῑ.
2286 3163 2558 3231 τοιγαροῦν
2591 3156 2634 3209 εί
2662 3158 2743 3209 καὶ
2785 3158 2853 3210 τὰ
2873 3156 3098 3224 μάλιστα
3122 3157 3254 3232 πρὸς
3279 3162 3370 3215 τήν
3393 3160 3776 3234 προσφιλεστά-

457 3261 639 3316 minus
662 3268 847 3314 noster
878 3270 931 3313 et
964 3266 1114 3329 pater
1141 3252 1529 3311 Constantinus
1554 3259 1846 3307 restituere
1874 3250 2061 3321 vellet,

2170 3267 2260 3305 την
2290 3248 2432 3319 ὑμῶν
2463 3247 2755 3302 θεοσέϐειαν
2778 3288 2791 3313 ,
2836 3246 2862 3301 ό
2893 3246 3151 3309 δεσπότης
3174 3250 3315 3320 ἡμῶν
3339 3262 3717 3314 timaram-tvo;
3747 3253 3776 3310 ὁ

460 3362 513 3407 et
534 3352 769 3406 lnnnana
793 3359 938 3405 sorte
959 3357 1269 3421 prceventns
1288 3391 1302 3413 ,
1325 3352 1613 3415 antequam
1634 3344 1740 3419 boc
1762 3354 1943 3399 metu
1969 3344 2067 3399 im-

455 3446 654 3517 pleret,
689 3445 1048 3514 requieverit;
1074 3454 1175 3515 ego
1198 3440 1327 3497 mihi
1354 3440 1646 3495 eonveinirc
1674 3444 1827 3510 puto,
1848 3449 1925 3503 ut,
1950 3450 2070 3494 sns-

460 3544 618 3607 cepta
649 3536 923 3592 voluntate
954 3548 1124 3591 sacrae
1156 3534 1433 3589 memoria:
1475 3532 1818 3602 imperatoris
1846 3573 1860 3597 ,
1888 3531 1939 3586 id
1988 3533 2069 3601 ip-

460 3644 578 3685 sum
631 3626 955 3698 adimpleam
1002 3624 1145 3696 quod
1186 3625 1281 3681 ille
1331 3638 1436 3679 non
1484 3625 1675 3694 potuit.
1732 3623 1866 3678 Cum
1908 3623 2071 3692 igitur

456 3720 789 3777 Atltana~ius
840 3720 906 3776 ad
964 3731 1200 3775 vestrum
1248 3727 1599 3788 cormpectum
1657 3720 2061 3788 penetraverit,

456 3820 586 3873 tunc
608 3818 823 3873 demum
857 3810 1168 3887 intelligetis
1194 3821 1409 3885 quantm
1433 3812 1575 3883 apud
1614 3826 1712 3867 nos
1742 3812 2061 3865 reverentia:

459 3910 642 3966 fuerit.
673 3908 856 3981 Neque
900 3909 950 3963 id
998 3910 1192 3963 mirum
1214 3906 1384 3961 videri
1418 3905 1618 3970 debet,
1650 3904 1694 3957 si
1722 3903 1847 3972 quid
1874 3900 2062 3971 hujus-

458 4002 605 4057 modi
636 4003 690 4056 in
711 4003 827 4071 ejus
852 4002 1079 4071 gratiam
1104 3999 1349 4063 fecerim;
1373 3998 1439 4051 ad
1464 3998 1565 4051 hoc
1592 3996 1731 4049 enim
1756 3995 2057 4049 faciendum

458 4110 638 4149 meam
686 4105 918 4149 mentem
958 4104 1012 4147 et
1041 4093 1206 4148 vestri
1234 4090 1487 4146 desiderii
1531 4091 1737 4159 imago,
1764 4098 1821 4144 et
1851 4090 2062 4159 species

461 4190 595 4243 tanti
624 4170 747 4241 viri.
774 4186 1065 4257 instigavit.
1118 4184 1305 4239 Divina
1349 4180 1685 4254 providentia
1712 4194 1810 4237 vos
1849 4191 2056 4252 servet,

460 4280 647 4338 dilecti
668 4279 888 4338 fratres.
920 4280 1116 4337 Datum
1145 4277 1397 4334 Treveris
1426 4292 1496 4333 xv
1526 4275 1777 4334 calendas
1796 4276 1988 4334 Julias.

965 4519 1103 4563 anno
1130 4500 1315 4561 Domni
1345 4512 1591 4558 cccmx.

1068 4599 1085 4630 ί
1098 4594 1439 4652 EPISTULA

540 4688 815 4753 URSACll
843 4689 936 4750 ET
972 4686 1319 4748 YALENTIS
1367 4682 1459 4742 AD
1504 4680 1975 4739 ATHANASIUM.

461 4786 692 4847 Domino
721 4798 775 4845 et
798 4784 951 4843 fratri
982 4783 1278 4840 Athanasio
1305 4780 1563 4850 episcopo
1589 4777 1843 4835 Ursacius
1866 4787 1923 4834 et
1952 4777 2058 4833 Va-

928 4877 1045 4933 lens
1068 4872 1309 4945 episcopi
1338 4871 1589 4927 salutem.

529 4962 686 5028 Na‘cti
710 4964 1051 5026 occasionem
1082 4976 1180 5037 per
1208 4965 1432 5019 fratrem
1472 4972 1526 5019 et
1548 4960 2058 5034 compresbytemm

458 5070 707 5124 nostrum
737 5064 975 5119 Museum
1004 5058 1144 5114 istuc
1168 5058 1237 5114 ad
1263 5068 1410 5113 tuam
1432 5056 1779 5113 dilectionem
1808 5066 2055 5125 contem,

459 5161 627 5217 chare
656 5152 979 5227 frater,'ejus
1005 5162 1169 5225 opera
1200 5149 1490 5206 admodum
1518 5158 1573 5206 te
1594 5158 1661 5206 ex
1690 5148 1935 5221 Aquileia
1960 5163 2054 5204 sa-

458 5250 689 5308 lutatum
735 5246 1040 5315 voluimus,
1068 5252 1431 5317 Optamusque
1475 5248 1531 5298 te
1576 5244 1787 5297 salvum
1838 5251 2057 5298 nostras

460 5338 716 5415 epistolas
740 5336 1019 5414 perlegere
1044 5354 1058 5393 :
1090 5338 1247 5408 cujus
1275 5336 1352 5390 rei
1376 5332 1629 5389 ﬁduciam
1654 5333 1810 5388 nobis
1832 5324 2061 5389 daturus

461 5451 553 5503 es,
585 5437 629 5491 si
661 5445 713 5490 tu
743 5448 957 5505 quoque
983 5433 1037 5487 in
1067 5429 1359 5487 scribendi)
1380 5427 1529 5486 vices
1546 5426 1879 5482 observaris.
1906 5426 2063 5483 Scite

463 5525 607 5582 enim
639 5534 692 5581 te
718 5526 963 5579 volumus
980 5563 1001 5591 ,
1024 5537 1215 5594 pacem
1243 5520 1342 5578 tibi
1362 5518 1643 5576 nobiscum
1674 5533 1818 5588 esse,
1834 5527 1889 5574 et
1916 5532 2065 5574 com-

466 5614 780 5673 munionem
839 5615 1261 5675 ecclesiasticam
1308 5613 1645 5674 intercedere
1691 5630 1707 5673 :
1767 5614 1921 5687 cujus
1986 5614 2067 5675 rei

535 5740 553 5779 ι
580 5733 754 5790 Exstat
782 5738 910 5807 apud
930 5734 1110 5799 Athan.
1136 5749 1263 5813 apol.
1286 5757 1347 5817 n;
1370 5746 1549 5805 Baros.
1571 5758 1651 5807 an.
1676 5748 1787 5819 350,
1801 5744 1939 5805 11°22.

2166 3343 2447 3405 σεϐαστός,
2473 3342 2498 3396 ό
2527 3344 2646 3413 ἐμός
2677 3346 2873 3417 πατὴρ,
2916 3343 3002 3397 τὸν
3044 3344 3193 3397 αὐτὸν
3239 3345 3518 3400 ἐπίσκοπον
3556 3355 3629 3417 τῷ
3661 3347 3776 3422 ἰδίῳ

2173 3436 2319 3507 τόπῳ
2377 3442 2680 3510 παρασχεῖν
2726 3438 2989 3510 προῄρητο
3019 3472 3036 3499 ,
3080 3432 3216 3505 ὅμως
3264 3436 3562 3511 ἀνθρωπίνῳ
3607 3439 3775 3517 κλήρῳ

2171 3527 2477 3602 προληφθείς
2519 3527 2619 3600 πρὸ
2648 3533 2737 3581 τοῦ
2786 3530 2877 3585 τήν
2908 3527 3068 3596 εὐχήν
3096 3533 3365 3603 πληρῶσαι
3408 3530 3776 3599 ἀνεπαύσατο,

2173 3622 2438 3675 ἀκόλουθον
2460 3621 2730 3692 ἡγησάμην
2759 3623 2850 3678 τὴν
2879 3622 3174 3695 προαίρεσιν
3222 3627 3313 3675 τοῦ
3358 3630 3449 3682 τῆς
3476 3624 3610 3684 θείας
3650 3630 3777 3695 μνήο

2174 3735 2272 3785 μης
2294 3714 2545 3784 βασιλέως
2572 3712 2932 3784 διαδεξάμενος
2957 3714 3246 3789 πληρῶσαι*
3276 3710 3420 3776 ὅστις
3446 3716 3650 3774 ἐπειδάν
3678 3729 3773 3782 τῆς·

2164 3808 2421 3882 ὑμετέρας
2447 3806 2611 3877 τύχοι
2632 3805 2960 3883 προσόψεως,
2995 3802 3120 3867 ὅσης
3145 3806 3321 3869 αἰδοῦς
3350 3812 3613 3881 τετύχηκε
3643 3817 3778 3884 γνὼ-

2164 3901 2338 3954 σεσθε’
2384 3901 2442 3953 οὐ
2484 3900 2585 3975 γὰρ
2630 3900 2931 3970 θαυμαστὸν
2981 3897 3031 3954 εἷ
3073 3922 3127 3955 τι
3157 3899 3203 3956 δ’
3245 3895 3304 3956 ἂν
3330 3903 3463 3977 ὑπὲρ
3491 3906 3650 3959 αὐτοῦ
3679 3928 3773 3962 πε·-

2162 3995 2376 4059 ποίηκα,
2432 3995 2519 4047 καὶ
2568 3993 2667 4069 γὰρ
2718 3998 2811 4051 τὴν
2856 3993 2976 4064 ἐμήν
3021 3993 3205 4065 ψυχὴν
3250 3996 3338 4053 ’ὅτε
3383 4002 3475 4052 τοῦ
3519 3999 3772 4075 ὑμετέρου

2164 4083 2321 4139 πόθου
2353 4084 2516 4147 εἰκὼν,
2550 4086 2637 4138 καί
2676 4084 2735 4139 τὸ
2763 4090 2853 4139 τοῦ
2886 4084 3186 4141 τηλικούτου
3218 4084 3405 4163 ἀνδρὸς
3438 4097 3657 4161 σχῆμα,
3700 4094 3775 4153 εἰς

2171 4182 2325 4232 τοῦτο
2350 4177 2500 4230 ἐκίνει
2520 4178 2603 4230 καί
2628 4177 2960 4252 προέτρεπεν.
2996 4178 3026 4234 ἡ
3052 4178 3158 4231 θεία
3181 4176 3396 4252 πρόνοια
3425 4179 3564 4252 ὑμᾶς
3593 4179 3774 4255 διαφυ-

2169 4271 2333 4336 λάξαι,
2362 4271 2619 4343 ἀγαπητοὶ
2647 4269 2864 4344 ἀδελφοί.
2899 4268 3041 4330 ἐδόθη
3067 4271 3168 4348 πρὸ
3199 4269 3469 4329 δεκαπέντε
3513 4274 3774 4337 καλανδῶν

2171 4363 2389 4419 Ἰουλίων
2416 4365 2465 4420 ἐν
2494 4366 2775 4443 Τριϐέροις.

2167 4500 2326 4557 ﬁdem
2370 4517 2493 4558 esse
2524 4502 2772 4557 volumus
2804 4504 3050 4557 nostram
3079 4503 3197 4559 istis
3233 4503 3429 4561 litteris
3456 4504 3771 4577 inscriptam

2086 4571 2143 4633 D
2167 4594 2569 4651 salutationem.
2589 4594 2777 4651 Divina
2800 4594 3143 4665 providentia
3166 4606 3219 4653 te
3236 4608 3547 4667 conservet,
3572 4571 3772 4658 dilecte

2165 4689 2351 4745 frater.

2685 4795 2825 4837 ANNO
2855 4796 3037 4837 DOIINI
3061 4797 3156 4838 CCC
3163 4794 3248 4839 LV.

2262 4876 2284 4908 ’
2326 4874 2661 4931 EPlSTOLA
2698 4874 3121 4931 CONSTANTII
3157 4875 3251 4931 AD
3290 4874 3667 4934 EUSEBIUM.

2163 4967 2512 5027 Constantius
2560 4968 2737 5023 victor
2764 4982 2829 5022 ac
2858 4967 3221 5038 triumphator
3249 4984 3466 5041 semper
3496 4973 3770 5041 Augustus

2693 5058 2926 5114 Eusebio
2950 5059 3228 5131 episcopo.

2235 5151 2408 5208 Metiri
2450 5152 2604 5207 facile
2632 5166 2818 5223 posse,
2850 5152 2928 5206 rei
2956 5151 3327 5223 magnitudine
3361 5164 3767 5222 commonente,

2165 5245 2482 5315 gravitatem
2497 5254 2665 5312 tuam,
2681 5243 2933 5300 ontnibus
2952 5244 3019 5300 ad
3042 5260 3220 5301 meam
3240 5245 3576 5317 diligentiam
3598 5247 3771 5318 perti-

2169 5335 2424 5391 nentibus
2450 5339 2707 5406 praeferre
2728 5351 2816 5393 me
2847 5351 3031 5393 coram
3055 5338 3318 5410 religione
3339 5354 3596 5409 superna,
3624 5340 3773 5411 quod

2169 5430 2521 5501 prmcellit,et
2542 5430 2593 5484 in
2609 5442 2734 5485 meo
2760 5431 2945 5486 animo
2972 5432 3327 5502 prmeminere
3339 5432 3771 5499 conﬁdo,tameu

2173 5526 2224 5582 id
2244 5524 2541 5597 prudentia:
2566 5534 2691 5593 tuae,
2715 5525 3057 5582 documentis
3078 5525 3241 5582 etiam
3268 5525 3580 5597 frequenter
3606 5527 3772 5583 emis-

2190 5624 2286 5695 sis,
2302 5637 2660 5697 compertum,
2686 5639 2807 5681 cum
2834 5623 3148 5697 perspicias,
3164 5623 3214 5681 id
3236 5638 3323 5682 me
3346 5638 3505 5705 agerc
3525 5622 3770 5687 noctibus

2175 5806 2185 5816 ,
2238 5748 2260 5780 ³
2284 5747 2511 5815 iubetur
2530 5752 2580 5805 tu
2602 5749 2725 5811 actis
2744 5745 2964 5813 Eusebii.
