4194 6184
427 260 533 317 565

934 255 1366 316 MONUIIENTA
1411 253 1692 314 VETERA
1734 254 1829 311 AD
1867 253 2284 313 ARIANORUM
2329 253 2724 312 DOCTRINAM
2765 251 3247 315 PERTINENTIA.

3635 260 3742 318 566

423 394 487 436 ac
499 377 710 442 diebus,
723 374 868 447 quod
888 374 957 430 ad
979 373 1341 431 venerabilem
1357 372 1562 429 cultum
1591 373 1855 446 proﬁcere
1868 387 2027 444 posse
2055 377 2106 436 Α
2136 371 2374 427 moniam
2403 373 2538 445 lcgis
2563 374 2725 430 rebus
2750 374 3133 431 ecclesiasticis
3159 377 3255 431 niti
3282 395 3294 431 :
3315 377 3448 432 satis
3471 390 3741 450 superque

424 473 664 530 conﬁdo.
705 471 844 538 Quid
889 470 1037 526 enim
1081 469 1214 525 mihi
1251 468 1457 540 gratius
1502 483 1624 526 esse
1674 477 1769 525 aut
1823 470 2028 537 utilius,

422 581 586 638 quam
617 566 728 621 Deo
756 565 999 620 animum
1028 563 1316 619 devovisse
1352 578 1563 633 :usque
1603 564 1843 630 adeo,ut
1869 562 2029 635 hujus

421 659 576 726 modi
618 656 794 734 studio
839 656 1157 712 facilitatem
1197 672 1416 713 omnem
1468 657 1700 712 sentiam
1747 671 1870 714 esse
1927 657 2028 712 ob-

421 751 690 808 noxiam?
770 751 957 822 Itaque
1002 751 1264 807 ecclesias
1321 751 1660 807 venerabiles
1713 765 1778 805 ex
1837 751 2028 816 intimo

421 843 622 900 mentis
671 843 865 900 atl’ectu
898 859 1116 914 semper
1144 843 1380 911 intueor,
1429 859 1721 914 earumque
1765 844 2025 898 unitatem

420 938 673 993 omnibus
697 937 992 993 salutarem
1024 938 1187 1006 cupio
1214 952 1540 1007 recuperare
1584 951 1647 992 ac
1675 937 1900 992 firmiter
1929 936 2026 990 ob-

422 1032 634 1088 tinere:
666 1032 736 1087 ob
767 1048 930 1102 quam
963 1045 1180 1087 causam
1213 1043 1538 1087 conventum
1570 1042 1882 1086 sanctorum
1905 1031 2022 1102 epi-

419 1139 715 1195 scoporum
749 1124 803 1179 in
833 1123 1224 1180 Mediolanensi
1255 1124 1455 1195 placuit
1485 1125 1601 1179 ﬁeri
1634 1125 1849 1180 civitate
1871 1167 1886 1191 ,
1928 1137 2025 1180 eos

415 1219 499 1274 vel
533 1218 769 1273 maxime
811 1219 900 1288 qui
948 1218 1077 1273 alibi
1120 1229 1271 1288 gesta
1304 1218 1514 1288 possint
1556 1219 1710 1272 facile
1755 1219 2020 1286 revelare,

420 1310 780 1383 (revellere);
812 1311 864 1364 in
888 1309 1118 1366 diversis
1149 1310 1348 1381 quippe
1408 1309 1697 1380 provinciis
1741 1312 2024 1380 episcopo-

414 1421 534 1462 rum
561 1415 687 1462 sunt
716 1413 903 1460 coacta
941 1405 1192 1472 concilia,
1223 1405 1319 1461 sed
1346 1406 1474 1476 quid
1507 1422 1600 1477 per
1623 1406 1860 1476 singulos
1892 1420 2023 1462 con-

415 1497 565 1553 cordi
617 1497 975 1554 unanimitate
1027 1498 1387 1554 decreverunt
1437 1498 1847 1570 prudentissimi
1901 1499 2020 1569 epi-

416 1591 588 1661 sc0pi,
617 1591 668 1645 in
690 1591 900 1661 synodo
930 1590 1320 1647 Mediolaueusi
1356 1591 1639 1662 perspicue
1682 1591 2017 1648 declaratum

411 1695 516 1742 est.
549 1686 794 1758 Denique
823 1687 1111 1743 venientes
1144 1688 1298 1758 pauci
1343 1686 1411 1742 de
1454 1687 1749 1757 provinciis
1794 1689 2017 1757 singulis

2136 469 2517 538 perspeximus
2565 470 2760 526 litteris
2809 472 2878 525 ad
2933 479 3172 525 nostram
3220 470 3287 541 (f.
3323 477 3582 542 vestram)
3613 489 3740 542 pru-

2137 561 2378 616 dentiam
2416 563 2589 630 datis,
2627 564 2815 618 iisdem
2846 576 3101 634 Oportere
3141 580 3360 637 operam
3391 565 3521 620 dare
3563 584 3574 620 :
3611 581 3734 621 cum

2135 655 2384 726 profecto
2415 668 2467 712 et
2497 658 2877 729 episcoporum
2903 658 2953 712 id
2977 657 3157 712 ofﬁcio
3185 668 3476 728 congruat,
3509 667 3563 714 et
3588 659 3734 714 salus

2134 751 2381 805 omnium
2442 751 2599 822 longe
2642 752 2852 820 lateque
2903 753 3222 822 populorum
3274 752 3378 807 hoc
3421 751 3733 807 fundamine

2129 843 2560 899 roboretur.Sed
2588 858 2677 897 res
2699 843 2975 899 admonuit
3007 843 3245 899 instituta
3273 844 3731 900 rursusexsistere

2134 933 2226 1006 (al.
2277 934 2556 1005 insistere).
2606 934 2724 989 Non
2785 937 2929 989 enim
2972 936 3166 1005 aliquis
3209 935 3428 990 deﬁnita
3467 937 3728 1006 geminari

2130 1026 2464 1095 snperﬂuum
2479 1027 2760 1097 judicabit,
2787 1043 2908 1082 cum
2939 1029 3172 1100 (crebra)
3198 1029 3358 1082 rebus
3387 1030 3731 1083 consueverit

2128 1119 2428 1174 admonitio
2453 1135 2651 1189 augere
2679 1121 2950 1174 cumulum
2976 1120 3287 1191 diligentiaa.
3324 1120 3418 1174 llis
3455 1121 3525 1173 ita
3553 1135 3610 1174 se
3637 1119 3731 1174 ha-

2127 1213 2379 1266 bentibus
2405 1254 2420 1278 ,
2452 1213 2518 1266 de
2549 1212 2650 1266 ﬁde
2687 1222 2848 1280 atque
2891 1213 3100 1266 unitate
3139 1211 3360 1266 tractari
3394 1211 3595 1266 debere
3637 1227 3730 1265 co-

2125 1316 2355 1376 gnoscat
2383 1305 2669 1360 sinceritas
2708 1313 2923 1371 vestra,
2956 1316 3011 1360 et
3039 1321 3258 1376 Operam
3291 1304 3409 1360 dari
3452 1315 3509 1359 ut
3550 1307 3728 1361 eccle-

2126 1397 2360 1451 siasticis
2388 1399 2549 1454 rebus
2580 1398 2714 1454 ordo
2741 1409 3058 1468 competens
3093 1399 3415 1468 praebeatur.
3452 1399 3726 1455 Discurret

2125 1505 2362 1560 namque
2385 1502 2707 1546 cunctorum
2741 1493 3026 1561 p0steritas
3056 1492 3253 1561 ubique
3283 1492 3604 1562 populorum
3633 1534 3645 1557 ,
3671 1503 3726 1547 ct

2121 1585 2413 1639 concordia
2468 1585 2570 1640 tida
2622 1587 2962 1652 servabitur,
3012 1599 3135 1639 cum
3178 1585 3390 1654 penitus
3435 1585 3723 1656 amputatis

2122 1691 2222 1732 nec
2252 1676 2561 1748 hujnsmodi
2587 1679 2975 1749 quaestionibus
3015 1678 3224 1732 cunctis
3261 1676 3520 1732 sectando
3573 1693 3723 1732 com-

407 1779 687 1834 voluntale
717 1781 992 1834 communi
1018 1782 1304 1836 unanimes
1334 1783 1716 1850 protulerunt,
1746 1795 1800 1838 et
1858 1785 2011 1854 juxta
2040 1782 2088 1840 Β
2120 1773 2388 1838 moverit,
2437 1788 2526 1828 res
2568 1772 2669 1828 ista
2715 1788 2820 1828 non
2865 1773 3025 1828 debet
3060 1771 3130 1826 ita
3171 1772 3524 1826 intentionem
3553 1771 3720 1826 animi

408 1871 826 1928 venerationem
854 1871 960 1943 legi
989 1873 1228 1928 debitam
1258 1875 1630 1930 ﬁrmaverunt.
1678 1879 1831 1944 Quod
1880 1895 2010 1952 ergo

406 1964 656 2034 religioni
683 1964 1000 2037 (religiosis)
1028 1964 1216 2020 fuerat.
1231 1978 1679 2035 consentaneum,
1695 1972 2007 2028 eorumdem

405 2059 612 2129 placito
634 2058 1050 2114 corroboratum
1080 2070 1202 2124 est;
1253 2071 1310 2114 ut
1355 2060 1422 2113 ad
1472 2062 1816 2117 sanctitatem
1863 2075 2006 2122 tuam

401 2162 637 2224 quatuor
666 2151 735 2207 de
760 2153 1038 2207 consortio
1069 2167 1168 2208 suo
1198 2155 1503 2208 censuerint
1535 2169 1656 2210 esse
1689 2157 2003 2226 mittendos,

404 2245 610 2316 pariter
630 2255 1043 2300 connnonentes
1075 2260 1134 2301 se
1178 2244 1228 2300 id
1273 2247 1427 2316 sequi
1473 2248 1791 2317 gravitatem
1835 2260 2002 2320 tuam,

403 2337 548 2408 quod
577 2337 644 2393 ad
675 2338 961 2394 utilitatem
988 2338 1251 2394 Ecclesia:
1276 2355 1382 2394 non
1415 2339 1691 2394 abhorret.
1722 2341 1832 2396 Nos
1857 2353 2007 2404 certe

401 2433 489 2503 qui
513 2447 638 2488 esse
667 2432 761 2488 Dei
792 2434 1020 2487 famulos
1049 2432 1368 2502 gloriamur,
1397 2436 1676 2490 hortamur
1711 2437 1914 2506 pariter
1943 2452 2006 2493 ac

401 2544 709 2594 monemus,
745 2537 802 2583 ut
839 2531 1128 2585 consensui
1179 2529 1410 2585 fratrum
1467 2541 1682 2588 tuorum
1727 2532 2006 2590 adhaerere

399 2639 506 2679 non
537 2622 782 2680 dtﬁ'eras.
819 2622 1156 2680 Conﬁdimus
1178 2627 1400 2696 quippe,
1426 2642 1548 2682 cum
1579 2627 1681 2682 hoc
1710 2628 1870 2683 fuerit
1892 2628 2004 2685 fac-

400 2726 534 2782 tum,
589 2717 796 2772 unitate
841 2719 1152 2774 ﬁrmissima
1213 2734 1373 2789 posse
1421 2719 1680 2775 ecclesias
1721 2723 1999 2792 gratulari.

401 2812 544 2868 Deus
573 2822 626 2867 te
655 2827 874 2881 semper
903 2820 1116 2866 tueatur
1152 2815 1351 2869 multos
1378 2829 1572 2882 annos,
1604 2813 1770 2870 frater
1793 2814 2002 2873 charis:-

399 2907 538 2962 sime
567 2914 728 2977 atque
749 2905 1142 2961 amantissime.

760 3060 1093 3138 ANNOBOMINI
1109 3060 1298 3103 CCCLIX
1321 3061 1426 3100 γει.
1446 3057 1637 3102 CCCLX.

489 3275 896 3334 CONSTANTII
1406 3271 1896 3330 ARIMINENSEM.

393 3394 726 3450 Constantius
759 3393 955 3447 monuit
979 3407 1042 3445 ne
1071 3391 1194 3459 quid
1223 3390 1287 3443 de
1322 3390 1686 3455 orientalibus,
1727 3391 1814 3461 qui
1853 3407 1996 3446 seor-

463 3489 562 3542 sim
605 3487 934 3541 convenirent
969 3483 1249 3549 Seleucite,
1285 3483 1501 3552 deﬁnire
1531 3493 1920 3555 prtesumerent.

396 3611 582 3668 Victor
627 3603 1430 3678 Constantinus(Constantius)
1482 3605 1746 3660 Maximus
1806 3607 1996 3662 trium-

649 3704 841 3776 phator
883 3716 1102 3772 semper
1141 3700 1412 3766 Augustus
1449 3699 1741 3770 episcopis.

459 3819 762 3876 Continent
806 3819 986 3890 priora
1044 3817 1289 3872 instituta
1317 3857 1331 3880 ,
1375 3815 1744 3883 venerabiles,
1799 3816 1997 3872 sancti—

2119 1864 2380 1936 (longius)
2410 1880 2729 1936 prOpagare.
2770 1864 2887 1919 Non
2925 1866 3070 1920 enim
3097 1864 3164 1919 de
3193 1863 3548 1918 orientalibus
3603 1865 3717 1934 epi-

2116 1958 2296 2029 scopis
2328 1959 2380 2013 in
2399 1961 2630 2013 concilio
2652 1970 2838 2014 vestro
2863 1959 3062 2029 patitur
3087 1958 3227 2013 ratio
3252 1957 3452 2028 aliquid
3477 1956 3713 2012 deﬁniri.

2115 2050 2349 2118 Proinde
2391 2069 2552 2124 super
2585 2053 2669 2109 his
2701 2063 2908 2108 tantum
2942 2068 3062 2124 qum
3093 2053 3157 2107 ad
3186 2068 3280 2106 vus
3309 2053 3584 2123 pertinere
3623 2067 3713 2106 co-

2111 2147 2324 2215 gnoscit
2355 2147 2590 2216 gravitas
2621 2155 2796 2202 vestra
2824 2188 2839 2213 ,
2875 2154 3106 2201 tractare
3147 2145 3443 2214 debebitis,
3485 2154 3540 2200 et
3567 2161 3714 2200 com-

2113 2242 2269 2310 pletis
2327 2241 2576 2296 celeriter
2625 2239 2925 2307 universis,
2981 2240 3358 2294 consentiente
3403 2253 3705 2308 consensu,

2111 2332 2300 2389 decem
2355 2335 2570 2388 mittere
2615 2333 2680 2386 ad
2709 2333 3024 2386 comitatum
3083 2347 3260 2386 meum
3281 2372 3296 2398 ,
3325 2342 3380 2385 ut
3410 2331 3712 2401 prudentiae

2110 2438 2305 2481 vestrae
2353 2426 2624 2496 prioribus
2653 2426 2848 2481 litteris
2871 2423 3256 2480 iutimavitnus.
3291 2424 3536 2480 Praedicti
3567 2425 3710 2480 enim

2109 2529 2364 2590 poterunt
2407 2519 2696 2585 omnibus,
2730 2534 2849 2590 qua:
2886 2520 3090 2574 eisdem
3116 2519 3471 2574 orientalibus
3508 2534 3709 2589 pr0po-

2107 2615 2358 2683 suerint,
2392 2615 2722 2685 respondere
2748 2655 2763 2679 ,
2803 2615 2888 2670 vel
2933 2623 3166 2669 tractare
3190 2612 3257 2668 de
3286 2614 3390 2669 ﬁde
3415 2656 3430 2683 ,
3464 2623 3521 2668 ut
3559 2616 3710 2670 exitu

2107 2707 2438 2776 competenti
2467 2708 2644 2761 omnis
2671 2705 2898 2775 quaestio
2923 2704 3242 2760 terminetur
3264 2745 3278 2768 ,
3307 2714 3360 2758 et
3385 2704 3708 2775 ambiguitas

2105 2804 2366 2873 sapiatur.
2399 2801 2531 2868 Qua:
2565 2815 2689 2854 cum
2731 2800 2799 2853 ita
2830 2799 2973 2864 sint,
3004 2797 3269 2853 adversus
3296 2799 3585 2853 orientales
3625 2800 3708 2854 ni-

2108 2899 2183 2953 hil
2239 2905 2476 2952 statuere
2522 2910 2619 2950 vos
2669 2902 2930 2964 oportet,
2971 2901 3063 2946 aut
3105 2893 3149 2946 si
3194 2891 3397 2964 aliquid
3427 2893 3706 2950 volueritis

2107 3003 2294 3048 contra
2319 2991 2538 3048 eosdem
2564 2989 2833 3061 praedictis
2858 2988 3173 3044 absentibus
3195 2987 3419 3043 delinire
3441 3028 3455 3053 ,
3482 2987 3532 3041 id
3557 2988 3704 3058 quod

2109 3087 2274 3142 fuerit
2305 3095 2620 3155 usurpatum
2652 3085 2806 3139 irrito
2834 3089 3125 3138 evanescet
3151 3079 3367 3137 eﬁ‘et-tu.
3410 3081 3525 3136 Non
3557 3083 3700 3138 enim

2029 3181 2073 3244 C
2105 3179 2196 3234 illa
2223 3179 2365 3232 vires
2405 3179 2604 3233 habere
2635 3176 2835 3248 poterit
2857 3174 3101 3230 deﬁnitio
3126 3216 3140 3239 ,
3170 3174 3259 3229 cui
3285 3184 3466 3230 nostra
3501 3183 3703 3230 statuta

2106 3283 2372 3329 testantur
2392 3275 2502 3340 jam
2540 3288 2680 3328 nunc
2708 3273 2872 3327 robur
2894 3281 2948 3325 et
2976 3272 3188 3338 cupiam
3221 3267 3313 3336 (al.
3339 3266 3572 3336 copiam)
3606 3268 3701 3323 de-

2104 3365 2308 3435 negari.
2361 3365 2494 3432 Quae
2538 3380 2662 3419 cum
2705 3364 2775 3417 ita
2825 3360 2971 3428 sint,
3013 3358 3384 3414 moderatione
3425 3357 3701 3425 religionis

2101 3456 2501 3512 venerabilihus
2529 3454 2859 3512 antistitibus
2890 3459 3253 3508 consentanea
3297 3449 3508 3505 debetis
3537 3464 3700 3506 vene-

2103 3548 2270 3604 randa
2313 3547 2574 3619 perﬁcere
2595 3591 2609 3615 ,
2655 3557 2713 3602 ut
2744 3546 2793 3601 id
2825 3546 2968 3616 quod
2997 3544 3189 3616 religio
3225 3545 3492 3615 postulat,
3525 3547 3699 3617 expli-

2102 3650 2256 3696 cetur
2277 3684 2290 3706 ,
2323 3652 2375 3696 et
2399 3641 2542 3712 quod
2573 3640 2748 3696 audiri
2776 3638 3027 3710 prohibet
3051 3641 3218 3706 ratio,
3250 3638 3429 3693 nullus
3454 3648 3695 3710 usurpet.

2103 3734 2366 3789 Divinitas
2419 3751 2517 3790 vos
2562 3744 2744 3790 servet
2789 3750 2885 3805 per
2941 3733 3139 3788 multos
3181 3748 3393 3800 annos,
3446 3742 3701 3802 parentes

2103 3827 2429 3884 charissimi.
2448 3829 2568 3882 Dat.
2583 3827 2758 3883 Vtkal.
2781 3826 3235 3895 Junias,Eusebio
3247 3826 3541 3898 etllypatio
3553 3840 3695 3884 coss.

996 3933 1011 3962 ¹
1039 3927 1375 3985 EPISTOLA
1407 3928 1620 3984 PRIMA
1660 3929 2102 3996 ARIMINENSIS
2138 3941 2387 3999 SYNODI
2426 3945 2520 4000 AD
2556 3943 3066 4000 CONSTANTIUM.

467 4028 562 4084 Dei
596 4027 807 4097 jussui,
842 4035 1044 4096 tuoque
1075 4025 1164 4095 pio
1194 4023 1374 4079 edicto
1409 4032 1666 4094 parentes
1710 4041 1831 4096 quae
1861 4027 1992 4083 olim

391 4120 732 4190 dogmatibus
762 4119 959 4174 tradita
990 4119 1060 4173 ita
1105 4132 1248 4182 esse,
1281 4125 1339 4172 ut
1368 4117 1564 4172 tradita
1592 4129 1741 4185 sunt,
1793 4121 1994 4176 nostris

391 4214 663 4286 suﬂ'ragiis
708 4213 1030 4269 stabilienda
1079 4210 1459 4282 judicavimus.
1509 4211 1642 4266 Nam
1690 4213 1995 4270 Ariminum

391 4324 460 4365 ex
479 4308 728 4364 munibus
744 4307 810 4362 ad
843 4306 1181 4362 occidentem
1210 4303 1725 4376 pOsitiscivitatibus
1749 4305 1802 4360 in
1827 4322 1994 4362 unum

390 4400 770 4464 convenimus,
797 4407 855 4453 ut
884 4397 1018 4452 ﬁdes
1037 4397 1319 4452 catholicae
1342 4395 1598 4451 Ecclesiae
1627 4411 1988 4467 cognoscere-

397 4503 502 4558 tur,
531 4503 587 4549 et
607 4493 698 4564 qui
743 4493 967 4547 alterius
1007 4491 1279 4562 opinionis
1324 4501 1530 4556 essent,
1570 4492 1839 4547 manifesti
1896 4494 1988 4548 lie-

394 4595 534 4644 rent.
565 4587 751 4657 Ibique
774 4596 894 4656 post
924 4585 1136 4655 longam
1164 4583 1608 4640 deliberationem
1644 4585 1846 4655 optima
1878 4586 1991 4639 visa

393 4690 477 4737 est
500 4696 564 4737 ea
591 4680 746 4747 ﬁdes,
777 4696 896 4750 qua:
933 4679 1192 4734 hactenus
1219 4693 1388 4748 usque
1432 4693 1459 4731 a
1492 4679 1685 4748 priscis
1736 4678 1995 4748 tempori-

395 4774 496 4829 bus
521 4771 859 4842 perduravit,
888 4787 1049 4842 quam
1077 4780 1130 4825 et
1169 4771 1465 4840 prophetas,
1522 4779 1578 4825 et
1622 4773 1988 4842 evangelistte,

393 4874 450 4920 et
473 4865 703 4935 aposmli
749 4879 845 4933 per
869 4865 1153 4918 Dominum
1195 4873 1438 4918 nostrum
1489 4863 1674 4919 .Iesum
1713 4864 1992 4920 Christum

392 4958 783 5029 praedicarunt,
816 4957 908 5026 qui
936 4966 1020 5011 est
1044 4957 1115 5010 tui
1147 4956 1359 5026 imperii
1392 4966 1593 5022 custos,
1637 4967 1690 5010 et
1717 4966 1820 5010 tua»
1843 4956 1992 5010 vale-

393 5050 596 5106 tudinis
627 5049 904 5104 defensor.
949 5048 1219 5104 Statutum
1258 5048 1549 5119 estigitur,
1599 5059 1657 5102 ut
1704 5063 1823 5103 eam
1867 5049 1996 5104 reti-

364 5155 589 5200 Incutes
618 5147 946 5207 coleremus,
992 5153 1044 5198 et
1074 5143 1316 5198 colentes
1345 5159 1515 5213 usque
1565 5143 1631 5198 ad
1672 5143 1830 5198 ﬁnem
1867 5158 1998 5198 con-

391 5255 762 5297 servaremus.
797 5238 1060 5293 lndeccus
1091 5238 1236 5293 enim
1279 5246 1334 5293 ct
1363 5237 1649 5300 nefatium,
1678 5237 1880 5308 aliquid
1928 5253 1996 5293 ex

395 5344 544 5389 recte
587 5342 641 5387 et
681 5332 828 5401 juste
865 5330 1136 5393 decretis,
1188 5339 1242 5383 et
1260 5345 1325 5384 ex
1381 5330 1571 5384 Nicaeae
1625 5329 1840 5399 publice
1875 5345 1996 5383 cum

357 5425 768 5482 -illustrissimo
823 5423 1066 5493 principe
1121 5421 1476 5477 Constantino
1531 5434 1684 5492 patre
1741 5432 1832 5476 tuo
1901 5437 1997 5489 per

398 5526 707 5573 accuratam
733 5515 1180 5571 deliberationem
1199 5515 1508 5570 constitutis
1533 5515 1819 5568 immutare
1839 5513 1997 5581 velle,

399 5610 454 5666 in
477 5611 674 5682 quibus
698 5619 845 5666 tanta
868 5607 1114 5664 doctrina
1147 5618 1232 5664 est
1269 5616 1323 5663 et
1354 5607 1661 5678 prudentia,
1689 5615 1746 5662 ut
1792 5622 1854 5662 ea
1886 5606 2002 5662 ubi-

493 5775 513 5818 ’
547 5774 736 5842 Exstat
753 5775 894 5860 apud
920 5773 1304 5850 Athanas.,'_de
1331 5770 1524 5856 synod,
1557 5807 1565 5839 ,‹

2015 4445 2069 4505 D

2174 4037 2252 4094 Ἐκ
2270 4061 2324 4096 τε
2356 4049 2446 4102 τῆς
2477 4047 2571 4096 τοῦ
2593 4047 2723 4097 Θεοῦ
2749 4041 3056 4104 ιελεύσεως,
3081 4043 3162 4095 καὶ
3190 4050 3282 4102 τῆς
3320 4050 3416 4103 σῆς
3440 4042 3706 4108 εὐσεϐείας

2103 4132 2539 4209 προστάγματος,
2574 4136 2640 4188 τά
2673 4135 2828 4189 πάλαι
2863 4131 3260 4207 δογματισθέντα
3296 4140 3590 4209 γεγενῆσθαι
3614 4158 3704 4191 πι-

2101 4229 2380 4300 στεύομεν⁸
2426 4231 2496 4288 εἰς
2542 4231 2645 4305 γάρ
2674 4229 2922 4304 ’Δρίμινον
2962 4227 3016 4282 ἔκ
3043 4235 3226 4284 πασῶν
3255 4236 3355 4284 τῶν
3385 4232 3516 4305 πρὸς
3553 4229 3702 4286 δύσιν

2100 4319 2321 4385 πόλεων,
2366 4322 2436 4380 εἰς
2464 4320 2520 4376 τὸ
2561 4323 2686 4375 αὐτὸ
2725 4323 2916 4378 πάντες
2960 4322 3225 4377 ἐπίσκοποι
3250 4323 3586 4395 συνήλθομεν,
3617 4325 3705 4381 ἵνα

2099 4417 2183 4466 καὶ
2211 4415 2240 4470 ἠ
2271 4415 2444 4473 πίστις
2483 4422 2574 4473 τῆς
2611 4414 2870 4474 καθολικῆς·
2917 4415 3184 4474 ἐκκλησίας
3222 4419 3471 4492 γνωρισθῇ
3496 4456 3510 4480 ,
3541 4420 3626 4471 καὶ
3655 4419 3703 4473 οἱ

2101 4509 2167 4562 τὰ
2229 4508 2406 4559 ναντία
2458 4511 2754 4580 φρονοῦντες
2807 4503 3002 4562 ἔκδηλοι
3047 4507 3313 4577 γένωνται’
3365 4512 3433 4568 ὡς
3475 4516 3576 4581 ’γὰρ
3618 4510 3704 4564 ἐπὶ

2099 4597 2335 4651 πλεῖστον
2383 4594 2782 4656 διασκοποῦντες
2834 4597 3134 4672 εὑρήκαμεν,
3185 4600 3402 4674 ἀρεστὸν
3435 4601 3584 4671 ἆφάνη
3609 4606 3701 4662 τήν

2097 4691 2274 4743 πίστιν
2300 4693 2388 4746 τήν
2417 4685 2625 4743 ἔκπαλαι
2655 4685 3012 4760 διαμένουσαν,
3053 4687 3112 4746 ἣν
3151 4693 3237 4743 καὶ
3262 4691 3309 4745 οἱ
3335 4701 3592 4764 προφῆται
3617 4697 3705 4750 καὶ

2099 4783 2165 4834 τὰ
2208 4781 2495 4853 εὐαγγέλια,
2540 4785 2624 4835 καὶ
2665 4783 2713 4834 οἱ
2751 4779 3028 4836 ἀπόστολοι
3075 4778 3158 4835 διὰ
3194 4790 3286 4836 τοῦ
3333 4788 3518 4862 Κυρίου
3562 4788 3704 4858 ἡμῶν

2099 4872 2260 4927 Ἰησοῦ
2277 4879 2500 4948 Χριστοῦ
2525 4873 2764 4948 ἐκήρυξαν
2781 4916 2793 4936 ,
2826 4879 2919 4927 τοῦ
2944 4877 3028 4928 καὶ
3055 4883 3146 4934 τῆς
3174 4875 3431 4947 βασιλείας
3457 4887 3703 4955 φρουροῦ,

2101 4966 2183 5017 καὶ
2208 4971 2300 5024 τῆς
2329 4970 2426 5022 σῆς
2453 4965 2662 5038 ῥώσεως
2686 4964 3020 5041 προστάτου,
3060 4968 3144 5022 ’ἱνα
3175 4971 3368 5026 ταύτην
3404 4971 3702 5040 κατασχόν-

2099 5077 2184 5116 τες
2211 5057 2534 5128 φυλάξωμεν,
2563 5061 2649 5112 καὶ
2677 5059 3010 5131 φυλάττοντες
3046 5063 3209 5135 μέχρι
3244 5063 3422 5122 τέλους
3461 5061 3702 5138 διατηρή-

2105 5171 2294 5221 σωμεν.
2327 5147 2518 5205 ἄτοπον
2553 5152 2650 5226 ’γὰρ
2673 5156 2756 5206 καὶ
2780 5154 3046 5223 ἀθέμιστον
3087 5155 3233 5228 ἐφάνη
3281 5162 3380 5208 τῶν
3420 5155 3580 5228 ὀρθῶς
3617 5156 3703 5208 καὶ

2104 5241 2303 5303 δικαίως
2350 5246 2642 5316 ὡρισμένων
2674 5269 2724 5301 τι
2749 5246 3148 5318 μεταλλάσσειν,
3179 5249 3262 5300 καὶ
3300 5253 3398 5300 τῶν
3427 5247 3473 5298 ἐν
3518 5248 3701 5321 Nimia;

2105 5343 2242 5408 κοινῇ
2288 5336 2417 5405 μετὰ
2463 5342 2556 5390 τοῦ
2611 5335 2928 5401 ἐνδοξοτάτου
2967 5359 3062 5391 σου
3108 5337 3302 5411 πατρὸς
3341 5339 3426 5390 καὶ
3451 5337 3705 5408 βασιλέως·

2104 5431 2481 5485 Κωνσταντίνου
2529 5432 2870 5501 ἐσκεμμένων,
2919 5427 2983 5483 ὧν
3032 5432 3061 5487 ri
3098 5427 3404 5484 διδασκαλία
3451 5451 3507 5484 τε
3537 5433 3620 5485 καὶ
3643 5430 3704 5486 τὸ

2105 5518 2336 5597 φρόνημα
2365 5520 2527 5578 διῆλθε
2558 5523 2642 5574 καὶ
2672 5522 2935 5595 ἐκηρύχθη
2962 5523 3031 5580 εἰς
3046 5522 3224 5582 πάσας
3251 5523 3527 5597 ἀνθρώπων
3547 5525 3704 5585 ἀκοάς

2107 5633 2161 5668 τε
2212 5617 2295 5666 καὶ
2341 5611 2587 5670 διανοίας-⁸
2645 5613 2755 5672 ἣτις
2803 5612 3078 5672 ἀντίπαλος
3128 5617 3252 5684 μονή
3297 5617 3383 5668 καὶ
3409 5614 3585 5693 ὀλετήρ
3616 5623 3712 5678 τῆς

2117 5703 2318 5782 ’Δρείου
2347 5703 2592 5781 αἱρέσεως
2624 5703 2816 5779 ὑπῆρξε
2835 5719 2846 5732 ·
2874 5701 2938 5759 δι’
2960 5701 3017 5766 ἧς
3042 5705 3099 5759 οὐ
3116 5705 3267 5776 μόνον
3294 5706 3443 5773 αὐτη,
3475 5706 3602 5765 ἀλλὰ
3623 5709 3713 5766 καὶ
