4194 6184
464 289 568 344 56⁸7

953 285 1391 344 MONUMENTA
1432 284 1717 343 VETERA
1757 284 1848 341 AD
1888 252 2299 340 ARIANOBUM
2339 279 2739 339 DOCTBINAM
2776 278 3257 338 PERTINENTIA.

3673 277 3781 335 568

465 423 573 481 que
600 406 962 480 depraedicata
993 404 1059 459 ad
1097 405 1335 461 omnium
1386 417 1546 459 aures
1600 402 2069 473 animosque-per-

2191 400 2421 478 ιίλοιπαὶ
2464 400 2686 477 αἱρέσεις
2719 399 3095 476 καθῃρέθησαν·
3128 400 3176 453 ἐν
3271 394 3430 461 ὅντως
3464 400 3631 456 καὶτὸ
3658 422 3784 478 προ-

466 505 832 572 νοιιοείι,ιιυω
856 502 970 556 sola
1001 500 1173 555 hostis
1204 509 1256 554 et
1286 496 1623 554 interfectrix
1649 495 1866 551 Arianae
1892 494 2066 550 haere-

467 613 614 661 scos,
640 603 694 650 et
725 610 821 665 per
848 608 1009 663 quam
1035 608 1141 647 non
1172 591 1263 645 illa
1285 590 1421 656 sola,
1453 588 1546 644 sed
1579 587 1801 656 reliquae
1831 587 2069 642 limreses

469 690 697 745 sublatae
726 696 883 743 sunt:
917 687 968 741 in
1000 702 1104 757 qua
1136 692 1289 741 certe
1327 693 1381 739 et
1406 682 1609 737 addere
1635 680 1859 751 aliquid,
1897 690 2067 734 teme-

466 784 668 838 rarium
693 791 797 847 est;
819 790 873 835 et
899 778 1134 845 auferre,
1169 776 1805 847 periculosum:quorum
1834 772 1879 828 si
1903 771 2069 826 alter-

469 884 647 929 utrum
708 874 820 941 ﬁat,
851 873 955 927 erit
992 870 1241 925 hoStibus
1268 866 1529 940 quidlibet
1558 865 1749 936 agendi
1784 864 1954 919 libera
1993 860 2072 918 [οε

470 971 665 1023 cultas.

547 1060 621 1114 De
662 1060 991 1113 damnatione
1041 1055 1245 1110 Ursacii
1302 1062 1349 1107 et
1388 1051 1638 1107 Valentis.
1676 1081 1744 1090 ——
1791 1050 1965 1118 Atque
2010 1061 2073 1101 ea

472 1156 540 1210 de
593 1169 752 1209 causa
796 1151 1052 1208 Ursacius
1108 1158 1164 1204 et
1217 1147 1435 1212 Valens,
1474 1142 1795 1214 jampridem
1842 1139 1973 1195 socii
2021 1149 2077 1195 et

473 1248 855 1317 astipulatores
918 1244 1102 1299 Ariani
1158 1240 1455 1311 dogmatis,
1511 1254 1539 1292 a
1599 1247 1780 1292 nostra
1836 1250 2077 1290 commu-

476 1344 674 1404 nione,
725 1337 993 1393 sententia
1035 1336 1189 1400 data,
1237 1330 1503 1403 segregati
1548 1329 1700 1384 fuere
1740 1347 1752 1382 :
1812 1343 1971 1397 quam
2023 1335 2079 1381 ut

418 1416 425 1423 ’
476 1436 655 1489 denuo
684 1438 1104 1501 recuperarent,
1148 1427 1216 1483 de
1255 1424 1494 1496 peccatis
1528 1424 1663 1485 suis,
1695 1422 1746 1476 in
1779 1421 1975 1492 quibus
2020 1434 2079 1475 se

477 1527 729 1582 conscius
758 1522 1163 1594 agnoscebant,
1207 1517 1577 1590 pcenitentiam
1628 1516 1949 1584 veniamque
1980 1527 2078 1583 po-

476 1620 751 1673 stularunt
792 1627 847 1670 ut
876 1630 1063 1669 eorum
1096 1610 1417 1684 syngrapha:
1461 1618 1767 1664 testantur:
1820 1616 1874 1661 et
1919 1605 1990 1660 ob
2030 1604 2080 1659 id

482 1713 587 1769 illis
610 1712 763 1767 venia
787 1711 1065 1783 gratiaque
1099 1707 1418 1762 delictorum
1458 1703 1594 1758 facta
1614 1712 1717 1757 est.
1753 1700 1879 1755 llaec
1900 1708 2079 1755 autem

2173 496 2363 549 σθεῖναί
2388 516 2439 549 τι
2467 493 2737 571 σφαλερὸν,
2765 493 2930 547 καὶτὸ
2954 492 3236 565 σφαλέσθαι
3262 491 3575 549 ἐπικίνδυνον
3610 494 3783 574 ὑπάρ.

2174 607 2283 657 χει.
2318 587 2387 646 ὡς
2424 582 2567 660 εἴπερ
2602 588 2687 639 καί
2726 586 2932 662 θάτερον
2967 585 3181 658 γένοιτο,
3218 582 3369 640 ἔσται
3413 594 3523 648 τοῖς
3570 588 3784 667 ἐχθροῖς

2174 673 2321 731 ἄδεια
2344 682 2435 732 τοῦ
2468 683 2631 731 ποιεῖν
2653 673 2787 750 ἅπερ
2815 675 3078 747 βούλοιντο
3102 690 3113 703 '
3144 674 3252 729 ὅθεν
3293 676 3581 753 Οὑρσάκιός
3611 701 3665 735 τε
3706 686 3784 736 καί

2175 767 2369 827 Οὐάλης
2408 765 2581 826 ἐπειδή
2626 764 2843 822 ἔκπαλαι
2882 769 3099 838 μέτοχοί
3138 788 3192 821 τε
3236 772 3324 822 καί
3366 771 3659 847 σύμφρονες
3693 780 3783 829 τοῦ

2176 862 2464 937 ἀρειανικοῦ
2494 856 2749 933 δόγματος
2775 856 2904 918 ἦσαν
2930 856 3294 922 καθεστηκότες
3312 903 3325 927 ,
3364 866 3447 917 καὶ
3480 872 3573 924 τῆς
3608 866 3787 937 ἡμετέ-

2177 973 2273 1028 ρας
2308 953 2565 1011 κοινωνίας
2610 952 2961 1027 χωρισθέντες
3002 953 3394 1025 ἀπεφάνθησαν.
3431 952 3490 1017 ἧς
3517 957 3597 1011 ἵνα
3626 961 3786 1029 μετά-

2178 1067 2413 1117 σχωσιν,
2448 1044 2519 1118 ἐφ’
2546 1041 2618 1108 οἷς
2646 1046 2850 1108 ἑαυτοῖς
2874 1050 3278 1119 συνεγνώκεισαν
3301 1049 3786 1122 πλημμελήσαντες,

2177 1140 2453 1211 μετανοίας
2500 1160 2555 1195 τε
2598 1142 2681 1193 καί
2727 1142 3034 1213 συγγνώμης
3064 1142 3233 1205 ἠξίουν
3262 1150 3467 1213 τυχεῖν,
3500 1145 3568 1205 ὡς
3609 1150 3696 1201 καὶ
3720 1150 3790 1203 τά

2181 1234 2411 1312 ἔγγραφα
2456 1236 2523 1289 τά
2570 1235 2659 1290 ὑπ’
2704 1237 2900 1291 ἐκείνων
2946 1238 3253 1310 γεγενημένα
3303 1247 3587 1313 μαρτυρεῖ,
3626 1240 3690 1295 δι’
3719 1239 3788 1296 ὧν

2182 1326 2421 1382 ἁπάντων
2451 1324 2603 1401 φειδὼ
2627 1326 2894 1400 γεγένηται
2915 1368 2928 1391 ,
2958 1331 3039 1382 καί
3066 1335 3166 1383 τῶν
3196 1329 3521 1401 ἐγκλημάτων
3558 1336 3792 1405 συγγνώο

2181 1443 2271 1493 μή.
2302 1418 2359 1480 ἦν
2389 1418 2441 1474 δέ
2468 1419 2493 1473 ό
2524 1422 2695 1492 καιρὸς
2721 1421 2825 1475 καθ’
2855 1417 2908 1474 όν
2945 1428 3113 1476 ταῦτα
3147 1422 3453 1497 ἐπράττετο,
3494 1422 3576 1479 ὅτε
3618 1428 3667 1480 ἐν
3693 1438 3792 1482 Με-

2184 1512 2396 1585 διολάνῳ
2421 1514 2477 1569 τὸ
2500 1512 2763 1589 συνέδριον
2791 1523 2885 1575 τῆς
2906 1512 3119 1570 συνόδου
3163 1527 3536 1594 συνεκροτεῖτο’
3576 1541 3791 1592 συμπα-

2184 1607 2373 1683 ρόντων
2398 1605 2453 1661 δέ
2478 1608 2565 1661 καί
2587 1612 2688 1660 τῶν
2716 1605 3083 1685 πρεσϐυτέρων
3099 1616 3191 1669 τής
3214 1607 3474 1682 Ῥωμαίων
3504 1612 3789 1673 ἐκκλησίας.

2187 1701 2455 1775 ἐγνωκότες
2483 1698 2537 1755 δέ
2560 1700 2666 1772 ἅμα
2690 1703 2769 1755 καί
2793 1702 2879 1755 τόν
2904 1704 3035 1772 μετά
3056 1708 3147 1762 τήν
3168 1704 3404 1763 τελευτήν
3430 1702 3565 1769 ἄξιον
3590 1711 3795 1779 μνήμης

477 1822 574 1877 per
605 1806 657 1860 id
687 1803 944 1874 temporis
987 1804 1121 1856 facta
1152 1810 1296 1865 sunt,
1340 1813 1464 1852 eum
1511 1794 1800 1852 Mediolani
1835 1793 2077 1866 synodus

2191 1802 2596 1856 Κωνσταντῖνον,
2628 1795 2761 1864 μετά
2784 1796 2958 1855 πάσης
2979 1796 3262 1871 ἀκριϐείας,
3287 1801 3377 1851 καί
3397 1799 3677 1862 ἐξετάσεως
3702 1806 3793 1858 τήν

480 1901 533 1954 in
585 1913 901 1954 consessum
944 1896 1087 1961 ibat,
1147 1893 1509 1965 przesentibus
1564 1891 1761 1946 ibidem
1819 1889 2080 1944 Romana:

480 1992 737 2048 Ecclesiae
772 1988 1109 2061 presbyteris
1136 2006 1148 2043 :
1178 1986 1384 2057 fuitque
1407 1984 1640 2056 proinde
1672 1982 1831 2038 nobis
1859 1997 2079 2053 persua-

482 2087 782 2151 sissimum,
816 2082 1058 2153 iniquum
1111 2096 1255 2145 esse,
1305 2094 1429 2134 cum
1472 2079 1767 2148 imperator
1811 2076 2083 2132 Constans

482 2179 549 2231 ab
573 2178 721 2231 obitu
747 2191 845 2231 suo
876 2176 1072 2245 dignus
1101 2174 1247 2227 omni
1282 2170 1542 2226 memoria
1576 2172 1712 2225 hanc
1742 2170 1904 2225 ﬁdem
1936 2169 2084 2225 omni

482 2286 607 2324 cura
634 2282 686 2325 et
712 2268 987 2338 diligentia
1014 2267 1378 2335 conscriptam
1413 2262 1792 2333 promulgarit,
1827 2271 1937 2317 tum
1984 2262 2080 2317 de-

484 2378 628 2416 mum
659 2378 725 2416 ex
747 2374 853 2429 quo
872 2358 963 2414 ille
993 2358 1313 2427 baptizatus,
1339 2371 1401 2411 ex
1439 2354 1746 2408 hominibus
1766 2354 1819 2409 in
1845 2354 2085 2425 requiem

487 2454 586 2508 sibi
620 2453 857 2507 debitam
892 2450 1187 2505 translatus
1219 2457 1327 2515 est,
1364 2445 1567 2517 aliquid
1594 2446 1716 2499 novi
1765 2446 1816 2499 in
1860 2460 1921 2499 ea
1982 2442 2088 2500 ﬁde

489 2547 665 2601 moliri
700 2546 863 2611 velle,
890 2554 943 2599 et
972 2552 1051 2598 tot
1087 2552 1308 2597 sanctos
1336 2540 1678 2595 contessores
1717 2545 1772 2592 et
1821 2547 2089 2609 martyres

487 2639 645 2709 hujus
675 2638 856 2709 placiti
879 2638 1177 2709 scriptores
1211 2642 1572 2701 auctoresque
1596 2641 1967 2695 contemnere,
1999 2630 2091 2700 qui

489 2747 588 2802 pro
636 2731 810 2785 veteri
868 2729 1009 2799 lege,
1045 2728 1259 2797 rituque
1310 2722 1677 2791 Ecclesim,iu
1712 2738 1774 2778 ea
1824 2722 2090 2777 sententia

494 2837 880 2894 permansere:
906 2836 1133 2892 quorum
1174 2818 1333 2873 tidem
1365 2817 1507 2871 Deus
1538 2830 1633 2885 per
1656 2813 1945 2869 Dominum
1997 2812 2092 2868 Je-

491 2930 610 2969 sum
642 2904 920 2968 Christum
969 2913 1021 2967 iu
1054 2920 1297 2981 tempora
1334 2907 1409 2962 tui
1434 2906 1649 2978 imperii
1701 2905 1963 2961 contulit:
2000 2919 2095 2975 per

492 3024 652 3079 quem
679 3009 750 3061 ita
781 3007 891 3060 late
912 3020 1107 3076 regnas
1128 3047 1141 3070 ,
1184 3013 1243 3058 ut
1269 3004 1430 3058 etiam
1460 3011 1649 3056 nostro
1688 3000 1807 3055 orbi
1834 2999 2090 3069 imperes.

567 3100 648 3156 De
700 3100 1045 3154 inconstantia
1102 3096 1309 3151 Ursacii
1364 3104 1410 3149 et
1474 3094 1728 3148 Valentis.
1776 3122 1848 3132 —
1898 3092 2097 3147 Verum

2186 1896 2577 1964 συγγραφεῖσαν
2619 1892 2800 1943 πίστιν
2840 1888 3166 1944 ἐκτεθεικότα’
3216 1887 3391 1948 ἐπειδή
3427 1887 3482 1944 δέ
3521 1892 3589 1950 ὡς
3621 1892 3673 1955 ἐξ
3704 1893 3794 1947 ἀν·-

2183 1983 2397 2055 θρώπων
2440 1982 2635 2053 ἐγένετο
2681 1981 3007 2056 βαπτισθεὶς.
3057 1983 3141 2034 καί
3178 1982 3308 2054 πρὸς
3346 1987 3437 2040 τήν
3477 1981 3794 2055 ὀφειλομένην

2186 2075 2382 2147 εἰρήνην
2408 2073 2764 2147 ἀνεχώρησεν,
2789 2068 2981 2126 ἄτοπον
3008 2072 3315 2144 ἐνομίσαμεν
3334 2067 3461 2127 εἶναι
3482 2073 3594 2145 μετ’
3615 2074 3797 2130 ἐκεῖνόν

2184 2185 2235 2218 τι
2256 2165 2682 2234 καινοτομεῖν,καί
2702 2164 2988 2223 τοσούτους
3012 2162 3199 2235 ἁγίους
3225 2162 3539 2235 ὁμολογητάς
3560 2168 3644 2219 καί
3669 2168 3801 2243 μάρ-

2188 2277 2349 2331 τυρας
2369 2296 2384 2321 ,
2424 2258 2545 2317 τοὺς
2585 2259 2670 2310 καὶ
2705 2253 2854 2311 τοῦδε
2884 2261 2976 2311 τοῦ
3010 2252 3267 2329 δόγματος
3298 2266 3614 2329 συγγραφεῖς
3641 2279 3694 2314 τε
3720 2265 3805 2314 καί

2190 2350 2403 2425 εὑρετὰς
2425 2347 2708 2421 ὑπεριδεῖν·
2733 2350 2779 2403 οἷ
2804 2369 2936 2411 τινες
2968 2351 3103 2405 κατά
3126 2350 3211 2403 τόν
3236 2349 3449 2405 παλαιὸν
3482 2358 3574 2411 τῆς
3604 2352 3803 2408 καθολι-

2190 2453 2279 2504 κῆς
2307 2444 2574 2504 ἐκκλησίας
2595 2443 2804 2515 θεσμὸν,
2846 2440 3053 2498 ἅπαντα
3094 2448 3398 2519 φρονοῦντες
3435 2442 3804 2517 διαμεμενήκα-

2192 2553 2293 2592 σιν·
2320 2532 2432 2590 ὧνό
2458 2536 2583 2596 Θεὸς
2617 2540 2707 2595 τήν
2731 2539 2908 2591 πίστιν
2932 2538 3015 2590 καί
3044 2537 3114 2595 εἰς
3141 2538 3263 2597 τοὺς
3302 2538 3427 2597 σούς
3459 2536 3681 2608 χρόνους
3704 2546 3797 2600 τῆς

2192 2630 2462 2701 βασιλείας
2488 2627 2758 2701 μετέδωκε,
2780 2625 2865 2684 διά
2890 2634 2984 2684 τοῦ
3004 2630 3188 2702 Κυρίου
3209 2630 3349 2700 ἡμῶν
3369 2627 3537 2688 Ἰησοῦ
3553 2637 3800 2705 Χριστοῦ,

2194 2723 2258 2780 δι’
2286 2720 2345 2777 οὗ
2375 2744 2458 2778 σοι
2471 2725 2559 2777 καί
2578 2723 2635 2777 τό
2650 2722 2941 2794 βασιλεύειν
2961 2720 3123 2783 οὕτως
3144 2722 3385 2798 ὑπῆρξεν,
3407 2725 3474 2783 ὡς
3486 2726 3572 2776 καί
3587 2732 3678 2783 τῆς
3696 2722 3805 2779 καθ’

2196 2818 2629 2888 ήμᾶςοίκουμένης
2641 2823 2865 2891 κρατεῖν’
2892 2815 3041 2870 πάλιν
3058 2820 3180 2888 γοῦν
3203 2815 3251 2869 οἰ
3273 2814 3485 2870 ἀλεεινοί
3503 2819 3584 2870 καί
3609 2820 3805 2893 οἰκτροί

2198 2917 2272 2982 τῷ
2292 2912 2595 2984 φρονήματι,
2610 2909 2865 2980 ἀθεμίστῳ
2889 2912 3169 2986 φρονήματι
3192 2916 3284 2967 τῆς
3310 2906 3601 2970 δυσσεϐοῦς
3618 2914 3805 2983 φρονή-

2200 3022 2353 3065 σεως,
2398 3006 2616 3078 κήρυκας
2656 3000 2875 3061 ἐαηδτοὺς
2927 3000 3254 3074 ἀνήγγειλαν,
3305 3002 3393 3054 καί
3441 3002 3807 3077 ἐπιχειροῦσιν

2202 3096 2506 3171 ἀνατρέπειν
2527 3099 2632 3149 πᾶν
2661 3095 2719 3149 τὸ
2748 3101 2839 3154 τῆς
2868 3093 3103 3154 ἀληθείας
3132 3095 3425 3168 σύνταγμα·
3458 3096 3525 3153 ὡς
3549 3095 3651 3168 γὰρ
3676 3098 3810 3152 κατά

492 3196 672 3249 denuo
717 3194 904 3249 miseri
950 3192 1036 3247 isti
1086 3190 1351 3261 deplorati
1397 3189 1608 3255 animi,
1666 3187 1877 3242 nefario
1924 3200 2086 3252 ausu,

2198 3188 2255 3243 τό
2285 3188 2372 3241 σὸν
2401 3184 2717 3261 πρόσταγμα
2763 3187 2820 3241 τὸ
2866 3183 3129 3261 συνέδριον
3176 3193 3267 3245 τῆς
3308 3182 3527 3240 συνόδου
3561 3207 3807 3262 συνεκρο-

491 3287 675 3358 impia:
706 3287 993 3341 sententia:
1021 3299 1143 3339 sese
1173 3296 1447 3352 praecones
1476 3280 1766 3335 ostendunt
1786 3323 1799 3347 ,
1830 3290 1883 3335 et
1914 3280 2093 3334 omnia

493 3381 738 3435 veritatis-
760 3379 980 3433 decreta
1019 3376 1330 3431 convellere
1357 3376 1618 3429 nituntur.
1661 3373 1740 3428 Eo
1767 3373 1909 3428 enim
1954 3382 2092 3428 tem-

493 3486 661 3542 pore,
713 3485 821 3540 quo
872 3484 969 3539 pro
1021 3479 1112 3523 tuo
1141 3468 1323 3524 edicto
1368 3467 1607 3539 synodus
1640 3466 1951 3537 cogebatur,
1993 3466 2093 3535 ipsi

496 3565 705 3621 fraudis
736 3580 849 3619 sua:
887 3564 1114 3618 consilia
1157 3562 1503 3617 denudarunt
1536 3578 1548 3614 :
1582 3562 1761 3617 conati
1788 3561 1933 3617 enim
1972 3569 2096 3616 sunt

500 3676 600 3731 per
631 3660 914 3714 vafriciem
967 3668 1020 3713 et
1071 3657 1380 3721 tumultum,
1414 3672 1535 3710 eum
1582 3656 1745 3710 sociis
1788 3656 1939 3710 istius
1984 3654 2095 3710 fac-

495 3754 695 3819 tionis,
759 3753 1080 3818 Gcrminio,
1140 3751 1444 3816 Auxentio,
1506 3747 1680 3817 Caio,
1721 3750 2094 3804 contentiones

493 3848 902 3918 diseordiasque
933 3846 1323 3902 seminantibus
1344 3889 1358 3909 ,
1403 3860 1569 3899 novas
1600 3859 1686 3899 res
1731 3843 1926 3897 facere.
1952 3842 2096 3909 Quo-

494 3958 614 3994 rum
679 3940 927 3993 doctrina
1000 3954 1100 3993 una
1166 3937 1464 4005 eademque
1519 3950 1682 3989 omne
1741 3948 1912 4003 genus
1975 3933 2093 3987 bla-

495 4031 867 4101 Sphemiarum
912 4038 1151 4100 superat.
1187 4028 1283 4083 Ubi
1317 4037 1494 4081 autem
1540 4026 1805 4091 viderent,
1838 4040 1942 4081 non
1974 4040 2094 4080 esse

497 4122 567 4176 ibi
603 4122 850 4176 homines
901 4120 1143 4189 ejusdem
1198 4119 1384 4184 studii,
1442 4133 1618 4187 neque
1666 4118 1880 4172 illorum
1918 4117 2095 4186 pravis

496 4212 783 4268 sententiis
838 4212 1283 4281 astipularentur,
1318 4210 1369 4263 in
1400 4218 1644 4263 nostrum
1700 4208 1985 4262 censilium
2035 4221 2095 4262 se

496 4305 921 4371 transtulerunt,
966 4315 1021 4358 ut
1050 4302 1362 4358 viderentur
1391 4301 1537 4356 aliud
1584 4301 1858 4371 quippiam
1889 4299 2094 4356 scribe—

494 4416 588 4454 re:
622 4399 716 4454 scd
741 4400 839 4470 ipsi
865 4414 971 4453 non
997 4399 1066 4453 ita
1097 4397 1188 4452 diu
1224 4406 1409 4467 postea
1443 4396 1683 4451 animum
1714 4409 1869 4450 suum
1910 4405 2093 4449 osten-

492 4496 710 4551 derunt.
746 4495 825 4551 Ne
848 4496 1007 4566 igitur
1028 4510 1114 4551 res
1141 4494 1523 4549 ecclesiastica:
1567 4493 1617 4547 in
1670 4490 1887 4548 easdem
1922 4491 2093 4547 mole-

2198 3288 2336 3334 τεῖτο
2359 3320 2373 3343 ,
2404 3281 2629 3332 κάκεῖνον
2658 3286 2749 3338 τῆς
2789 3275 2921 3338 ἰδίας
2952 3279 3155 3338 ἀπάτης
3202 3279 3451 3351 ἐγύμνουν
3478 3283 3568 3337 τήν
3596 3279 3806 3350 σκέψιν·

2200 3374 2477 3447 ἐπειρῶντο
2501 3374 2598 3447 γὰρ
2627 3373 2918 3446 πανουργίᾳ
2950 3374 3049 3427 τινὶ
3074 3374 3156 3425 καί
3184 3379 3398 3447 ταραχῇ
3435 3374 3811 3447 προσφέροντες

2200 3489 2250 3522 τι
2288 3473 2609 3540 καινοτομεῖν
2649 3476 2740 3527 τῆς
2761 3468 3001 3526 τοιαύτης
3031 3465 3258 3542 ἑτεροίας
3288 3467 3409 3526 τοὺς
3436 3466 3812 3539 συναλισκομέ-

2200 3581 2335 3623 νους,
2366 3560 2621 3635 εὑρόντες,
2652 3564 2945 3635 Γερμήνιον,
2969 3559 3227 3623 Λὺξέντιον
3258 3561 3341 3612 καί
3359 3562 3526 3623 Γάῖον,
3565 3560 3686 3619 τούς
3709 3566 3806 3620 τήν

2199 3650 2335 3729 ἔριν,
2388 3657 2475 3708 καὶ
2522 3648 2869 3724 διχοστασίαν
2916 3654 3161 3725 ἐμποιοῦν
3210 3648 3399 3713 τας.ὦν
3434 3654 3464 3710 ri
3504 3650 3809 3709 διδασκαλία

2197 3749 2290 3816 μία
2320 3748 2410 3817 μέν
2442 3739 2598 3811 οὖσα,
2626 3750 2729 3801 πᾶν
2760 3746 2943 3807 πλῆθος
2966 3746 3296 3817 βλασφημιῶν
3324 3745 3691 3817 ὑπερϐέϐηκεν·
3736 3750 3808 3808 ὡς

2198 3837 2252 3893 δέ
2301 3836 2529 3893 συνεῖδον
2574 3840 2697 3910 οὑχί
2734 3848 2826 3899 τῆς
2864 3841 3023 3899 αὑτῆς
3066 3841 3413 3915 προαιρέσεως
3455 3836 3626 3899 ὄντας.
3677 3837 3803 3895 οὔτε

2198 3929 2675 4002 ὁμογνωμονοῦντας
2702 3930 2773 4004 ἐφ’
2798 3929 2873 3992 οἷς
2898 3940 3065 3995 κακῶς
3096 3933 3350 4008 ἐφρόνουν,
3380 3934 3452 3994 εἰς
3476 3933 3533 3988 τὸ
3564 3932 3774 4005 συμϐού
3790 3967 3804 3975 ο

2196 4024 2297 4077 λιον
2337 4026 2480 4094 ἡμῶν
2506 4028 2792 4097 μετήγαγον
2823 4026 3063 4086 ἑαυτούς,
3092 4028 3160 4085 ὡς
3185 4024 3346 4080 δοκεῖν
3372 4026 3543 4101 ἕτερον
3570 4027 3798 4103 γράφειν’

2196 4112 2253 4173 ἧν
2273 4113 2326 4170 δέ
2353 4114 2378 4170 ό
2407 4117 2577 4188 καιρός
2610 4117 2844 4192 βραχὺς,
2875 4116 2900 4171 6
2928 4122 3013 4172 καί
3038 4120 3131 4178 τὰς
3162 4121 3367 4191 γνώμας
3409 4121 3572 4173 αὑτῶν
3610 4119 3805 4190 ἐξελέγ-

2198 4224 2332 4281 χων·
2356 4211 2437 4265 ἶνα
2459 4214 2529 4283 μή
2553 4204 2644 4265 οὖν
2696 4216 2765 4282 μή
2812 4220 2917 4270 τοῖς
2961 4212 3132 4270 αὑτοῖς
3173 4214 3253 4265 ἀεὶ
3293 4213 3359 4266 τά
3404 4220 3496 4271 τῆς
3538 4210 3806 4270 ἐκκλησίας

2198 4306 2506 4380 περιπίπτῃ,
2539 4308 2623 4358 καὶ
2649 4310 2865 4380 ταραχή
2886 4308 2973 4359 καὶ
2998 4303 3213 4379 θόρυϐος
3242 4300 3621 4375 κυλινδούμενος
3644 4301 3803 4357 ἅπαν-

2196 4419 2259 4452 τα
2282 4398 2512 4471 συγχέῃ,
2563 4396 2769 4467 βέϐαιον
2814 4394 2965 4470 ἐφάνη
3006 4396 3071 4450 τὰ
3112 4395 3271 4450 πάλαι
3302 4396 3580 4470 ὡρισμένα,
3610 4393 3805 4467 ἴμμονα

2198 4492 2281 4543 καί
2328 4492 2675 4561 ἀμετακίνητοι
2717 4486 3085 4561 διαφυλάττειν’
3135 4490 3255 4549 τοὺς
3292 4487 3345 4543 δέ
3372 4490 3803 4564 προειρημένους,

493 4590 628 4645 stias
652 4588 869 4655 cadant,
897 4604 1032 4645 neve
1061 4588 1296 4643 turbatio
1321 4597 1376 4643 et
1404 4587 1665 4643 tumultus
1692 4587 1872 4643 denuo
1911 4587 2086 4643 omnia

2200 4582 2299 4635 ἀπὸ
2317 4589 2409 4641 τῆς
2432 4582 2678 4657 ἡμετέρας
2699 4582 2952 4640 κοινωνίας
2974 4581 3422 4657 ἀποκεχωρίσθαι.
3448 4579 3514 4635 δι’
3534 4582 3593 4639 ἣν
3612 4583 3803 4646 αἰτίαν,

495 4678 735 4733 involvat
762 4688 819 4733 et
868 4679 1185 4746 confundat;
1218 4689 1534 4735 constanter
1578 4680 1751 4733 visum
1796 4687 1916 4741 est,
1960 4678 2088 4732 olim

494 4766 714 4821 decreta
742 4784 838 4838 pro
865 4770 1118 4839 legitimis
1147 4771 1470 4825 inconcusse
1498 4768 1786 4837 servanda,
1819 4779 1871 4824 et
1900 4769 2031 4826 istos
2059 4785 2089 4825 a

496 4866 683 4912 nostra
706 4863 1087 4915 communione
1116 4861 1517 4916 submovendas
1546 4875 1689 4917 esse.

576 4949 651 5005 De
680 4952 934 5024 legatione
970 4956 1038 5007 ad
1077 4954 1431 5007 Constantium
1464 4956 1732 5011 missa.—
1765 4958 1936 5027 Atque
1972 4954 2093 5011 ideo

499 5047 709 5117 legatos
734 5057 948 5101 nostros
971 5047 1036 5102 ad
1064 5061 1208 5103 tuam
1240 5048 1546 5119 aequitatem
1572 5050 1839 5115 misimus,
1874 5049 1968 5120 qui
1999 5048 2092 5103 tibi

496 5140 822 5194 sententiam
877 5139 1069 5212 synodi
1124 5156 1193 5196 ex
1242 5142 1475 5210 epistola
1506 5142 1899 5197 ostenderent:
1935 5142 2096 5211 idque

494 5233 684 5302 legatis
718 5233 917 5289 nostris
964 5243 1093 5289 ante
1138 5235 1322 5288 omnia
1362 5218 1674 5289 mandatum
1731 5243 1836 5299 est,
1866 5244 1924 5290 ut
1954 5236 2097 5290 veri-

497 5334 661 5379 tatem
720 5326 911 5394 priscis
947 5337 1006 5381 et
1055 5326 1217 5397 justis
1276 5341 1456 5379 rerum
1493 5326 1912 5394 allegationibus
1967 5343 2095 5395 pro-

498 5414 722 5482 barent,
762 5426 818 5472 et
874 5428 977 5472 tua:
1022 5417 1295 5473 sanctitati
1336 5418 1710 5484 ostenderent,
1753 5418 1896 5487 quod
1948 5433 2087 5483 non,

496 5509 953 5574 quemadmodum
1014 5509 1270 5566 Ursacius
1312 5518 1367 5565 ct
1405 5510 1603 5565 Valens
1650 5508 1938 5580 inquiunt,
1989 5525 2091 5579 pax

497 5596 674 5652 futura
726 5602 817 5665 sit,
872 5602 917 5656 si
962 5602 1139 5673 aliqua
1180 5620 1248 5658 ex
1298 5604 1459 5659 rebus
1484 5603 1647 5673 justis
1686 5601 2089 5659 subvertantur.

496 5686 630 5741 Nam
682 5695 951 5759 quomodo
991 5697 1211 5763 paciﬁce
1242 5712 1402 5767 agere
1464 5696 1857 5777 poterunt,‘qui
1905 5710 2090 5767 pacem

496 5780 735 5835 tollunt?
789 5784 880 5837 sed
936 5791 1113 5853 potlus
1179 5788 1304 5843 inde
1359 5780 1761 5845 contentionem
1830 5776 2094 5845 turbatio-

2199 4676 2323 4735 τούς
2352 4670 2747 4735 ἀναδιδάξαντας
2796 4672 3044 4745 πρέσϐεις
3093 4674 3222 4747 πρὸς
3263 4678 3353 4731 τήν
3395 4677 3491 4731 σήν
3529 4675 3805 4727 ἐπιείκειαν

2200 4768 2611 4839 ἀπεστάλκαμεν,
2639 4773 2731 4827 τήν
2754 4770 2954 4843 γνώμην
2981 4774 3070 4825 τοῦ
3126 4766 3393 4845 συνεδρίου
3454 4766 3540 4823 διά
3575 4776 3669 4829 τῆς
3696 4768 3809 4823 ἐπι-

2202 4862 2389 4922 στολῆς
2418 4862 2759 4932 μηνύσοντας·
2806 4869 2915 4922 τοῖς
2942 4882 2998 4934 γε
3027 4859 3411 4936 πρεσϐεύουσι,
3453 4861 3554 4935 πρό
3591 4881 3649 4934 γε
3672 4861 3805 4916 πάν·

2197 4974 2299 5009 των
2353 4959 2503 5010 τοῦτο
2531 4953 2977 5030 παρακελευόμεθα
3027 4954 3088 5008 τό
3129 4961 3219 5012 τήν
3258 4955 3485 5014 ἀλήθειαν
3534 4957 3804 5011 πιστώσα-

2202 5048 2339 5109 σθαι,
2366 5047 2420 5100 ἐκ
2441 5053 2541 5101 τῶν
2570 5046 2726 5101 πάλαι
2752 5047 2990 5120 ἀρχαίων
3019 5048 3104 5101 καί
3132 5044 3336 5101 δικαίων
3365 5046 3695 5123 ὁρμωμένους
3714 5088 3728 5111 ,
3756 5048 3802 5102 οἰ

2199 5144 2286 5194 καί
2332 5145 2423 5199 τήν
2467 5145 2561 5199 σήν
2617 5137 2963 5203 ἀναδείξουσιν
3015 5136 3285 5205 ὁσιότητα,
3341 5139 3419 5196 ὅτι
3461 5139 3585 5212 οὐχ’
3625 5142 3804 5218 ὥσπερ

2197 5230 2386 5303 ἔφησαν
2433 5231 2719 5306 Οὑρσάκιός
2770 5251 2825 5286 τε
2872 5234 2956 5285 καί
3001 5232 3230 5294 Οὑόιλης.
3256 5228 3405 5287 ἔσται
3431 5234 3621 5307 εἰρήνη,
3656 5230 3801 5305 εἴπερ

2198 5344 2250 5377 τι
2274 5330 2373 5378 τῶν
2407 5321 2612 5377 δικαίων
2661 5325 2998 5398 ἀνατραπείη*
3046 5331 3157 5384 πῶς
3202 5324 3303 5399 γὰρ
3349 5326 3546 5400 εἰρήνην
3598 5320 3700 5378 οἶόν
3747 5345 3802 5379 τε

2196 5413 2363 5488 ἄγειν,
2391 5420 2513 5477 τοὺς
2540 5424 2631 5476 τήν
2676 5420 2871 5495 εἰρήνην
2917 5418 3298 5483 καταλύονταςς
3336 5418 3525 5491 μᾶλλον
3554 5420 3657 5493 γάρ
3698 5417 3804 5493 ἔρις

2196 5513 2281 5564 καί
2308 5516 2520 5587 ταραχή
2566 5513 2618 5566 ἐκ
2656 5514 2853 5567 τούτων
2884 5513 2980 5565 σὺν
2998 5518 3113 5573 ταῖς
3136 5512 3337 5571 λοιπαῖς
3381 5512 3583 5575 πόλεσι,
3630 5514 3717 5564 καί

2197 5601 2450 5674 Ῥωμαίων
2488 5603 2721 5677 ἐκκλησίᾳ
2748 5606 3033 5675 γενήσεται·
3070 5600 3147 5657 διὸ
3176 5600 3229 5657 δέ
3268 5605 3355 5657 καί
3394 5600 3683 5675 ἱκετεύομεν
3711 5606 3801 5661 τήν

2197 5700 2291 5754 σήν
2339 5697 2644 5761 ἐπιείκειαν,
2702 5697 2785 5749 ’ἱνα
2828 5696 3136 5771 προσηνέσιν
3182 5697 3359 5757 ἀκοαῖς
3407 5699 3491 5749 καί
3540 5695 3799 5767 γαληναίῳ

2198 5789 2457 5859 βλέμματι
2485 5791 2551 5843 τὰ
2576 5794 2667 5847 τῆς
2694 5790 2947 5865 ἡμετέρας
2982 5788 3266 5864 πρεσϐείας
3305 5789 3601 5863 ἀθρήσειαε,
3630 5784 3702 5857 μὴ
3742 5792 3795 5842 τι
