4194 6184
394 332 499 387 56‘?)

900 326 1337 386 MONUMENTA
1379 327 1663 384 VETERA
1702 326 1794 383 AD
1834 326 2243 385 ARIANORUM
2278 327 2674 387 DOCTRINAM
2712 330 3198 389 PERTINENTIA.

3596 334 3702 389 570

393 461 627 517 nemque
652 453 763 501 tum
803 445 1027 516 reliquis
1055 445 1384 509 civitatibus,
1430 453 1542 499 tum
1586 443 1848 499 Romana:
1878 444 2033 506 urbi.

2117 450 2233 525 τρὸς
2260 446 2407 523 ὕϐριν
2436 458 2537 504 τῶν
2580 449 3003 509 τετελευτηκότων
3045 451 3213 506 καινόν
3260 472 3310 506 τι
3345 451 3704 523 μεταλλάττειν

395 543 704 599 oborituras
746 555 889 596 esse.
933 539 1279 610 Quapropter
1322 538 1694 610 supplicamus
1746 546 1853 593 tute
1904 539 2002 593 bu-

396 632 663 698 ntanitati,
706 641 764 687 ut
801 632 1049 703 benignis
1102 630 1322 685 auribus
1343 642 1397 685 et
1438 645 1633 685 sereno
1683 630 1836 684 vultu
1879 644 2003 685 uos-

398 736 515 783 tros
548 728 751 797 legatos
796 725 1082 789 intuearis,
1136 740 1310 795 neque
1342 724 1407 779 ad
1436 724 1820 779 contumeliam
1854 740 2001 779 utor-

402 830 616 876 tuorum
644 818 845 889 aliquid
880 819 1001 872 novi
1034 816 1214 872 induci
1246 818 1549 887 permittas,
1599 817 1694 871 sed
1729 831 1827 872 nos
1857 817 2004 872 sinas

402 912 455 967 iu
485 910 749 966 institutis
804 909 1148 979 decretisque
1194 909 1460 979 majorum
1500 924 1837 979 permanere,
1869 925 2005 980 quos

403 1019 599 1074 magno
638 1002 909 1073 ingenio,“
938 1001 1243 1072 prudentia,
1271 1012 1323 1056 et
1358 1000 1559 1071 Spiritu
1609 1011 1795 1055 sancto
1826 1002 2005 1056 omnia

404 1096 597 1152 fecisse
625 1096 1077 1150 asseveravimus.
1111 1092 1272 1149 Certe
1306 1108 1395 1150 res
1425 1109 1577 1149 nova:
1606 1109 1741 1164 quas
1766 1094 1854 1150 isti
1886 1110 2004 1150 mo-

404 1192 627 1254 Iiuntur,
660 1188 1009 1245 credentibus
1051 1188 1509 1255 incredulitatem,
1555 1188 1850 1244 incredulis
1896 1204 2007 1245 cre-

402 1285 682 1340 dulitatem
707 1283 985 1337 inducunt.

478 1374 725 1447 Episwpi
768 1384 943 1447 petunt
992 1375 1307 1429 missionem.
1338 1406 1408 1416 —-
1454 1375 1652 1430 lterum
1704 1383 1755 1430 te
1806 1375 2006 1431 nostris

405 1469 887 1540 supplicationibus
935 1469 1321 1535 convenimus,
1380 1478 1438 1522 ut
1479 1468 1671 1538 jubeas
1718 1468 2006 1539 episcopos

408 1578 634 1634 peregre
661 1570 1083 1623 commorautes,
1106 1576 1239 1630 quos
1262 1568 1318 1615 et
1343 1561 1579 1632 gravitas
1603 1561 1781 1614 relatis
1804 1571 1856 1614 et
1882 1574 2008 1630 pau-

408 1668 591 1730 pertas
617 1656 837 1728 afﬂigit,
872 1672 1033 1727 quam
1066 1655 1320 1712 facillime
1357 1657 1408 1711 in
1438 1657 1663 1726 patriam
1692 1655 1906 1719 deduci;
1942 1670 2008 1710 ne

408 1750 675 1812 ecclesiae,
697 1749 1012 1805 absentibus
1034 1749 1325 1820 episcopis,
1354 1748 1585 1805 deserta:
1608 1748 2003 1818 relinquantur.

2107 540 2455 616 ἐπιτρέψειας,
2490 542 2595 597 ἀλλ’
2636 544 2800 605 ἐάσεις
2845 546 2981 616 ήμᾶς
3026 546 3249 618 ἐμμένειν
3287 554 3390 608 τοῖς
3431 550 3577 623 ποιρά
3604 553 3704 603 τῶν

2105 634 2368 709 προγόνων
2398 634 2653 710 όρισθεῖσί
2671 658 2748 697 τε,
2777 640 2861 690 καί
2887 640 3369 710 νενομοθετημένοις,
3391 636 3479 699 οὓς
3499 639 3706 713 ἅπαντα

2107 730 2235 799 μετά
2262 730 2536 801 ἀγχινοίας
2560 752 2615 785 τε
2646 734 2731 785 καί
2755 736 3073 806 φρονήσεως,
3117 735 3203 787 καί
3241 735 3534 804 Πνεύματος
3558 733 3707 807 ἁγίου

2106 823 2435 879 πεποιηκέναι
2464 824 2723 895 ἐφήσαμεν
2754 820 2832 878 ἀν.
2867 827 2933 879 τά
2972 828 3072 899 γάρ
3093 832 3179 879 νῦν
3205 826 3330 901 παρ’
3368 828 3561 881 ἐκείνων
3596 850 3709 884 και-

2110 915 2484 984 νοτοκούμενα,
2517 924 2624 974 τοῖς
2672 918 2761 984 μέν
2805 918 3150 972 πιστεύσασιν
3189 919 3435 974 ἀπιστίαν
3486 922 3703 991 ἐμποιεῖ,

2108 1011 2221 1064 τοῖς
2267 1002 2320 1058 δὲ
2370 1006 2727 1064 ἀπιστήσασιν
2774 1009 3031 1079 ὠμότητα·
3087 1010 3371 1082 ἱκετεύομεν
3420 1010 3472 1065 δέ
3514 1010 3588 1067 ἔτι
3626 1016 3710 1072 ⁴ἱνα

2110 1103 2351 1175 κελεύσης
2372 1105 2491 1165 τούς
2513 1106 2829 1175 ἐπισκόπους
2851 1147 2864 1171 ,
2896 1109 3015 1166 τούς
3045 1106 3091 1158 ἐν
3117 1113 3235 1167 ταῖς
3264 1105 3569 1168 ἀλλοδαπαῖς
3599 1107 3708 1164 δια-

2110 1196 2399 1270 τρίϐοντας,
2448 1199 2531 1258 οὓς
2573 1201 2655 1251 καὶ
2693 1199 2752 1252 τὸ
2794 1206 2886 1259 τῆς
2929 1199 3120 1259 ἡλικίας
3142 1200 3406 1263 ἐπίπονον,
3439 1200 3598 1255 καίτό
3618 1210 3710 1263 τής

2110 1294 2290 1350 πενίας
2347 1286 2510 1352 ἐνδεὲς
2576 1292 2755 1364 τρύει,
2801 1295 2891 1348 τήν
2940 1294 3009 1351 εἰς
3055 1296 3145 1349 τήν
3192 1293 3348 1345 οἰκίαν
3402 1291 3709 1364 ἀνακομιδήν

2110 1384 2425 1441 ποιήσασθαι
2467 1381 2669 1457 ῥᾳδίαν,
2700 1384 2782 1437 ἵνα
2808 1388 2875 1455 μή
2906 1381 3083 1455 ἔρημοι
3110 1391 3209 1438 τῶν
3240 1384 3530 1440 ἐπισκόπων
3572 1388 3701 1459 ἀφω-

2110 1478 2365 1553 ρισμένων
2412 1477 2464 1531 αί
2517 1476 2772 1535 ἐκκλησίαι
2813 1474 3135 1548 διαμένωσιν’
3190 1475 3264 1531 ἔτι
3294 1474 3348 1531 δὲ
3379 1479 3507 1553 πρὸς
3542 1477 3710 1534 ἅπασι

2111 1571 2197 1622 καὶ
2245 1572 2395 1622 τοῦτο
2429 1566 2665 1638 δεόμεθα,
2696 1569 2778 1622 ἵνα
2805 1572 2874 1639 μή
2901 1590 2955 1623 τε
2985 1568 3184 1642 ἐλλείπῃ
3222 1591 3272 1624 τι
3300 1577 3399 1625 τῶν
3434 1578 3709 1647 προϋπαρ-

2111 1663 2329 1726 ξάντων,
2369 1667 2438 1732 μή
2473 1682 2527 1716 τε
2564 1660 2829 1734 πλεονάζη,
2878 1661 3003 1715 ἀλλά
3043 1664 3215 1716 πάντα
3239 1659 3470 1737 ἄρρηκτα
3500 1662 3709 1737 διαμένῃ

2114 1754 2166 1805 ἐκ
2195 1760 2285 1813 τῆς
2311 1759 2402 1807 τοῦ
2434 1759 2529 1806 σοῦ
2562 1756 2759 1825 πατρὸς
2786 1754 3073 1819 εὐσεϐείας,
3103 1757 3186 1807 καί
3206 1756 3277 1815 εἰς
3302 1756 3390 1809 τὸν
3410 1760 3496 1808 νῦν
3518 1756 3709 1831 χρόνον

407 1848 466 1903 ld
490 1864 703 1921 quoque
734 1850 933 1903 nostris
974 1848 1224 1918 precibus
1269 1848 1543 1915 addimus,
1571 1865 1677 1918 quo
1704 1848 1837 1902 nihil
1870 1848 2008 1903 desit

2117 1843 2563 1919 διαφυλαττόμενα·
2597 1849 2722 1917 μήτε
2762 1846 2930 1900 λοιπόν
2972 1848 3107 1918 ήμᾶς
3152 1850 3402 1919 μοχθεῖν,
3452 1853 3540 1904 καὶ
3569 1852 3712 1911 ἐκτὸς

405 1960 585 2001 rerum
610 1944 932 2015 priscarum,
954 1944 1197 2013 nihilque
1215 1945 1496 2010 exuberet,
1521 1944 1613 2000 sed
1641 1945 1819 1998 omnia
1854 1943 2003 1998 lirtua

405 2044 678 2103 maneant,
710 2051 925 2107 usquea
966 2035 1300 2105 temporibus
1329 2036 1473 2091 beati
1502 2037 1671 2106 patris
1698 2036 1770 2090 ttti
1824 2036 1875 2090 in
1910 2035 2006 2092 lto-

404 2129 651 2185 diernum
680 2129 820 2185 diem
870 2129 1174 2194 observata;
1204 2144 1271 2185 ne
1312 2144 1411 2184 nos
1440 2129 1664 2199 posthac
1710 2128 1920 2195 vexari,
1953 2140 2007 2183 et

404 2237 435 2276 a
468 2221 666 2276 nostris
688 2222 1018 2277 dimcesibus
1046 2221 1318 2292 segregari
1351 2224 1651 2292 permittas;
1686 2222 1779 2276 sed
1809 2231 1865 2275 ut
1892 2222 2002 2291 epi-

404 2315 553 2384 scopi
585 2330 706 2369 cum
755 2314 868 2369 suis
914 2314 1125 2385 populis
1164 2329 1347 2383 pacem
1376 2314 1440 2367 ad
1477 2328 1663 2384 preces
1720 2314 2003 2383 cultusque

404 2408 616 2461 divinos
648 2417 696 2461 et
732 2407 901 2460 otium
948 2405 1200 2473 habeant,
1238 2416 1457 2461 orantes
1491 2424 1585 2477 pro
1613 2416 1701 2459 tuo
1753 2406 2001 2470 imperio,

405 2501 599 2566 salute,
633 2510 690 2555 et
723 2515 871 2570 pace,
905 2516 1066 2572 quam
1123 2501 1216 2555 tibi
1275 2503 1326 2556 in
1380 2511 1698 2572 perpetuum
1748 2501 2005 2556 divinitas

407 2594 687 2666 largiatur.
722 2594 900 2650 Nostri
928 2610 1090 2665 porro
1124 2596 1285 2667 legati
1310 2595 1762 2665 subscriptiones,
1798 2595 2000 2649 saluta-

407 2690 691 2760 tionesque
730 2690 1108 2761 episcottorum
1140 2691 1390 2760 all'erttut,
1422 2692 1511 2762 qui
1555 2700 1699 2746 tuam
1746 2691 2003 2746 sanctita-

407 2794 516 2839 tem
548 2785 614 2839 de
638 2783 739 2839 hac
768 2799 928 2840 causa
955 2800 1023 2841 ex
1051 2785 1181 2856 ipsis
1204 2788 1375 2841 sacris
1412 2786 1605 2840 litteris
1628 2785 1951 2841 edocebunt.

2111 1947 2211 1994 τῶν
2251 1937 2388 1993 ἰδίων
2418 1947 2696 2012 παροικιῶν
2738 1940 3035 2017 ἀλλοτρίους
3058 1940 3387 2016 ἐπιτρέψειας
3436 1945 3662 2015 γενέσθαι
3690 1982 3706 2009 ,

2112 2033 2216 2088 ἀλλ’
2242 2036 2328 2089 ’ίνα
2356 2035 2402 2088 οἱ
2433 2036 2701 2089 ἐπίσκοποι
2740 2055 2836 2089 συν
2881 2043 2989 2095 τοῖς
3035 2032 3181 2095 ἰδίοις
3201 2036 3341 2098 λαοῖς
3370 2036 3481 2109 μετ’
3511 2041 3711 2108 εἰρήνης

2110 2132 2179 2190 εἰς
2229 2131 2391 2199 εύχάς
2431 2151 2483 2185 τε
2531 2133 2616 2185 καί
2661 2130 2893 2205 λατρείας
2938 2128 3137 2200 σχολήν
3184 2126 3350 2203 ἄγοιεν
3400 2132 3712 2194 ἱκετεύοντες

2109 2222 2242 2297 ύπέρ
2268 2230 2358 2282 τῆς
2383 2229 2478 2282 σῆς
2504 2224 2764 2298 σωτηρίας
2794 2226 2878 2277 καὶ
2905 2222 3173 2295 βασιλείας
3204 2227 3284 2277 καί
3328 2226 3544 2300 εἰρήνης’,
3589 2226 3649 2284 ἣν
3677 2229 3708 2286 ἡ

2107 2314 2301 2373 θειότης
2332 2335 2415 2368 σοι
2455 2317 2526 2375 εἰς
2570 2316 2627 2369 τὸ
2672 2312 2892 2376 διηνεκὲς
2949 2323 3239 2390 χαριεῖται⁴
3287 2317 3331 2370 οἱ
3383 2315 3437 2371 δὲ
3478 2319 3714 2394 ἡμέτεροι

2108 2408 2354 2483 πρέσϐεις
2376 2410 2470 2467 τὰς
2490 2408 2809 2483 ὑπογραφάς,
2838 2410 3036 2468 καὶτὰς
3066 2415 3166 2463 τῶν
3197 2408 3488 2464 ἐπισκόπων
3514 2430 3717 2484 προση-

2108 2508 2290 2578 γορίας
2312 2506 2631 2573 κομίζουσιν,
2658 2505 2705 2557 οἶ
2730 2525 2863 2564 τινες
2897 2508 2981 2559 καί
3008 2506 3057 2569 ἐξ
3096 2507 3265 2560 αὐτῶν
3289 2512 3388 2561 τῶν
3415 2506 3557 2560 θείων
3581 2526 3710 2580 γρα-

2107 2607 2230 2671 φῶν,
2260 2604 2350 2658 τήν
2377 2603 2470 2657 σήν
2494 2596 2855 2665 ἀναδιδάξουσι
2881 2600 3130 2659 θειότητα.

1199 2882 1213 2911 ¹
1240 2880 1578 2937 EPISTULA
1616 2878 2029 2937 CONSTANTII
2070 2880 2161 2936 AD
2201 2881 2493 2937 EAMDEM
2530 2880 2882 2939 SYNODUM.

836 2974 1120 3048 Ερὶετοροε
1144 2976 1362 3030 Arimini
1388 2993 1538 3030 suum
1566 2977 1628 3029 ab
1649 2976 1972 3046 expeditione
2003 2975 2269 3031 barbarica
2289 2978 2506 3032 reditum
2518 2989 2814 3048 exspectare
2818 2978 2968 3052 jubet
2986 2978 3283 3049 imperator.

405 3070 757 3128 Constantius
779 3069 949 3124 victor
975 3078 1029 3124 et
1051 3069 1415 3139 triumphator
1448 3072 1738 3139 Augustus,
1760 3068 2011 3124 omnibus

537 3167 827 3236 episcopis,
861 3165 954 3235 qui
985 3174 1112 3219 sunt
1132 3164 1360 3219 Arimini
1392 3166 1588 3232 coacti,
1612 3165 1870 3220 salutem.

479 3281 815 3350 Quamquam
860 3289 1053 3336 vestra:
1116 3280 1386 3335 sanctitati
1443 3280 1665 3334 minime
1720 3281 2008 3336 obscurum

408 3384 507 3437 est,
543 3388 642 3428 nos
672 3373 966 3427 maximam
1007 3388 1192 3427 curam
1225 3372 1424 3427 divinat
1451 3383 1503 3426 ct
1535 3370 1855 3427 veneranda:
1885 3373 2011 3427 reli-

406 3468 581 3538 gionis
607 3465 804 3521 Christi
845 3483 1061 3537 semper
1093 3466 1347 3521 habuisse
1402 3485 1414 3519 :
1465 3475 1640 3521 tamen
1678 3466 1859 3537 viginti
1899 3466 2014 3536 epi-

408 3577 629 3634 scopas,
654 3576 788 3633 quos
820 3571 996 3615 vestra
1026 3561 1308 3631 prudentia
1332 3560 1397 3614 ad
1423 3562 1744 3631 legationem
1777 3569 2011 3615 vestram

407 3655 712 3712 obeundum
760 3655 984 3709 misistis
1014 3698 1027 3719 ,
1077 3654 1179 3708 hoc
1215 3665 1459 3724 tempore
1501 3654 1567 3709 ad
1606 3664 1847 3708 nostrum
1887 3670 2015 3708 con-

411 3760 659 3822 spectum
686 3752 1035 3817 admittendi,
1070 3754 1238 3806 otium
1273 3768 1377 3806 non
1401 3762 1535 3817 erat;
1566 3768 1687 3806 nam
1720 3752 2011 3822 expeditio,

412 3861 573 3913 quam
607 3853 792 3899 contra
825 3844 1086 3900 barbaros
1131 3846 1181 3898 in
1214 3846 1499 3913 prmsentia
1531 3844 1887 3914 suscipimus,
1918 3860 2017 3900 uos

411 3938 688 3993 districtos
720 3946 867 3992 tenet
898 3956 911 3992 :
943 3945 999 3991 et
1045 3951 1140 4007 par
1170 3948 1252 3991 cst
1273 3938 1369 4008 (uti
1405 3935 1597 4005 nosli~)
1629 3948 1683 3990 ιιι
1712 3939 1759 3992 ci
1781 3980 1795 4002 ,
1828 3938 1917 4007 qui
1948 3937 2021 3991 sit

415 4039 778 4086 sacrosancta:
834 4029 1117 4101 religionis
1158 4033 1367 4100 negotia
1417 4039 1779 4094 tracutturus,
1808 4030 2021 4086 animus

408 4125 478 4178 ab
496 4123 646 4178 omni
670 4139 799 4178 cura
821 4132 874 4177 et
906 4122 1472 4193 perturbatioaeliber
1513 4126 1603 4177 sit.
1650 4124 1882 4178 Proinde
1908 4124 2022 4193 epi-

416 4218 599 4288 scopis
622 4216 1016 4281 mandavimus,
1050 4227 1105 4271 ttt
1136 4216 1775 4287 lladrianOpolinostrum
1791 4219 2018 4273 reditum

412 4322 729 4383 exspectent
761 4329 773 4364 :
808 4312 904 4377 uti,
938 4326 1059 4366 eum
1091 4328 1153 4365 ea
1185 4327 1304 4382 qua:
1331 4312 1396 4366 ad
1430 4311 1819 4381 rempublicam
1852 4312 2021 4378 perti-

415 4416 565 4473 nent,
599 4408 699 4462 ritc
729 4416 1011 4476 procurata
1046 4407 1275 4471 fuerint;
1309 4407 1396 4461 illa
1439 4407 1728 4475 deinceps,
1763 4422 1882 4473 qum
1913 4406 2024 4460 sint

418 4502 575 4555 nobis
627 4500 974 4570 proposituri,
1022 4500 1313 4571 diligenter
1366 4502 1555 4556 aunlirc
1605 4501 2022 4571 expendereque

2117 3074 2707 3137 Κωνστάντιος,νικητής
2728 3077 2815 3128 καὶ
2840 3073 3202 3149 θριαμϐευτής,
3233 3072 3553 3149 Αὔγουστος,
3580 3079 3712 3131 πᾶσι

2354 3175 2465 3228 τοῖς
2496 3169 2548 3223 ἐν
2576 3167 2812 3245 ’Δριμίνῳ
2842 3170 3133 3228 ἐπισκόποις
3156 3169 3501 3223 συνελθοῦσιν.

2189 3282 2286 3339 ’Δεί
2336 3287 2720 3358 προηγουμένην
2775 3283 2919 3357 ἔχειν
2969 3288 3103 3355 ἡμᾶς
3157 3282 3435 3359 φροντίδα,
3482 3288 3716 3359 περὶτοῦ

2116 3379 2245 3431 θείου
2275 3382 2358 3432 καὶ
2390 3384 2745 3453 προσκυνηταῦ
2776 3378 2927 3448 νόμου
2960 3375 3073 3430 ούδέ
3100 3377 3129 3433 ή
3162 3376 3390 3453 ύμετέρα
3416 3372 3721 3451 χρηστότης

2117 3470 2292 3541 ἀγνοεῖ
2300 3485 2309 3496 ·
2354 3468 2479 3523 ἀλλὰ
2520 3475 2609 3523 νῦν
2636 3472 2758 3531 τούς
2788 3469 2889 3523 άπὸ
2921 3476 3011 3528 τῆς
3038 3469 3293 3529 συνέσεως
3322 3470 3462 3539 ήμῶν
3484 3470 3721 3525 ἀποστα-

2118 3562 2292 3622 λέντας
2320 3560 2476 3616 εἴκοσι
2513 3562 2825 3623 ἐπισκόπους
2868 3560 3271 3633 άναδεξαμένους
3300 3567 3390 3621 τήν
3426 3562 3552 3639 παρ’
3581 3565 3724 3633 ήμῶν

2119 3657 2428 3729 πρεσϐείαν,
2482 3657 2609 3715 τέως
2655 3658 2740 3709 ούκ
2788 3654 3094 3726 ἠδυνήθημεν
3143 3653 3285 3710 ἰδεῖν“
3336 3657 3581 3728 ἀναπαία
3624 3656 3723 3731 γάρ

2120 3752 2239 3822 ήμῖν
2263 3751 2293 3807 ή
2321 3750 2449 3825 πρὸς
2476 3750 2599 3809 τούς
2630 3748 2929 3824 βαρϐάρους
2956 3747 3089 3808 ὁδός·
3123 3750 3203 3801 καί
3226 3751 3293 3808 ὡς
3320 3746 3509 3813 οἴδατε,
3540 3750 3727 3823 πρέπει

2122 3846 2212 3900 τήν
2236 3841 2418 3913 ψυχήν
2445 3841 2673 3911 καθαράν
2700 3834 2864 3894 οὖσαν
2887 3840 2991 3894 ἀπὸ
3017 3840 3195 3898 πάσης
3222 3836 3501 3913 φροντίδος,
3526 3839 3589 3892 τά
3608 3841 3728 3914 περὶ

2122 3942 2214 3988 τοῦ
2253 3936 2387 3988 θείου
2424 3934 2577 4005 νόμου
2624 3935 2912 4005 γυμνάζειν.
2962 3937 3234 4006 τοιγαροῦν
3265 3934 3385 3991 τούς
3413 3930 3727 3991 ἐπισκόπους

2126 4029 2459 4099 ἐκελεύσαμεν
2489 4029 2540 4082 ἐν
2573 4036 2636 4103 τῇ
2664 4024 2927 4103 ’Δδριάνου
2963 4026 3104 4081 πόλει
3127 4067 3139 4087 ,
3176 4024 3463 4091 ἐκδέξασθαι
3492 4029 3578 4083 τήν
3602 4026 3729 4097 ήμε-

2126 4124 2280 4198 τέραν
2329 4118 2589 4176 ἐπάνοδον⁸
2630 4119 2693 4174 ἵν’
2724 4118 2927 4175 ἐπειδάν
2976 4120 3147 4174 πάντα
3201 4119 3362 4179 καλῶς
3410 4116 3614 4192 διατεθῇ
3666 4117 3731 4171 τά

2126 4214 2381 4287 δημόσια,
2422 4214 2534 4269 τότε
2574 4215 2750 4270 λοιπὸν
2788 4211 2913 4288 ὅπερ
2954 4212 3333 4267 ὑποϐάλλουσιν
3373 4214 3620 4275 ἀκοῦσαι,
3647 4213 3733 4265 καί

2127 4306 2408 4378 δοκιμάσαι
2445 4305 2753 4375 δυνηθῶμεν’
2798 4315 2859 4377 τῇ
2902 4307 3073 4378 μέντοι
3118 4304 3423 4378 στερρότητι
3472 4306 3614 4375 ὑμῶν
3660 4310 3730 4375 μή

2127 4400 2264 4473 βαρύ
2302 4399 2546 4470 φανέσθω,
2585 4400 2719 4451 ὥστε
2751 4394 3048 4459 ἐκδέξασθαι
3070 4400 3159 4453 τήν
3180 4397 3345 4449 αὐτῶν
3370 4392 3612 4448 ἐπάνοδον
3630 4410 3640 4421 ·
3670 4394 3734 4446 ἶν’

2130 4492 2329 4548 ἐπειδάν
2361 4491 2666 4546 ἐπανέλθωσι
2685 4492 2975 4561 κομίζοντες
3015 4489 3138 4557 ύμῖν
3176 4489 3268 4548 τὰς
3314 4489 3568 4561 ἡμετέρας
3602 4488 3733 4539 ἀπο-

423 4594 712 4663 possimus.
756 4592 961 4647 Vestra:
995 4601 1175 4648 autem
1204 4594 1452 4661 gravitati
1495 4594 1697 4648 interea
1732 4609 1798 4647 ne
1826 4593 2023 4647 moles-

2133 4590 2347 4665 κρίσεις.
2381 4584 2620 4643 δυηθῆτε
2652 4586 2721 4644 εἰς
2752 4584 2915 4658 πέρας
2946 4584 3157 4655 ἀγαγεῖν
3177 4582 3241 4635 τά
3270 4581 3397 4657 πρὸς
3427 4584 3517 4639 τήν
3535 4579 3735 4635 λυσιτέ-

417 4695 531 4740 tum
555 4687 625 4741 sit
648 4701 836 4740 eorum
861 4686 1228 4741 reversionem
1252 4695 1599 4756 exspectare;
1626 4695 1684 4740 ut
1710 4700 1830 4741 cum
1853 4685 2029 4740 redie-

2134 4684 2269 4739 λειαν
2298 4684 2539 4740 ἀνήκοντα
2561 4687 2623 4752 τῇ
2646 4677 2873 4752 καθολικῇ
2896 4677 3150 4751 ἐκκλησίᾳ.

422 4783 558 4845 rint,
614 4792 905 4851 nostraque
950 4780 1242 4836 retulerint
1271 4781 1337 4835 ad
1370 4795 1468 4835 vos
1497 4795 1793 4850 responsa,
1825 4779 1913 4835 illa
1950 4793 2072 4851 qum
2102 4777 2209 4832 sint
2254 4790 2320 4830 ex
2358 4787 2459 4829 usu
2505 4770 2764 4827 Ecclesiae
2806 4768 3091 4825 catholicae
3143 4767 3352 4834 l'utura,
3407 4767 3628 4840 possitis
3666 4768 3733 4824 ad

417 4878 620 4934 exitum
652 4876 966 4947 perducere.

510 4994 522 5024 '
551 4992 740 5049 Exstat
761 4992 902 5064 apud
930 4992 1144 5049 Socrat.
1178 4992 1275 5047 lib.
1309 5008 1367 5057 tt,
1392 5006 1512 5062 cap.
1536 4992 1627 5046 29.

992 5095 1007 5125 ¹
1050 5052 1381 5147 EPISTULA
1411 5052 1635 5147 SlSCUN
1651 5088 1739 5143 DA
1776 5084 2024 5141 ΞΥΝοῡί
2065 5081 2500 5141 ARIMINENSIS
2541 5082 2631 5135 AI)
2670 5052 3181 5137 CONSTANTlUM.

960 5184 1100 5239 Petit
1150 5180 1388 5254 synodus
1438 5182 1653 5237 veniam
1728 5178 1972 5233 Arimino
2029 5177 2340 5234 discedendi
2393 5184 2519 5230 ante
2575 5174 2768 5230 hiemis
2818 5172 3186 5243 asperitatem.

493 5279 622 5334 Tua:
652 5278 955 5335 clementia:
975 5278 1180 5332 litteras
1209 5276 1540 5346 accepimus,
1558 5276 1848 5343 imperator
1876 5287 2032 5329 sanc-

418 5375 627 5429 tissime
654 5417 666 5432 .
693 5389 756 5428 ex
788 5373 981 5444 quibus
1007 5370 1295 5426 didicimus
1322 5412 1335 5435 ,
1362 5369 1495 5437 tibi,
1523 5378 1744 5440 prapter
1774 5383 2031 5425 necessa-

419 5468 498 5521 ria
531 5465 848 5534 reipublica:
878 5465 1115 5534 negotia,
1148 5477 1215 5517 eo
1246 5472 1495 5533 tempore
1532 5477 1639 5516 non
1672 5463 1808 5517 satis
1833 5475 2031 5531 suppe-

420 5562 609 5616 rivi-se
668 5561 763 5615 otii
826 5561 1029 5631 legatos
1096 5567 1314 5614 nostros
1369 5558 1424 5612 in
1482 5565 1833 5626 conspectum
1882 5564 2031 5609 tuum

421 5656 741 5711 atltuittendi
764 5697 779 5722 ,
812 5654 1081 5726 nobisque
1112 5654 1166 5708 in
1213 5652 1479 5708 mandatis
1520 5651 1686 5718 dare,
1716 5662 1774 5705 ut
1818 5649 2031 5704 illorum

424 5751 654 5805 reditum
685 5763 854 5821 usque
883 5763 950 5805 eo
987 5758 1389 5819 exspectemus,
1414 5745 1590 5818 quoad
1622 5756 1708 5799 tua
1749 5743 2033 5815 prudentia

506 5862 519 5897 ¹
553 5867 741 5925 Exstat
785 5867 925 5938 apud
953 5867 1108 5923 S'o'cr.
1141 5866 1236 5921 lib.
1264 5872 1322 5931 tt,
1354 5878 1474 5934 cap.
1499 5863 1592 5918 29.

2203 5276 2279 5331 Τά
2304 5276 2587 5351 γράμματα
2607 5288 2701 5333 τίς
2732 5279 2828 5332 σῆς
2853 5270 3225 5345 φιλανθρωπίας
3262 5264 3553 5337 ἐδεξάμεθα,
3588 5265 3729 5338 κύριε

2133 5368 2485 5441 θεοφιλέστατε
2507 5364 2746 5435 βασιλεῦ,
2777 5364 2844 5418 τά
2870 5362 3187 5435 περιέχοντα
3216 5354 3300 5411 διά
3328 5360 3417 5414 τήν
3446 5362 3544 5411 τῶν
3572 5353 3730 5426 δημο-

2136 5463 2260 5515 σίων
2298 5460 2545 5531 ἀνάγκην,
2593 5458 2721 5515 τέως
2760 5457 2829 5523 μὴ
2868 5449 3170 5507 δεδυνῆσθαί
3194 5468 3252 5502 σε
3302 5450 3423 5507 τούς
3454 5448 3732 5521 ήμετέρούς

2137 5554 2384 5630 πρέσϐεις
2428 5552 2704 5624 θεωρῆσαι·
2758 5547 2893 5616 ήμᾶς
2940 5540 2992 5596 δέ
3044 5541 3261 5600 κελεύεις
3301 5537 3596 5604 ἐκδέξασθαι
3639 5542 3732 5598 τήν

2142 5650 2312 5705 αὐτῶν
2342 5640 2578 5700 ἐπάνοδον
2603 5642 2699 5700 ἕως
2728 5634 2785 5694 ἂν
2807 5640 2872 5693 τὰ
2897 5634 3017 5713 παρ’
3045 5637 3186 5708 ήμῶν
3224 5634 3489 5713 ὁρισθέντα
3524 5634 3735 5689 ἀκολού-

2147 5743 2245 5799 θως
2272 5744 2385 5799 τοῖς
2414 5735 2684 5810 προγόνοις
2710 5733 2848 5801 ήμῶν
2877 5730 3063 5803 ἐπιγνῷ
3086 5728 3211 5806 παρ’
3238 5729 3407 5785 αὐτῶν
3436 5729 3466 5785 ri
3496 5734 3564 5787 σὴ
3592 5728 3734 5783 εύλά-
