4194 6184
493 287 591 344 571
639 237 655 252 κ

1008 286 1446 345 MONUMENTA
1483 288 1762 344 VETERA
1803 290 1898 347 AD
1936 288 2346 347 ARIANORUM
2389 289 2789 348 DOCTRINAM
2830 290 3314 349 PERTINENTIA.

3704 300 3811 356 57%

494 404 825 465 intellexerit
847 421 932 474 ea,
966 421 1086 476 quae
1119 407 1229 460 sint
1271 421 1302 461 a
1332 406 1488 463 nobis
1511 407 1906 465 convenienter
1921 408 2097 478 majo-

2207 411 2332 466 Βεια·
2363 410 2488 465 ἀλλά
2516 414 2604 466 καὶ
2627 417 2715 466 νῦν
2740 409 2825 467 διὰ
2845 411 3045 467 τούτων
3066 419 3168 468 τῶν
3195 415 3515 489 γραμμάτων
3540 414 3807 491 ὁμολοογοῦ⁸

492 516 613 557 rum
635 510 943 556 nostrorum
970 497 1231 554 institutis
1253 498 1434 556 decisa
1452 497 1798 568 decretaque.
1825 496 2096 555 Caeterum

488 596 599 667 jam
632 605 729 666 per
756 594 923 652 hasce
947 594 1158 650 litteras
1187 591 1531 661 cantitemur,
1566 593 1788 664 tibique-
1809 594 2100 650 conﬁrma-

493 704 634 754 mus,
667 702 766 742 nos
793 705 820 740 a
851 694 1040 743 nostro
1067 688 1348 758 proposito
1379 695 1436 744 et
1461 690 1730 746 sententia
1761 701 2095 759 nequaquam

492 779 832 836 discessuros
855 778 1076 850 :legatis
1098 781 1260 834 etiam
1291 779 1489 838 nostris
1518 779 1659 836 idem
1684 779 2093 850 imperavimus.

491 873 857 940 Quamobrem
904 879 1165 941 rogamus
1223 880 1312 932 te.
1347 880 1406 926 ut
1459 871 1673 943 placido
1696 872 1846 928 vultu
1890 871 2099 929 litteras

494 965 687 1030 hasce,
717 979 744 1018 a
780 972 967 1019 nostra
996 963 1260 1020 modestia
1290 963 1356 1020 ad
1385 973 1435 1020 te
1467 964 1818 1036 perscriptas,
1845 964 2099 1036 legendas

494 1073 655 1114 cures
688 1060 860 1129 :quin
881 1060 1043 1114 etiam
1098 1073 1182 1125 ea,
1213 1075 1334 1131 quae
1374 1061 1575 1114 nostris
1621 1059 1812 1129 legatis
1852 1058 2100 1115 obeunda

495 1154 853 1224 imposuimus
874 1197 889 1220 ,
919 1153 1060 1226 arqui
1103 1153 1339 1224 bonique
1369 1153 1643 1210 consulas.
1668 1153 1803 1211 Illud
1841 1164 2102 1225 praeterea

495 1256 584 1302 tua
633 1247 939 1320 benignitas
966 1248 1070 1303 ista
1115 1247 1394 1304 nobiscum
1430 1247 1712 1318 intelligit,
1741 1262 1902 1319 quam
1937 1248 2102 1306 tristis

494 1351 546 1397 et
576 1345 772 1398 acerba
803 1357 891 1398 res
919 1343 1010 1410 sit,
1043 1350 1130 1396 tot'
1167 1339 1446 1404 ecclesias,
1479 1340 1530 1396 in
1568 1339 1672 1396 tuis
1699 1340 1816 1398 istis
1855 1340 2106 1398 beatissi-

496 1437 599 1492 mis
645 1434 1014 1504 temporibus,
1056 1432 1327 1504 eplSCOpis
1377 1433 1492 1489 suis
1531 1434 1818 1488 destitutas
1849 1447 1971 1490 esse
2003 1451 2016 1489 :
2049 1443 2105 1490 et

497 1537 786 1601 propterea
811 1539 955 1584 tuam
975 1528 1316 1584 clementiam
1338 1529 1530 1583 iterum
1560 1526 1918 1594 obtestamur,
1936 1529 2107 1600 impe-

493 1632 643 1683 rator
671 1622 1073 1694 augusu’ssime,
1097 1631 1154 1676 ut
1173 1633 1300 1677 ante
1333 1620 1528 1678 hiemis
1551 1619 1894 1693 asperitatem
1917 1619 2105 1694 (modo

497 1699 606 1773 tua:
641 1715 824 1794 pietati
859 1717 928 1770 ita
964 1719 1137 1771 visum
1181 1711 1364 1787 fuerit)
1389 1715 1545 1771 nobis
1573 1715 1638 1769 ad
1666 1724 1880 1769 nostras
1911 1712 2105 1768 Eccle-

2202 523 2292 573 μεν
2315 505 2403 558 καὶ
2429 501 2877 574 διαϐεϐαιούμεθα,
2925 501 3176 575 μηδαμῶς
3215 506 3350 576 ἡμᾶς
3387 507 3685 583 ἀναχωρεῖν
3713 519 3807 574 τῆς

2203 596 2452 672 ἡμετέρας
2482 595 2789 668 προθέσεως·
2820 601 2972 652 τοῦτο
2997 597 3095 672 ’γὰρ
3127 599 3207 652 καὶ
3233 605 3340 658 τοῖς
3363 599 3647 674 πρέσϐεσιν
3667 602 3805 672 ἡμῶν

2199 688 2561 760 ἱνετειλάμεθα·
2595 688 2830 759 ἀξιοῦμεν
2865 693 3032 743 τοίνυν
3062 685 3201 751 ὅπως
3229 690 3482 766 γαληναίᾳ
3513 700 3576 768 τῇ
3606 692 3802 770 προσό-

2203 779 2291 853 ψει
2311 820 2326 846 ,
2364 782 2486 836 τάτε
2527 785 2614 832 νῦν
2639 781 2925 856 γράμματα
2953 789 3045 842 τῆς
3087 784 3338 858 ἡμετέρας
3364 785 3698 859 μετριότητος
3727 807 3804 840 κε-

2202 873 2403 936 λεύσεις
2451 875 2869 946 butyrum-eitum"
2903 874 3026 929 ἀλλὰ
3079 878 3177 952 γὰρ
3235 879 3445 950 κᾴκεῖνα
3503 878 3536 933 ἃ
3585 877 3668 934 διὰ
3702 888 3804 936 τῶν

2204 967 2471 1044 πρέσϐεων
2532 969 2671 1040 ἡμῶν
2729 968 3074 1040 ἐνετειλάμεθα
3117 967 3274 1030 ἡδέως
3335 964 3609 1036 ὑπόδεξαι(
3649 973 3804 1029 ἐκεῖνο

2204 1064 2378 1136 μέντοι
2422 1068 2612 1137 συνορᾷ
2651 1062 2758 1133 μεθ’
2805 1064 2945 1134 ἡμῶν
2990 1065 3076 1119 καὶ
3109 1064 3140 1120 ἠ
3179 1067 3248 1122 σὴ
3283 1064 3558 1139 ἡμερότης,
3590 1061 3686 1123 ὅση
3717 1071 3810 1120 νῦν

2205 1156 2316 1210 ἔστι
2362 1155 2496 1212 λύπη
2545 1156 2628 1208 καὶ
2661 1157 2929 1228 κατήφεια,
2963 1151 3040 1209 ὅτι
3066 1154 3114 1208 ἐν
3139 1162 3246 1214 τοῖς
3268 1157 3675 1232 μακαριωτάτοις
3701 1179 3811 1214 και-

2205 1256 2319 1322 ροῖς
2367 1253 2628 1303 τοσαῦται
2653 1247 2913 1304 ἐκκλησίαι
2945 1248 3112 1321 χωρὶς
3139 1247 3435 1301 ἐπισκόπων
3462 1251 3574 1303 εἷσε
3616 1253 3704 1302 καὶ
3723 1248 3812 1306 διὰ

2205 1346 2355 1397 τοῦτο
2374 1339 2526 1395 πάλιν
2547 1343 2636 1397 τήδ
2667 1343 2759 1398 σὴν
2785 1339 3158 1415 φιλανθρωπίαν
3186 1341 3453 1412 ἀξιοῦμεν,
3482 1339 3624 1415 κύριε
3646 1343 3812 1414 0:01».-

2205 1434 2417 1490 λέστατε
2443 1431 2684 1506 βασιλεῦ,
2713 1429 2852 1492 ὅπως
2877 1433 2980 1511 πρὸ
3001 1440 3093 1492 τῆς
3113 1436 3452 1508 τραχύτητος
3476 1440 3575 1487 τῶν
3609 1437 3810 1505 χειμὼ-

2208 1549 2325 1593 νων,
2369 1524 2511 1601 εἴπερ
2555 1525 2750 1601 ἀρέσειε
2779 1532 2842 1602 τῇ
2882 1532 2948 1600 σῇ
2989 1525 3243 1601 εὐσεϐείᾳ,
3288 1525 3546 1586 κελεύσεις
3574 1526 3710 1598 ἡμᾶς
3737 1528 3812 1587 εὶς

2207 1624 2302 1682 τὰς
2343 1621 2596 1696 ἡμετέρας
2641 1619 2902 1679 ἐκκλησίας
2943 1619 3244 1682 ἐπανελθεῖν,
3275 1619 3409 1694 ὑπὲρ
3444 1625 3536 1674 τοῦ
3565 1616 3813 1675 δύνασθαι

2210 1718 2346 1787 ἡμᾶς
2367 1722 2440 1785 τῷ
2470 1714 2844 1791 παντοκράτορι
2873 1721 2983 1786 Θεῷ
3021 1715 3108 1768 καὶ
3147 1720 3220 1786 τῷ
3249 1710 3478 1788 δεσπότῃ
3506 1716 3590 1768 καὶ
3615 1721 3814 1788 σωτῆρι

492 1810 605 1866 sias
632 1809 943 1865 revertendi
980 1807 1148 1864 facias
1178 1817 1531 1879 potestatem,
1557 1821 1664 1883 quo
1693 1808 1962 1878 possimus
1994 1806 2101 1864 Deo

2208 1811 2347 1880 ἡμῶν
2375 1815 2581 1885 Χριστῷ
2599 1848 2614 1872 ,
2640 1815 2714 1881 τῷ
2735 1807 2830 1880 υἱῷ
2854 1807 3010 1862 αὐτοῦ
3044 1813 3118 1880 τῷ
3139 1813 3410 1878 μονογενεῖ,
3440 1806 3571 1882 ὑπὲρ
3599 1815 3690 1866 τῆς
3715 1813 3815 1866 σῆς

497 1892 642 1956 Patri
693 1902 1086 1970 omnipotenti,
1115 1911 1171 1958 et
1215 1901 1443 1956 Domino
1491 1915 1555 1956 ac
1598 1900 1869 1957 Salvatori
1914 1912 2104 1958 nostro

491 1978 714 2056 Christo
744 1992 882 2050 Filio
911 1993 1030 2066 ejus
1060 1993 1360 2064 unigenito,
1391 2008 1487 2065 pro
1511 2002 1602 2048 tuo
1628 2007 1795 2064 regno
1816 2003 2104 2050 consuetas

2213 1902 2498 1975 βασιλείας,
2550 1901 2646 1961 τὰς
2676 1901 2875 1971 ἐθίμους
2927 1899 3087 1970 εὐχὰς
3130 1900 3261 1969 μετὰ
3291 1904 3390 1952 τῶν
3413 1897 3544 1953 λαῶν
3580 1898 3816 1958 ἀποπλη-

2209 2001 2356 2076 ροῦν,
2379 1995 2545 2057 καθὼς
2571 1995 2655 2048 καὶ
2675 1995 2755 2048 ἀεὶ
2777 1991 3142 2066 ἐπετελέσαμεν
3169 1994 3254 2048 καί
3275 1997 3364 2046 νῦν
3393 1990 3647 2064 ἐχόμενοι.

488 2101 687 2158 preces
712 2102 836 2144 cum
860 2088 1058 2160 populo
1088 2086 1338 2155 fundere,
1367 2087 1508 2145 sicut
1527 2096 1584 2144 et
1613 2097 1742 2151 ante
1771 2102 1988 2160 semper
2025 2087 2273 2157 fecimus,
2307 2099 2362 2144 et
2389 2088 2566 2143 adhuc
2598 2086 2777 2144 facere
2801 2102 2910 2142 non
2932 2085 3270 2144 desistimus.

1402 2264 1407 2269 ·
1841 2241 1979 2286 ANNO
2016 2243 2198 2287 DOIINI
2225 2239 2449 2286 CCCLXV.

535 2347 552 2379 ¹
583 2341 923 2403 EPISTOLA
964 2341 1452 2402 EPISCOPORUM
1495 2339 1758 2401 ITALIE
1797 2341 2138 2404 ILLYRICIS
2176 2344 2266 2400 DE
2297 2343 2457 2401 FIDE
2498 2341 2774 2398 NICIENA
2804 2335 3153 2400 SUSCEPTA
3197 2339 3775 2399 GRATULANTIUM.

494 2465 878 2567 Dilectissimis
905 2483 1164 2540 fratribus
1187 2499 1284 2554 per
1311 2484 1585 2556 Illyricum
1630 2484 1788 2540 fidem
1817 2495 2100 2557 paternam

571 2580 958 2647 retinentibus,
993 2577 1236 2650 episcopi
1264 2578 1434 2636 Italiae
1457 2620 1473 2647 ,
1504 2579 1557 2635 in
1589 2579 1820 2653 Domino
1845 2588 2102 2638 aeternam

573 2673 828 2729 salutem.

576 2861 756 2918 Divini
794 2861 1036 2917 muneris
1075 2861 1245 2932 gratia
1287 2869 1372 2918 est
1396 2899 1410 2928 ,
1440 2869 1500 2917 ut
1545 2861 1844 2918 secundum
1879 2870 2102 2932 aposto-

503 2959 615 3015 lum
645 2971 836 3013 omnes
864 2971 1030 3012 unum
1054 2969 1248 3027 sapere
1270 2998 1284 3023 ,
1313 2971 1503 3013 omnes
1534 2972 1698 3012 unum
1719 2957 1966 3012 conﬁteri
1989 2971 2103 3013 cte-

490 3055 745 3127 ,perimus
774 3060 868 3107 :et
897 3057 1156 3120 quantum
1183 3049 1250 3104 ad
1270 3049 1476 3106 Italiam
1495 3051 1752 3120 pertinet,
1775 3063 1899 3108 eum
1928 3053 1949 3088 ³
1977 3051 2105 3107 fidei

501 3158 784 3219 paternae,
812 3145 917 3201 hoc
941 3153 1027 3201 est
1053 3143 1195 3213 apud
1225 3143 1458 3200 Niemam
1490 3145 1708 3215 scriptae
1737 3159 1798 3202 se
1827 3145 2060 3202 reddidit
2085 3187 2101 3215 ,

2204 2494 2318 2542 tuta
2351 2485 2712 2558 quorumdam
2743 2484 3194 2556 tergiversatione
3224 2491 3477 2552 corrupta
3499 2524 3514 2550 ,
3544 2497 3815 2539 consensu

2205 2579 2446 2634 omnium
2499 2574 2901 2650 provinciarum
2965 2576 3086 2647 jure
3134 2575 3532 2641 rescindimus;
3581 2592 3813 2646 quorum

2204 2674 2367 2730 etiam
2397 2673 2726 2744 exemplaria
2753 2671 3171 2728 transmittenda
3196 2672 3529 2738 censuimus,
3554 2680 3734 2728 utnec
3756 2672 3810 2728 in

2212 2767 2317 2846 fide
2351 2767 2664 2833 retinenda,
2692 2779 2792 2822 nec
2827 2766 2877 2822 in
2909 2765 3244 2821 confutando
3270 2764 3604 2821 Ariminensi
3627 2765 3815 2821 concio

2209 2861 2284 2917 lio
2312 2861 2490 2932 aliqua
2519 2861 2798 2916 videretur
2826 2860 2847 2891 ³
2876 2859 3286 2916 condescensio.

2281 2955 2616 3026 Quicumque
2637 2955 2800 3026 igitur
2820 2964 3016 3010 nostrae
3046 2955 3419 3010 unanilnitatis
3441 2963 3588 3026 optat
3611 2954 3814 3011 habere

2208 3052 2564 3116 consortium,
2588 3051 2912 3121 quicumque
2937 3047 3265 3103 individuam
3296 3063 3485 3119 pacem
3527 3048 3812 3104 nobiscum

2214 3145 2416 3201 habere
2437 3144 2734 3211 desiderat,
2761 3159 2882 3215 quae
2922 3151 3047 3198 sunt
3085 3153 3284 3198 nostra:
3305 3142 3590 3197 sententiae
3614 3183 3630 3210 ,
3664 3157 3814 3197 com-

485 3239 746 3312 ‘fraudem
793 3253 954 3309 quam
997 3252 1157 3307 passa
1194 3247 1277 3292 est
1311 3237 1452 3307 apud
1483 3238 1785 3294 Ariminum
1819 3253 2109 3310 recognos-
2133 3219 2178 3281 (ἶ
2213 3239 2446 3312 probare
2470 3239 2709 3305 festinet,
2741 3246 2796 3292 et
2834 3237 2960 3292 ﬁdei
2987 3236 3144 3292 nobis
3172 3244 3486 3292 memoratae
3529 3236 3811 3305 subscrip-

492 3319 656 3399 hcens,
671 3333 940 3405 Illyricum
961 3331 1123 3386 etiam
1145 3330 1316 3386 Deum
1340 3329 1594 3387 clementi
1618 3339 1748 3387 nutu
1766 3333 2072 3402 reSpexisse

501 3425 824 3495 gaudemus,
854 3431 908 3478 et
932 3424 1208 3478 censortio
1241 3422 1595 3490 infidelitatis,
1628 3437 1736 3495 quo
1757 3424 2106 3495 gravabatur,

502 3517 738 3587 abjecto,
768 3531 830 3571 ea
873 3531 994 3586 qua:
1037 3524 1165 3570 sunt
1195 3525 1356 3571 rectae
1390 3517 1672 3594 sententia:
1720 3517 1949 3587 probare
1993 3534 2106 3574 cce-

483 3595 670 3680 pisse,
701 3608 1052 3678 gratulamur.
1096 3607 1349 3664 Nostram
1394 3609 1591 3680 igitur,
1622 3609 1961 3668 dilectissimi
2000 3611 2107 3671 fra-

478 3705 635 3774 ‘tres,
666 3705 826 3756 unam
845 3699 1206 3770 eamdemque
1222 3701 1452 3772 accipite
1477 3703 1684 3758 lirmam
1705 3703 2104 3776 subscriptione

501 3795 848 3852 sententiam.
877 3793 1079 3849 Nicmni
1107 3803 1362 3850 tractatus
1385 3795 1647 3851 adversus
1672 3795 1886 3864 Arium,
1909 3796 2102 3852 Sabel-

477 3888 744 3959 _liumque
769 3925 784 3955 ,
815 3887 971 3958 cujus
1013 3888 1276 3944 Photinus
1312 3888 1564 3958 partiaria
1596 3888 1910 3944 ha-redirate
1946 3888 2103 3945 dant-

477 3989 662 4050 _uatur
688 4020 703 4048 ,
736 3980 956 4035 decreta
995 3994 1294 4034 servamus.
1340 3980 1702 4036 Ariminensis
1733 3981 1952 4037 concilii
1992 3991 2107 4038 sta-

483 4110 486 4112 ·
515 4149 520 4154 ξ
576 4095 594 4126 ί
629 4093 823 4166 Exstat
853 4093 1214 4166 apud-illitam,
1260 4092 1394 4165 frag.
1419 4093 1513 4150 lib.
1537 4109 1576 4162 1-,
1612 4107 1732 4166 pag.
1764 4093 1852 4152 38.
1877 4096 2097 4165 Baron.,

475 4222 478 4224 _
502 4180 645 4224 anno
671 4165 799 4234 365,
823 4180 972 4221 num.
998 4165 1068 4220 26
1093 4175 1147 4220 et
1167 4165 1258 4220 27.
1391 4199 1396 4202 -
1541 4195 1560 4212 ο

2213 3333 2445 3400 tionem,
2485 3343 2540 3387 ct
2586 3331 2965 3388 rcscissionem
3014 3329 3375 3386 Ariminensis
3427 3329 3643 3385 concilii
3690 3331 3816 3387 sine

2211 3427 2560 3497 ambiguitate
2590 3424 2877 3481 mittendo.
2911 3423 2966 3479 Id
3015 3432 3163 3478 certe
3198 3424 3458 3495 petimus,
3488 3421 3630 3494 quod
3660 3437 3816 3478 com-

2212 3518 2442 3590 plurium
2493 3517 2685 3573 harum
2739 3517 3138 3587 provinciarum
3179 3515 3508 3586 porrigintus
3538 3515 3637 3585 ipsi
3679 3530 3815 3570 con-

2210 3627 2450 3667 sensum.
2479 3611 2745 3666 Auctores
2770 3621 2949 3665 autem
2973 3607 3196 3665 haeresis
3224 3609 3440 3665 Arianre
3462 3609 3547 3662 vel
3571 3607 3813 3663 Aetiauze

2214 3705 2492 3762 Valentem
2534 3714 2589 3760 et
2620 3703 2932 3768 Ursacium,
2958 3714 3292 3773 ueteresque
3335 3699 3647 3756 eorumdem
3680 3715 3816 3755 con-

2212 3807 2413 3863 sortes,
2449 3811 2555 3852 non
2601 3812 2744 3852 nunc
2778 3811 2898 3852 esse
2928 3795 3072 3866 quod
3101 3793 3436 3850 manifestari
3471 3793 3610 3864 apud
3638 3791 3814 3863 Illyri-

2212 3905 2334 3945 cum
2368 3899 2688 3960 coeperunt,
2716 3889 2813 3947 sed
2840 3889 2968 3946 olim
3002 3890 3397 3947 condemnasse
3421 3928 3437 3956 ,
3467 3886 3812 3944 manifestum

2212 3990 2317 4037 851.

2282 4101 2476 4158 ’Olim.

2281 4173 2302 4204 ³
2324 4174 2478 4231 Esse.

945 4303 962 4336 ¹
1005 4301 1341 4360 EPISTOLA
1378 4301 1631 4361 SYNODI
1668 4301 2214 4364 SINGEDUNENSIS
2252 4309 2345 4365 Al)
2381 4309 2774 4370 GERMINIUM
2811 4310 3306 4370 SEMIARIANUM.

483 4417 734 4504 ‘Domino
769 4418 1182 4492 religiosissime
1212 4419 1365 4476 fratri
1402 4419 1703 4489 Germinio,
1741 4421 1960 4491 Valens,
1990 4421 2100 4479 Ur-
2129 4426 2183 4487 D
2210 4425 2470 4483 illibatam
2497 4423 2840 4484 dilectionem
2899 4427 3100 4484 habere
3148 4443 3273 4498 erga
3326 4443 3425 4483 nos
3483 4423 3849 4496 ostendere;'

776 4517 984 4584 sacius,
1018 4516 1183 4573 Gaius
1212 4518 1284 4573 e't~
1306 4511 1533 4585 Paulus,
1573 4511 1826 4573 salutem.

469 4603 498 4622 ”
573 4607 710 4666 Cum
741 4605 810 4668 de
852 4626 950 4682 spe
995 4618 1051 4667 et
1079 4611 1250 4666 salute
1281 4605 1591 4666 sollicitudo
1615 4599 1900 4678 incumbit,
1929 4611 2104 4682 magis

441 4737 444 4742 -
504 4701 755 4758 laudandi
801 4718 922 4760 esse
947 4702 1149 4759 debent
1189 4703 1280 4774 qui
1302 4699 1521 4756 solliciti
1555 4709 1698 4769 sunt,
1727 4711 1885 4773 Quam
1916 4713 2105 4774 repre-

473 4787 819 4850 ‘ihensionem
866 4794 1100 4866 aliquam
1142 4796 1431 4849 sustinere.
1477 4780 1638 4851 Saiu's
1665 4799 1843 4850 autem
1886 4801 1951 4853 ac
1977 4811 2103 4869 Spes

503 4887 871 4960 principaliter
927 4889 980 4943 in
1031 4887 1136 4943 fide
1189 4886 1454 4943 catholica
1503 4890 1796 4944 consistit:
1840 4897 1898 4946 et
1929 4891 2050 4947 ideo
2079 4893 2100 4923 ²

501 4983 747 5056 quamvis
762 4982 1122 5038 conventione
1142 4982 1208 5038 ad
1231 4997 1420 5038 omnes
1444 4991 1660 5040 nostros
1681 4983 1877 5041 fratres
1899 4997 1949 5042 et
1976 5001 2103 5042 eoe-

504 5076 754 5147 piscopos
781 5084 1000 5131 nostros
1023 5073 1247 5130 Valente
1269 5082 1324 5130 et
1353 5073 1520 5130 Paulo
1548 5075 1822 5132 admonita
1844 5079 2098 5144 noluerit,

499 5171 567 5225 ad
609 5169 660 5225 id
694 5169 834 5242 quod
864 5185 1050 5224 rumor
1080 5168 1100 5200 ⁸
1127 5168 1299 5223 latitat
1325 5168 1393 5224 de
1421 5180 1472 5224 te
1497 5169 1852 5240 respondere,
1884 5171 2102 5226 domine

477 5261 932 5336 religiosissime,
969 5272 1144 5318 tamen
1167 5262 1292 5333 quia
1318 5261 1516 5317 litteris
1543 5263 1648 5316 tuis
1669 5261 1994 5317 testiﬁcatus
2018 5279 2098 5330 es,

475 5365 558 5413 -te
585 5357 638 5412 in
681 5355 872 5413 eadem
913 5355 1176 5411 charitate
1203 5369 1578 5428 perseverare,
1613 5353 1680 5410 et
1705 5366 1948 5426 paratum
1979 5365 2102 5414 esse

471 5555 518 5576 ἢν
584 5492 604 5524 ¹
627 5481 768 5576 Lib.“
801 5508 820 5548 ι
857 5490 994 5564 frag.
1036 5491 1095 5548 S.
1125 5491 1308 5548 llilarii
1349 5506 1403 5563 p.
1440 5483 1530 5550 40.
1565 5489 1773 5548 Baron..
1809 5505 1936 5548 ann.
1970 5489 2103 5562 566,

471 5651 480 5658 ·
510 5561 841 5712 “Tetigin
865 5635 1212 5712 contentione
1235 5649 1265 5691 a
1287 5629 1524 5712 dominis
1538 5629 1740 5697 nostris
1767 5633 2024 5704 fratribus
2051 5645 2107 5697 et

882 5706 1127 5799 Valente,
1157 5719 1234 5770 et.

2201 4533 2497 4592 prepterea
2532 4523 2584 4577 in
2632 4539 2796 4578 unum
2837 4523 2977 4594 apud
3007 4523 3028 4554 ⁸⁵
3051 4522 3420 4596 Siugedimum
3452 4525 3760 4596 congregati
3791 4566 3808 4591 ,

2208 4609 2402 4668 iterum
2457 4613 2538 4668 his
2579 4614 3096 4671 connnonefacintus
3140 4618 3479 4672 sanctitatem
3536 4628 3714 4683 luam,
3751 4627 3824 4672 ut-

2210 4706 2355 4760 omni
2381 4705 2661 4763 occasione
2688 4707 2924 4779 ambigui
2949 4708 3192 4778 exclusa,
3220 4707 3457 4780 digneris
3485 4725 3676 4764 rursus
3719 4725 3813 4765 re-

2208 4800 2446 4856 scribere
2479 4801 2655 4867 nobis,
2699 4803 2742 4856 si
2791 4817 2820 4857 a
2869 4801 2972 4858 iidc
3026 4805 3313 4871 catholica,
3353 4820 3474 4876 qure
3518 4801 3744 4858 Arimini
3777 4819 3809 4859 a

2209 4907 2395 4950 sancto
2425 4896 2659 4952 concilio
2683 4897 2922 4967 exposita
2949 4900 3374 4969 continuataque
3395 4909 3498 4966 est,
3527 4901 3610 4955 cui
3641 4899 3807 4954 etiam

2210 4989 2446 5046 universi
2496 4990 2735 5045 Orientis
2779 4991 3020 5062 episc0pi
3069 5001 3501 5058 CO'nSenserunt,
3533 4997 3671 5048 sicut
3693 4994 3808 5062 jam

2209 5082 2483 5153 professus
2530 5099 2588 5140 es
2618 5095 2669 5141 te
2705 5101 2810 5141 non
2852 5097 3218 5156 recessurum,
3251 5099 3469 5159 apertus
3502 5091 3521 5120 ⁵
3549 5091 3811 5160 (ιυει-ι-ἰιιιτ

2207 5175 2501 5246 signiﬁces.
2548 5177 2644 5232 Est
2691 5189 2869 5233 autem
2913 5179 3039 5246 hoc,
3086 5181 3226 5235 sicut
3257 5184 3306 5235 in
3336 5197 3398 5253 ea
3426 5189 3642 5236 emitum
3678 5193 3761 5237 est
3795 5199 3808 5237 :

2207 5267 2452 5324 Similem
2484 5269 2716 5325 dicimus
2740 5271 2933 5327 Filium
2961 5273 3105 5328 Patri
3140 5275 3438 5330 secundum
3468 5275 3808 5346 Scriptntas,

2205 5375 2314 5415 non
2353 5363 2650 5420 secundum
2680 5365 3064 5434 substantiam,
3098 5377 3189 5422 aut
3220 5384 3314 5438 per
3343 5370 3527 5423 omnia
3547 5411 3560 5435 ,
3597 5368 3690 5424 sed
3718 5369 3813 5423 ab-

2205 5454 2406 5510 solute.
2435 5455 2493 5512 Si
2523 5459 2666 5512 enim
2695 5459 2811 5514 haec
2831 5460 3100 5530 expositio
3127 5462 3403 5517 immutata
3429 5464 3610 5527 fuerit,
3635 5463 3814 5516 maui-

2209 5547 2348 5606 feste
2373 5549 2646 5620 quondam
2678 5553 2862 5610 Basiiii
2892 5554 3095 5626 perfida
3124 5557 3374 5625 assertio,
3405 5567 3624 5629 propter
3649 5567 3812 5628 quam

2282 5710 2312 5786 ξ
2333 5709 2720 5786 Singedunum.

2292 5782 2314 5820 '
2345 5782 2612 5866 Apertius,
