4194 6184
381 258 493 313 575

887 255 1320 314 ΜΟΝυϋΕΝεΙᾺ
1360 255 1643 314 ΫΕἹῈΒΑ
1685 257 1780 313 AD
1816 257 1971 315 ABIA

2072 255 2226 316 tRUﬂ
2265 256 2665 317 DOCTRINAI
2704 260 3185 320 PE‘RI‘IMWA.

3575 265 3681 322 δἐι

375 370 622 443 synodus
649 369 791 426 facta
812 379 919 438 est,
942 385 1049 442 qua
1074 372 1239 427 etiam
1265 370 1458 429 merito
1483 372 1737 429 damnata
1757 381 1864 437 est,
1893 387 1979 430 re.
2006 377 2060 436 Δ
2087 374 2167 430 sic
2200 382 2270 440 te,
2305 375 2446 430 sicut
2474 375 2800 446 optavimus,
2831 377 3276 450 sentirerscriptis
3299 379 3403 436 tuis
3430 380 3686 436 utauil'es-

373 463 678 537 parabitur.
712 464 943 536 Dignare
973 466 1135 537 igitur
1157 465 1260 521 hoc
1285 467 1428 537 quod
1450 467 1732 538 qumritur,
1753 467 1986 523 eviden~
2088 467 2315 532 taveris,
2361 469 2636 538 querelam
2685 483 2783 539 pro
2827 469 3021 539 injuria
3054 485 3084 525 a
3118 472 3440 542 quibusdam
3469 471 3684 528 clericis

373 567 464 614 ter
497 558 693 613 litteris
721 557 825 613 tuis
853 558 1166 616 declarare:
1193 574 1302 614 non
1323 559 1547 628 dixisse,
1565 559 1875 628 autdiccre,
1897 561 1983 615 vel

2087 559 2191 613 tuis
2222 559 2462 614 Palladio
2493 567 2548 616 et
2570 560 2703 617 Gaio
2741 560 2996 618 fratribus
3025 574 3084 619 et
3114 564 3452 634 coepiscopis
3481 566 3682 622 nostris

373 650 674 717 dicturum,
709 651 942 706 similem
983 666 1106 708 esse
1143 668 1238 722 por
1265 652 1443 707 omnia
1474 651 1668 708 Filium
1695 652 1860 720 Patri,
1889 667 1986 707 ex-
2085 649 2313 717 factam,
2347 651 2473 708 licet
2513 653 2787 717 nolueris,
2815 655 2956 710 sicut
2979 657 3154 725 prima
3197 658 3554 713 conventione
3583 658 3682 714 adv

367 753 536 813 cepta
575 743 932 809 innativitate,
970 758 1038 798 ne
1063 743 1208 815 quod
1243 745 1536 815 perlatores
1565 743 1978 800 litterarumJo-

371 837 568 893 vianus
593 837 852 892 diaconus
883 845 940 892 et
970 837 1261 910 Martyrius
1303 837 1668 894 subdiaconus
1693 838 1979 894 verbo'dc—

376 929 704 1002 precationis
745 945 900 998 sum,
930 937 1056 985 ante
1089 930 1376 1002 praedictos
1413 930 1661 986 dominos
1691 946 1840 987 meos
1871 931 1982 986 fra-

373 1033 517 1092 tres,
549 1033 605 1081 et
630 1024 995 1095 coepiscopos
1022 1033 1239 1080 nostros
1269 1023 1544 1080 Valentem
1565 1035 1621 1080 et
1646 1025 1869 1082 Paulum
1891 1039 1978 1078 as-

371 1118 670 1184 serebant,
718 1118 887 1188 magis
927 1116 1186 1173 credibile
1224 1131 1348 1172 esse
1389 1116 1670 1183 videatur,
1709 1118 1835 1188 quis
1883 1131 1978 1187 per

365 1212 556 1269 omnia
587 1211 823 1268 similem
847 1225 972 1268 esse
996 1211 1191 1268 Filiam
1220 1208 1365 1266 Patri
1386 1211 1720 1282 proﬁtearis.
1748 1209 1806 1268 Si
1829 1209 1974 1266 enim

361 1347 370 1442 ξ
450 1379 464 1412 ¹
501 1347 966 1434 Existimationem
1008 1384 1150 1433 tuam
1178 1395 1284 1436 non
1314 1381 1617 1452 pertinent,
1646 1377 1722 1434 illi
1748 1375 1970 1433 scilicet.

2086 743 2321 798 monitus
2345 759 2425 810 cs,
2460 746 2768 812 exquirere,
2802 747 2870 800 ad
2905 749 2919 779 ³
2953 749 3362 804 aestimationem
3391 759 3534 807 tuam
3561 766 3682 820 per-

2079 836 2248 901 tinet,
2297 837 2403 892 illis
2437 838 2645 894 scilicet
2685 841 3068 909 prrestautibus
3111 858 3210 912 pro
3247 859 3339 899 sua
3372 847 3681 902 temeritate

2089 931 2374 986 rationem.
2404 931 2530 987 Haec
2565 948 2660 1003 per
2687 935 3082 990 Secundiauum
3125 937 3528 1010 presbyterum,
3556 940 3684 996 Pul-

2079 1021 2304 1078 lentium
2335 1025 2620 1092 lectorem,
2661 1036 2717 1082 et
2740 1027 3131 1083 Candidianum
3157 1030 3482 1085 exorcistam
3507 1041 3683 1087 trans-

2079 1115 2326 1172 misimus
2351 1117 2602 1173 charitati
2627 1129 2750 1185 tuae,
2767 1119 2980 1176 decimo
2995 1123 3185 1192 quinto
3203 1121 3473 1178 Calendas
3489 1123 3681 1193 janua-

2081 1209 2182 1276 rii,
2213 1209 2472 1267 Gratiano
2503 1213 2842 1270 nobilissimo
2868 1214 2927 1270 P.
2954 1223 3008 1270 et
3039 1215 3316 1286 Dagalaifo
3343 1216 3678 1283 consulibus,

2071 1305 2382 1376 exemplum
2413 1321 2577 1377 penes
2602 1323 2701 1364 nos
2728 1308 3042 1367 retinentes.

1043 1497 1058 1528 ¹
1101 1495 1448 1553 EPISTOLA
1485 1490 1797 1551 GERMINII
1834 1487 2239 1546 SENIARIANI
2280 1487 2651 1552 ADVERSUS
2685 1493 3010 1554 ARIANOS.

374 1588 622 1645 Dominis
651 1588 909 1648 fratribus
953 1591 1376 1662 religiosissimis
1405 1589 1658 1655 Ruﬁano,
1692 1585 1967 1651 Palladio,

443 1683 730 1749 Severino,
760 1684 969 1752 Niclicc,
1001 1659 1314 1750 Heliodoro,
1348 1683 1599 1752 Romulo,
1628 1681 1894 1748 Muciano,
1923 1687 1976 1734 et
2008 1659 2056 1720 Β

442 1774 743 1843 Stercorio,
772 1775 1084 1833 Germinius
1116 1777 1168 1831 in
1201 1777 1432 1831 Domino
1460 1775 1714 1831 salutem.

440 1870 635 1926 Vitalis
679 1887 824 1927 nunc
855 1871 1138 1928 militautis
1174 1873 1226 1926 in
1263 1869 1442 1926 ofﬁcio
1471 1868 1722 1925 sublimis
1754 1863 1980 1938 praelec~

369 1972 505 2018 turae
551 1964 819 2022 relatione
866 1967 1265 2036 comperimus,
1295 1963 1606 2020 desiderare
1631 1960 1974 2017 sanctitatem

366 2065 607 2110 vestram
658 2056 956 2128 signiﬁcari
999 2057 1153 2113 vobis
1199 2065 1407 2126 aperte,
1453 2055 1581 2126 quid
1626 2052 1877 2123 estquod
1908 2053 1977 2110 de

356 2149 476 2207 ﬁde
504 2159 690 2207 nostra
715 2151 948 2217 valenti,
969 2151 1222 2220 Erucio,
1245 2149 1380 2208 Gaio
1405 2157 1462 2206 et
1482 2149 1650 2204 Paulo
1670 2147 1970 2218 displiceat.

364 2244 744 2301 Necessarium
766 2247 893 2302 duxi
919 2246 1004 2302 his
1028 2247 1223 2302 litteris
1246 2244 1673 2316 patefaciendum
1701 2241 1972 2300 sanctitati

355 2345 564 2392 vestrm
589 2380 603 2405 ,
637 2345 692 2394 et
735 2338 790 2394 id
847 2337 990 2410 quod
1039 2341 1094 2394 in
1120 2339 1144 2371 ⁹
1189 2338 1346 2393 vobis
1387 2337 1516 2408 ipsis
1555 2338 1622 2392 ab
1670 2335 1823 2390 initio
1853 2348 1974 2390 esse

357 2429 603 2504 jconlido,
624 2431 828 2499 dicere,
846 2450 946 2489 nos
964 2433 1065 2488 hoc
1083 2432 1226 2504 quod
1245 2448 1272 2486 a
1294 2432 1533 2502 patribus
1553 2431 1804 2484 traditum
1819 2443 1972 2484 accc-

361 2525 565 2596 pimus,
599 2533 652 2580 et
676 2524 883 2580 divinis
911 2525 1218 2598 scripturis,
1249 2523 1390 2597 quod
1421 2521 1587 2578 semel
1617 2521 1898 2577 didicimus
1921 2527 1974 2575 cl.

359 2625 610 2696 quotidie
657 2625 953 2693 docemus,
1001 2625 1276 2681 Christum
1325 2624 1421 2682 Dei
1466 2623 1662 2680 Filium
1685 2622 1968 2677 Dominum

359 2729 610 2776 nostrum
641 2729 740 2790 per
769 2722 950 2776 omnis
983 2720 1130 2777 Patri
1161 2719 1394 2777 similem
1417 2759 1432 2784 ,
1461 2726 1684 2786 excepta
1722 2714 1973 2770 innativi-

359 2819 476 2869 tate
497 2855 511 2880 ,
537 2811 710 2870 Deum
743 2812 811 2869 de
847 2813 960 2868 Deo
983 2855 997 2879 ,
1030 2813 1212 2870 lumen
1252 2812 1318 2868 de
1343 2811 1546 2868 lumine
1567 2853 1581 2878 ,
1611 2811 1865 2866 virtutem
1895 2808 1972 2864 de

361 2907 562 2964 virtute
584 2950 598 2976 ,
631 2908 900 2980 integrum
927 2906 994 2963 de
1021 2908 1252 2978 integro,
1285 2905 1586 2978 perfectum
1609 2905 1677 2961 de
1709 2907 1967 2976 perfecto,

361 3012 489 3056 ante
533 3001 735 3056 saecula
776 3011 829 3057 et
860 3009 986 3058 ante
1034 3005 1282 3056 universa
1306 3042 1318 3064 ,
1344 3015 1464 3071 quae
1502 2999 1730 3072 intelligi
1755 3000 1834 3054 vel
1859 2997 1964 3053 dici

353 3101 594 3164 possunt
615 3137 631 3162 ,
677 3095 918 3166 genitum
945 3137 958 3160 ,
991 3095 1146 3164 cujus
1183 3094 1519 3149 nativitatem
1553 3108 1711 3148 nemo
1735 3093 1835 3147 scit
1867 3093 1966 3148 nisi

353 3187 514 3241 solus
558 3185 746 3252 Pater,
795 3187 912 3256 ipso
963 3186 1102 3241 Filio
1137 3194 1416 3242 asserente
1447 3203 1459 3240 :
1495 3185 1633 3251 Quia
1660 3203 1806 3239 nemo
1835 3186 1972 3242 novit

363 3277 565 3333 Filium
589 3279 688 3333 nisi
715 3277 894 3346 Pater,
914 3296 1075 3350 neque
1106 3278 1314 3333 Patrem
1341 3279 1455 3349 quis
1480 3279 1619 3332 novit
1645 3279 1747 3331 nisi
1774 3275 1967 3344 Filius,

359 3365 410 3428 et
453 3375 537 3427 eui
578 3373 793 3427 voluerit
836 3371 1007 3428 Filius
1027 3373 1250 3428 revelare
1281 3369 1506 3443 (Matth.
1541 3371 1628 3443 χι)
1659 3379 1786 3442 :per
1822 3387 1968 3439 quem

359 3470 503 3537 facta
526 3477 646 3521 sunt
665 3468 856 3534 omnia,
874 3468 983 3522 sine
1006 3484 1104 3536 quo
1126 3471 1323 3538 factum
1347 3475 1422 3520 est
1439 3465 1566 3520 nihil
1587 3464 1769 3538 (Joan.
1794 3462 1858 3537 1),
1882 3479 1970 3520 sc-

349 3562 596 3616 cundum
639 3560 852 3616 divinas
888 3576 1054 3617 voces
1105 3561 1274 3631 ipsius
1317 3559 1616 3615 Salvatoris
1643 3560 1815 3613 nostri
1847 3557 1966 3612 Filii

361 3651 592 3710 dieentis
626 3671 637 3708 :
683 3654 840 3709 Pater
883 3669 1023 3709 meus
1071 3671 1229 3718 usque
1277 3654 1429 3708 modo
1469 3663 1748 3722 aper-amr,
1790 3661 1834 3707 et
1876 3669 1968 3723 ego

349 3729 547 3810 ‘operor
581 3745 759 3819 (Joau.
787 3748 868 3817 v).
902 3745 974 3802 Et
991 3746 1188 3802 iterum
1225 3764 1239 3802 :
1271 3745 1617 3816 Quaecumque
1646 3745 1780 3799 enim
1810 3740 1968 3798 Pater

349 3839 509 3910 facit,
534 3841 642 3893 haec
659 3849 704 3893 et
727 3840 962 3894 similiter
986 3836 1162 3893 Filius
1183 3839 1310 3910 facit.
1332 3836 1600 3910 (Ibidem).
1639 3837 1704 3891 Et
1735 3838 1961 3892 iterum:

363 3931 476 4004 Ego
505 3931 576 3988 et‘
601 3931 766 3989 Pater
790 3947 954 3987 unum
981 3947 1178 3986 sumus.
1214 3933 1279 3987 Et
1306 3932 1499 3987 iterum
1531 3947 1546 3988 :
1577 3930 1678 4000 Qui
1709 3948 1787 3985 me
1809 3931 1962 4001 vidit,

348 4023 487 4088 .vidit
508 4035 556 4079 et
582 4023 815 4080 Patrem.
834 4025 899 4080 Et
916 4023 1112 4080 iterum
1135 4041 1147 4077 :
1167 4023 1282 4090 Quo
1299 4023 1450 4078 modo
1469 4021 1626 4078 Pater
1643 4023 1796 4077 vitam
1814 4022 1965 4078 habet

2083 1583 2265 1655 (Joan.
2323 1587 2387 1658 1).
2440 1590 2504 1642 Et
2553 1591 2846 1662 Apostolus
2886 1593 2952 1648 ad
2999 1591 3350 1654 Corinthios:
3406 1597 3470 1653 In
3498 1599 3690 1672 quibus

2088 1677 2224 1734 Deus
2255 1680 2409 1752 hujus
2437 1685 2612 1739 διεσαιί
2638 1689 2910 1742 excaecauit
2937 1700 3129 1744 mentes
3152 1692 3462 1760 inﬁdelium.
3492 1704 3552 1749 ut
3573 1705 3681 1751 non

2080 1771 2396 1845 refulgerent
2423 1773 2802 1832 illuminatione
2831 1781 3079 1853 evangelii
3109 1783 3291 1853 gloria:
3309 1784 3534 1850 Christi,
3566 1803 3681 1858 qua:

2077 1871 2152 1914 est
2176 1862 2348 1934 imago
2373 1861 2471 1919 Dei
2498 1865 2562 1938 (ll
2583 1868 2709 1924 Cor.
2740 1870 2842 1940 1v).
2870 1870 2937 1926 Et
2958 1872 3150 1928 iterum
3173 1873 3318 1930 idem
3345 1878 3636 1945 Apostolus
3661 1897 3674 1934 :

2078 1952 2147 2010 Et
2175 1960 2435 2013 transtulit
2470 1977 2561 2016 nos
2587 1963 2639 2015 in
2675 1980 2832 2034 regno
2863 1962 2993 2019 Filii
3016 1967 3287 2022 charitatis
3317 1967 3359 2035 ⁸,
3385 1971 3438 2024 in
3460 1987 3560 2041 quo
3590 1971 3679 2025 Ita-

2075 2048 2253 2104 bemtts
2298 2053 2698 2122 redemptionem
2733 2067 2779 2110 et
2827 2058 3176 2114 remissionem
3219 2073 3562 2130 peccatorum,
3591 2066 3680 2136 qui

2077 2153 2151 2197 est
2179 2145 2352 2215 imago
2394 2144 2490 2199 Dei
2513 2147 2804 2214 invisibilis,
2837 2152 3211 2224 primugenitus
3237 2156 3400 2210 onnris
3421 2157 3680 2212 cacaturit

2079 2233 2124 2306 (Ι
2150 2233 2329 2291 Thess.
2357 2235 2423 2307 1).
2459 2233 2524 2292 Et
2543 2239 2745 2295 iterum
2765 2241 2905 2297 idem
2925 2243 3250 2313 Apostolus:
3280 2245 3393 2302 Hoc
3410 2250 3543 2304 enim
3565 2267 3683 2305 sen-

2083 2327 2171 2382 tite
2201 2328 2254 2381 in
2283 2328 2424 2383 vobis
2448 2330 2586 2401 quod
2617 2342 2665 2386 et
2692 2333 2745 2387 in
2769 2332 2970 2389 Christo
2995 2335 3146 2403 Iesu,
3173 2339 3261 2409 qui
3291 2355 3406 2392 cum
3432 2343 3486 2394 in
3514 2345 3682 2412 forma

2075 2413 2176 2475 Dei
2217 2431 2378 2486 esset,
2407 2437 2509 2477 non
2529 2426 2767 2496 rapinam
2797 2426 3075 2484 arbitratus
3101 2442 3195 2498 est,
3227 2449 3280 2487 se
3300 2449 3407 2487 esse
3433 2433 3680 2501 (aqualem

2076 2515 2314 2586 Deo,sed
2335 2523 2660 2592 semetipsum
2681 2525 2982 2594 eainanivit,
2997 2526 3219 2598 formam
3243 2529 3376 2582 servi
3399 2531 3695 2601 accipiens,

2075 2611 2130 2664 in
2167 2612 2557 2671 similitudinem
2607 2618 2870 2673 hominum
2916 2625 3086 2692 factus
3134 2621 3364 2696 (Philip.
3402 2623 3506 2694 1v).
3543 2623 3679 2692 θιὼ

2075 2702 2182 2761 non
2229 2707 2522 2779 intelligat,
2554 2713 2676 2782 quia
2703 2714 3160 2784 quemadmodum
3206 2717 3504 2773 secndum
3534 2720 3680 2777 servi

2075 2802 2301 2858 formam
2349 2819 2478 2860 vera
2524 2804 2625 2860 fuit
2671 2821 2799 2862 caro
2829 2816 3010 2864 nostra
3043 2795 3401 2878 ﬂammato,
3434 2811 3506 2866 ita
3538 2823 3593 2867 ct
3619 2813 3672 2870 in
3763 2829 3765 2834 ·

2069 2893 2169 2950 Dei
2213 2896 2384 2950 forma
2418 2911 2546 2952 vera
2575 2899 2648 2952 sit
2687 2898 2942 2956 divinitas
2971 2902 3148 2957 Patris
3171 2903 3232 2958 in
3264 2889 3443 2960 Filio?
3473 2903 3543 2960 Et
3569 2906 3674 2961 ite-

2073 3004 2190 3043 rum
2224 3006 2236 3043 :
2280 2987 2459 3045 Videte
2500 3008 2562 3046 ne
2597 2995 2710 3064 quis
2751 3010 2837 3050 vos
2859 2997 3071 3050 sedarat
3099 3014 3190 3067 per
3218 2999 3598 3069 philosophiam
3629 3009 3676 3070 et

2072 3083 2276 3136 inanem
2323 3083 2629 3152 fallaciam,
2675 3088 2956 3142 secundum
3007 3091 3336 3147 traditionem
3385 3077 3670 3168 hominum,

2072 3175 2350 3229 secundum
2404 3177 2652 3233 elementa
2700 3179 2856 3250 hujus
2891 3173 3112 3248 mundi,
3153 3192 3200 3237 et
3245 3201 3348 3238 non
3388 3187 3673 3239 secundum

2074 3265 2355 3335 Christum,
2389 3271 2513 3341 quia
2541 3273 2596 3325 in
2624 3273 2738 3342 ipso
2773 3273 2970 3328 habitat
2991 3277 3176 3329 omnis
3227 3275 3492 3344 plenitudo
3542 3279 3676 3332 diui-

2061 3360 2249 3415 nitatis
2289 3364 2623 3430 corporaliter
2658 3365 2724 3436 (ll
2767 3357 2964 3420 Coloss.
2995 3379 3053 3429 11,
3079 3365 3118 3421 Β
3151 3365 3194 3436 ).
3246 3367 3303 3424 Si
3335 3382 3464 3438 ergo
3494 3370 3674 3424 omnis

2075 3454 2352 3522 plenitudo
2379 3457 2673 3513 divinitatis
2705 3458 3038 3515 inhabitatin
3061 3459 3304 3527 Christo,
3325 3461 3435 3532 jam
3465 3478 3568 3518 non
3598 3479 3664 3518 cx
3697 3445 3702 3448 I

2073 3556 2226 3615 parte
2272 3547 2481 3616 similis,
2529 3556 2585 3604 et
2621 3566 2686 3605 ex
2736 3560 2890 3620 parte
2917 3551 3215 3618 dissimilis,
3247 3554 3389 3610 sicut
3415 3569 3560 3610 nunc
3585 3571 3674 3610 as-

2071 3646 2286 3702 serunt,
2317 3641 2407 3710 qui
2449 3650 2669 3712 propter
2712 3645 3116 3699 contentionem
3156 3659 3269 3699 suae
3305 3645 3544 3702 libidinis
3585 3661 3671 3702 rc-

2073 3740 2305 3787 trorsum
2333 3733 2610 3801 abeuntes,
2644 3737 2968 3807 semctipsos
2997 3753 3027 3792 a
3057 3739 3212 3794 nobis
3241 3740 3261 3770 ⁸
3288 3743 3558 3795 arci-tum.

2136 3821 2272 3879 Nam
2299 3825 2443 3896 quod
2457 3833 2657 3896 put-nt
2683 3842 2744 3883 se
2767 3844 2864 3897 pro
2885 3845 3080 3899 magno
3109 3831 3175 3885 de
3203 3830 3400 3887 divinis
3433 3833 3668 3903 scriptu-

2064 3919 2144 3972 ris
2171 3915 2440 4000 proterre,
2465 3928 2526 3972 ut
2555 3918 2759 3987 dicunt,
2781 3920 3057 4000 Christum
3089 3921 3350 3978 tecturam
3375 3934 3432 3978 et
3454 3937 3670 3982 cream-

2067 3995 2222 4066 ram‘:
2257 4011 2296 4067 '1!
2324 4013 2597 4069 contrario
2639 4028 2737 4070 nos
2764 3997 3062 4071 secundum
3091 4018 3392 4096 scripturas.
3415 4015 3664 4100 dicimus,

343 4135 392 4174 ια
412 4119 707 4189 semetipso,
727 4119 800 4172 ita
819 4118 958 4172 dedit
987 4127 1034 4172 et
1058 4115 1198 4171 Filio
1219 4116 1374 4170 vittrm
1402 4113 1588 4170 habere
1612 4117 1666 4170 in
1692 4118 1964 4185 semetipso
2066 4103 2128 4168 ei
2165 4104 2327 4174 νίεηι,
2375 4114 2430 4161 el
2468 4105 2714 4175 ianuam,
2747 4117 2800 4162 et
2840 4107 3073 4178 lapidem
3109 4097 3545 4174 οϐ’θηεὶόιιῖενθι
3567 4097 3666 4180 1ιρ-

337 4210 544 4282 “(.Ιοαη.
581 4209 718 4282 xw).
745 4209 1055 4266 Etim-um:
1082 4208 1228 4266 Sicut
1252 4208 1410 4265 Pater
1428 4209 1642 4263 suscitat
1661 4218 1893 4262 mortuos
1909 4219 1963 4263 et

2072 4203 2204 4249 Iram
2231 4197 2494 4266 sc'andali,
2517 4208 2578 4254 et
2604 4197 3037 4270 fundamentum,
3059 4210 3116 4257 et
3137 4202 3439 4267 brachium,
3465 4211 3526 4259 et
3545 4217 3664 4258 m-

359 4293 601 4374 vivifica‘t,
625 4304 700 4357 ita
729 4312 774 4357 et
803 4291 979 4359 Filius
1007 4301 1030 4333 ³
1059 4302 1197 4374 quad
1219 4303 1347 4368 vult,
1367 4303 1611 4369 viui/icui.
1645 4301 1711 4356 Et
1731 4304 1958 4382 iret-mn:
2049 4303 2217 4384 ἶιιιμη,
2240 4300 2294 4346 et
2311 4292 2646 4384 sapientiam,
2674 4303 2728 4349 et
2753 4295 2996 4359 verbum,
3022 4307 3076 4351 et
3098 4311 3315 4368 agnum,
3333 4307 3387 4352 et
3410 4309 3589 4362 ovem,
3607 4306 3667 4353 et

341 4395 582 4454 'Creds'tis
601 4399 658 4452 in
687 4393 874 4462 Deum,
893 4407 940 4451 et
965 4397 1019 4451 in
1036 4412 1116 4450 me
1131 4397 1321 4451 credite
1344 4394 1523 4468 (Iban.
1546 4393 1621 4465 v).
1639 4393 1704 4450 Et
1725 4381 1958 4458 iterum:

2072 4381 2361 4462 pastorem,
2377 4395 2430 4439 et
2451 4381 2808 4454 sacerdotem,
2824 4398 2878 4441 et
2893 4390 3077 4455 vitam,
3092 4389 3317 4456 etdicm,
3334 4389 3521 4444 ctaIia.
3553 4389 3661 4444 Sed

347 4451 711 4560 ialm
740 4451 909 4545 (Pater
929 4490 1136 4563 judicat
1179 4451 1510 4561 quamquam;
1557 4451 1648 4542 sed
1687 4504 1838 4543 οηιηε
1870 4451 2182 4562 ἐπένθει
2203 4479 2383 4532 omnia
2407 4479 2486 4533 sic
2509 4451 2858 4549 intelligimus
2878 4491 2933 4536 et
2966 4451 3220 4544 dicimus,
3259 4491 3315 4537 ut
3352 4483 3581 4540 virtutes
3606 4494 3664 4539 et

359 4584 552 4639 dicium
578 4581 718 4638 dedit
745 4580 908 4648 Filio,
935 4593 991 4637 ut
1018 4598 1192 4636 omnes
1219 4581 1558 4650 honoriﬁcent
1584 4579 1635 4634 F
1637 4582 1804 4647 ilium,
1827 4583 1960 4637 sicut

361 4676 710 4746 honoriﬁcam
749 4672 978 4730 Patrem.
1012 4673 1082 4729 Et
1112 4674 1306 4730 iterum
1338 4675 1423 4730 cui
1455 4671 1616 4729 Pater
1638 4672 1778 4729 dixit
1810 4696 1824 4729 :
1853 4665 1960 4728 Fac

359 4771 555 4825 ciamus
600 4770 858 4824 hominem
895 4768 964 4822 ad
1003 4768 1276 4840 imaginem
1312 4775 1360 4822 et
1397 4759 1786 4822 similitudinem
1839 4783 1961 4822 nos-

359 4877 493 4924 tram
521 4863 674 4936 (Gen.
704 4865 744 4933 1)
775 4880 789 4918 :
827 4877 929 4918 nec
956 4862 1124 4929 dixit,
1158 4861 1224 4916 ad
1258 4861 1544 4932 imaginem
1578 4870 1746 4926 tuam,
1777 4862 1863 4917 vel
1888 4861 1960 4918 ad

358 4943 652 5028 imaginem
680 4967 877 5023 meam,
909 4965 978 5010 ne
1003 4955 1236 5026 aliquam
1268 4947 1760 5011 dissimilitudinem
1787 4955 1845 5011 in
1867 4951 1960 5011 Fi-

355 5051 414 5107 lii
443 5050 526 5106 sui
547 5051 833 5106 divinitate
851 5050 1273 5116 demonstraret,
1301 5049 1396 5104 sed
1423 5060 1711 5121 propterea
1733 5051 1960 5121 conjun-

341 5146 438 5202 -ιίι
454 5143 525 5201 ad
549 5145 840 5215 imaginem
866 5153 924 5199 et
947 5138 1353 5200 similitudinem
1382 5145 1649 5211 nostram,
1672 5155 1733 5199 ut
1757 5145 1956 5202 Filium

339 5247 514 5294 suum
571 5236 676 5292 sibi
719 5237 950 5292 similem
992 5251 1089 5308 per
1133 5235 1319 5292 omnia
1341 5236 1515 5292 Deum
1564 5237 1952 5295 manifestat-et.

356 5326 560 5387 Itet‘u‘m
588 5329 928 5402 Evangelista
955 5348 972 5386 :
1033 5327 1268 5384 Vidimus
1308 5329 1529 5402 gloriam
1560 5330 1673 5401 ejus
1693 5372 1707 5398 ,
1737 5331 1958 5404 gloriam

355 5424 507 5494 quasi
553 5423 810 5494 Μῃοηὶιὲ
852 5439 885 5477 a
931 5421 1091 5477 Patre
1113 5461 1130 5490 ,
1187 5420 1395 5493 plenum
1438 5423 1608 5496 gratia
1650 5435 1698 5480 et
1747 5425 1959 5480 ueritate

331 5523 336 5536 ί
429 5523 452 5565 ἰ
482 5531 658 5612 mpii
689 5534 885 5609 fragm.
912 5535 1084 5594 sancti
1113 5529 1300 5593 Hilarii
1332 5534 1387 5612 tt.
1418 5529 1508 5594 Η.
1543 5533 1762 5609 Damno.
1797 5525 1955 5609 ίδίδον
2038 5579 2044 5584 ⁷

354 5573 635 5678 ιιιειηῗὲἳρ

323 5677 332 5686 ’
480 5665 664 5756 ljjobls.

2063 4570 2406 4640 operationes
2421 4569 2538 4625 Filii
2552 4571 2645 4626 Dei
2659 4572 3023 4643 intelligamus
3039 4615 3055 4642 ,
3081 4587 3188 4630 non
3210 4584 3268 4630 ut
3294 4575 3528 4630 divinam
3543 4571 3660 4645 ejus

2063 4667 2129 4720 ex
2159 4661 2315 4720 Patre
2336 4664 2672 4722 nativitatem
2701 4666 3067 4736 hujuscemodi
3095 4669 3402 4724 nominibus
3443 4685 3662 4742 compa-

2062 4773 2265 4818 remus.
2285 4758 2406 4828 quia
2430 4774 2497 4814 ex
2517 4747 2685 4814 nihilo
2703 4761 2879 4814 omnia
2905 4777 3001 4832 per
3019 4761 3212 4816 Filium
3240 4760 3376 4817 facta
3400 4775 3548 4831 sunt,
3572 4763 3661 4821 Fi-

2060 4852 2166 4908 lius
2185 4860 2363 4906 autent
2387 4867 2493 4907 non
2517 4868 2590 4921 ex,
2612 4853 2911 4921 uihilo,sed
2929 4871 2991 4911 ex
3012 4855 3125 4912 Deo
3148 4855 3306 4912 Patre
3327 4859 3658 4930 cstgenitus.

2141 4945 2372 5001 Valentis
2391 4948 2627 5016 vafricies
2647 4958 2922 5003 notata.—-
2945 4947 3109 5005 Miror
3129 4959 3309 5006 autem
3338 4951 3657 5022 praedictum

2064 5039 2349 5096 Valentem
2393 5050 2486 5097 aut
2526 5042 2755 5097 oblitum
2787 5057 2931 5109 esse,
2961 5055 3054 5100 aut
3080 5057 3227 5101 certe
3253 5045 3476 5102 subdole
3499 5046 3661 5100 dissi-

2061 5135 2294 5201 mulare,
2319 5134 2444 5206 quid
2475 5136 2526 5190 in
2551 5137 2882 5206 praeteritum
2912 5141 3121 5207 gestum
3152 5139 3538 5207 deﬁnitumque
3564 5139 3655 5194 sit.

2060 5227 2193 5283 Nam
2247 5229 2346 5284 sub
2401 5229 2555 5285 home
2599 5233 2888 5296 :memoria:
2946 5229 3265 5288 Constantio
3328 5232 3660 5301 imperatore

2059 5319 2277 5392 quando
2319 5321 2459 5376 inter
2499 5323 2758 5394 quosdam
2803 5335 3043 5394 cmperat
3069 5339 3190 5379 esse
3219 5323 3287 5378 de
3314 5323 3420 5378 lide
3443 5322 3660 5378 dissen-

2058 5412 2138 5468 sio
2161 5453 2178 5479 ,
2221 5413 2272 5468 in
2303 5425 2597 5486 conspectu
2641 5416 2881 5486 ejusdem
2917 5417 3256 5485 imperatoris
3301 5409 3656 5485 pra'scn'tibus

2058 5503 2291 5576 Georgio
2335 5504 2594 5578 episcopo
2635 5493 3018 5564 Alexandriam
3055 5507 3324 5578 ecclesiae,
3374 5497 3656 5583 Pelusian

2127 5663 2152 5700 ⁸
2175 5659 2324 5726 S'u'te.

2039 5797 2050 5808 .
2117 5741 2154 5784 ὐ
2185 5743 2528 5817 Averterunt,
