4194 6184
539 257 647 315 575

1036 250 1473 312 MONUMENTA
1510 251 1792 311 VETERA
1831 252 1925 309 AD
1963 252 2375 311 ARIANORUM
2420 252 2819 311 DOCTRINAM
2856 253 3349 313 PERTINENTIA.

3739 255 3843 315 576

538 390 681 442 rum,
715 373 914 430 Basilio
960 371 1219 443 episcopo
1254 379 1382 427 tunc
1418 372 1777 441 Anquiritano
1800 413 1815 439 ,
1867 379 2140 443 praesente
2167 372 2221 432 Α
2246 369 2388 425 milis
2443 370 2552 435 sit,
2600 379 2754 440 parte
2780 369 3077 426 dissimilis.
3108 370 3175 425 Et
3205 369 3349 439 ideo,
3383 370 3580 427 fratres
3607 369 3850 427 dilectis-

536 468 700 523 etiam
751 467 869 537 ipso
914 464 1141 521 Valente
1177 474 1231 520 et
1260 463 1513 528 Ursacio,
1548 472 1603 521 et
1632 466 1646 497 ¹
1675 465 1727 520 in
1756 479 1817 519 ea
1848 464 2134 534 pravitate,

540 568 665 631 post
692 559 930 614 habitam
960 572 1132 628 usque
1157 558 1211 613 in
1244 568 1460 613 noctem
1482 557 1548 614 de
1570 557 1673 613 ﬁde
1693 557 2135 629 diSputationem,

539 662 594 708 et
620 652 686 708 ad
715 660 917 708 certam
949 651 1188 722 regulam
1225 652 1535 721 perductam
1560 693 1573 719 ,
1602 652 1840 706 Marcum
1873 651 1939 706 ab
1967 651 2139 706 omni-

542 745 642 801 bus
687 745 844 800 nobis
869 746 890 777 ⁸
929 744 1158 814 ejectum
1192 743 1350 799 [idem
1398 744 1664 810 dictasse,
1695 742 1748 798 in
1795 758 1897 815 qua
1931 742 2035 799 ﬁde
2063 744 2140 799 sic

541 841 904 911 conscriptum
928 848 1011 894 est
1041 857 1053 892 :
1087 838 1280 893 Filium
1305 838 1532 893 similem
1565 837 1707 893 Patri
1738 852 1831 907 per
1851 838 2052 903 omnia,
2083 844 2141 891 ut

543 944 748 989 sancta:
788 931 1011 995 dicunt,
1044 939 1098 985 et
1128 929 1324 984 docent
1367 931 1650 1000 scriptura:
1685 926 1697 981 Ξ
1725 929 1881 998 cujus
1913 930 2140 999 integra:

544 1026 869 1098 professioni
915 1023 1290 1079 consensimus
1335 1038 1565 1087 omnes,
1624 1033 1680 1078 et
1742 1038 1901 1077 manu
1958 1032 2140 1077 nostra

546 1120 989 1189 subscripsimus.
1023 1117 1080 1173 Si
1120 1127 1300 1172 autem
1332 1132 1474 1172 nunc
1504 1116 1703 1187 aliquid
1731 1118 1952 1185 spiritus
1982 1117 2141 1186 hujus

548 1211 733 1267 mundi
782 1210 1049 1281 suggerit,
1089 1224 1154 1264 ex
1200 1217 1388 1279 aperto
1437 1207 1615 1275 adhuc
1644 1208 1785 1263 scire
1816 1224 1920 1262 non
1953 1222 2145 1279 possu-

546 1294 689 1361 mus.
731 1304 885 1368 Nam,
919 1315 974 1359 ut
1009 1319 1107 1359 nos
1138 1302 1363 1374 professi
1401 1317 1587 1357 sumus
1617 1302 1685 1358 de
1720 1303 2022 1372 scripturis,
2049 1318 2143 1372 per

547 1398 727 1454 omnia
749 1396 983 1453 similem
1016 1395 1209 1450 Filium
1239 1395 1382 1450 Patri
1409 1403 1635 1465 excepta
1664 1394 2024 1463 innativitate,
2052 1410 2147 1450 ex-

553 1498 756 1562 ponant
786 1498 838 1543 et
870 1488 947 1542 illi
980 1487 1047 1543 de
1080 1487 1383 1559 scripturis,
1408 1486 1862 1559 quemadmodum
1888 1495 2040 1558 parte
2066 1487 2143 1544 si-

628 1608 643 1637 ι
677 1606 788 1660 Mea
821 1603 1107 1675 parvitate.

624 1679 644 1709 ³
676 1677 939 1733 Electum.

2242 463 2395 531 simi,
2447 463 2564 519 haec
2602 463 2992 535 intrepidauter
3036 473 3091 520 ct
3119 468 3236 520 sine
3284 480 3435 521 mora
3462 475 3659 521 vestra:
3685 464 3855 522 dilec-

2246 558 2406 613 tionis
2434 557 2498 613 ad
2527 558 2936 621 conscientiam,
2967 556 3382 631 pcr'Cyriacum
3412 557 3723 624 ofﬁcialem,
3753 573 3851 614 cu—

2238 650 2326 720 jus
2368 650 2539 719 prima
2572 649 2790 705 inventa
2837 653 3052 706 occasio
3080 660 3161 705 est
3208 660 3328 720 post
3360 651 3639 707 Carinium
3670 651 3852 707 diaco-

2243 758 2369 796 num
2388 783 2401 808 ,
2428 757 2587 812 quem
2616 742 2681 796 ad
2709 757 2807 798 vos
2836 742 2955 797 misi
2979 784 2993 807 ,
3029 742 3423 813 professionem
3456 743 3723 799 destinavi
3744 784 3759 808 ,
3793 752 3851 800 ut

2244 850 2340 905 per
2387 844 2618 889 vestram
2686 851 2899 906 quoque
2970 837 3433 906 vigilantissimam
3502 837 3848 893 devotionem

2244 927 2385 997 apud
2431 928 2617 989 Deum,
2653 929 2922 984 universae
2956 928 3281 985 fraternitati
3313 930 3611 995 iutimetnr,
3645 932 3854 1001 nequis

2243 1017 2263 1049 ³
2293 1018 2505 1073 fallacia
2546 1019 2747 1074 diaboli
2801 1021 3006 1090 laqueis
3054 1022 3309 1092 ignorans
3347 1022 3675 1091 implicetur.
3731 1022 3855 1077 .Iam

2244 1118 2437 1165 vestrm
2469 1121 2552 1167 est
2584 1112 2958 1167 unanimitatis
2997 1113 3301 1170 rescribere
3343 1114 3504 1180 mihi,
3534 1115 3660 1185 quid
3695 1116 3857 1171 vobis

2244 1212 2461 1259 sanctus
2509 1204 2740 1275 Spiritus
2767 1214 3039 1276 suggerat.
3064 1207 3208 1262 Sane
3238 1208 3432 1262 intimo
3454 1206 3702 1261 cltaritati
3727 1224 3860 1264 vcs-

2247 1304 2363 1361 trae,
2412 1312 2497 1350 me
2532 1297 2655 1352 huic
2695 1298 2960 1367 cpistolce,
2995 1309 3279 1371 propterea
3307 1299 3452 1369 quod
3486 1312 3674 1353 manus
3700 1298 3860 1356 dole—

2246 1402 2360 1442 rem
2388 1430 2399 1452 ,
2433 1388 2776 1444 snbscribere
2823 1405 2929 1445 non
2969 1393 3208 1461 potuisse
3238 1411 3249 1446 :
3276 1390 3728 1446 subscribendum
3759 1406 3859 1446 an-

2215 1488 2353 1536 ‘tem
2402 1480 2690 1538 mandasse
2722 1482 2995 1551 :fratribus
3038 1495 3093 1539 et
3144 1483 3606 1557 compresbyteris
3655 1485 3858 1540 nostris

2249 1572 2591 1641 Innocentio,
2620 1576 2865 1645 Octavio,
2894 1586 2949 1633 et
2975 1576 3187 1634 Catulo.

2322 1688 2343 1720 ³
2376 1687 2629 1744 Fallacis.

1883 1792 2021 1834 ANNO
2074 1793 2258 1835 DOMINI
2307 1794 2508 1836 CCCLX!
2518 1820 2532 1834 .

1454 1869 1915 1930 CONSTITUTIO
1952 1871 2444 1930 VALENTINIANI
2489 1877 2947 1937 IMPERATORIS

1927 1960 1995 1999 AD
2034 1961 2282 2000 DAMASUII
2321 1963 2514 2003 ΡΑΡΑΜ.

1916 2023 2017 2085 (Ea:
2041 2022 2203 2076 Coust.
2229 2038 2344 2092 pag.
2368 2028 2506 2091 475.)

558 2131 627 2187 Ut
656 2134 1000 2210 ecclesiastici
1044 2142 1090 2190 et
1112 2134 1426 2210 continentes
1456 2132 1519 2186 de
1547 2132 1814 2210 viduarum
1849 2130 1993 2210 bonis
2020 2131 2152 2184 nihil
2184 2114 2230 2173 Β
2260 2132 2310 2186 in
2354 2142 2563 2191 tantum
2611 2136 2863 2194 inefﬁcax
2898 2139 2989 2207 sit,
3021 2138 3164 2210 quod
3219 2138 3383 2208 aliqui
3434 2138 3625 2194 horum
3675 2137 3745 2193 ab
3773 2137 3860 2196 bis

662 2208 740 2262 rel
768 2215 1090 2271 testamento,
1114 2205 1193 2260 vel
1218 2205 1492 2259 donatione
1531 2205 1729 2258 valeant
1761 2203 2038 2273 percipere.

628 2293 989 2364 Imperatores
1029 2296 1466 2357 Valentinianus,
1494 2304 1518 2331 α
1556 2292 1752 2349 Valens
1781 2303 1836 2348 et
1864 2293 2151 2349 Gratianus

556 2376 765 2444 augusti
788 2376 852 2431 ad
878 2377 1161 2431 Damasum
1194 2376 1509 2446 episcopum
1543 2373 1692 2428 urbis
1730 2372 1934 2427 Romae.
1964 2372 2147 2429 Eccle-

557 2454 758 2510 siastici
806 2468 894 2510 aut
943 2472 1006 2511 cx
1041 2455 1444 2521 ecclesiasticis,
1477 2453 1557 2508 vel
1587 2454 1674 2521 qui
1708 2451 1733 2489 ι)
1760 2452 2149 2507 continentium

557 2547 619 2588 se
667 2536 855 2590 volunt
902 2538 1120 2591 nomine
1151 2538 1473 2605 nuncupari,
1516 2533 1796 2587 viduarum
1824 2547 1887 2587 ac
1918 2533 2152 2602 pupillo-

558 2630 677 2669 rum
731 2616 923 2671 domos
952 2631 1057 2671 non
1088 2616 1280 2671 adeant
1308 2632 1321 2679 ;
1356 2614 1450 2669 sed
1477 2612 1705 2681 publicis
1732 2622 1753 2650 ο
1789 2613 2158 2667 exterminan-

559 2703 647 2749 tur
672 2694 913 2763 judiciis.
939 2697 983 2751 si
1013 2697 1240 2766 posthac
1265 2709 1361 2750 eos
1386 2693 1577 2748 afﬁnes
1607 2706 1793 2748 eorum
1828 2690 1913 2745 vel
1945 2692 2157 2761 prepin-

556 2774 646 2844 qui
680 2777 992 2846 putaverint
1017 2774 1365 2832 deferendos.
1409 2772 1712 2829 Censcmus
1740 2773 1926 2833 etiam,
1954 2782 2011 2826 ut
2038 2787 2157 2827 me-

557 2856 752 2910 morati
807 2857 943 2910 nihil
993 2856 1059 2911 de
1104 2855 1222 2926 cjus
1258 2853 1524 2918 mulieris,
1567 2853 1651 2907 cui
1695 2866 1753 2906 se
1778 2851 2025 2921 privatim
2057 2853 2159 2909 sub

559 2947 823 3006 pratcxtu
847 2936 1129 3008 religionis
1154 2936 1521 3006 adjunxcrint,
1550 2932 1871 2988 liberalitate
1900 2947 2158 3001 quacum-

557 3030 662 3086 que
688 3017 767 3071 vel
801 3014 828 3053 (ι
855 3026 1100 3072 extremo
1140 3017 1343 3086 judicio
1373 3014 1581 3085 possint
1605 3013 1828 3084 adipisci
1860 3031 1872 3067 :
1907 3022 1961 3069 et
1986 3028 2149 3070 omne

632 3122 656 3148 τι
689 3113 745 3167 1η
779 3127 881 3166 ms.
909 3110 1135 3166 Coislin.
1166 3109 1506 3165 desideratur
1540 3107 1754 3161 Valens.

632 3182 1067 3238 bContinentium
1126 3182 1346 3236 nomine
1396 3181 1690 3234 monachos
1750 3178 1835 3232 hic
1901 3178 2152 3250 intelligit

563 3255 927 3327 Hieronymus
956 3256 1116 3321 epist.
1145 3254 1179 3307 2
1210 3253 1277 3327 atl
1307 3251 1595 3327 Nepotian,
1622 3251 1709 3306 ubi
1736 3251 2152 3327 aitzsacerdotcs

559 3320 842 3384 idolorum.
860 3320 1003 3380 mimi
1030 3335 1077 3380 et
1105 3326 1358 3396 aurigazet
1383 3333 1553 3377 scorta
1572 3320 1896 3396 litcreditates
1910 3323 2151 3391 capiunt:

562 3397 684 3452 solis
714 3398 913 3451 clericis
943 3413 1003 3451 ac
1028 3392 1290 3451 monachis
1322 3398 1418 3448 hac
1440 3397 1549 3465 lege
1578 3392 1928 3462 prohibentur.

640 3480 661 3505 ε
694 3469 795 3523 hoc
816 3478 901 3523 est
942 3469 1290 3523 smcularibus
1318 3466 1554 3535 judiciis,
1591 3475 1649 3519 ut
1677 3465 1841 3531 liquet
1873 3480 1936 3517 ex
1968 3465 2154 3520 codice

567 3553 689 3593 can.
717 3539 855 3595 eccl.
888 3539 1083 3604 Afric.;
1119 3551 1251 3601 tum,
1277 3554 1397 3606 cap.
1426 3539 1537 3601 I5.,
1567 3551 1674 3605 quo
1706 3535 2001 3590 secundum
2028 3551 2157 3590 con-

565 3611 751 3664 cilium
780 3609 1205 3680 Carthaginense
1228 3625 1316 3673 nt,
1340 3623 1459 3678 cap.
1494 3609 1527 3664 9
1559 3607 1890 3676 prtccipitur,
1936 3618 1993 3661 ut
2018 3608 2156 3676 quis-

564 3682 680 3744 quis
700 3685 1078 3753 episcoporum,
1106 3682 1536 3753 presbyterorum,
1570 3680 1904 3753 diaconorujtn
1936 3695 2023 3753 seu
2051 3680 2156 3731 cle-

565 3753 813 3818 ricorum,
855 3750 973 3806 cum
1002 3754 1056 3807 in
1082 3750 1294 3807 ecclesia
1322 3752 1367 3804 ei
1400 3752 1554 3822 {inerit
1596 3752 1789 3803 crimen
1844 3750 2160 3822 institutum,

565 3824 645 3877 vel
669 3826 832 3880 civilis
870 3841 1025 3877 causa
1056 3824 1210 3892 fuerit
1237 3820 1506 3885 commata,
1538 3823 1581 3876 si
1612 3822 1791 3892 relicto
1817 3820 2161 3892 ecclesiastico

555 3897 782 3967 judicio,
812 3896 1032 3967 publicis
1050 3890 1265 3964 iudiciis
1295 3895 1509 3967 purgari
1535 3891 1774 3954 voluerit,
1825 3890 2022 3967 etiamsi
2072 3908 2163 3960 pro

566 3961 678 4037 ipso
705 3961 860 4036 fuerit
886 3961 1086 4035 prolata
1112 3966 1382 4037 sententia,
1399 3961 1581 4037 locum
1605 3979 1755 4037 suum
1777 3961 1975 4037 amittat
2002 3978 2021 4037 ;_
2052 3974 2162 4015 tum

566 4032 826 4104 eapind
858 4032 1252 4115 ultisancitur“:
1274 4034 1480 4115 Placuit
1512 4045 1568 4115 ut
1586 4032 2165 4115 guicurnqueabimpe-

564 4102 740 4160 ratore
767 4108 1106 4175 cognitionem
1137 4106 1446 4171 iudiciorum
1474 4102 1797 4171 publicorum
1824 4102 2046 4175 petierit,
2068 4106 2161 4156 lto-

567 4194 691 4232 nore
713 4172 926 4247 proprio
955 4178 1214 4247 privetur;
1244 4179 1287 4229 si
1308 4186 1477 4229 autem
1506 4174 1793 4247 episcopale
1822 4172 2072 4241 iudicium
2098 4192 2131 4229 a

568 4249 882 4314 imperatore
913 4248 1202 4315 postularit,
1234 4248 1364 4301 nihil
1393 4248 1438 4301 ei
1466 4247 1617 4301 obsit.
2100 4268 2103 4273 ί

640 4319 665 4356 ἀ
699 4319 841 4375 Nihil
867 4321 951 4374 hic
974 4328 1029 4375 et
1060 4318 1195 4373 infra
1229 4318 1305 4372 vel
1331 4328 1551 4373 extremo
1567 4317 1769 4391 judicio
1791 4331 1989 4391 sonare
2014 4316 2156 4391 aliud

568 4391 810 4455 videtur,
842 4407 1001 4460 quam
1030 4391 1170 4462 quod
1210 4406 1337 4445 mox
1392 4391 1469 4445 vel
1518 4388 1817 4444 testamento
1842 4388 1985 4457 quod
2036 4389 2157 4457 qui-

564 4463 691 4518 dem
735 4449 933 4519 dicitur
956 4449 1240 4518 extremum
1259 4463 1548 4531 judicium,
1578 4462 1702 4532 quia
1734 4449 1948 4516 nonnisi
1975 4449 2155 4515 exlre-
2184 4449 2231 4509 D

564 4549 650 4591 ma
680 4537 953 4593 voluntate
979 4551 1042 4591 ac
1069 4542 1240 4591 morte
1265 4533 1635 4591 intercedente
1662 4532 1824 4587 valet.

2261 2213 2422 2270 luerit
2450 2219 2793 2286 derelictum,
2821 2228 2879 2275 ut
2906 2237 3082 2289 neque
3128 2236 3226 2291 per
3270 2220 3570 2289 subjectam
3608 2228 3631 2256 ο
3662 2234 3859 2289 perso-

2259 2310 2381 2349 nam
2429 2299 2648 2355 valeant
2692 2300 2893 2369 aliquid
2936 2302 3017 2354 vel
3062 2299 3355 2354 donatione
3395 2298 3479 2354 vel
3530 2306 3859 2354 testamento

2261 2376 2561 2446 percipere.
2617 2378 2755 2447 Quin
2802 2380 2966 2433 etiam
3008 2379 3054 2435 si
3105 2378 3245 2434 forte
3284 2388 3402 2449 post
3428 2378 3855 2433 admonitionem

2260 2457 2394 2527 legis
2427 2467 2648 2525 nostra),
2676 2459 2876 2529 aliquid
2902 2460 3090 2514 iisdem
3107 2475 3185 2514 eae
3220 2458 3436 2513 femina:
3454 2458 3538 2512 vel
3561 2458 3859 2512 donatione

2260 2540 2342 2594 vel
2375 2548 2624 2594 extremo
2650 2539 2854 2608 judicio
2887 2540 3192 2609 putaverint
3219 2537 3652 2609 relinquendum,
3683 2536 3731 2591 id
3764 2536 3861 2593 ﬁs-

2263 2634 2357 2674 cus
2384 2627 2623 2689 usurpet.
2664 2618 2931 2675 Craterum
2956 2622 2999 2673 si
3037 2617 3055 2656 ί
3101 2634 3285 2673 earum
3312 2620 3399 2688 qui
3428 2620 3705 2672 voluntate
3731 2632 3861 2688 per-

2263 2699 2490 2770 cipiunt,
2520 2700 2584 2754 ad
2613 2716 2837 2771 quarum
2892 2701 3288 2756 successionem
3338 2699 3423 2754 vel
3463 2700 3601 2755 bona
3627 2702 3748 2765 jure
3778 2698 3861 2753 ci-

2266 2781 2357 2836 vili
2382 2781 2465 2835 vel
2507 2781 2670 2835 edicti
2715 2780 2992 2836 beneﬁciis
3019 2781 3362 2850 adjuvantur,
3395 2780 3611 2844 capiant
3638 2788 3698 2832 ut
3728 2794 3858 2847 pro-

2267 2861 2475 2931 pinqui.
2508 2870 2531 2906 8
2561 2861 2720 2915 Lecta
2754 2861 2805 2915 in
2828 2862 3073 2915 ecclesiis
3097 2860 3334 2916 romanis
3367 2876 3416 2915 tv
3442 2860 3715 2915 Kalendas
3744 2860 3857 2914 Au-

2263 2940 2406 3073 gusﬁ
2444 2939 2822 2995 Valentiniano
2844 2950 2897 2996 et
2919 2940 3144 2997 Valente
3164 2941 3323 2995 tertio
3341 2939 3592 3011 Augustis
3614 2939 3856 2994 consuli-

2305 3033 2385 3073 us.

2305 3033 2385 3073 IIS.

2337 3112 2474 3185 f‘Hic
2490 3115 2846 3184 prohibentur
2858 3114 3272 3185 ﬁdeicommissa,
3291 3114 3483 3184 quibus
3496 3112 3860 3185 Hieronymus

2259 3183 2385 3239 huic
2415 3186 2517 3257 legi
2551 3192 2711 3242 etiam
2743 3183 2924 3257 postea
2951 3183 3353 3241 illusumfuiSSe
3384 3186 3647 3256 queritur,
3682 3183 3740 3238 ut
3768 3199 3862 3239 su-

2260 3272 2354 3327 pra
2377 3256 2743 3314 observatum.

2338 3326 2355 3364 ί
2401 3329 2515 3385 lloc
2562 3342 2645 3385 est
2702 3332 2747 3385 si
2804 3332 2889 3398 qui
2945 3331 3085 3401 (seu
3131 3331 3176 3382 si
3232 3328 3434 3399 aliqui)
3492 3344 3684 3382 carum.
3718 3327 3859 3401 Tum

2262 3398 2370 3472 hic,
2427 3409 2536 3455 tum
2589 3404 2640 3456 in
2701 3402 2903 3472 reliqua
2950 3398 3336 3457 constitutione
3381 3398 3448 3472 ab
3502 3416 3724 3453 nuarum
3779 3399 3862 3453 vi-

2264 3470 2493 3525 duarum
2520 3470 3186 3543 donatioue'percipieuda
3218 3471 3404 3527 clerici
3430 3483 3484 3526 et
3518 3472 3862 3525 continentes

2269 3543 2644 3611 prohibentur.
2707 3545 2843 3598 Ilinc
2889 3545 3030 3613 quod
3063 3546 3382 3598 Ambrosius
3411 3552 3466 3597 et
3498 3544 3863 3613 Hieronymus

2265 3614 2399 3667 locis
2434 3615 2661 3670 laudatis
2702 3617 3002 3686 generatim
3045 3616 3113 3669 de
3160 3615 3400 3683 qualibet
3429 3614 3720 3686 donatione
3761 3628 3863 3667 cu-

2261 3685 2431 3753 jusvis
2461 3685 2783 3741 testamento
2818 3687 3008 3741 relicta
3032 3686 3233 3741 dixisse
3265 3686 3605 3749 videbantur,
3630 3685 3698 3739 de
3727 3700 3865 3737 una—

2267 3771 2384 3809 rum
2436 3757 2715 3813 viduarum
2765 3758 3053 3812 donatione
3092 3757 3501 3827 intelligendum
3526 3768 3627 3811 est.
3666 3756 3779 3809 llnc
3808 3765 3864 3810 et

2270 3827 2387 3897 ipse
2409 3829 2730 3885 Ambrosius
2764 3831 2815 3884 in
2846 3830 3006 3883 citata
3058 3830 3287 3896 epistola
3342 3827 3540 3883 clarius
3591 3827 3865 3897 significat

2272 3896 2355 3971 bis
2385 3902 2564 3953 verbis
2596 3918 2607 3953 :
2639 3902 2788 3967 Quod
2813 3900 3165 3955 sacerdotibus
3194 3901 3302 3969 fani
3320 3901 3558 3971 legaverit
3580 3896 3865 3971 christiana

2269 3968 2445 4042 vidua,
2481 3973 2648 4035 valet;
2677 3973 2814 4042 quod
2836 3973 3083 4025 ministris
3114 3968 3229 4036 Dei,
3261 3968 3543 4025 uon'valet.
3575 3972 3682 4025 luto
3698 3969 3863 4023 etiarn

2275 4039 2535 4095 Baronius
2559 4039 2941 4097 ecclesiasticis
2994 4052 3197 4097 tantum
3241 4043 3517 4111 personis,
3575 4056 3680 4096 non
3734 4042 3864 4093 item

2272 4111 2522 4184 ecclesiis
2546 4114 2646 4168 hac
2675 4116 2793 4184 lege
2832 4114 3177 4169 interdictum
3208 4128 3330 4168 esse
3362 4114 3659 4178 existimat,
3692 4112 3866 4184 nevi-

2269 4182 2496 4238 duarum
2528 4186 2700 4255 legata
2724 4182 3012 4255 caperent;
3045 4187 3203 4255 eique
3226 4184 3551 4255 suffragatur
3578 4184 3706 4238 illud
3738 4182 3869 4235 Hie-

2270 4257 2481 4328 [ottymi
2505 4259 2667 4327 epist.
2700 4256 2736 4310 2
2756 4258 2821 4310 ad
2851 4256 3206 4328 Nepotianum
3230 4275 3243 4312 :
3274 4256 3356 4311 Sit
3377 4259 3562 4328 (neres,
3589 4255 3679 4309 sed
3703 4264 3867 4328 mater

2266 4324 2516 4401 ﬁlidrurn,
2534 4324 2587 4382 id
2600 4329 2851 4401 estgregis
2863 4324 2947 4381 sui
2968 4329 3201 4394 ecclesia,
3221 4343 3335 4398 qua:
3352 4326 3471 4381 illos
3492 4326 3870 4401 genuit,_nutri:

2263 4396 2335 4450 vit
2362 4407 2410 4470 et
2437 4402 2594 4470 pavit,
2626 4395 2750 4469 quid
2770 4395 2862 4453 nos
2891 4400 3165 4469 inserimus
3180 4395 3310 4453 inter
3332 4395 3544 4452 matrem
3570 4408 3614 4470 et
3641 4398 3827 4452 liberos
3844 4395 3870 4449 Ρ

2332 4478 2358 4516 8
2391 4468 2446 4526 In
2475 4487 2579 4526 ms.
2606 4468 2826 4527 Coislin.
2851 4472 2983 4526 lecta
3010 4472 3062 4525 in
3084 4468 3299 4527 ecClesia
3328 4470 3479 4525 Rom.
3503 4485 3560 4525 ιιι
3584 4468 3688 4524 kal.
3710 4511 3723 4535 ,
3757 4477 3867 4524 etc.

1684 4641 1825 4681 ANNO
1845 4641 2028 4682 DOSIINI
2050 4641 2353 4683 CCCLXXVIII
2376 4644 2482 4683 νει,
2511 4642 2790 4684 CCCLXXXI.

1310 4696 1642 4755 EPISTOLA
1688 4696 1950 4751 ROMANI
1991 4708 2017 4735 ει
2055 4697 2348 4754 CUNCILII
2387 4699 2518 4755 SUB
2560 4698 2836 4755 DAMASO
2877 4696 3104 4755 IIABITI

1522 4785 1590 4823 AD
1617 4783 1925 4823 summust
1952 4786 2487 4905 ετῶἑιεκτιιέἒόκῗιι
2518 4785 2907 4828 ιιιρεῐιιιτοιιεε.

2112 4848 2202 4893 ust.
2222 4856 2272 4905 p.
2399 4881 2408 4892 .

2112 4848 2202 4893 ust.
2222 4856 2272 4907 p.
2300 4848 2408 4895 525.

575 4924 644 4981 Ut
667 4925 978 4981 exsecutioni
1001 4926 1319 4999 prospicient
1344 4926 1471 4996 legis
1492 4966 1508 4991 ,
1539 4941 1640 4994 qua
1666 4935 1978 4993 sanxerant,
2022 4934 2076 4979 ut
2104 4927 2167 4981 de

644 5019 891 5090 religione
926 5019 1188 5089 religionis
1217 5018 1448 5089 pontifex
1476 5034 1589 5071 cum
1618 5018 1938 5072 consortibus
1962 5017 2167 5082 iudica-

644 5124 741 5181 ret,
774 5124 819 5168 et
846 5122 901 5167 ut
936 5112 1176 5167 sacerdos
1202 5112 1333 5166 nulli
1354 5128 1566 5182 usquam
1592 5111 1800 5182 profani
1825 5111 2022 5181 judicia
2048 5127 2163 5166 sen-

645 5210 817 5263 tentia:
837 5208 1004 5279 facile
1019 5206 1328 5279 subjaceret.

647 5349 697 5404 I.
746 5347 814 5402 Ut
855 5348 993 5418 quod
1032 5348 1363 5418 imperatores
1397 5345 1513 5417 jam
1556 5353 1736 5417 sponte
1777 5353 2163 5409 concesserant,

574 5442 755 5512 effectu
779 5458 882 5498 non
913 5451 1102 5497 careat.
1129 5471 1200 5482 —
1239 5438 1305 5495 Et
1338 5439 1440 5494 hoc
1469 5437 1652 5510 glori:e
1683 5444 1899 5501 vestrae,
1928 5437 2167 5493 clemen-

574 5538 766 5592 tissimi
813 5536 1115 5606 principes,
1149 5534 1472 5606 pietatisque
1512 5542 1594 5589 est
1634 5533 1845 5589 illustre
1880 5530 2171 5587 documen-

579 5635 694 5683 tum
713 5670 728 5696 ,
776 5627 921 5700 quod
962 5628 1231 5683 innumeri
1262 5626 1379 5684 fere
1406 5641 1473 5683 ex
1502 5624 1711 5682 diﬂusis
1740 5624 1906 5680 Italico
1933 5623 2175 5695 partibus

680 5786 703 5811 η
747 5776 858 5832 lac.
893 5776 1162 5832 Sirmondi
1192 5792 1352 5847 opera
1395 5777 1444 5833 in
1476 5775 1772 5850 appendire
1803 5776 1933 5836 Cod.
1977 5768 2181 5835 Thccd.

2276 4927 2341 4981 ad
2382 4927 2616 4985 sublime
2655 4927 2804 4984 sedis
2847 4928 3160 4999 apostolica:
3197 4928 3494 4985 sacrarium
3534 4927 3874 4998 congregati,

2275 5036 2399 5077 cum
2423 5036 2792 5092 qmereremus
2815 5023 2941 5093 quid
2974 5036 3073 5093 pro
3099 5023 3453 5078 ecclesiarum
3477 5031 3620 5077 statu
3647 5035 3878 5091 poscen-

2275 5114 2402 5170 dum
2433 5125 2579 5171 esset
2607 5129 2635 5169 a
2675 5114 2857 5179 vobis,
2889 5114 3021 5169 nihil
3069 5116 3263 5171 melius
3295 5115 3563 5185 potuimus
3604 5115 3873 5182 reperire,

2276 5222 2435 5277 quam
2475 5207 2617 5277 quod
2655 5216 2950 5277 spontanea
2982 5208 3144 5264 vestri
3176 5208 3511 5276 providentia
3536 5204 3872 5261 contulistis.

2280 5300 2534 5356 Videmus
2558 5300 2700 5371 quod
2742 5316 2841 5356 nec
2881 5301 3104 5372 rogandi
3140 5302 3252 5372 jam
3285 5300 3461 5372 pudor
3494 5315 3616 5356 esse
3652 5298 3872 5365 debeat,

2287 5430 2405 5487 pag.
2440 5417 2528 5481 78,
2561 5414 2759 5486 prodiit
2790 5414 2905 5487 bagc
2929 5415 3176 5487 epistola.
3206 5416 3350 5477 Ideo,
3385 5423 3441 5469 ut
3472 5414 3706 5478 videtur,
3739 5427 3878 5487 eon-

2284 5485 2393 5545 Cilii
2417 5485 2641 5542 Romani
2665 5528 2681 5554 ,
2714 5502 2819 5541 non
2847 5485 3062 5542 Damasi
3089 5489 3306 5543 nomine
3334 5487 3589 5556 inscripta
3618 5493 3721 5551 εει,
3751 5485 3877 5554 quia

2289 5561 2414 5615 licet
2438 5559 2561 5615 huic
2588 5559 2817 5614 concilio
2848 5556 3183 5624 interfuerit,
3214 5560 3264 5613 in
3298 5573 3363 5614 eo
3393 5555 3572 5612 tamen
3602 5572 3707 5610 non
3737 5555 3882 5609 sedit

2288 5640 2344 5686 ut
2392 5631 2602 5701 judex,
2654 5629 2750 5685 sed
2799 5638 2859 5685 ιιι
2911 5630 3274 5685 innocentiam
3326 5644 3477 5701 suam
3534 5624 3878 5701 imperatoris

2288 5696 2554 5780 senieutia
2588 5696 2698 5780 jam
2748 5708 3034 5780 testatam,
3066 5702 3228 5780 etiam
3277 5696 3623 5780 sacerdotum
3660 5696 3878 5780 judiciis

2293 5773 2563 5844 probaret.
2609 5772 2742 5843 Ejus
2783 5772 3132 5829 nihilominus
3182 5773 3482 5846 praecipuus
3528 5770 3713 5827 auctor
3756 5770 3879 5839 jure
