4194 6184
358 271 467 328 577

857 274 1288 334 MONUMENTA
1328 274 1605 335 VETERA
1645 274 1738 335 Alt
1774 276 2186 340 ARIANORUM
2228 282 2621 346 DOCTRINAM
2660 287 3150 348 PERTINENTIA.

3559 292 3664 350 578

364 403 465 442 nec
497 397 519 423 δ
553 387 887 459 impetranda
918 391 1176 449 beneficia
1202 393 1313 463 jam
1342 401 1520 449 vestra
1552 393 1681 460 sint,
1713 402 1768 451 et
1795 396 1957 465 impe-
1982 401 2033 462 Α
2058 400 2277 471 judicis,
2306 404 2449 474 quod
2481 406 2794 480 plerumque
2816 410 3128 482 contingere
3152 418 3399 482 poterat,
3432 409 3664 469 arbitrio

361 481 575 536 rialium
621 482 792 538 series
832 482 1173 540 decretorum
1216 502 1315 556 pro
1360 486 1514 542 nobis
1543 487 1764 543 ambiat.
1818 486 1954 542 Nam

358 575 502 647 quod
545 574 613 631 ad
664 577 972 647 :equitatem
1023 578 1297 649 petitionis
1338 579 1562 645 attinet,
1608 581 1718 651 jam
1752 581 1954 636 dudum

364 668 664 724 meruimus
706 670 994 739 impetrare
1033 687 1151 742 qua:
1190 674 1497 742 poscimus:
1532 674 1674 745 quod
1722 690 1852 730 vero
1893 674 1962 729 ad

362 764 744 819 necessitatem
776 773 995 835 spectat
1021 766 1236 834 orandi,
1268 766 1340 821 ita
1369 768 1777 838 impetratorum
1809 783 1964 824 care-

364 873 488 913 mus
531 858 758 927 effectu,
792 869 849 914 ut
894 861 1088 917 iterum
1134 861 1425 933 impetrare
1468 865 1767 933 cupiamus.
1813 863 1965 931 Quod

362 952 603 1023 quidem,
635 954 1045 1009 clementissimi
1077 957 1369 1027 principes,
1404 957 1680 1013 hominum
1726 958 1968 1029 perdito-

362 1060 485 1100 rum
509 1047 730 1116 exponit
755 1050 1071 1115 amentiam,
1103 1058 1296 1105 vestra:
1319 1062 1497 1106 autem
1518 1050 1742 1121 justitim
1771 1064 1968 1107 munus

366 1138 709 1207 accumulat,
755 1150 813 1196 ut
858 1141 911 1196 in
946 1142 1187 1198 Ecclesia
1234 1154 1413 1199 vestra
1465 1143 1723 1200 beneficia
1770 1145 1968 1216 saepius

365 1234 743 1289 cnnferantur.

436 1326 492 1378 Ξ.
534 1324 646 1379 Lea:
666 1325 728 1379 de
745 1342 901 1380 causa
924 1327 1188 1401 religionis
1201 1329 1480 1401 judicandi
1502 1330 1964 1401 potestatemRom.

367 1419 602 1489 pontifici
636 1419 882 1489 tribuens.
913 1450 985 1461 —
1013 1421 1256 1492 Namque
1284 1437 1312 1475 a
1344 1422 1639 1492 principio,
1669 1422 1854 1477 divino
1883 1436 1969 1477 re-

368 1516 498 1586 pleti
529 1516 757 1587 spiritu,
811 1526 867 1573 et
918 1525 1226 1573 sanctorum
1282 1518 1705 1587 Apostolorum,
1740 1532 1969 1587 quorum

368 1610 587 1667 habetis
632 1611 685 1665 in
731 1622 913 1667 vestro
953 1611 1159 1668 honore
1200 1611 1545 1683 suffragium,
1591 1623 1872 1668 servantes
1904 1612 1969 1666 'in

369 1705 637 1761 dominica
666 1706 927 1777 religione
968 1717 1300 1778 praeceptum
1328 1750 1341 1772 ,
1381 1707 1647 1761 statuistis
1694 1706 1762 1760 ad
1792 1706 1973 1762 redin-

371 1800 690 1871 tegrandum
726 1816 925 1872 corpus
955 1802 1211 1857 Ecclesiae
1232 1842 1248 1869 ,
1280 1800 1423 1871 quod
1456 1800 1605 1855 furor
1638 1800 1850 1865 Ursini,
1881 1800 1974 1870 qui

374 1895 641 1950 honorem
688 1895 930 1964 arripere
973 1903 1058 1951 est
1099 1904 1326 1951 conatus
1354 1893 1689 1962 indebitnm,
1733 1892 1975 1949 diversas

370 1996 625 2044 sccuerat
653 1989 704 2043 in
729 1997 932 2058 partes,
961 2000 1016 2043 ut
1038 1999 1258 2044 auctore
1281 1986 1308 2025 ἲ)
1334 1988 1611 2055 damnato,
1631 1988 1970 2059 cmterisque,

372 2098 510 2153 quos
539 2082 603 2138 ad
652 2082 927 2140 turbarum
970 2083 1072 2139 sibi
1119 2084 1389 2139 incentiva
1442 2084 1781 2149 sociaverat,
1836 2083 1977 2138 sicut

370 2177 679 2245 Oportebat,
709 2193 737 2232 a
758 2178 953 2249 perditi
985 2178 1365 2248 conjunctione
1386 2178 1632 2244 divulsis,
1661 2178 1729 2235 de
1754 2177 1974 2249 reliquis

372 2271 732 2328 ecclesiarum
773 2272 1147 2329 sacerdotibus
1178 2272 1464 2342 episcopus
1504 2272 1777 2327 Romanus
1808 2270 1975 2327 liabe-

372 2374 461 2422 ret
488 2380 713 2422 examen
749 2382 763 2420 :
811 2375 871 2421 ut
912 2374 967 2422 et
1005 2366 1074 2422 de
1116 2365 1379 2437 religione
1426 2365 1704 2436 religionis
1736 2365 1971 2435 pontifex

373 2474 497 2514 cum
539 2459 882 2514 consortibus
923 2458 1223 2529 judicaret,
1267 2474 1367 2515 nec
1408 2459 1514 2514 ulla
1548 2459 1663 2514 fieri
1706 2458 1976 2514 videretur

373 2550 569 2621 injuria
600 2550 906 2607 sacerdotio
928 2592 943 2618 ,
974 2552 1018 2606 si
1049 2552 1302 2607 sacerdos
1331 2552 1461 2607 nulli
1502 2566 1727 2621 usquam
1756 2551 1967 2621 profani

378 2675 683 2721 censeatur.
729 2665 900 2722 Nemo
926 2675 1076 2738 certe
1105 2668 1410 2738 negaverit,
1452 2665 1711 2736 quidquid
1744 2680 1807 2720 ea
1838 2665 1975 2738 peti-

381 2747 491 2801 tur,
531 2738 679 2793 illius
708 2738 897 2792 saltem
940 2737 1197 2793 instinctu
1224 2748 1385 2808 atque
1424 2753 1695 2792 consensu
1726 2737 1973 2808 postula-

382 2818 516 2935 tu'i‘n.
546 2809 736 2865 Merito
766 2810 945 2879 itaque
971 2810 1109 2864 inter
1134 2807 1392 2879 epistdlas
1426 2808 1638 2863 Damasi
1672 2809 1821 2864 locus
1855 2807 1977 2863 huic

408 2898 448 2934 ri
478 2890 670 2935 matur.

408 2890 670 2935 riliuatur.

453 2952 600 3006 Illam
630 2952 723 3008 alii
766 2953 832 3008 ad
856 2968 1055 3008 annum
1085 2953 1185 3009 581
1213 2994 1226 3018 ,
1256 2952 1346 3007 alii
1387 2954 1453 3009 ad
1481 2953 1685 3008 exitum
1711 2952 1836 3008 anni
1868 2951 1976 3008 578

381 3024 645 3079 referunt.
668 3025 1019 3096 Argumenta,
1049 3040 1168 3092 qua:
1202 3026 1390 3094 prima:
1418 3024 1659 3093 opinioni
1686 3025 1981 3079 adversen-

384 3104 489 3160 tur,
508 3112 731 3163 quaeque
745 3080 1038 3165 postrema:
1051 3080 1283 3160 faveant,
1302 3080 1572 3160 Labbeus,
1590 3104 1724 3150 tom.
1742 3096 1783 3150 ll
1798 3110 1949 3149 conc.
1963 3135 1977 3159 ,
2008 3080 2055 3144 C

383 3182 505 3237 pag.
540 3168 694 3233 1005,
726 3170 907 3237 paucis
953 3166 1265 3237 perstringit
1297 3172 1336 3220 '.
1387 3168 1589 3221 llorum
1634 3169 1874 3236 palmare
1919 3179 1983 3219 ac

383 3240 713 3320 prateipuum
736 3249 838 3303 est,
871 3239 1031 3320 quod
1057 3240 1111 3320 in
1137 3238 1402 3320 epistolas
1427 3240 1584 3307 hujus
1615 3240 1808 3320 titulo,
1846 3237 1986 3319 sicut

384 3310 437 3364 in
470 3311 822 3379 inscriptione
866 3311 1116 3380 rescripti
1158 3310 1465 3380 sequentis,
1500 3325 1603 3363 una
1652 3310 1899 3364 Gratiani
1932 3316 1986 3360 et

385 3380 784 3443 Valentiniani.
832 3397 939 3435 non
988 3379 1250 3436 Valentis
1283 3388 1374 3433 aut
1419 3380 1710 3435 Theodosii
1769 3379 1985 3433 nomina

384 3463 732 3508 annntentur.
762 3452 915 3509 Unde
940 3461 995 3507 et
1024 3453 1307 3522 epistolam
1350 3454 1487 3506 hanc
1518 3452 1657 3507 intra
1690 3451 1823 3505 illud
1850 3460 1988 3505 tem-

450 3568 465 3583 ‘
504 3565 622 3616 Hrec
644 3574 757 3615 sunt
777 3564 964 3615 Labbei
990 3565 1139 3614 verba
1160 3578 1171 3613 :
1216 3582 1238 3610 α
1261 3562 1526 3615 Concilium
1546 3563 1813 3612 Romanum
1839 3576 1867 3611 a
1891 3575 1989 3626 quo

385 3628 495 3692 data
522 3628 617 3692 fuit
640 3627 1157 3692 przecedensAcpistola
1182 3639 1308 3692 anno
1328 3627 1412 3677 281
1440 3629 1708 3692 docuerant
1731 3627 1988 3692 Baronius,

386 3688 674 3740 Sirmondus
699 3691 900 3752 aliique.
926 3689 1111 3738 Verum
1144 3703 1232 3738 eos
1256 3690 1391 3737 hisee
1428 3690 1737 3751 argumentis
1770 3688 1953 3737 refellit
1978 3703 1989 3738 :

387 3753 618 3815 Primum
644 3768 707 3803 ex
747 3753 887 3815 titulo
906 3814 909 3815 ν
931 3752 1061 3802 illius
1094 3754 1312 3815 epistoite
1351 3754 1587 3815 sumitur;
1614 3764 1722 3799 cum
1744 3752 1993 3815 enimnec

386 3814 613 3866 Valentis
636 3831 728 3865 nec
745 3814 1009 3865 Theodosii
1027 3810 1329 3863 mentionem
1341 3813 1488 3861 ullam
1512 3810 1708 3872 habeat,
1732 3820 1841 3873 post
1865 3810 1996 3860 illius

388 3877 797 3939 deﬂagrationem
833 3884 947 3925 ante
973 3876 1116 3939 hujus
1142 3876 1198 3924 ad
1220 3877 1496 3939 imperium
1533 3876 1845 3939 erectioncm
1872 3874 1995 3939 scri-

389 3936 543 4003 ptam'
558 3940 710 3989 fuisse
735 3939 889 4003 palam
915 3945 1014 4003 est.
1042 3936 1197 4003 Periit
1220 3936 1402 4003 Valens
1426 3951 1504 3985 an.
1553 3938 1673 4003 578,
1692 3938 1788 4003 “die
1826 3937 1859 4003 9_
1894 3936 1997 4003 Au-

390 3998 522 4063 gusti
542 4016 555 4061 ;
578 4004 660 4053 die
687 3998 805 4051 vero
832 4001 888 4050 19
907 4002 1116 4063 januarji
1152 4001 1371 4063 proxime
1405 4002 1660 4063 sequentis
1691 3998 1998 4047 Theodosius

391 4061 628 4113 salutatus
662 4072 739 4115 est
774 4061 1040 4123 Augustus.
1071 4061 1211 4112 Unde
1245 4064 1476 4124 arguitur,
1504 4061 1581 4111 vel
1613 4069 1837 4111 extremo
1871 4072 1999 4124 anno

391 4126 505 4184 578,
533 4128 611 4176 vel
640 4129 844 4177 ineunte
865 4126 974 4188 579,
1000 4124 1261 4188 epistolam
1301 4122 1428 4188 illam
1462 4123 1611 4188 fuisse
1632 4125 1878 4188 scriptam.
1908 4122 1999 4170 Se-

393 4191 627 4252 cundum,
657 4202 783 4238 anno
799 4189 891 4252 581
920 4184 1195 4237 Ursicinum
1221 4186 1479 4252 Mediolani
1504 4185 1698 4252 Arianis
1726 4184 1999 4252 copulatum

394 4267 507 4301 cum
536 4246 742 4302 Valente
768 4251 1011 4300 Murceusi
1052 4262 1220 4299 eorum
1254 4247 1495 4310 signifero
1518 4247 1720 4310 consilia
1744 4246 1999 4310 miscuisse

393 4315 575 4363 docent
620 4317 789 4363 l‘atres
826 4312 1163 4375 Aquileiensis
1199 4309 1389 4359 concilii
1438 4309 1649 4375 epistola
1690 4309 1845 4375 prima
1888 4320 2000 4375 most

398 4378 553 4438 edita,
586 4377 679 4427 col.
719 4376 833 4434 998,
873 4368 917 4423 ἑ.
948 4374 1011 4423 At
1051 4386 1148 4438 quo
1182 4378 1403 4438 tempore
1438 4368 1649 4438 Romana
1684 4368 1993 4438 Synodus_ad

396 4431 726 4502 imperatores
747 4431 962 4502 Scripsit,
986 4431 1214 4502 eumdem
1237 4431 1512 4502 Ursicinum
1530 4431 1699 4502 Galliae
1715 4431 1994 4502 ’cpercebat

400 4493 756 4551 et‘coliitiebat
796 4493 1063 4561 Agrippina
1106 4498 1326 4561 secessio
1372 4496 1519 4557 longe
1568 4509 1593 4561 a
1635 4493 1997 4561 hlediolanensi

397 4565 527 4614 urbe
550 4565 717 4613 dissita
738 4599 750 4618 ,
779 4555 931 4623 prout
946 4555 1009 4610 ex
1034 4560 1142 4621 ipso
1162 4555 1513 4621 imperatorum
1532 4560 1607 4623 ad
1622 4555 1899 4623 Aquili_nuin
1928 4556 1999 4604 vi-

399 4627 596 4692 corium
614 4614 762 4692 Urbis
781 4614 1027 4692 rescripto
1054 4614 1255 4692 constat_
1277 4633 1445 4683 supra,
1464 4619 1565 4692 col.
1586 4614 1726 4692 1.0.91.
1762 4614 1996 4692 Tertium,

400 4703 530 4738 anno
547 4689 633 4737 581
659 4688 889 4737 vicarium
911 4680 1058 4734 Urbis
1081 4680 1480 4733 adminiStrarunt
1504 4680 1750 4739 Antidius,
1770 4680 1827 4726 ad
1854 4694 2000 4740 quem

398 4750 484 4800 lex
508 4750 561 4801 C.
579 4750 789 4806 Theod,
814 4748 899 4797 lib.
926 4762 992 4807 ix,
1008 4749 1089 4797 tit.
1110 4746 1189 4807 58,
1212 4760 1255 4794 c.
1278 4745 1325 4798 7.
1349 4744 1468 4793 Julii
1490 4744 1547 4807 21
1568 4743 1696 4807 data,
1723 4749 1776 4807 et
1799 4741 1999 4807 Potens,

401 4814 461 4862 ad
486 4826 634 4875 quem
658 4812 711 4863 C.
736 4804 943 4875 'l‘heod.,
965 4804 1067 4875 lib.
1093 4823 1156 4871 iv,
1178 4804 1259 4857 tit.
1282 4806 1344 4854 22
1363 4846 1375 4867 ,
1402 4818 1444 4855 c.
1463 4805 1510 4875 _2
1531 4840 1545 4863 ,
1570 4805 1795 4875 Qctohris
1835 4805 1893 4854 11
1929 4804 2003 4853 di-

400 4867 559 4933 rect'a,
590 4888 683 4923 non
708 4886 825 4923 vero
849 4867 1567 4935 Aquiliuus,'quemAmendos_e
1592 4867 1830 4935 Baronjus
1850 4880 2005 4935 yoca-

404 4940 477 4987 vit
499 4928 729 4987 vicarium
767 4928 1156 4993 ordinariorum',
1179 4928 1293 4982 cum
1313 4931 1465 4980 fuerit
1498 4931 1706 4979 vicarius
1746 4928 1888 4993 Urbis
1912 4968 1925 4991 ,
1952 4935 2008 4978 ut

405 5002 529 5049 scite
548 5013 635 5062 pro
659 5011 795 5048 more
814 4997 1060 5062 annotavit
1084 4989 1395 5062 Sirmoudus.
1418 4996 1667 5053 Quartum,
1696 4993 1807 5062 quia
1834 4989 2007 5040 funda-

403 5056 625 5113 mentum
662 5061 925 5111 sententiae
964 5060 1221 5108 contrariae
1261 5062 1452 5118 sponte
1475 5069 1562 5104 sua
1585 5056 1819 5118 corruit;
1843 5066 2008 5118 neque

408 5128 541 5173 enim
564 5124 838 5173 Florentius
850 5121 1145 5171 Puteolanus
1163 5115 1418 5168 damnatus
1434 5116 1522 5166 fuit
1540 5129 1665 5163 anno
1684 5115 1873 5164 Domini
1894 5116 2004 5175 567,

406 5187 499 5235 sed
534 5199 659 5235 anno
684 5186 1002 5254 57_2;_neque
1027 5186 1076 5254 in
1109 5177 2009 5254 rescripto_imperatorumlegendpin

409 5262 489 5297 ea
510 5264 655 5312 supra
679 5248 769 5299 col.
790 5239 886 5312 :ltlt)
897 5239 936 5303 ί,
967 5246 1083 5312 Post
1105 5239 1328 5312 quintum
1340 5239 1587 5312 decimum
1611 5253 1807 5312 annum,
1824 5248 1897 5312 _ut
1923 5239 2011 5312 lia_-

407 5312 557 5361 bebat
572 5302 670 5361 'ms.
712 5310 820 5361 eod.
847 5302 944 5371 quo
966 5302 1208 5357 Batonius
1224 5314 1281 5371 et
1299 5305 1587 5371 Sirmondus
1612 5304 1841 5371 ustusth
1856 5340 1875 5371 ι
1899 5302 2008 5361 sed,

407 5374 527 5425 Post
547 5377 774 5436 quintum,
792 5364 990 5420 demum
1014 5383 1207 5418 annum.
1224 5367 1317 5417 Hic
1340 5368 1670 5436 quippeanno
1686 5365 1767 5436 illo
1784 5364 2013 5436 572‘syn-

408 5437 489 5499 odi
526 5428 710 5499 judicio
749 5435 1036 5491 damnatus,
1086 5445 1212 5499 anno
1246 5428 1365 5491 seq.
1397 5428 1492 5479 575
1518 5430 1854 5499 imperatoris
1874 5428 2014 5487 jussu

410 5489 639 5549 Puteolis
661 5505 910 5558 extrusus,
938 5489 1064 5558 anno
1088 5489 1424 5558 578_exeun‘.e
1448 5492 1527 5553 qui
1550 5497 1674 5558 post
1691 5489 1858 5558 synodi
1896 5500 2013 5558 seti-

410 5564 616 5611 tentiam
642 5549 958 5622 sextus(sup.
988 5554 1090 5622 col,
1109 5556 1218 5622 ead.
1244 5556 1294 5604 in
1319 5549 1619 5622 ep._concilii
1642 5549 1885 5622 Romani),
1904 5557 2011 5622 post.

412 5626 753 5674 extrusionein
777 5611 978 5684 quintus
1002 5620 1170 5684 turbas
1190 5611 1511 5684 denuo'ciere
1535 5614 1699 5684 erepit.
1726 5611 1862 5661 Adde
1887 5612 2014 5684 quod

410 5697 570 5736 annos
586 5685 759 5736 Christi
784 5675 874 5735 581
897 5721 911 5740 ,
935 5684 998 5732 ab
1022 5681 1225 5731 Ursicini
1243 5675 2017 5745 damna_t_ione_decimusquintus

410 5735 716 5811 inieusenon
740 5754 848 5811 post
867 5735 1114 5796 decimum
1144 5745 1367 5808 quintum
1397 5738 1663 5801 dicendus,
1690 5744 1746 5788 ut
1768 5735 1897 5786 idem
1936 5748 2015 5785 an.

414 5811 603 5867 notavit
620 5809 920 5863 Blondellus.
947 5823 970 5854 ι)

2024 4463 2075 4523 1)

2070 492 2227 550 facile
2255 495 2581 567 subjaccret.

2142 633 2196 687 5.
2238 632 2390 705 Legi:
2411 636 2566 707 hujus
2589 638 2723 693 laus.
2751 667 2820 679 —
2850 640 3115 696 Prmclara
3140 640 3236 696 ista
3269 640 3427 712 plane
3457 650 3512 698 et
3541 641 3665 698 reli-

2070 727 2236 797 giosis
2269 729 2597 799 principibus
2625 729 2783 799 digna
2814 733 3107 796 sententia,
3144 749 3263 803 quae
3292 732 3474 788 divino
3506 734 3668 789 inini-

2071 820 2239 875 sterio
2280 821 2569 890 plurimum
2615 822 2854 889 deferat,
2906 840 3008 881 nec
3055 836 3234 895 pateat
3278 827 3470 881 errori.
3526 826 3670 896 Quid

2071 913 2215 968 enim
2248 913 2495 984 dignius,
2529 931 2688 985 quam
2732 927 2789 971 ut
2821 917 2865 971 is
2896 916 3115 972 demum
3152 917 3356 988 judicet
3388 919 3457 975 de
3487 934 3667 975 sacer-

2071 1006 2213 1061 dotis
2252 1014 2463 1071 errato,
2508 1009 2598 1077 qui
2639 1008 2721 1062 vel
2764 1010 2991 1064 internm
3031 1010 3382 1066 conscienti-.1:
3431 1010 3669 1065 favorem

2071 1099 2188 1155 sine
2232 1100 2477 1170 periculo
2526 1115 2625 1156 suo
2664 1116 2857 1171 parcre
2886 1117 2945 1157 se
2990 1119 3092 1156 non
3137 1117 3301 1173 posse
3345 1112 3670 1173 cognoscat;

2072 1208 2243 1265 seque
2289 1203 2442 1250 reatu
2488 1194 2761 1266 implicet,
2814 1196 2859 1250 si
2905 1196 3148 1253 absolvat
3177 1195 3478 1267 indignum,
3514 1197 3597 1253 vel
3628 1197 3674 1252 si

2073 1287 2293 1343 damnet
2332 1287 2645 1354 innoxium;
2681 1288 2771 1359 qui
2810 1300 3085 1359 postremo
3114 1290 3241 1344 dum
3275 1290 3523 1360 injuriain
3550 1289 3676 1345 reli-

2074 1384 2249 1455 gionis
2294 1383 2605 1449 ulciscitur,
2652 1399 2757 1438 non
2804 1398 2922 1439 eam
2962 1385 3015 1439 in
3063 1385 3325 1440 lateribus
3359 1396 3380 1424 ο
3413 1384 3675 1441 innocen-

2076 1476 2231 1543 tium,
2261 1476 2356 1531 sed
2382 1476 2623 1531 accusati
2645 1486 2854 1546 quaerat
2880 1477 2930 1532 in
2962 1477 3244 1533 moribus?
3274 1478 3446 1546 Quam
3476 1480 3674 1535 multos

2076 1568 2276 1625 ctenim
2304 1584 2449 1639 saepe
2474 1570 2666 1639 patuit,
2692 1584 2828 1641 quos
2850 1570 3183 1626 absolverint
3210 1570 3435 1639 judicia,
3464 1571 3532 1626 ab
3562 1571 3677 1641 epi-

2078 1666 2257 1734 scopis
2285 1679 2406 1719 esse
2442 1662 2726 1719 damnatos
2749 1704 2763 1729 ,
2794 1671 2848 1718 et
2873 1677 3010 1733 quos
3046 1662 3244 1732 judicia
3274 1663 3671 1731 damnaverint,

2077 1758 2387 1815 absolutos?
2411 1767 2467 1813 ut
2498 1760 2692 1815 melior
2717 1773 2905 1815 eorum
2934 1758 3006 1814 sit
3034 1774 3217 1825 causa,
3246 1760 3337 1831 qui
3369 1775 3474 1815 non
3499 1776 3675 1815 εποιε-

2080 1853 2213 1909 laria
2234 1852 2459 1921 judicia,
2489 1853 2584 1909 sed
2612 1852 2792 1908 divina
2823 1861 3113 1923 pensantes
3133 1892 3147 1917 ,
3182 1852 3521 1908 abstulerunt
3549 1868 3677 1922 sup-

2082 1948 2300 2019 plicium
2316 1963 2495 2013 suum,
2513 1963 2580 2001 ne
2601 1957 2927 2001 vexarentur
2955 1944 3182 2009 innoxii,
3207 1960 3367 2014 quam
3390 1944 3483 2015 qui
3510 1945 3674 2000 vitam

2081 2057 2233 2098 suam
2257 2040 2928 2097 tormentisinnocentium
2956 2039 3339 2109 probaverunt.
3367 2037 3677 2108 Compluria

2006 2127 2054 2187 B
2083 2144 2423 2202 texerenius,
2462 2133 2897 2206 tranquillissimi
2939 2133 3241 2203 principes,
3289 2132 3394 2187 nisi
3426 2141 3571 2189 esset
3595 2132 3677 2189 iti-

2078 2229 2219 2300 juria
2246 2230 2414 2285 asseri
2445 2229 2616 2300 magis
2646 2227 2863 2284 decreta
2896 2227 3221 2295 imperialia,
3252 2242 3415 2297 quam
3447 2227 3638 2283 teneri.

2155 2322 2209 2376 4.
2256 2320 2323 2376 Ut
2367 2321 2545 2376 cadent
2584 2320 2667 2374 lex
2704 2321 2954 2389 ﬁrmetur.
3002 2317 3228 2373 Ursinus
3268 2328 3435 2373 motus
3482 2319 3683 2373 occulte

2084 2415 2295 2469 ciet.—
2326 2413 2433 2471 Sed
2465 2413 2755 2483 quoniam,
2796 2412 2922 2467 licet
2962 2410 3283 2481 jamdudum
3329 2419 3529 2465 vestrae
3572 2410 3683 2467 cle-

2085 2510 2305 2564 mentia:
2350 2506 2555 2579 judicio
2589 2505 2615 2543 ά
2650 2505 2924 2577 relegatus
2959 2503 3226 2571 Ursinus,
3279 2520 3375 2576 per
3411 2518 3508 2560 eos
3545 2519 3683 2575 quos

2080 2681 2202 2737 pus,
2232 2683 2338 2737 quo
2364 2666 2563 2722 Valens
2585 2666 2907 2737 exstinctus,
2939 2673 2991 2719 et
3018 2662 3364 2737 Theodosius
3386 2665 3683 2737 imperator

2083 2735 2345 2794 salutatus
2374 2747 2477 2802 est,
2532 2738 2635 2793 lioc
2653 2747 2733 2792 est
2760 2736 2900 2790 intra
2932 2750 3132 2790 nonum
3161 2735 3386 2805 Augusti
3417 2736 3545 2791 anni
3575 2738 3683 2794 578

2083 2811 2227 2866 diem
2255 2810 2607 2937 etndeeiinum
2640 2824 2840 2865 nonum
2862 2806 3105 2862 Januarii
3147 2808 3274 2863 anni
3302 2807 3406 2865 579
3421 2808 3681 2865 dictatam

2083 2896 2205 2938 esse
2231 2898 2295 2936 co
2342 2889 2511 2950 igunt.

2083 2896 2205 2938 esse
2231 2896 2511 2938 ροιιιεωηι.

2160 2986 2184 3013 ιι
2230 2975 2343 3030 Hoc
2370 2985 2443 3029 est
2465 3018 2478 3042 ,
2506 2990 2607 3030 nec
2632 2973 2742 3045 jam
2773 2973 2930 3030 nobis
2952 2988 3087 3045 opus
3118 2981 3200 3029 est
3228 2974 3538 3046 impetrare.

2160 3068 2187 3106 ι)
2228 3068 2492 3123 Baronius
2529 3069 2740 3123 diversa
2784 3066 2956 3123 refert
3003 3067 3396 3136 lmperatormn
3430 3065 3482 3122 in
3524 3081 3687 3123 causa

2093 3140 2270 3197 Ursini
2300 3140 2560 3209 rescripta
2590 3159 2603 3197 :
2636 3140 2866 3211 primum
2895 3140 2967 3211 ad
2998 3154 3197 3211 annum
3230 3138 3365 3202 568,
3398 3154 3506 3208 quo
3531 3138 3688 3211 Ursi-

2089 3229 2190 3267 nus
2220 3228 2338 3267 cuni
2370 3213 2536 3267 sociis
2579 3209 2937 3267 administris
2966 3210 3033 3264 ab
3074 3210 3218 3266 Urbe
3250 3211 3486 3278 pellitur,
3520 3210 3687 3264 facul-

2090 3294 2198 3339 tate
2226 3286 2305 3339 eis
2357 3284 2543 3338 relicta
2571 3324 2584 3347 ,
2617 3293 2673 3338 ut
2703 3282 3005 3349 ubicumque
3040 3282 3291 3335 voluerint
3335 3278 3523 3349 absque
3566 3280 3688 3333 reli-

2089 3356 2255 3426 gionis
2305 3357 2523 3426 injuria,
2574 3363 2629 3426 ut
2673 3353 2992 3426 peregrinari
3039 3354 3207 3420 potius
3247 3367 3401 3426 quam
3447 3351 3688 3426 exsulare

2088 3422 2393 3493 uideantuf,
2448 3425 2659 3495 proprio
2709 3422 2858 3479 liceat
2900 3424 3024 3495 jure
3067 3422 3257 3476 versari
3280 3438 3317 3495 κε.
3347 3422 3575 3495 alterum
3618 3422 3687 3477 ad

2091 3497 2340 3552 eumdem
2372 3493 2570 3550 annum
2592 3538 2607 3561 ,
2637 3511 2743 3565 quo
2774 3496 2914 3550 idem
2948 3494 3249 3562 imperatur
3278 3493 3689 3549 Valentinianus

2092 3568 2290 3624 Ursino
2320 3584 2381 3622 ac
2409 3568 2571 3622 sociis
2594 3568 2863 3636 indulget.
2894 3575 2953 3619 ut
2980 3568 3068 3636 qui
3103 3565 3315 3636 expulsi
3360 3565 3605 3636 fuerant,
3636 3566 3688 3620 in

2098 3639 2295 3695 Urbem
2324 3650 2674 3703 revocentur;
2704 3634 2947 3693 severius
2975 3634 3152 3692 tamen
3179 3634 3459 3709 puniendi,
3478 3634 3537 3709 si
3560 3636 3715 3709 quid-

2094 3711 2348 3779 deinceps
2376 3722 2550 3764 motus
2582 3711 2822 3764 cierent:
2860 3709 3078 3763 tertium
3106 3709 3171 3762 ad
3200 3725 3399 3761 annum
3423 3708 3549 3773 569,
3580 3708 3692 3777 quo

2097 3798 2284 3837 eorum
2310 3782 2718 3835 extramuraneis
2740 3780 3090 3843 conventibus,
3117 3779 3258 3834 unde
3278 3780 3529 3846 frequens
3555 3790 3694 3833 stre-

2095 3855 2239 3926 pitus
2265 3854 2619 3926 excitabatur,
2651 3852 2964 3926 prohibitis,
2977 3851 3221 3926 sancitur
3247 3861 3303 3926 ut
3332 3851 3393 3926 ab
3416 3849 3495 3903 his
3516 3892 3530 3916 ,
3565 3865 3691 3926 quos

2088 3921 2238 3997 juvat
2262 3925 2549 3979 turbulenta
2566 3924 2849 3997 rsejunetio,
2854 3922 3045 3997 _nullus
3077 3922 3217 3975 intra
3238 3921 3531 3992 vigesimum
3559 3921 3696 3990 lupi-

2100 3944 2238 3994 juvat
2262 3944 2549 3979 turvutcma
2574 3944 2629 3977 δε
2656 3944 2849 3985 ιιηειιο,
2874 3944 3045 3976 "unus
3077 3944 3217 3975 ῑηιΠι
3238 3944 3531 3992 vtgetnmum
3559 3944 3694 3990 ιυρι-

2100 3998 2213 4050 dem
2254 4007 2525 4050 conventus
2554 3944 2822 4049 habeatur.
2852 3994 3121 4048 Printerea
3163 4005 3415 4064 quartum
3446 4001 3694 4064 antean-

2102 4085 2229 4123 nmn
2260 4068 2383 4131 571,
2412 4067 2629 4136 prodiit,
2656 4082 2683 4120 a
2716 4066 2945 4136 Baronio
2978 4062 3195 4134 quidem
3227 4062 3468 4125 tacitum,
3500 4062 3694 4136 sed__ex

2102 4156 2167 4194 eo
2196 4139 2335 4207 quod
2370 4133 2642 4207 posuemo
2682 4138 2802 4192 loco
2830 4133 3026 4201 refert,
3065 4136 3195 4190 satis
3222 4144 3430 4197 notum,
3460 4149 3567 4207 quo
3595 4133 3695 4190 Ur-

2102 4205 2253 4265 sinus
2277 4205 2499 4281 ejusque
2528 4207 3181 4281 consortes,Gaude_nti_us
3202 4207 3477 4281 videlicet,
3502 4205 3692 4281 Ursus,

2104 4277 2579 4347 Rufus,‘Au'xano,
2612 4281 2914 4341 Auxanius,
2946 4277 3187 4333 Adiedns
3208 4289 3262 4333 et
3285 4277 3475 4347 Rufus,
3510 4292 3615 4331 uno
3643 4278 3695 4330 in

2107 4353 2227 4409 loco
2258 4354 2394 4406 intra
2437 4346 2639 4407 Gallias
2684 4350 3011 4405 commorari
3057 4349 3191 4417 jussi
3238 4357 3385 4403 sunt.
3438 4346 3695 4413 Quintum

2109 4424 2325 4479 demum
2358 4422 2522 4477 refert
2570 4422 2814 4475 laudatus
2856 4420 3158 4475 Cardiualis
3202 4419 3269 4473 ad
3319 4433 3516 4471 annum
3566 4418 3695 4483 571,

2104 4511 2209 4564 qun
2232 4494 2561 4564 antecedens
2590 4502 2917 4564 praeceptum
2938 4491 3021 4564 _ita
3064 4489 3373 4564 mitigatur;
3407 4497 3464 4541 nt
3504 4487 3693 4564 iisdem

2104 4559 2135 4621 ὁ
2170 4565 2338 4620 Gallia
2377 4559 2689 4619 discedendi
2734 4559 2885 4629 cepia
2928 4561 3018 4614 ﬁat
3055 4576 3119 4613 ea
3163 4560 3485 4623 conditione,
3526 4574 3589 4612 ne
3630 4559 3698 4612 ad

2104 4643 2277 4692 urbem
2310 4637 2524 4691 Romam
2552 4632 2632 4689 vel
2665 4635 2896 4705 regiones
2919 4630 3697 4705 suburbicarias‘valeau_t_com-

2106 4724 2329 4763 munere.
2359 4706 2554 4763 Verum
2585 4706 2637 4761 in
2670 4700 2818 4761 nullo
2848 4719 2913 4760 ex
2959 4705 3040 4761 his
3082 4700 3361 4773 pricceptis
3391 4702 3461 4757 ab
3502 4700 3700 4758 Ursino

2107 4780 2503 4836 divellebantur
2531 4787 2811 4834 consortes
2856 4775 2972 4847 ejus
2992 4818 3005 4842 ,
3034 4784 3123 4830 aut
3153 4787 3275 4830 curn
3307 4774 3423 4847 ipso
3462 4788 3701 4847 comma-

2110 4868 2240 4907 nere
2286 4851 2728 4921 prohibebantur.
2774 4848 2827 4901 ln
2857 4844 3083 4919 singulis
3112 4857 3168 4902 et
3194 4844 3415 4921 auctori
3457 4855 3509 4921 et
3539 4846 3701 4921 sociis

2111 4938 2204 4978 seu
2245 4917 2549 4977 communis
2600 4935 2777 4992 paena,
2807 4935 2904 4975 seu
2935 4917 3238 4992 communis
3277 4917 3590 4992 decernitur
3620 4918 3700 4992 iu_-

2111 4995 2403 5064 dulgeutia.
2446 4993 2516 5047 At
2565 4987 2798 5048 edictum
2842 4991 3120 5064 Simplicio
3161 4990 3378 5054 datum,
3420 4987 3563 5064 quod
3599 4987 3700 5064 sub

2113 5056 2321 5120 initium
2354 5065 2595 5133 epistola!
2624 5062 2902 5132 sequentis
2942 5056 3275 5133 memoratur
3297 5102 3311 5122 ,
3340 5056 3703 5133 qnodqneliic

2116 5138 2287 5192 notari
2339 5128 2502 5206 prope
2547 5128 2754 5191 certum
2782 5145 2896 5199 εει,
2930 5149 2959 5187 a
2987 5134 3150 5189 sociis
3180 5128 3443 5206 Ursinum
3472 5128 3700 5206 divellit,

2115 5209 2241 5263 dum
2274 5200 2415 5262 hunc
2440 5200 2498 5262 in
2528 5207 2702 5264 Gallia
2730 5206 2926 5262 cohibet
2946 5206 3231 5276 Agrippina
3260 5200 3704 5276 secessio,_czeteri

2116 5296 2242 5335 vero
2264 5282 2331 5334 ati
2345 5282 2673 5335 centesimum
2690 5278 2843 5334 Urbis
2865 5269 3088 5332 militare
3109 5269 3382 5330 dumtaxat
3409 5269 3699 5338 pelluntur.

2116 5351 2428 5421 Simplicius
2456 5363 2636 5409 autem
2659 5350 2785 5406 anni
2806 5350 2909 5405 571
2942 5349 3094 5403 initio
3120 5344 3299 5401 vicarii
3327 5341 3487 5397 Urbis
3511 5355 3705 5397 munus

2154 5425 2360 5478 erebat.

2116 5439 2360 5550 36:“de
2394 5502 2660 5550 tormenta
2710 5490 3038 5563 respiciunt.
3088 5488 3283 5559 (ιυίδυδ
3323 5487 3558 5542 accusa"
3611 5493 3707 5563 aut

2117 5567 2348 5621 aliorum
2371 5567 2551 5623 :latera
2578 5564 2764 5619 vexari
2792 5558 2908 5617 nios
2936 5569 3051 5616 erat
3077 5577 3091 5614 :
3135 5575 3165 5614 a
3195 5572 3303 5629 quo
3347 5573 3499 5614 more
3528 5558 3705 5615 eccle-

2118 5640 2333 5695 siastica
2374 5637 2577 5709 judicia
2616 5637 2909 5692 abhorrere
2945 5631 3206 5689 extremis
3256 5629 3413 5701 hujus
3456 5631 3704 5702 epistola:

2119 5711 2300 5766 verbis
2342 5711 2559 5767 dicitur.

2192 5761 2246 5822 ἶλ-
2258 5761 2643 5840 lanna-hanno
2670 5780 2863 5841 saltem
2896 5776 3002 5836 570
3023 5818 3037 5847 ,
3066 5761 3125 5833 ut
3152 5792 3220 5835 ex
3249 5773 3442 5836 edictis
3467 5774 3713 5851 proximo
