4194 6184
378 164 481 223 58‘!

866 166 1299 231 NONUMENTA
1336 169 1618 231 verens
1656 173 1749 231 Al)
1786 148 2193 234 aerisonum
2232 174 2633 241 DOCTRI'NAM
2668 178 3152 242 PER'l'INEN‘t'lA.

3582 148 3689 244 διιὲ

451 282 503 336 9.
548 281 807 337 Damasus
839 284 1016 341 insons
1048 288 1296 359 probatur
1323 306 1341 343 :
1385 288 1538 343 Isaac
1566 290 1841 345 calumnia:
1870 308 1977 358 pte-
2008 290 2060 350 Α
2087 305 2214 345 vero
2241 291 2310 345 ita
2353 295 2615 349 meruerit
2654 294 2911 362 excludi,
2962 295 3119 351 sileat
3150 301 3205 351 et
3230 292 3478 366 quiescat
3504 312 3517 360 ;
3563 305 3615 349 et
3644 297 3686 349 si

377 390 474 427 nas
503 374 616 427 luit.
646 374 861 430 Iudicio
890 380 1235 434 ecclesiastico
1258 381 1499 436 resistens
1528 397 1626 453 quo
1656 392 1804 451 pacto
1832 398 1979 435 coer-

378 456 851 534 cendum—Quia
894 468 1058 539 igitur
1095 482 1294 527 vestra:
1334 473 1535 542 judicio
1581 474 1984 544 tranquillitatis

380 560 609 629 probam
649 570 733 616 est
780 560 1093 619 innocentia
1146 567 1429 621 memorati
1468 566 1652 622 fratris
1678 569 1847 621 nosui
1881 567 1985 621 Da-

378 653 553 719 masi,
582 655 867 726 integritas
914 659 1201 727 praedicata
1244 669 1357 729 est,
1403 661 1549 717 Isaac
1588 676 1806 732 quoque
1845 662 1980 731 ipse,

379 746 470 801 ubi
501 763 563 802 ea
595 765 717 818 quae
743 749 943 805 detulit
973 753 1207 822 probare
1254 770 1360 809 non
1409 754 1581 826 patuit
1601 796 1616 823 ,
1666 758 1982 813 meritorum

381 854 605 895 suorum
675 851 881 898 sortem
932 855 957 881 η
1013 845 1193 900 tulit:
1259 863 1569 918 quzesumus
1636 848 1981 905 clementiam

382 942 640 1001 vestram,
668 928 736 990 ne
765 951 954 992 rursus
982 938 1034 993 in
1072 938 1320 1008 plurimis
1344 941 1521 995 causis
1550 942 1830 997 videamur
1855 957 1986 998 one-

380 1026 493 1080 rosi
519 1067 536 1093 ,
584 1037 646 1081 ut
688 1027 880 1097 jubere
909 1030 1079 1099 pietas
1108 1040 1285 1085 vestra
1318 1032 1573 1101 dignetur
1598 1076 1613 1101 ,
1650 1035 1982 1105 quicumque

382 1117 468 1172 vel
516 1117 665 1188 ejus,
712 1120 795 1175 vel
848 1131 1037 1177 nostro
1078 1122 1317 1192 judicio,
1364 1125 1455 1194 qui
1482 1126 1735 1181 catholici
1768 1141 1979 1195 sumus,

382 1210 546 1267 fiterit
569 1213 985 1278 condemnatus,
1014 1224 1177 1288 atque
1207 1217 1409 1288 injuste
1436 1220 1670 1275 voluerit
1695 1221 1983 1277 ecclesiam

382 1308 648 1375 retinere,
678 1309 763 1363 vel
792 1308 1057 1365 vocatusb
1084 1324 1114 1365 a
1146 1312 1470 1367 sacerdotali
1498 1313 1705 1383 judicio
1733 1330 1830 1385 per
1855 1330 1987 1371 con-

386 1401 675 1455 tumaciam
707 1417 817 1457 non
843 1403 1037 1459 adesse
1056 1444 1070 1469 ,
1115 1418 1209 1459 seu
1248 1406 1315 1460 ab
1343 1405 1647 1461 illustribus
1677 1408 1809 1462 viris
1838 1422 1984 1479 pra:-

384 1492 540 1547 Iectis
571 1496 827 1564 prmtorio
856 1496 1025 1551 Italiae
1059 1506 1285 1562 vestrm,
1328 1498 1444 1553 sive
1474 1514 1503 1553 a
1533 1498 1751 1556 Vicario
1780 1502 1985 1559 accitus

384 1584 450 1639 ad
481 1587 666 1642 urbem
697 1588 925 1645 Romam
955 1589 1139 1645 veniat
1168 1608 1183 1643 :
1231 1599 1329 1646 aut
1354 1592 1399 1647 si
1428 1593 1479 1647 in
1508 1592 1984 1664 longinquioribus

2090 383 2182 438 Dei
2222 386 2485 454 judicium
2517 404 2621 441 non
2655 400 2892 454 veretur,
2923 388 3102 443 minus
3134 396 3315 443 tamen
3346 402 3573 458 peceare
3603 388 3689 443 vel

2089 478 2412 534 necessitate
2451 492 2677 550 cogatur
2717 498 2729 535 :
2783 492 2841 535 ut
2886 481 3081 537 saltem
3134 481 3201 537 de
3238 492 3440 537 cmtero
3481 482 3689 552 paciﬁci

2086 580 2249 640 atque
2275 574 2574 628 concordes
2599 575 2878 629 serenitati
2909 585 3103 629 vestra:
3131 589 3402 645 eongruas
3427 574 3568 645 apud
3593 573 3692 631 Do-

2086 666 2291 722 minum
2325 679 2571 722 nostrum
2606 669 2808 723 referre
2837 670 3041 739 gratias
3072 672 3363 739 possimus.
3568 738 3572 741 Ι

2163 760 2249 814 ιο.
2285 756 2514 815 Damasa
2546 760 2621 814 uti
2652 762 2854 815 licuisse
2879 762 3024 830 jure,
3051 777 3150 831 quo
3180 761 3505 816 sacerdotum
3535 778 3694 818 causa

2078 851 2295 923 judiciis
2335 852 2655 906 sacerdotum
2695 852 3015 907 attribuitur.
3051 884 3121 893 ——
3152 852 3482 909 Memoratus
3522 854 3693 912 frater

2088 954 2273 999 noster
2299 943 2563 999 Damasus
2588 986 2604 1011 ,
2658 947 2909 1014 quoniam
2943 947 2995 1000 in
3029 961 3123 1001 sua
3155 958 3317 1002 causa
3347 946 3513 1002 vesui
3547 958 3693 1005 tenet

2088 1035 2300 1107 insigne
2341 1036 2529 1107 judicii
2558 1081 2573 1106 ,
2626 1053 2734 1093 non
2783 1039 2877 1093 ﬁat
2930 1037 3153 1095 inferior
3183 1038 3303 1107 his,
3349 1041 3546 1111 quibus
3589 1039 3693 1097 etsi

2088 1132 2312 1202 aequalis
2343 1141 2426 1188 est
2459 1147 2714 1199 munere,
2760 1133 3119 1204 praerogativa
3149 1142 3330 1189 tamen
3373 1132 3687 1204 apostolicae

2087 1225 2233 1281 sedis
2277 1227 2533 1294 excellit,
2582 1233 2641 1280 ut
2680 1225 2897 1295 judiciis
2930 1225 3160 1295 publicis
3187 1224 3215 1262 ‘
3248 1225 3535 1282 videantur
3563 1241 3693 1284 esse

2087 1320 2319 1389 subjecti
2340 1362 2353 1385 ,
2397 1320 2596 1391 quibus
2628 1320 2971 1375 sacerdotale
3002 1329 3164 1389 caput
3212 1320 3297 1376 lex
3328 1328 3510 1377 vestra
3536 1336 3687 1377 sumo

2088 1414 2271 1469 movit.
2312 1413 2367 1469 ln
2390 1430 2497 1486 quo
2527 1425 2649 1485 post
2678 1414 3002 1470 sententiam
3036 1431 3143 1470 non
3176 1415 3389 1470 videtur
3418 1415 3695 1471 declinare

2082 1508 2368 1581 judicium.
2397 1509 2491 1565 sed
2523 1510 2757 1565 delatam
2787 1524 2816 1563 a
2846 1509 3002 1565 vobis
3036 1509 3507 1565 honoriﬁcentiam
3537 1509 3690 1580 ﬂagi-

2080 1611 2226 1657 tare.
2290 1602 2421 1657 Nam
2473 1601 2616 1673 quod
2667 1602 2733 1656 ad
2774 1602 2925 1673 leges
2963 1601 3208 1672 publicas
3257 1602 3523 1671 pertinet,
3576 1618 3695 1669 qua:

385 1678 630 1748 partibus
672 1680 981 1751 Itujusmodi
1011 1687 1299 1742 emerserit
1326 1685 1556 1758 qumstio
1575 1729 1588 1753 ,
1615 1687 1681 1742 ad
1710 1699 1982 1758 metropo-

2106 1706 2273 1771 potest
2312 1712 2435 1752 esse
2462 1695 2569 1751 vita
2622 1696 2914 1763 munitior,
2968 1711 3128 1766 quam
3181 1706 3359 1751 vestra
3408 1696 3695 1752 clementia

384 1772 533 1827 litani
568 1788 663 1843 per
691 1773 931 1829 locorum
956 1776 1156 1846 judicia
1186 1778 1483 1835 deducatur
1511 1796 1738 1835 examen
1767 1797 1780 1834 :
1825 1782 1907 1836 vel
1937 1781 1983 1838 si

382 1865 501 1935 ipse
531 1868 987 1933 metropolitanus
1017 1880 1099 1925 est
1120 1913 1134 1938 ,
1166 1870 1391 1926 Romam
1423 1874 1766 1941 necessario,
1800 1874 1884 1929 vel
1916 1873 1983 1929 ad

383 1973 480 2015 eos
508 1974 645 2029 quos
673 1960 947 2017 Romanus
973 1965 1261 2035 cpiscopus
1307 1964 1519 2035 judices
1556 1966 1801 2031 dederit,
1851 1983 1984 2022 con-

386 2052 612 2108 tendere
637 2055 756 2110 sine
784 2055 1039 2111 dilatione
1085 2056 1378 2128 jubeatur:
1426 2060 1498 2113 ita
1530 2069 1588 2114 ut
1618 2058 1709 2130 qui
1751 2061 1985 2132 depositi

386 2149 607 2215 fuerint,
636 2151 704 2207 ab
731 2152 852 2221 ejus
884 2162 1093 2208 tantum
1122 2154 1356 2208 civitatis
1383 2153 1582 2211 ﬁnibus
1609 2164 1981 2227 segregentur,

386 2242 439 2297 in
469 2259 573 2314 qua
602 2246 874 2314 gesserint
902 2245 1288 2313 sacerdotium,
1319 2261 1387 2302 ne
1414 2262 1603 2303 rursus
1641 2249 1709 2303 im
1719 2248 1985 2320 pudenter

386 2348 651 2406 usurpem
675 2340 816 2408 quod
840 2338 962 2409 jure
993 2340 1262 2394 sublatum
1291 2339 1383 2394 sit.
1404 2336 1565 2395 Certe
1594 2340 1638 2395 si
1664 2342 1747 2395 vel
1781 2351 1984 2396 metro-

388 2432 648 2502 politani,
704 2434 789 2488 vel
841 2435 1061 2505 cujusce
1110 2435 1331 2489 alterius
1380 2434 1681 2490 sacerdoﬁs
1727 2444 1980 2507 suspecta

386 2525 559 2594 gratia
591 2525 673 2581 vel
704 2527 954 2597 iniquitas
982 2526 1143 2582 fuerit
1170 2571 1183 2594 ,
1224 2526 1309 2583 vel
1338 2527 1402 2582 ad
1434 2526 1739 2583 Romanum
1770 2529 1984 2598 episco-

388 2630 517 2689 pum
542 2660 558 2686 ,
602 2618 689 2673 vel
723 2620 789 2673 ad
816 2621 1106 2676 concilium
1138 2630 1285 2677 certe
1310 2621 1615 2692 quindecim
1646 2634 1667 2660 ο
1696 2622 1983 2694 episcopo-

392 2722 513 2767 rutn
565 2712 917 2770 ﬁnitimorum
965 2714 1015 2771 ei
1061 2714 1219 2771 liceat
1267 2728 1581 2786 provocare.
1643 2715 1980 2789 Quicumque

471 2908 497 2935 ε
526 2899 584 2955 ιιι
615 2908 883 2956 remotum
912 2899 1121 2954 scilicet
1149 2898 1419 2968 Hispaniae
1450 2899 1725 2971 angulum,
1766 2912 1825 2958 ut
1854 2902 1987 2959 Gra-

400 2970 580 3026 tianus
608 2974 659 3027 itt
684 2972 909 3040 epistola
937 2972 1207 3043 sequenti,
1232 2988 1286 3025 n.
1310 2972 1366 3037 2,
1389 2970 1651 3041 loquitur,
1673 2972 1988 3041 deportatus

399 3045 450 3098 vi
480 3044 655 3115 legum
688 3044 925 3109 illarum,
947 3060 1087 3111 quas
1108 3061 1136 3096 a
1166 3044 1479 3113 parentibus
1509 3044 1663 3102 latas.
1698 3044 1989 3102 Gratianus

402 3132 543 3169 anno
572 3117 699 3177 585,
723 3118 842 3169 data
866 3118 1282 3179 constitutione,
1310 3132 1428 3180 qum
1455 3115 1587 3170 Cod.
1621 3115 1747 3182 'l‘lt.,
1782 3119 1875 3174 lib.
1904 3135 1994 3185 ix,

400 3187 486 3241 tit.
517 3202 679 3242 χχχιιι
703 3228 717 3249 ,
749 3189 850 3256 leg.
885 3187 919 3240 ‘2
942 3229 954 3251 ,
991 3188 1250 3251 habetur,
1284 3186 1627 3240 conﬁrmavit
1659 3187 1740 3240 his
1774 3191 1988 3243 verbis:

404 3258 616 3313 Nostris
651 3270 695 3313 et
740 3269 1005 3329 parentum
1050 3271 1341 3311 nostrorum
1380 3259 1823 3314 constitutionibus
1848 3277 1991 3313 com-

403 3332 713 3404 prehensum
741 3342 835 3404 est.
866 3340 972 3404 etc.
1023 3330 1043 3404 l
1055 3331 1156 3404 deo
1189 3330 1710 3404 calumniosissimum
1737 3342 1903 3404 caput
1947 3342 1997 3387 et

405 3400 676 3474 personam
708 3402 908 3475 judicio
940 3401 1099 3455 irrite
1125 3400 1401 3475 delationis
1433 3402 1678 3472 infamem
1708 3400 1997 3472 deportatio

406 3473 679 3545 sequatur,
710 3473 823 3543 quo
852 3476 1066 3545 posthac
1094 3474 1285 3544 singuli
1314 3473 1633 3542 universique
1660 3485 1996 3545 cognoscant,

404 3562 509 3599 non
541 3546 690 3600 licere
716 3547 770 3599 in
799 3562 858 3599 eo
888 3546 1175 3615 principum
1219 3545 1418 3599 animos
1462 3560 1810 3612 commovere,
1863 3545 2001 3616 quod

408 3633 510 3671 non
543 3618 702 3685 possit
735 3617 954 3671 ostendi.

482 3688 508 3726 δ
542 3689 786 3759 Sequens
816 3686 1071 3757 epistola,
1100 3703 1154 3741 n.
1188 3687 1241 3742 6.
1263 3686 1405 3741 hunc
1436 3687 1763 3743 conﬁrmans
1797 3688 2000 3755 locum,

411 3762 487 3815 ita
520 3761 670 3814 iitum
714 3760 911 3829 repetit
942 3777 954 3811 :
983 3759 1067 3833 qui
1100 3769 1339 3833 evocatus
1376 3759 1443 3811 ad
1476 3762 1811 3833 sacerdotale
1847 3761 1997 3833 judi-

410 3834 551 3886 cium
589 3848 677 3900 per
713 3831 1087 3885 contumaciam
1115 3847 1215 3883 non
1248 3831 1437 3883 ivisset.
1476 3830 1554 3885 Ex
1586 3846 1693 3901 quo
1722 3830 1885 3887 etiam
1921 3834 2007 3887 hic

411 3905 482 3958 ad
525 3904 839 3957 sacerdotale
882 3902 1142 3972 judicium
1203 3901 1485 3971 legendum
1530 3917 1651 3957 esse
1692 3903 2006 3973 cnnjectura

413 3984 538 4029 est:
582 3976 683 4029 nisi
712 3976 833 4041 quis
854 4017 867 4036 ,
898 3974 1108 4027 sublata
1134 3974 1519 4043 pnepositione
1547 3992 1608 4038 a,
1651 3976 1802 4029 malit
1831 3992 2006 4029 sacer.

414 4046 579 4100 dotali
618 4046 820 4119 judicio
851 4047 903 4101 in
932 4045 1095 4099 dandi
1123 4060 1270 4111 casu,
1303 4046 1443 4115 quod
1471 4046 1536 4100 ad
1563 4046 1790 4101 verbum
1826 4048 2009 4103 adesse

415 4119 705 4174 referatur.

495 4201 517 4227 ε
556 4188 1002 4259 Cardiaginensis
1028 4203 1063 4241 tt
1094 4186 1307 4241 concilii
1337 4202 1510 4242 canon
1540 4188 1627 4254 {0,
1654 4184 1839 4244 Codici
1882 4204 2004 4244 can.

416 4261 568 4315 Eccl.
600 4261 766 4316 Alric.
799 4277 849 4315 c.
878 4260 969 4321 l2,
998 4260 1253 4326 insertus,
1286 4259 1447 4313 etiam
1477 4259 1542 4312 ad
1574 4259 1799 4328 primam
1832 4275 2011 4317 causa:

418 4333 709 4402 cujuslibet
750 4333 988 4401 episcopi
1036 4331 1403 4401 cognitionem
1444 4331 1689 4385 decernit
1727 4332 2011 4387 secundum

422 4414 616 4458 statuta
660 4417 883 4459 veterum
931 4404 1305 4467 conciliorum,
1350 4411 1402 4453 ut
1440 4402 1483 4454 si
1508 4403 1619 4471 quis
1648 4405 1917 4471 episwpus
1959 4404 2012 4458 in

421 4485 622 4530 reatum
650 4478 867 4543 aliquem
898 4475 1196 4535 incurrerit,
1222 4482 1267 4527 et
1294 4472 1447 4543 fuerit
1473 4475 1519 4527 ei
1550 4474 1707 4528 nimia
1737 4476 2013 4529 necessitas

424 4564 530 4601 non
560 4564 707 4619 posse
736 4548 986 4618 plurimos
1017 4547 1319 4617 congregari
1342 4585 1357 4607 ,
1386 4562 1470 4619 _ue
1504 4547 1557 4599 in
1602 4546 1811 4619 crimine
1848 4562 2011 4599 rema-

2094 1807 2197 1865 qua
2238 1791 2488 1847 innititur
2518 1801 2541 1827 θ
2580 1789 2867 1860 judicata?
2913 1789 3068 1856 Quod
3113 1804 3243 1844 vero
3279 1790 3345 1845 ad
3395 1791 3699 1860 praedican-

2093 1885 2217 1939 datn
2247 1884 2488 1954 episcopi
2521 1881 2913 1939 conscientiam
2950 1881 3006 1949 ί,
3060 1883 3430 1939 severioribus
3457 1898 3517 1941 se
3546 1883 3697 1941 dedit

2095 1978 2211 2049 ipse
2244 1974 2467 2047 judiciis
2512 1976 2904 2044 sacerdotum,
2945 1989 2976 2029 a
3026 1973 3221 2045 quibus
3267 1991 3376 2030 non
3434 1974 3692 2043 nominis,

2096 2068 2191 2125 sed
2222 2069 2385 2123 etiam
2442 2084 2652 2122 morum
2685 2069 2823 2122 ratio
2870 2076 3167 2137 pensatur,
3219 2082 3285 2121 ne
3329 2068 3449 2137 quis
3503 2068 3698 2123 iterum

2100 2161 2462 2219 calumniator
2515 2162 2827 2228 exsistens,
2891 2160 3017 2215 dum
3068 2169 3427 2215 memoratum
3474 2170 3702 2217 conatur

2091 2266 2348 2327 appetere
2374 2296 2389 2322 ,
2443 2253 2615 2309 virum
2645 2254 2862 2325 quidem
2894 2253 3068 2322 ipsum
3104 2268 3209 2308 non
3258 2262 3422 2323 queat
3468 2253 3692 2319 laedere,

2090 2364 2251 2421 quem
2308 2348 2617 2403 innocentia
2667 2362 2762 2401 sua
2812 2346 3026 2413 munit;
3075 2345 3321 2419 religioni
3377 2355 3565 2403 tamen
3604 2346 3700 2404 ﬁat

2091 2442 2283 2511 injuria
2326 2440 2380 2495 in
2422 2440 2800 2496 vexationibus
2846 2438 3241 2495 ministrorum.

2168 2537 2250 2591 ll.
2289 2532 2358 2591 Ut
2388 2533 2660 2603 episcopus
2682 2530 2949 2588 Romanus
2978 2545 3066 2588 aut
3091 2532 3233 2603 apud
3267 2549 3417 2588 suum
3445 2541 3535 2587 aut
3561 2530 3705 2603 apud

2092 2628 2359 2700 imperiale
2386 2627 2662 2683 concilium
2686 2643 2739 2681 se
2761 2627 3022 2697 defendat.
3047 2626 3228 2681 Judici
3258 2629 3398 2697 facta
3425 2627 3700 2696 inquirere,

2095 2741 2197 2779 non
2228 2723 2290 2778 de
2319 2723 2381 2777 iis
2402 2720 2705 2778 sententiam
2732 2723 2868 2791 ferre
2900 2717 3070 2774 liceat.
3096 2718 3142 2772 Α
3164 2718 3429 2773 tormentis
3459 2718 3695 2772 abhorret

2093 2904 2183 2961 hic
2228 2904 2458 2961 indicari
2508 2920 2573 2960 eo
2619 2903 2952 2974 probabilius
3002 2903 3277 2968 videatur,
3324 2903 3467 2974 quod
3518 2904 3687 2973 ipsius

2096 2978 2233 3051 legis
2256 2977 2573 3051 verbisanec
2601 2993 2806 3051 munere
2834 2978 3005 3051 impar
3034 2979 3122 3044 sit,
3146 2993 3239 3031 nec
3246 2979 3373 3051 jure
3402 2977 3694 3051 dissimilis,

2094 3049 2327 3119 quodam
2358 3048 2523 3103 modo
2549 3048 2915 3118 respondeant
2946 3050 3047 3103 ista
3077 3048 3333 3114 concilii,
3374 3048 3590 3119 aqualis
3626 3056 3700 3103 es:

2097 3137 2338 3180 munere.
2387 3120 2730 3191 prau'ogativa
2775 3130 2945 3177 tamen
2974 3122 3112 3177 sedis
3142 3122 3440 3186 apostolicae
3470 3122 3699 3176 excellit.

2100 3192 2208 3245 Nec
2239 3202 2501 3261 repugnat
2540 3192 2683 3261 quod
2715 3192 3036 3247 Ambrosius
3084 3192 3255 3262 legem
3308 3192 3489 3245 laudet
3533 3207 3697 3261 quam

2104 3263 2485 3319 Valentiniano
2534 3264 2791 3317 adscribit
2820 3306 2833 3325 ,
2887 3261 3173 3317 concilium
3223 3276 3351 3315 vero
3394 3261 3565 3330 legem
3612 3263 3699 3317 hic

2106 3335 2311 3389 iudicet
2357 3350 2516 3403 quam
2565 3334 2749 3389 tribuit
2792 3333 3071 3389 Gratiano.
3137 3332 3277 3387 Nihil
3330 3334 3473 3387 enitn
3528 3342 3698 3400 vetat,

2106 3406 2393 3467 quominus
2421 3406 2608 3459 eadem
2640 3407 2721 3458 lex
2743 3447 2756 3469 ,
2804 3421 2924 3474 quze
2953 3408 3235 3474 utriusque
3264 3421 3461 3459 nomen
3504 3422 3613 3475 prae
3640 3420 3701 3460 se

2108 3476 2334 3541 ferebat,
2372 3487 2425 3530 ct
2452 3476 2832 3530 Valentiniano
2875 3480 3101 3533 seorsitn
3146 3478 3213 3530 ab
3243 3475 3533 3531 Ambrosio
3574 3477 3701 3532 dum

2109 3548 2279 3617 ipsius
2325 3548 2491 3601 ﬁliutn
2533 3548 2950 3617 alloquebatur,
3005 3561 3057 3603 et
3100 3549 3326 3603 seorsim
3373 3547 3632 3602 Gratiano
3672 3564 3702 3603 a

2108 3619 2336 3674 Concilio
2379 3618 2431 3672 in
2468 3619 2720 3687 precibus
2759 3635 2891 3688 quas
2920 3620 2970 3672 ei
3000 3620 3293 3684 offerebat,
3345 3619 3697 3675 tribueretur.

2108 3691 2441 3760 Quamquam
2470 3701 2528 3746 et
2566 3691 2616 3744 itt
2646 3690 2994 3745 collectaueis
3020 3734 3034 3755 ,
3085 3706 3203 3758 qua:
3229 3689 3501 3745 Coislinus
3530 3692 3701 3746 codex

2112 3778 2254 3816 nono
2295 3762 2495 3816 satculo
2533 3772 2788 3816 ettaratus
2827 3771 3091 3829 asservat,
3134 3763 3288 3815 aliam
3323 3776 3385 3816 ea
3427 3761 3493 3816 de
3536 3778 3596 3816 re
3628 3763 3707 3817 lc-

2109 3847 2229 3905 getn
2260 3844 2449 3905 nactus
2475 3848 2594 3887 sum
2624 3834 2675 3887 in
2705 3833 3096 3905 ltune_modum
3140 3832 3408 3887 laudatam
3439 3850 3450 3884 :
3497 3831 3705 3887 Gratia-

2111 3901 2244 3969 nus,
2282 3904 2678 3958 Valentinianus
2730 3914 2775 3958 et
2827 3901 3147 3958 Theodosius
3187 3906 3600 3971 constituerunt,
3646 3920 3708 3959 ne

2111 3978 2223 4046 quis
2246 3976 2434 4029 audeat
2459 3976 2600 4045 apud
2619 3976 2828 4048 judices
2859 3975 3089 4044 publicos
3117 3977 3414 4044 episcopum
3436 3991 3704 4048 accusare,

2111 4048 2201 4104 sed
2249 4050 2301 4101 in
2344 4046 2703 4117 episcoporum
2744 4048 3059 4101 audientiam
3102 4052 3329 4115 perferre
3359 4064 3461 4101 non
3493 4046 3703 4114 di/Ierat

2112 4119 2362 4190 quidquid
2406 4119 2503 4173 sibi
2535 4135 2627 4188 pro
2657 4120 2905 4190 qualitate
2935 4118 3124 4188 negotii
3150 4129 3295 4189 putat
3327 4136 3475 4190 posse
3502 4135 3708 4190 compe-

2114 4202 2252 4255 tere,
2300 4199 2354 4243 ut
2392 4191 2447 4244 iu
2472 4192 2831 4260 episcOporum
2856 4191 3083 4245 aliorum
3112 4191 3317 4260 judicio
3362 4206 3476 4259 qua:
3519 4192 3709 4245 adserit

2114 4275 2293 4316 contra
2335 4264 2631 4329 episcopum
2684 4263 2897 4315 debeant
2949 4262 3177 4327 deﬁniri.
3240 4260 3295 4315 Si
3346 4272 3525 4315 autem
3568 4262 3706 4315 hanc

2114 4334 2288 4403 legem
2332 4349 2475 4387 nunc
2514 4348 2542 4386 a
2573 4332 2820 4403 Romano
2850 4334 3082 4403 concilio
3109 4332 3522 4403 commemorari
3558 4332 3709 4399 judi-

2115 4402 2365 4467 Caretur,
2420 4418 2652 4467 eorum,
2708 4402 2801 4472 qui
2855 4402 3141 4468 epistolam
3191 4402 3331 4455 hanc
3371 4410 3498 4455 ante
3543 4417 3705 4471 quam

2114 4474 2458 4531 Theodosius
2499 4473 2785 4541 imperium
2821 4474 3028 4527 iniisset
3054 4473 3311 4541 scriptam
3347 4478 3556 4539 putant,
3591 4475 3711 4526 lun-

2118 4547 2428 4599 damentum
2469 4556 2669 4599 rueret.
2734 4543 2905 4598 Porro
2936 4543 3002 4598 de
3032 4543 3151 4613 lege
3182 4559 3309 4597 mox
3350 4544 3563 4597 laudata
3601 4543 3707 4597 Va-

425 4631 544 4673 neat
560 4613 581 4684 ⁷,
628 4637 659 4673 a
690 4613 959 4672 duodecim
998 4613 1249 4689 episcopis
1288 4616 1551 4689 audiatur.
1597 4618 1765 4684 Quem
1806 4634 2011 4689 morem
2039 4614 2093 4676 D
2120 4618 2449 4674 lentinianus
2494 4615 2555 4672 Ill
2579 4614 2841 4687 ,gNovella
2872 4630 3015 4671 anno
3042 4614 3151 4672 452
3178 4614 3324 4680 data,
3354 4613 3439 4669 tit.
3472 4614 3536 4671 12
3561 4656 3574 4681 ,
3617 4615 3713 4673 de-

427 4691 591 4747 etiam
628 4691 697 4745 ab
722 4691 960 4746 Ecclesia
997 4687 1235 4742 Romana
1270 4687 1439 4743 teneri
1479 4689 1825 4743 consuevisse
1854 4688 2015 4745 Nico-

427 4762 546 4819 laus
572 4762 614 4827 l,
656 4763 816 4832 epist.
848 4761 912 4814 ad
944 4761 1529 4832 Salomonemgregein,
1575 4761 1797 4832 prolatis
1826 4761 2016 4815 deces-

429 4848 616 4889 sorum
648 4830 867 4889 suerunt
897 4832 1092 4887 Leonis
1122 4831 1166 4885 ll
1201 4841 1256 4885 et
1288 4830 1560 4886 Benedicti
1590 4831 1657 4885 ΙΙΙ
1699 4834 2019 4888 testimoniis

429 4906 733 4961 conﬁrmat.
770 4905 866 4960 His
881 4904 1197 4970 Gregorium
1219 4904 1271 4970 l,.
1286 4903 1378 4957 lib.
1405 4919 1457 4968 v,
1484 4902 1600 4959 Ind.
1630 4904 1716 4970 15,
1748 4905 2016 4973 cpist.b'5,

434 4986 491 5033 et
521 4978 653 5031 alios
683 4976 922 5045 adjicere
953 4977 1236 5045 potuisset.

505 5046 533 5084 εί
576 5049 894 5110 Malletnus,
939 5047 1169 5119 videatur
1211 5063 1320 5119 esse
1362 5046 1639 5119 subjectus.
1678 5046 2021 5119 Ambrosius,

435 5120 597 5190 epist.
625 5122 689 5179 2|
735 5121 799 5175 ad
830 5117 1264 5175 Valentinianum
1301 5117 1600 5187 junio‘wm,
1626 5136 1679 5172 ιι.
1722 5119 1791 5179 2,
1834 5118 2024 5174 Valen-

439 5194 629 5249 tiniani
669 5193 906 5251 senioris
946 5190 1127 5246 laudat
1165 5190 1337 5259 legem
1362 5234 1377 5257 ,
1439 5206 1541 5259 qua
1587 5192 1690 5245 iste
1727 5191 2025 5260 imperator

436 5270 651 5330 sanxit,
680 5266 737 5318 in
767 5281 923 5321 causa
952 5263 1071 5328 ﬁdei
1114 5261 1547 5334 selrecclesiastici
1575 5262 1796 5334 alicujus
1826 5263 2027 5318 ordinis

438 5351 558 5409 eum
590 5336 831 5409 judicare
858 5335 1070 5409 debere,
1093 5333 1207 5409 qui
1238 5350 1329 5409 nec
1358 5333 1762 5409 munereimpar
1793 5335 1888 5409 sit,
1936 5349 2028 5388 nec

430 5408 554 5480 jure
574 5406 839 5480 dissimilis
865 5406 995 5478 (hate
1020 5408 1154 5480 enim
1180 5406 1330 5480 verba
1355 5406 1589 5480 rescripti
1613 5406 1776 5480 sunt),
1807 5407 1905 5480 lto:
1933 5414 2027 5480 est.

441 5477 733 5534 sacerdotes
761 5478 824 5533 de
848 5477 1196 5534 sacerdotibus
1228 5477 1385 5533 voluit
1406 5477 1665 5547 judicare.
1715 5477 1853 5543 Quin
1882 5477 2033 5530 etiam

442 5552 489 5604 si
518 5552 649 5606 alias
675 5552 888 5623 quisque
912 5560 1212 5623 argueretur
1240 5550 1507 5623 episcopus
1526 5589 1561 5623 ,μ
1589 5560 1637 5603 et
1678 5564 1879 5623 morum
1908 5554 2033 5623 esset

443 5618 812 5678 exoririnanda'
838 5618 1027 5690 causa,
1078 5622 1230 5675 etiam
1269 5618 1381 5675 'Itwc
1414 5618 1584 5677 voluit
1635 5618 1704 5675 ad
1745 5618 2034 5691 episcopale

437 5693 702 5762 judicium
730 5693 1008 5768 pertinere.
1058 5694 1230 5762 Quam
1259 5691 1437 5765 legem
1467 5705 1498 5746 a
1525 5691 1757 5749 concilio
1776 5689 2035 5747 "Romano

2118 4689 2346 4746 rogavit.

2254 4705 2281 4742 v
2335 4731 2346 4741 .

2179 4704 2364 4815 geall|tlic
2389 4767 2490 4828 ρει,
2525 4775 2685 4829 quam
2718 4760 2823 4813 vita
2856 4757 3115 4829 eju’s,qui
3146 4757 3213 4812 ab
3244 4757 3360 4828 ipso
3388 4757 3712 4829 imperatore
3748 4766 3753 4773 ‘

2122 4831 2388 4901 judicatus
2418 4842 2472 4886 et
2498 4828 2775 4887 absolutus
2803 4828 2918 4887 fuit.
2976 4828 3118 4885 Nihil
3156 4831 3301 4885 enim
3342 4831 3392 4887 in
3427 4828 3546 4886 eam
3591 4841 3713 4901 post

2145 4849 2388 4887 uutcatus
2418 4849 2472 4886 et
2498 4849 2775 4887 absolutus
2803 4849 2918 4887 luit.
2977 4849 3118 4885 mnu
3156 4849 3301 4885 emm
3342 4849 3392 4887 tn
3427 4849 3479 4886 ea

2117 4849 2431 4973 Jhuiusmodi
2466 4902 2730 4972 judicium
2762 4912 2995 4973 possunt,
3016 4902 3213 4971 publici
3248 4902 3479 4972 judices.

2202 4973 2223 5012 ι’
2277 4974 2426 5030 Idem
2474 4976 2696 5028 verbum
2744 4976 2958 5041 pertinet
3008 4973 3061 5030 in
3111 4974 3251 5038 illis,
3289 4974 3425 5044 quod
3467 4974 3535 5027 ad
3579 4974 3715 5044 leges

2128 5047 2359 5119 publicas
2391 5047 2633 5119 pertinet.
2668 5062 2987 5119 expressum
3014 5088 3028 5111 ,
3061 5046 3112 5100 in
3144 5042 3470 5119 istim—quad
3499 5060 3614 5097 vero
3629 5042 3714 5119 χιιι

2127 5114 2513 5190 prtedicandam
2541 5116 2769 5187 episcopi
2804 5118 3201 5190 conscientiam,
3248 5116 3583 5170 subauditur.
3629 5114 3716 5171 Id-

2128 5188 2274 5245 circo
2305 5200 2359 5244 et
2380 5190 2870 5255 interpunctionem
2915 5190 3061 5254 prius
3110 5188 3377 5257 vulgatam
3401 5227 3415 5251 ,
3454 5202 3559 5255 qua
3587 5201 3719 5239 con-

2130 5260 2237 5316 cilii
2289 5264 2559 5316 sententia
2623 5276 2847 5332 prorsus
2893 5260 3355 5332 contundcbatur,
3424 5265 3717 5332 mutamus.

2132 5333 2429 5389 Concilium
2491 5328 2639 5388 illud
2667 5335 2713 5389 si
2757 5332 2873 5401 ejus
2928 5333 3028 5385 hoc
3070 5332 3122 5383 in
3176 5328 3307 5401 loco
3346 5329 3505 5383 verba
3553 5329 3721 5395 probe

2135 5408 2513 5473 assequimur,
2574 5398 2857 5457 Damasum
2904 5402 3119 5470 quidem
3161 5398 3401 5455 Gratiani
3451 5401 3721 5473 sententia

2135 5470 2437 5532 absolutum
2478 5490 2657 5530 causa:
2686 5473 2927 5544 ejusdem
2952 5472 3315 5544 cognitionem
3349 5470 3719 5544 ecclesiastico

2131 5546 2335 5618 judicio
2366 5545 2677 5619 permisisse
2705 5540 2809 5619 non
2841 5542 3101 5619 tlil‘litetur
3130 5560 3144 5597 :
3178 5540 3271 5597 sed
3303 5544 3507 5619 nehac
3532 5541 3726 5613 agi-udi

2136 5614 2345 5676 ratione
2363 5614 2431 5674 de
2458 5617 2801 5687 imperatoris
2824 5616 3147 5671 auctoritate
3170 5614 3414 5673 nonnihil
3436 5615 3729 5685 derogasse

2138 5690 2387 5748 videatur
2410 5728 2427 5760 ,
2467 5686 2637 5760 ipSius
2684 5686 2887 5746 factum
2932 5700 3078 5744 nunc
3124 5687 3437 5761 imperatori
3484 5696 3725 5746 excusat.
