4194 6184
529 186 636 247 585

1027 183 1460 247 MONUMENTA
1498 182 1787 245 VETEBA
1816 179 1915 263 _AD
1954 178 2366 241 ARIANORUM
2397 176 2805 239 DOCTBINAM
2830 176 3326 239 PERTINENTIA.

3731 176 3833 238 584

526 306 805 365 sacerdotis
838 307 1039 381 religio.
1068 339 1140 350 —
1166 308 1409 380 Accipite
1434 306 1578 363 aliud
1601 320 1847 378 quoque,
1874 302 2016 375 quod
2045 302 2125 357 vir
2151 303 2199 365 Α
2231 302 2299 356 tia
2320 342 2334 366 ,
2365 299 2485 357 etsi
2508 299 2793 356 emerserit
2816 297 3065 370 qumstio,
3088 293 3469 367 interroganda
3498 292 3830 367 distinguat:

527 412 749 457 sanctus
796 409 991 456 vestrae
1034 402 1203 470 magis
1242 399 1497 455 conferre
1544 397 1759 468 pietati,
1812 410 1974 466 quam
2022 392 2127 449 sibi

529 506 788 566 praestare
809 492 1081 549 desiderat
1097 532 1111 558 ,
1139 507 1239 548 nec
1260 492 1526 562 derogare
1547 490 1795 560 cuiquam
1816 529 1831 556 ,
1861 486 1953 543 sed
1985 486 2130 556 prin-

529 585 739 656 cipibus
775 600 1030 658 arrogare
1054 602 1068 652 ;
1098 586 1352 651 quoniam
1376 599 1482 639 non
1506 598 1705 639 novum
1732 580 1938 653 aliquid
1971 579 2127 651 petit,

530 678 624 734 sed
651 679 894 749 sequitur
920 678 1169 749 exempla
1197 677 1461 747 majorum
1490 693 1502 729 :
1538 683 1595 730 ttt
1620 676 1908 744 episcopus
1935 673 2132 728 Roma-

528 787 662 837 nus,
691 770 737 826 si
761 770 995 828 concilio
1016 771 1135 840 ejus
1156 785 1319 825 causa
1350 785 1453 824 non
1484 769 1753 835 creditur,
1782 767 1923 838 apud
1951 765 2135 823 conci-

526 865 660 922 lium
685 879 745 921 se
770 864 1055 936 lmperiale
1085 862 1361 920 defendat.
1391 862 1524 918 Nam
1565 871 1620 918 et
1647 861 1907 916 Silvestcr
1934 874 2067 930 papa
2100 872 2131 912 a

530 958 809 1029 sacrilegis
850 964 1163 1023 accusatus,
1204 955 1345 1026 apud
1380 964 1660 1026 parentem
1710 961 1948 1008 vestrum
1989 950 2134 1006 Con-

528 1051 825 1107 stantinum
870 1063 1090 1105 causam
1135 1049 1407 1120 propriam
1457 1054 1772 1117 prosecutus
1816 1053 1919 1101 est.
1955 1044 2023 1098 Et
2064 1042 2134 1100 de

532 1143 829 1215 Scripturis
857 1142 1055 1199 similia
1080 1141 1329 1212 exempla
1358 1150 1381 1176 τι
1406 1139 1757 1211 suppeditant
1783 1156 1795 1191 :
1825 1137 1967 1210 quod
2010 1153 2134 1193 cum

531 1255 561 1294 a
587 1239 819 1310 praeside
839 1246 1060 1295 sanctus
1080 1237 1361 1308 apostolus
1386 1236 1492 1291 vim
1519 1244 1791 1305 pateretur
1816 1276 1830 1299 ,
1858 1232 2132 1289 Caesarem

532 1333 822 1405 appellavit
849 1376 865 1402 ,
895 1343 950 1389 et
977 1331 1044 1388 ad
1068 1332 1343 1387 Caesarem
1372 1329 1567 1385 missus
1589 1337 1675 1384 est
1713 1327 1853 1400 (Act.
1896 1343 2033 1394 xxv,
2069 1328 2131 1382 ll

529 1438 578 1483 et
608 1427 721 1497 12).
751 1427 911 1485 Certe
935 1426 1081 1497 prius
1107 1429 1380 1482 examinet
1418 1438 1639 1480 causam
1674 1433 1851 1478 vestra
1892 1422 2137 1478 clemen~

2231 405 2286 451 ut
2303 393 2758 467 quemadmodum
2782 391 2985 448 dudum
3006 391 3138 448 estis
3163 406 3391 447 censere
3414 388 3642 461 dignati,
3668 387 3835 446 facto-

2231 505 2349 544 rum
2368 505 2398 544 a
2420 488 2603 560 judice
2629 487 2770 543 ratio
2791 495 3088 558 qumratur,
3112 501 3217 541 non
3240 483 3528 540 arbitrium
3553 482 3834 540 sententias

2232 583 2557 639 vindicetur.
2589 581 2666 637 ita
2693 581 2837 638 enim
2869 580 2994 649 fiet,
3026 590 3087 635 ut
3114 579 3247 635 nulli
3289 577 3503 650 perdito
3529 578 3628 649 ,νει
3655 576 3836 633 infami

2236 688 2330 731 aut
2362 674 2651 731 accusandi
2694 672 2895 730 summi
2932 672 3263 739 sacerd0tis,
3294 681 3388 728 aut
3416 670 3743 745 testificandi
3785 670 3836 726 in

2241 784 2361 824 cum
2396 767 2620 823 facultas
2648 774 2830 837 pateat
2853 764 3040 822 illicita
3072 783 3084 819 :
3112 766 3158 821 si
3190 764 3408 835 quidem
3453 780 3563 821 non
3596 764 3757 820 modo
3788 764 3840 819 in

2240 862 2587 933 episcopum,
2620 860 2713 916 sed
2746 875 2815 916 ne
2842 860 2893 914 in
2930 860 3303 932 presbyterum
3336 859 3577 931 quidem,
3625 874 3843 916 accusa-

2241 955 2442 1011 tionem
2490 954 2649 1009 facile
2692 952 3129 1024 suscipiendam,
3182 952 3284 1009 nisi
3330 952 3542 1009 idoneis
3575 954 3845 1017 testibus,

2241 1046 2399 1102 lectio
2426 1056 2607 1101 sancta
2637 1046 2955 1116 praescribat
2982 1046 3024 1116 (ι
3058 1045 3196 1100 Tim.
3224 1060 3258 1099 v
3280 1086 3294 1112 ,
3329 1044 3439 1119 l9).
3480 1046 3668 1118 Neque
3698 1048 3847 1102 enim

2241 1140 2326 1196 vel
2354 1142 2603 1208 inimico,
2629 1140 2713 1197 vel
2740 1140 3119 1197 calumniatori
3143 1183 3157 1207 ,
3204 1140 3288 1196 vel
3326 1141 3623 1219 istiusmodi
3665 1143 3803 1197 viris
3831 1184 3847 1209 ,

2242 1236 2430 1307 quales
2480 1251 2651 1307 nuper
2709 1234 3110 1291 iusimulatores
3159 1236 3330 1305 patuit
3373 1235 3683 1304 exstitisse,
3743 1237 3848 1290 tri-

2241 1330 2453 1386 buenda
2488 1330 2856 1386 misericordia
2884 1339 3001 1397 est,
3037 1344 3269 1402 quorum
3298 1331 3404 1385 vita
3434 1347 3543 1387 non
3574 1312 3848 1405 mereatur

2244 1421 2408 1483 fidem
2429 1461 2445 1489 ,
2473 1431 2745 1499 tormenta
2772 1422 3065 1480 abhorreat
3092 1423 3282 1497 religio
3303 1425 3629 1482 sacerdotis.
3842 1410 3845 1413 ’

1866 1531 2006 1572 ANNO
2031 1530 2215 1572 DOIINI
2254 1530 2416 1572 CCCLX
2427 1532 2455 1571 Χ
2465 1532 2493 1571 κ
2504 1554 2520 1572 ο

926 1614 955 1655 ιι
1014 1614 1455 1673 RESCRIPTUM
1518 1610 1849 1669 GRATIANI
1922 1610 2224 1668 AUGUSTI
2287 1610 2380 1667 AD
2421 1611 3165 1681 AQUlLlNUMVlCARlUM
3216 1612 3445 1683 URBIS,

1201 1695 1315 1763 Quo
1341 1694 1396 1749 id
1417 1710 1566 1750 ontne
1587 1708 1745 1765 prope
1767 1691 2073 1747 conceditur
2100 1732 2114 1758 ,
2145 1692 2285 1763 quod
2308 1692 2569 1762 superiori
2588 1693 2809 1763 epistola
2839 1692 3051 1763 petitum
3084 1702 3178 1748 est.

2002 1784 2161 1836 Const.
2185 1798 2237 1836 υ.
2261 1786 2373 1835 559.

2002 1784 2161 1836 Coust.
2225 1786 2373 1835 .559.

532 1874 821 1931 Gratianus
850 1882 904 1928 et
933 1872 1343 1929 Valentinianus
1374 1868 1601 1942 Augusti
1638 1866 1892 1939 Aquilino
1915 1784 2140 1923 vi<(:ario.
2173 1798 2222 1937 ᾗ
2249 1782 2539 1922 destitutus
2561 1866 2613 1921 in
2645 1868 2761 1938 ejus
2792 1877 2997 1924 tantum
3021 1870 3315 1941 perniciem
3348 1879 3552 1938 rueret,
3582 1870 3673 1945 qui
3704 1874 3853 1930 solus

601 1967 655 2022 1.
689 1964 767 2021 De
793 1965 1034 2039 neglectis
1055 1966 1324 2036 prwceptis
1350 1962 1627 2019 Gratianus
1668 1960 1917 2032 queritur.
1946 1958 2135 2013 Edicta

532 2059 778 2115 adversus
807 2058 1060 2115 Ursinum
1072 2062 1188 2131 jam
1212 2057 1280 2112 ad
1304 2056 1635 2127 Simplicium
1656 2053 1798 2109 data.
1824 2083 1896 2096 -—-
1915 2051 2137 2109 Ordina-

531 2155 735 2209 riorum
759 2152 1042 2209 sententiae
1062 2151 1298 2222 iudicum
1316 2190 1332 2218 ,
1357 2157 1450 2204 aut
1471 2164 1595 2220 quae
1621 2158 1922 2218 temporum
1953 2146 2133 2213 limes,

530 2255 625 2303 aut
657 2247 1010 2301 contumaciae
1049 2243 1448 2315 pronuntiatio,
1491 2252 1583 2297 aut
1622 2240 1863 2297 habitum
1904 2255 2085 2297 coram
2110 2244 2134 2276 ο

533 2338 774 2409 patribus
812 2338 997 2393 sanxit
1023 2352 1276 2400 examen,
1308 2349 1409 2390 nec
1438 2349 1467 2388 a
1493 2333 1771 2405 lmediocri
1818 2333 2136 2389 auctoritate

532 2430 847 2487 labefactari
878 2438 1041 2502 atque
1068 2429 1336 2494 convelli,
1364 2442 1464 2484 nec
1507 2444 1535 2483 a
1568 2426 1969 2497 potentioribus
1989 2468 2005 2495 ,
2038 2440 2138 2481 nec

530 2527 936 2599 impudentibus
984 2528 1393 2597 pertimescunt.
1436 2524 1629 2581 Nostra
1674 2534 1982 2595 praecepta,
2041 2538 2138 2595 per

532 2622 770 2677 vestram
795 2620 1178 2693 negligentiam
1206 2619 1493 2685 destituta,
1527 2634 1649 2689 quae
1678 2617 1893 2674 tandem
1941 2615 2140 2687 poterit

532 2713 752 2769 firmare
781 2712 1092 2770 sententia?
1136 2726 1297 2781 quam
1344 2710 1597 2783 quidem,
1644 2709 1771 2765 dum
1819 2709 2093 2781 deSpicitis
2122 2750 2139 2777 ,

532 2821 642 2863 non
673 2806 922 2862 excitetis
966 2814 1025 2860 ut
1052 2804 1229 2874 longa:
1269 2802 1570 2860 tolerantiae
1602 2802 1656 2857 in
1696 2802 2015 2872 desperatos
2046 2816 2138 2858 su-

533 2908 645 2956 mat
689 2898 938 2955 ell‘ectum
961 2940 976 2965 ,
1031 2904 1086 2953 et
1123 2895 1363 2954 officium
1407 2906 1586 2952 melus
1612 2904 1770 2967 cogat
1798 2896 2037 2968 agnosci.
2069 2896 2140 2951 At

531 3006 715 3048 nonne
760 2989 1050 3047 absurdius
1095 2997 1181 3045 est
1242 2988 1386 3060 quod
1425 2987 1609 3045 Ursini
1652 2987 1817 3058 jussit
1858 2987 2135 3053 amentia,

530 3098 692 3154 quam
747 3081 893 3155 quod
950 3082 1217 3138 serenitas
1276 3089 1462 3136 nostra
1521 3079 1743 3135 mitibus
1798 3080 2068 3150 persuasit
2109 3074 2136 3116 ἀ

530 3176 722 3233 edictis
743 3217 759 3243 ,
810 3184 870 3231 ut
894 3190 1082 3232 omnes
1130 3173 1223 3245 qui
1254 3172 1451 3244 impios
1490 3181 1665 3229 curtus
1694 3173 1972 3242 profanata
2012 3175 2138 3230 reli-

2238 1972 2479 2029 erraret;
2514 1972 2569 2018 et
2608 1974 2661 2017 ut
2694 1963 3041 2019 condemnati
3067 1964 3272 2035 judicio
3303 1976 3453 2022 recte
3497 1966 3849 2023 sentientimu

2238 2054 2622 2121 sacerdotum,
2675 2056 2912 2112 reditum
2944 2066 3130 2127 postea
3174 2059 3261 2113 vel
3310 2058 3377 2113 ad
3417 2059 3677 2115 ecclesias
3715 2075 3853 2131 quas

2236 2150 2735 2204 contaminaverant
2760 2165 2866 2203 non
2900 2149 3185 2217 haberent,
3211 2150 3296 2206 vel
3324 2150 3849 2224 redintegrationem

2235 2242 2423 2312 judicii
2466 2243 2663 2299 frustra
2691 2260 2721 2299 a
2760 2243 2919 2299 nobis
2970 2244 3267 2315 impudenti
3314 2246 3613 2317 pervicacia
3661 2262 3854 2319 preca-

2238 2339 2465 2394 rentur?
2492 2338 2724 2409 Repetat
2756 2337 3024 2394 laudanda
3051 2348 3108 2394 et
3133 2350 3375 2410 spectata
3400 2352 3488 2397 tua
3518 2344 3807 2400 sinceritas
3834 2385 3848 2411 ,

2237 2433 2425 2504 quales
2471 2432 2538 2488 ad
2569 2434 2742 2488 virum
2782 2432 3144 2489 clarissimum
3184 2434 3524 2506 Simplicium
3574 2437 3848 2507 quondam

2238 2526 2499 2581 vicarium
2527 2536 2549 2563 θ
2580 2525 2791 2582 litteras
2817 2527 3104 2583 clementia
3154 2537 3338 2584 nostra
3367 2530 3753 2597 transmiserit,
3796 2540 3851 2587 et

2238 2616 2450 2674 desinat
2477 2619 2817 2674 iterationem
2844 2633 3066 2690 sperare
3091 2621 3329 2677 mandati
3374 2640 3386 2677 :
3427 2623 3552 2693 quia
3585 2624 3851 2696 pigendus

2241 2710 2669 2767 mansuetudinis
2720 2720 2927 2767 nostra:
2983 2712 3156 2782 pudor
3202 2722 3289 2771 est
3345 2715 3649 2774 instaurare
3709 2733 3851 2789 pra:-

2240 2812 2477 2872 ceptum.

2311 2896 2366 2950 2.
2409 2895 2694 2951 Ecclesium
2726 2896 2969 2966 turbant,
3005 2896 3259 2965 Ursinus,
3304 2897 3603 2956 Parmensis
3642 2902 3845 2972 episco-

2242 3006 2338 3060 pus
2357 3031 2370 3055 ,
2404 2988 2701 3045 Florentius
2728 2988 3071 3047 Puteolanas.
3101 3022 3174 3032 —
3200 2991 3455 3049 Ursinum
3478 2995 3697 3066 quidem
3720 2997 3850 3054 Gal-

2242 3081 2315 3136 lia
2342 3091 2597 3149 coercet,
2630 3092 2686 3139 et
2714 3098 2783 3139 ne
2820 3092 3000 3139 motus
3024 3085 3235 3157 aliquos
3280 3086 3550 3158 inquietos
3592 3100 3851 3148 exerceat

2243 3174 2461 3231 cohibet
2484 3174 2503 3213 τ
2531 3174 2825 3247 Agrippina
2848 3179 3123 3234 secessio:
3155 3194 3317 3251 quem
3349 3190 3526 3238 tamen
3551 3182 3726 3253 ipsum
3752 3202 3851 3258 per

529 3271 690 3341 gione
731 3278 1001 3326 tentarent
1029 3310 1046 3337 ,
1090 3268 1173 3324 vel
1215 3267 1282 3322 ad
1311 3267 1667 3323 centesimum
1711 3266 1869 3323 Urbis
1906 3267 2137 3323 milliarc
2163 3264 2209 3330 C
2241 3280 2589 3325 occursantes
2614 3278 2637 3316 Β
2665 3270 3055 3327 obtundentem
3078 3274 3305 3342 saepius,
3329 3289 3488 3345 quam
3514 3288 3847 3347 mouentem,

524 3365 889 3435 pellerentur,
946 3361 1037 3418 ubi
1066 3361 1350 3433 [pertinax
1403 3358 1554 3415 furor
1596 3359 1667 3415 ab
1711 3360 2133 3431 obsequenlibus

600 3492 628 3522 ι
668 3481 735 3536 Id
762 3489 863 3548 est,
896 3488 1205 3551 suppetunt.

601 3552 630 3592 δ
675 3554 785 3608 lloc
810 3547 1132 3620 rescriptum
1156 3549 1423 3607 Baronius
1450 3551 1503 3607 in
1535 3548 1796 3604 Vaticano
1819 3547 2007 3620 codice
2048 3550 2127 3605 in-

527 3635 746 3683 ventum
767 3666 783 3691 ,
812 3639 875 3678 ac
901 3619 1099 3679 deinde
1124 3638 1245 3677 cum
1285 3625 1457 3679 altero
1499 3622 1791 3692 exemplari
1832 3619 2087 3675 collatum
2111 3663 2127 3689 ,

528 3695 912 3756 ecclesiasticis
939 3695 1222 3750 annalibus
1251 3696 1317 3750 ad
1345 3710 1546 3751 annum
1569 3693 1669 3749 581
1704 3694 1954 3747 inseruit.
1992 3692 2128 3747 Huic

527 3769 778 3843 superior
801 3768 1017 3823 concilii
1047 3766 1281 3843 Romani
1304 3766 1534 3837 epistola
1575 3766 1917 3843 occasionem
1945 3762 2122 3843 dedit.

529 3833 613 3897 An
640 3841 705 3897 ad
756 3840 1048 3909 ipsummet
1089 3833 1380 3893 concilium
1422 3836 1765 3909 rescripserit
1808 3833 2124 3909 Gratianus,

527 3906 824 3984 ignoratur.
849 3910 992 3984 l_d_em
1017 3921 1394 3984 argumen_tutn
1413 3924 1480 3984 ex
1501 3906 1855 3984 inscriptione
1876 3908 2123 3974 petitum,

526 3980 581 4039 in
609 3999 714 4045 qua
740 3997 842 4037 nec
861 3980 1103 4036 Valentis
1135 3995 1233 4035 nec
1256 3980 1548 4035 Theodosii
1579 3991 1777 4031 nomen
1806 3986 2086 4045 comparet
2112 4018 2127 4041 ,

527 4000 581 4039 In
648 4000 714 4037 na
740 4000 842 4037 nec
870 4000 1103 4036 vatentts
1135 4000 1233 4035 nec
1267 4000 1548 4035 tneouosu
1579 4000 1777 4031 Iluumtt
1806 4000 2086 4045 cumparm
2112 4018 2127 4041 ,

527 4000 673 4110 unde
702 4054 1010 4123 proximam
1028 4052 1218 4123 synodi
1250 4050 1533 4123 epistolam
1566 4049 1711 4123 intra
1744 4062 1989 4123 mensem
2020 4046 2129 4100 Au-

528 4118 743 4194 gusmm
765 4120 1020 4194 ann1578
1044 4118 1099 4177 et
1117 4120 1433 4194 Januarium
1455 4120 1578 4194 anni
1600 4118 1706 4173 579
1726 4119 1982 4194 scriptam
2006 4133 2130 4174 esse

528 4190 725 4251 eruditi
752 4192 1050 4262 colligunt,
1084 4193 1245 4247 etiam
1293 4190 1380 4246 hic
1418 4192 1593 4262 valet,
1646 4205 1753 4258 quo
1807 4191 2128 4260 rescriptum

530 4265 673 4329 istud
700 4261 1203 4321 eodem’inlervallo
1230 4262 1417 4317 datum
1440 4261 1817 4332 conjiciamus.

606 4351 628 4377 ε
674 4335 741 4393 F.
769 4336 1018 4408 partibus.

599 4376 627 4448 (ί
865 4376 1018 4470 "illa
1049 4421 1113 4462 ac
1143 4405 1283 4461 forte
1315 4404 1419 4461 hoc
1446 4404 1620 4473 ipsum
1667 4402 1987 4473 rescriptum
2008 4445 2022 4467 ,
2058 4402 2125 4458 ab
2156 4376 2209 4437 Ῑ)

527 4481 768 4540 Honorio
802 4479 934 4535 Cod.
979 4477 1111 4544 'l‘h.,
1139 4478 1232 4532 lih.
1268 4492 1358 4531 xvt
1383 4517 1398 4539 ,
1428 4476 1512 4531 tit.
1545 4492 1606 4541 tt,
1639 4478 1742 4547 leg.
1770 4475 1871 4540 3'5,
1902 4474 2125 4547 laudan-

527 4563 613 4608 tttr
644 4556 697 4609 in
724 4553 869 4609 hunc
892 4551 1107 4607 modum
1134 4568 1146 4604 :
1180 4549 1497 4618 Quicumque
1516 4546 1852 4603 residentibus
1880 4546 2121 4601 sacerdo-

523 4625 660 4680 tibus
688 4625 842 4690 fuerit
869 4621 1151 4693 episwpoli
1183 4623 1294 4675 loco
1323 4620 1557 4693 detrusus
1597 4630 1645 4671 et
1678 4618 1903 4693 nomine,
1937 4618 2115 4693 _st'__ali-

525 4695 652 4765 quid
681 4689 759 4749 uel
783 4689 963 4749 contra
990 4689 1277 4765 custodiam
1305 4692 1383 4745 vel
1414 4702 1589 4743 contra
1610 4692 1827 4765 quietem
1860 4689 2123 4765 publicam

526 4758 699 4819 moliri
725 4769 879 4835 fuerit
925 4764 1301 4835 deprehensus,
1334 4776 1613 4835 rursusque
1639 4758 1983 4835 sacerdotium
2031 4776 2122 4831 pe-

524 4845 630 4891 tere
658 4852 690 4889 a
721 4829 822 4905 quo
848 4829 1045 4889 videtur
1074 4833 1322 4905 expulsus
1346 4873 1360 4895 ,
1398 4829 1575 4901 procul
1602 4830 1663 4905 ab
1686 4847 1749 4905 ea
1772 4829 1895 4905 urbe
1918 4872 1931 4905 ,
1965 4829 2120 4901 quam

523 4908 701 4978 infecit
717 4900 743 4972 ,⁷
762 4905 1043 4961 secundum
1074 4900 1233 4975 legem
1260 4903 1390 4978 digne
1417 4903 1671 4978 memoria:
1692 4900 1929 4978 Gratiani
1948 4942 1960 4965 ,
1980 4900 1983 4901 ⁷
2001 4918 2118 4955 cen-

521 4972 631 5035 tum
655 4978 881 5033 millibus
909 4978 1065 5030 vitam
1104 4972 1256 5046 agat;
1285 4974 1354 5046 sit
1377 4974 1439 5026 ab
1469 4989 1642 5027 eorum
1670 4972 1880 5027 coetibus
1906 4989 2120 5046 separa-

522 5059 604 5105 tus
622 5091 636 5116 ,
664 5067 697 5105 a
725 5066 945 5122 quorum
965 5056 1043 5122 est_
1059 5044 1293 5122 societate
1320 5045 1573 5122 discretus
1590 5088 1603 5111 ,
1628 5046 1794 5115 sitque
1816 5044 2117 5117 hujusrnodi

520 5116 753 5194 personis
804 5116 1178 5194 tenoreltujus
1230 5118 1356 5187 legis
1401 5116 1674 5194 il_licitu_n_t,
1725 5116 1907 5194 sacra-
1940 5124 2116 5194 nostra

519 5185 668 5248 adire
687 5202 899 5254 secreta,
922 5201 972 5246 et
993 5185 1268 5259 impetrare
1281 5185 1558 5257 rescripta.
1580 5186 1691 5259 Nec
1706 5185 2113 5259 assentiendum

523 5265 734 5323 videtur
759 5256 1084 5325 Godefrido,
1114 5260 1206 5330 qui
1238 5259 1323 5313 hic
1353 5262 1525 5327 legem
1555 5260 1622 5330 ab
1646 5256 1884 5312 Honorio
1910 5272 2116 5311 memo-

522 5336 637 5393 rari
681 5346 860 5410 putat,
905 5348 1065 5406 quam
1094 5328 1383 5410 G;ra_tia.n_us
1427 5339 1547 5410 post
1579 5328 2116 5410 Cmsaraugustanum

520 5397 812 5465 concilium
842 5397 894 5464 in
924 5397 1086 5461 causa
1114 5397 1649 5473 Priscilliauistarum
1698 5397 1945 5473 edixerit.
1981 5397 2117 5454 Gra-

522 5479 652 5535 tiani
684 5480 829 5535 enim
861 5470 1249 5549 legemieOrum
1276 5487 1437 5531 causa
1478 5472 1671 5549 latam,
1704 5470 1773 5526 de
1792 5469 1995 5549 quibus
2025 5485 2116 5549 su-

592 5540 987 5623 ri_or_synodus
1037 5548 1282 5623 Romana
1308 5545 1704 5623 conqueritur,
1756 5542 1825 5596 ab
1873 5540 2113 5623 Honorio

544 5621 729 5692 audari
750 5612 962 5692 [longe
986 5628 1072 5692 est
1090 5612 1463 5692 probabilius:
1492 5615 1645 5692 Quod
1674 5624 1732 5692 ut
1775 5612 2113 5692 manifesiius

520 5687 658 5760 ﬁat,
705 5683 797 5748 hic
836 5683 1140 5762 adjicienda
1171 5699 1295 5747 sunt
1341 5702 1461 5762 qua:
1508 5683 1777 5744 Honorius
1820 5683 1964 5756 apud
2001 5685 2114 5742 Sir-

2239 3362 2307 3417 ad
2353 3362 2456 3418 hoc
2492 3373 2548 3418 ttt
2585 3372 2875 3434 sequentes
2912 3364 3193 3435 abjiceret,
3237 3366 3562 3424 audivimus.
3606 3369 3847 3427 Isaacem

2240 3478 2498 3533 moudum
2522 3494 2645 3549 app.
2670 3478 2804 3534 Cod.
2834 3479 3069 3547 Theod.,
3096 3496 3216 3552 pag.
3245 3481 3296 3548 6,
3330 3483 3416 3538 ubi
3446 3483 3561 3552 ejus
3586 3488 3849 3543 constitu-

2232 3552 2567 3626 tio_amplior
2595 3552 2834 3626 _legitur_._
2852 3552 3036 3607 verbis
3070 3554 3311 3626 proxime
3336 3556 3524 3610 relatis
3567 3560 3850 3626 praemittit

2228 3622 2281 3677 in
2316 3622 2457 3709 hunc
2482 3624 2701 3709 modum
2728 3640 2748 3709 Δε
2796 3622 3207 3709 suggerentibus
3239 3626 3495 3706 episcopis
3526 3622 3803 3709 didicimus
3829 3673 3844 3695 ,

2229 3693 2476 3763 quosdam
2507 3693 2797 3749 sacerdotes
2839 3693 3149 3749 Christiana:
3187 3693 3345 3765 legis,
3391 3693 3609 3758 quorum
3658 3693 3849 3757 delicta

2230 3775 2359 3819 coetu
2385 3766 2672 3838 episcOpali
2687 3774 2733 3817 et
2755 3765 3071 3838 deprehensa
3093 3768 3315 3838 fuerint,
3360 3783 3407 3823 et
3433 3786 3611 3824 eorum
3636 3783 3846 3826 senten-

2231 3838 2303 3889 tia
2334 3836 2625 3899 vindicata,
2660 3837 2710 3889 in
2748 3836 2865 3889 sinu
2901 3836 3101 3891 earum'
3126 3838 3331 3892 urbium
3353 3881 3367 3904 ,
3416 3842 3469 3894 in
3499 3844 3686 3907 quibus
3716 3846 3846 3898 talia

2230 3908 2502 3961 commissa
2532 3916 2682 3985 sunt,
2716 3924 3043 3985 permanere,
3093 3919 3138 3963 et
3176 3927 3405 3985 quaerere
3443 3914 3619 3967 turbas
3660 3916 3844 3985 populi

2231 3994 2545 4058 convocare,
2580 3977 2861 4058 turbatores
2884 3981 3071 4047 quietis
3101 3977 3371 4058 exsistere,
3394 3977 3847 4058 tmttultus'popu-

2232 4050 2356 4125 (aris
2386 4058 2618 4125 auctores
2648 4049 2945 4125 innocentes
2969 4069 3027 4125 se
3052 4064 3165 4122 post
3196 4054 3459 4125 judicium
3492 4049 3691 4122 dicere,
3733 4049 3840 4125 ple-

2230 4119 2340 4173 bem
2368 4120 2639 4192 colligere,
2672 4130 2718 4174 et
2747 4122 2882 4176 velut
2908 4119 3078 4177 adhuc
3104 4119 3369 4194 episcopos
3396 4126 3649 4195 salutari,
3680 4119 3845 4183 comi-

2234 4201 2394 4270 latum
2418 4208 2623 4270 sacrum
2652 4200 2853 4270 petere,
2884 4198 3070 4270 mereri
3105 4196 3386 4270 mendaciis
3412 4199 3625 4253 oracula
3649 4211 3695 4253 et
3728 4204 3843 4270 {ur-

2233 4263 2334 4345 tiva
2360 4263 2631 4345 rescripta.
2662 4262 2805 4345 sane
2830 4278 2953 4319 cum
2981 4262 3838 4345 ἰῆς.(ιυαξ-εριιείιίυηι-Ιὶοιιιτιιίιιιη

2234 4334 2287 4413 in
2317 4334 2586 4403 superiori
2612 4337 2839 4413 epistola
2865 4334 3117 4413 exponit,
3140 4338 3279 4413 nihil
3307 4350 3484 4413 potest
3516 4340 3617 4396 hac
3650 4344 3843 4413 praefa-

2236 4406 2381 4461 tione
2406 4407 2818 4461 convenientius
2844 4408 3089 4475 cogitari.
3138 4406 3318 4464 Porro
3341 4411 3390 4465 id
3441 4406 3843 4469 certunfocca-

2229 4478 2382 4556 sione
2395 4476 2577 4533 Ursini
2587 4479 2948 4556 etsoeioriim,
2966 4478 3279 4556 Gratianum
3295 4484 3642 4556 prmcepisse,
3657 4488 3843 4556 utepi-

2230 4550 2386 4626 scopi
2412 4547 2736 4603 sacerdotali
2760 4547 3407 4626 judicio_dejecti,procul
3428 4547 3498 4609 ab
3526 4547 3657 4609 urbe
3675 4547 3837 4626 quam

2229 4618 2564 4683 iniecissent,
2590 4630 2805 4675 centum
2839 4618 3076 4676 millibus
3108 4618 3269 4677 vitam
3304 4639 3467 4695 agerc
3488 4618 3837 4696 cogerentur.

2302 4723 2325 4751 ο
2360 4714 2492 4769 Eum
2522 4729 2710 4769 mense
2751 4714 2944 4771 Martio
2981 4716 3105 4770 anni
3139 4715 3267 4779 574,
3302 4716 3405 4774 hoc
3433 4734 3659 4774 munere.
3690 4719 3844 4777 func-

2227 4793 2337 4863 t_um
2365 4800 2489 4841 esse
2516 4785 2685 4863 liquet
2710 4801 2777 4841 ex
2798 4786 2941 4863 99d.
2970 4786 3099 4863 'l‘h.,
3126 4788 3219 4843 lib.
3240 4804 3317 4853 ιι,
3354 4790 3434 4863 tit.
3454 4806 3613 4863 Axxtx,
3638 4790 3745 4863 leg.
3785 4794 3835 4848 1.

2223 4855 2340 4911 Jatn
2374 4872 2503 4912 vero
2534 4857 2602 4912 ab
2630 4873 2775 4912 anno
2798 4856 2907 4913 376
2935 4860 3130 4928 capitis
3153 4874 3344 4929 poenas
3364 4855 3613 4918 dederat.

2300 4949 2319 4988 τ
2354 4950 2603 5006 Labbeus
2625 4951 2693 5006 ad
2723 4953 3020 5021 marginem
3049 4962 3198 5006 notat
3230 4953 3279 5008 id
3304 4954 3508 5011 factum
3531 4969 3675 5010 anno
3706 4956 3837 5022 578,

2225 5021 2328 5077 hoc
2374 5030 2457 5077 est
2501 5036 2569 5077 eo
2612 5022 2729 5093 ipso
2769 5039 2931 5095 anno,
2965 5040 3073 5093 quo
3118 5027 3438 5095 rescriptum
3478 5026 3622 5081 istud
3650 5021 3836 5083 datum

2223 5102 2428 5167 censet.
2454 5096 2615 5167 Alex
2637 5093 2817 5149 verbis
2843 5096 3140 5164 snperioris
3161 5093 3431 5167 epistulae,
3462 5108 3573 5153 tum
3604 5114 3753 5153 num.
3778 5100 3836 5165 2,

2225 5165 2313 5238 ubi
2344 5163 2891 5238 Ursinusdamnatus
2917 5163 2974 5222 et
2997 5166 3067 5221 ab
3098 5167 3163 5238 iis
3197 5163 3345 5238 'quos
3394 5163 3500 5225 sibi
3533 5163 3838 5226 sociaverat

2224 5234 2468 5313 divulsus
2497 5236 2899 5313 di_citur_,__tunt_
2930 5252 3079 5292 num.
3120 5236 3187 5303 4,
3222 5234 3325 5295 ubi
3365 5240 3466 5296 etsi
3498 5242 3839 5313 jamdudum

2225 5307 2511 5377 relegatus,
2545 5308 2596 5361 id
2629 5308 2799 5362 nihilo
2831 5308 3008 5365 minus
3036 5325 3134 5377 per
3160 5325 3289 5365 suos
3324 5307 3834 5367 conari'denuutia-

2222 5386 2344 5444 tur,
2378 5387 2435 5431 ut
2482 5379 2667 5452 turbas
2710 5380 2890 5446 cieat,
2933 5380 3195 5450 colligere
3223 5392 3309 5437 est
3351 5398 3472 5437 eam
3522 5383 3609 5437 hic
3659 5386 3838 5452 potius

2220 5448 2523 5523 memorari
2542 5450 2928 5523 relegationem
2951 5494 2965 5517 ,
3005 5448 3110 5520 qua
3142 5452 3370 5510 Ursinus
3406 5469 3552 5510 anno
3583 5448 3712 5523 571,
3748 5456 3839 5511 lit-

2220 5521 2351 5577 teris
2381 5519 2449 5576 ad
2472 5519 2817 5593 Simplicium
2844 5522 2985 5579 datis
3018 5519 3309 5581 mulctatus
3335 5526 3426 5581 sit.

2290 5623 2315 5660 8
2337 5612 2997 5691 Mallemus‘obtendentem
3016 5630 3113 5673 seu
3126 5617 3450 5691 obtinentem
3465 5620 3659 5691 saepius
3681 5636 3839 5691 quam

2213 5693 2493 5742 moventem
2518 5702 2538 5741 :
2567 5686 2706 5743 adeo
2729 5697 2787 5746 ut
2812 5685 3168 5760 imperatores
3203 5689 3485 5761 inquietas
3518 5685 3839 5765 ti0teui_Ur-
