4194 6184
396 278 501 334 585

881 275 1314 335 MONUMENTA
1347 278 1627 335 VETERA
1665 280 1756 333 AD
1795 274 2208 333 ARIANURUM
2249 275 2649 337 DOCTRINAM
2676 280 3159 339 PERTINENTIA.
3216 288 3223 302 '

3593 286 3696 341 586

392 379 632 426 remotus
664 369 933 440 Hispania:
964 373 1191 444 angulus
1230 374 1383 427 titulo
1422 373 1786 428 damnationis
1825 370 1993 425 inclu-
2020 374 2072 433 Α
2098 371 2257 425 etiam
2306 372 2432 427 divo
2486 376 2621 443 patri
2678 376 3055 432 Valentiniano
3102 384 3187 431 est
3241 376 3652 445 comprobatum
3681 421 3695 446 ,

386 463 485 526 sit,
520 477 629 517 non
660 462 799 518 bene
823 463 985 532 capiti
1015 464 1030 493 ¹
1076 466 1383 520 consultum
1404 507 1418 532 ,
1464 467 1508 520 si
1554 465 1683 533 quid
1714 465 1988 519 turbarum

385 571 620 611 vesanus
641 555 947 627 agitaverit.
973 556 1279 613 Parmensis
1308 557 1597 629 episc0pus
1627 574 1691 614 eo
1727 558 1991 628 pernicio-

383 648 497 702 sior
516 689 531 715 ,
561 647 703 718 quod
731 648 949 719 inclyta:
973 649 1093 704 urbi
1118 658 1144 686 δ
1170 653 1339 722 magis
1367 652 1666 721 proximus,
1691 659 1745 706 et
1774 652 1991 720 imperi-

385 750 563 798 torum
590 742 993 797 multitudinem
1026 746 1197 815 magis
1220 746 1475 815 exagitat,
1499 755 1554 801 et
1576 746 1896 809 Ecclesium,
1922 745 1989 800 de

380 853 485 908 qua
514 835 720 905 judicio
741 848 1049 893 sanctorum
1076 841 1362 909 prresulum
1390 840 1633 911 dejectus
1658 850 1761 907 est,
1792 840 1992 912 inquie-

384 939 496 996 tat,
548 930 763 987 inanem
815 931 1073 988 videlicet
1116 934 1342 1004 gloriam
1392 935 1674 990 sententiae
1728 936 1990 1005 gravioris

381 1032 728 1087 exspectans.
755 1025 948 1093 Quem,
964 1026 1006 1081 si
1026 1026 1151 1095 quid
1166 1026 1421 1083 decessor
1443 1037 1564 1083 tuus
1586 1028 1765 1084 devoti
1791 1029 1990 1099 vigoris

382 1117 683 1183 habuisset,
715 1119 961 1186 protinus
1004 1118 1141 1174 ultra
1183 1121 1321 1176 fines
1353 1120 1630 1177 debuisset
1667 1120 1985 1176 extrudere.

378 1210 446 1266 Et
489 1211 800 1266 Florentius
837 1213 1193 1281 Puteolanus,
1242 1225 1361 1283 post
1401 1214 1802 1270 damnationem
1828 1230 1989 1286 quam

380 1304 756 1371 rectojudieio
781 1307 1060 1360 convictus
1090 1307 1323 1376 accepit,
1370 1306 1842 1361 mansuetudinem
1893 1323 1989 1360 no-

379 1407 548 1451 stram
580 1396 883 1467 inquietare
927 1408 1189 1462 conatus,
1228 1398 1449 1467 dignum
1485 1399 1604 1451 tulit
1645 1396 1694 1450 in
1742 1413 1991 1468 progres-

380 1490 537 1543 sione
578 1504 921 1558 responsum.
969 1490 1098 1545 Post
1138 1489 1164 1527 ι)
1212 1491 1457 1559 quintum
1478 1490 1750 1545 decimum
1791 1505 1988 1543 annum

381 1582 704 1649 Ecclesium,
733 1583 801 1638 de
823 1599 925 1653 qua
952 1592 1206 1640 extrusus
1248 1583 1461 1650 fuerat,
1495 1598 1683 1638 rursus
1723 1583 1989 1637 contami-

382 1692 515 1731 nare
540 1686 768 1730 conatur
800 1694 812 1728 :
844 1676 1257 1745 congressiones
1296 1676 1511 1731 illicitas
1544 1675 1722 1731 facere
1747 1675 1988 1740 molitur,

2098 464 2424 534 turpissimis
2471 468 2759 523 calumniis
2808 470 3120 539 episcopum
3166 469 3452 523 Damasum
3489 470 3697 539 inquie-

2096 567 2209 613 tare
2243 575 2350 613 non
2382 562 2535 616 veriti
2563 605 2577 628 ,
2611 573 2893 633 postquam
2929 564 3354 633 desperaverunt
3387 579 3546 635 posse
3578 581 3701 634 per-

2093 652 2241 719 celli,
2278 655 2533 725 populum
2581 673 2676 727 pro
2706 673 2813 728 quo
2856 658 2947 713 ille
2977 658 3245 712 divinitati
3292 659 3453 713 obses
3494 667 3577 713 est
3615 659 3698 713 iii-

2093 748 2355 817 quietant.
2392 751 2496 806 Sed
2527 750 2788 807 hactenus
2834 754 3011 808 stertit
3040 755 3187 807 iners
3226 754 3586 809 dissimulatio
3610 756 3699 823 ju-

2092 839 2424 909 dicantium,
2476 859 2577 899 nec
2625 855 2709 900 est
2755 846 3048 901 admonere
3095 862 3349 914 necesse,
3379 865 3485 919 quo
3525 850 3700 920 possit

2092 935 2301 989 sanctio
2329 946 2639 1007 eontempta
2688 938 2989 1008 procedere
3040 959 3052 994 :
3094 940 3390 1008 hactenus,
3439 944 3655 1014 inquam
3683 987 3696 1011 ,

2092 1026 2271 1079 stertit
2299 1026 2666 1096 apparitorum
2700 1030 2891 1098 supina
2922 1028 3149 1084 desidia.

2166 1118 2219 1172 5.
2266 1116 2552 1171 Turbarttm
2594 1130 2826 1174 auctores
2867 1101 2964 1174 ull.
3007 1120 3064 1174 C.
3114 1122 3278 1176 millia
3310 1124 3371 1177 ab
3420 1124 3555 1178 Urbe
3595 1130 3701 1196 pel-

2094 1211 2252 1264 lendi.
2278 1242 2347 1251 —
2371 1212 2499 1267 Post
2531 1213 2646 1269 lure
2676 1216 2774 1268 nisi
2808 1230 2998 1269 omnes
3020 1256 3032 1279 ,
3066 1226 3121 1269 ut
3154 1218 3471 1272 nominatim
3502 1219 3704 1289 jussio-

2093 1303 2178 1356 nis
2226 1315 2426 1359 nostra:
2480 1322 2687 1361 summa
2735 1309 3147 1377 complectitur,
3200 1311 3281 1362 vel
3334 1326 3469 1379 quos
3519 1313 3702 1366 turbas

2093 1393 2395 1449 istiusmodi
2426 1398 2715 1454 molientes
2738 1409 3045 1453 sanctorum
3068 1401 3448 1471 episcoporum
3471 1406 3698 1459 concilia

2093 1504 2364 1544 consensu
2396 1491 2766 1557 ostenderint,
2798 1494 2943 1547 ultra
2988 1496 3344 1549 centesimum
3395 1497 3700 1553 milliarium

2094 1582 2160 1636 ab
2190 1581 2335 1637 Urbe
2382 1582 2691 1653 depuleris,
2736 1594 2897 1654 atque
2944 1600 3128 1639 earum
3180 1587 3459 1641 civitatum
3509 1589 3703 1645 finibus

2093 1684 2340 1728 extorres
2370 1690 2490 1730 esse
2516 1678 2841 1747 przeceperis
2861 1718 2875 1743 ,
2906 1693 3134 1746 quarum
3169 1678 3378 1748 plebem
3409 1682 3490 1735 vel
3528 1683 3705 1738 eccle—

381 1779 739 1840 cgentemque
764 1769 975 1823 consilii
1008 1769 1401 1823 multitudinem
1422 1810 1436 1834 ,
1463 1768 1657 1836 perditi
1682 1769 1845 1822 animi
1872 1783 1991 1836 per.
2025 1763 2067 1822 Β
2096 1767 2237 1835 sias,
2272 1769 2356 1823 vel
2388 1785 2483 1837 per
2509 1784 2599 1835 se,
2634 1770 2716 1825 vel
2748 1786 2847 1841 per
2872 1772 3049 1827 simile
3075 1774 3155 1826 sui
3188 1775 3377 1844 vulgus
3408 1787 3667 1833 exercent
3688 1822 3702 1845 ,

381 1861 639 1917 suasione
679 1861 958 1930 depravat.
985 1861 1304 1917 Nostrorum
1346 1860 1861 1930 videlicetjudicum
1904 1875 1991 1914 so-

383 1954 571 2009 cordia
599 1954 789 2020 lretus,
822 1956 910 2023 qui
942 1954 1161 2023 privatae
1188 1954 1374 2024 gratia:
1397 1953 1695 2023 imperialia
1722 1962 1990 2022 prmcepta

385 2048 720 2116 condonant,
754 2058 807 2105 et
828 2049 1172 2119 religionem,
1197 2064 1355 2119 quam
1382 2063 1482 2103 nos
1499 2048 1622 2119 jure
1644 2063 1989 2116 veneramur,

386 2160 548 2214 quam
572 2144 805 2199 fortasse
831 2143 931 2213 ipsi
955 2142 1253 2213 negligunt,
1280 2141 1563 2212 inquietari
1596 2143 1863 2213 patienter
1899 2156 1994 2196 ac-

387 2238 618 2308 cipiunt.

461 2330 514 2384 5.
560 2328 882 2384 Claudianus
914 2328 1207 2383 Donatista.
1251 2358 1320 2368 —
1347 2327 1677 2383 Claudianus
1720 2328 1882 2383 etiam
1928 2327 1995 2382 ab

392 2424 511 2490 his,
542 2425 632 2495 qui
662 2434 851 2479 contra
880 2422 1059 2477 divina
1088 2431 1357 2493 praecepta
1389 2433 1409 2460 ο
1442 2421 1567 2476 vitia
1598 2420 1875 2491 religionis
1916 2421 1996 2475 in-

393 2524 661 2581 staurant,
705 2516 774 2571 ab
818 2514 922 2581 bis,
954 2517 1193 2585 inquam,
1225 2529 1362 2584 quos
1390 2513 1584 2582 expelli
1621 2513 1993 2581 jusseramus,

394 2611 599 2667 accitus
620 2651 636 2677 ,
667 2610 820 2680 quasi
854 2624 1042 2678 parum
1070 2607 1325 2661 facinoris
1355 2620 1643 2677 aggressus
1674 2614 1839 2671 esset,
1870 2606 1914 2659 si
1944 2605 1995 2659 in

399 2702 576 2759 Africa
607 2702 951 2771 perstitisset,
984 2700 1168 2755 Roma:
1206 2714 1328 2754 sese
1365 2698 1563 2754 dicitur
1592 2700 1612 2728 ¹
1656 2698 1933 2753 intimasse
1978 2714 1993 2751 :

400 2795 680 2865 falsusque
706 2802 1005 2864 prmeeptor
1034 2792 1118 2847 vel
1142 2799 1393 2861 expertes
1422 2791 1442 2821 ³
1473 2789 1648 2844 adhuc
1678 2788 1835 2843 devio
1869 2803 1993 2857 pro-

397 2887 581 2944 fanare
612 2886 873 2959 mysterio
897 2928 910 2951 ,
938 2886 1024 2941 vel
1052 2886 1158 2954 jam
1193 2884 1432 2939 initiatos
1461 2900 1529 2938 cx
1569 2885 1778 2954 integro
1810 2882 1998 2937 nititur

396 2981 598 3052 flagitio
628 2980 833 3050 majore
853 2994 1205 3051 corrumpere
1231 2997 1243 3033 :
1272 2993 1394 3034 cum
1423 2977 1702 3049 religionis
1720 2978 1997 3033 sanctissi-

399 3091 499 3131 mte
546 3076 886 3146 disciplinam
916 3090 1023 3131 non
1067 3075 1307 3130 cumulet
1338 3072 1555 3129 iteratio
1576 3117 1589 3140 ,
1642 3073 1735 3128 sed
1765 3080 1994 3129 evertat.

2099 1872 2295 1930 przeter
2314 1862 2692 1919 mstimationis
2708 1866 2982 1935 injuriam,
3000 1867 3306 1938 cujusapud
3324 1870 3493 1925 bonos
3516 1888 3619 1927 non
3635 1874 3704 1929 le-

2097 1955 2176 2008 vis
2193 1955 2404 2024 jactura
2428 1966 2529 2020 est,
2549 1957 2816 2026 piaculum
2843 1960 3105 2027 neglectae
3123 1962 3697 2020 sanctionisincurres.

2168 2046 2223 2102 6.
2256 2046 2580 2102 Judiciorum
2606 2051 3069 2105 ecclesiasticarum
3105 2052 3261 2117 ordo,
3302 2071 3400 2123 quo
3434 2066 3704 2109 contuma-

2096 2158 2179 2196 ces
2223 2144 2592 2208 reprimuntur.
2641 2175 2712 2185 ——
2740 2145 2999 2199 Volumus
3030 2156 3210 2202 autetn
3232 2190 3247 2214 ,
3281 2159 3338 2203 ut
3377 2151 3704 2222 quicumque

2096 2235 2298 2305 judicio
2328 2237 2581 2302 Damasi,
2616 2238 2758 2309 quod
2791 2240 2882 2294 ille
2909 2255 3032 2293 cum
3067 2242 3296 2296 consilio
3338 2243 3576 2313 quinque
3622 2248 3705 2300 vel

2098 2339 2305 2398 septem
2348 2329 2599 2385 habuerit
2640 2332 3016 2400 episc0porum
3041 2376 3055 2400 ,
3098 2335 3179 2388 vel
3222 2350 3410 2390 eorum
3439 2377 3453 2401 ,
3488 2340 3576 2407 qui
3619 2353 3707 2391 ca-

2098 2419 2283 2475 tholici
2309 2432 2473 2489 sunt,
2499 2422 2706 2492 judicio
2732 2424 2815 2476 vel
2844 2424 3075 2478 concilio
3102 2426 3493 2481 condemnatus
3522 2430 3703 2495 fuerit,

2098 2513 2144 2568 si
2179 2512 2206 2550 ἀ
2258 2510 2479 2583 injuste'
2510 2517 2738 2571 voluerit
2793 2517 3077 2572 ecclesiam
3138 2528 3445 2585 retentare,
3506 2530 3565 2575 ut
3615 2522 3705 2591 qui

2097 2618 2352 2662 evocatus
2380 2608 2445 2663 ad
2478 2610 2817 2664 sacerdotale
2862 2610 3126 2680 judicium
3182 2630 3275 2682 per
3306 2616 3701 2670 contumaciam

2098 2715 2205 2755 non
2238 2701 2458 2765 ivisset;
2494 2711 2517 2738 θ
2545 2712 2636 2756 aut
2680 2704 2747 2757 ab
2779 2703 3077 2759 illustribus
3102 2706 3231 2760 viris
3254 2708 3523 2775 prrcfectis
3569 2725 3708 2779 prce.

2102 2792 2243 2847 torio
2270 2792 2459 2848 Gallia:
2488 2802 2648 2862 atque
2680 2793 2849 2847 Italiae
2872 2836 2884 2859 ,
2930 2797 3043 2851 sive
3075 2811 3102 2850 a
3138 2800 3585 2867 proconsulibus,
3622 2804 3705 2857 vel

2101 2886 2341 2947 vicariis.
2370 2888 2697 2942 auctoritate
2721 2887 2987 2956 adhibita,
3013 2889 3078 2944 ad
3108 2892 3416 2961 episcopale
3438 2894 3703 2962 judicium

2100 2978 2427 3046 remittatur,
2462 2979 2547 3033 vel
2592 2979 2658 3032 ad
2698 2980 2882 3035 urbem
2924 2980 3148 3036 Romam
3194 2985 3295 3039 sub
3324 2988 3707 3054 prosecutiouc

2104 3072 2383 3139 perveniat
2418 3087 2431 3124 :
2463 3081 2554 3124 aut
2580 3071 2623 3124 si
2648 3071 2699 3125 iu
2722 3072 3183 3142 longinquioribus
3210 3077 3453 3143 partibus
3476 3078 3707 3148 alicujus
3740 3144 3745 3149 η

395 3168 565 3237 Quem
597 3184 697 3223 nos
721 3168 1077 3224 Claudianum
1106 3166 1358 3223 dissimili
1383 3182 1544 3237 poena
1568 3181 1630 3221 ac
1656 3166 1851 3220 meruit
1872 3181 1998 3236 pro-
2024 3142 2069 3207 (ἶ
2101 3162 2359 3218 ferocitas
2389 3164 2509 3217 talis
2542 3166 2850 3231 emerserit,
2881 3166 3057 3221 omnis
3089 3167 3207 3236 ejus
3233 3183 3413 3224 causa:
3439 3170 3606 3225 dictio
3637 3173 3707 3226 ad

394 3270 705 3332 sequentes,
738 3270 983 3331 repetere
1012 3258 1386 3315 tantummodo
1427 3260 1654 3328 patriam
1688 3258 1950 3313 hactenus
1978 3300 1992 3325 ,

395 3363 605 3410 remota
632 3354 947 3420 severitate,
994 3352 1369 3422 praicepimus.
1408 3350 1513 3406 Sed
1560 3350 1802 3405 residere
1832 3352 1993 3405 etiam

394 3461 537 3501 nunc
566 3446 761 3500 dicitur
786 3446 1068 3513 imperitos
1098 3445 1419 3509 Sollicitans,
1450 3452 1505 3497 et
1533 3457 1743 3496 cassam
1772 3444 1994 3497 omnino

392 3537 698 3593 mercedem
752 3536 1068 3607 requirens,
1116 3535 1293 3607 perdit
1318 3535 1530 3590 animas
1573 3549 1863 3604 corporum
1908 3550 1994 3590 re-

391 3630 757 3701 demptorum.

462 3724 519 3778 4.
560 3722 772 3777 Damasi
812 3722 1102 3775 innocentia
1153 3719 1513 3774 Valentiniano
1584 3718 1612 3771 I
1653 3721 1886 3788 probata.
1921 3748 1991 3758 —-

392 3816 531 3872 Hinc
560 3814 635 3870 illi
664 3815 1016 3870 insectatores
1047 3814 1403 3867 sanctissima":
1451 3811 1643 3875 sedis,.
1675 3827 1780 3865 non
1812 3814 1987 3865 solum

393 3908 489 3963 Dei
521 3908 739 3963 numine
761 3949 775 3972 ,
806 3906 949 3977 quod
980 3907 1111 3962 satis
1142 3914 1256 3961 erat
1280 3947 1294 3971 ,
1326 3904 1420 3959 sed
1466 3904 1627 3959 etiam
1656 3904 1986 3973 judiciorum

390 4002 641 4058 examine
670 4000 1009 4070 exploratum
1059 4000 1258 4054 mentis
1285 3997 1642 4053 sanctissima:
1686 3998 1899 4067 virum”,
1931 4008 1990 4053 ut

466 4146 481 4174 ¹
524 4142 684 4197 Forte
710 4141 1100 4197 consulturum.

464 4217 483 4245 ¹
525 4213 684 4269 Forte
705 4214 1030 4269 insinuasse.

393 4328 495 4382 sini
543 4326 884 4391 molitiones,
914 4325 982 4381 de
1010 4326 1207 4394 quibus
1235 4324 1493 4380 admoniti
1527 4325 1739 4379 fuerant
1781 4322 1867 4379 his
1894 4342 1985 4379 su-

393 4398 624 4468 perioris
654 4399 895 4467 epistola:
941 4414 993 4450 ll.
1024 4397 1057 4450 4
1082 4439 1095 4459 .
1148 4397 1328 4452 verbis
1374 4413 1388 4448 :
1425 4395 1739 4468 Relcgatus,
1776 4412 1865 4462 per
1902 4413 1988 4450 eos

393 4467 517 4539 quos
550 4471 724 4523 illicita
757 4468 1039 4538 sacrilegus
1057 4468 1316 4521 ordinavit
1336 4509 1348 4531 ,
1386 4467 1687 4521 vilissimum
1714 4482 1982 4537 quemque,

396 4544 589 4594 occulte
620 4542 770 4606 licet,
801 4540 1079 4594 sollicitare
1100 4548 1338 4593 conatur.

469 4622 493 4649 ει
523 4612 656 4666 Νιιηι
686 4622 740 4665 et
766 4612 1154 4675 Mediolanum,
1186 4611 1256 4664 ob
1286 4608 1469 4666 sedem
1500 4624 1661 4678 quam
1692 4608 1987 4678 imperato-

396 4700 481 4738 res
518 4682 826 4738 Occidentis
870 4682 1069 4737 habere
1109 4682 1252 4751 inea
1288 4680 1571 4743 solebant,
1602 4680 1807 4751 inclyta:
1846 4680 1986 4734 urbis

398 4756 613 4809 nomine
641 4754 941 4823 intelligere
974 4753 1131 4807 licet?
1158 4750 1264 4806 Sed
1288 4752 1331 4805 si
1363 4752 1474 4804 vult
1501 4766 1630 4823 usus
1673 4764 1729 4823 ut
1780 4752 1884 4805 hoc
1920 4752 1987 4807 de

396 4826 567 4881 Roma
610 4822 1056 4895 interpretemur,
1090 4823 1213 4877 huic
1244 4823 1359 4895 u_r_bi
1380 4864 1393 4882 .
1427 4830 1485 4876 ut
1528 4822 1645 4895 jam
1671 4822 1985 4876 observavi-

396 4912 549 4961 tuus,
592 4892 898 4950 Florentius
940 4895 1118 4949 lsaace
1165 4903 1221 4948 et
1272 4892 1464 4949 Ursino
1512 4894 1673 4963 magis
1723 4896 1987 4962 proximus

394 4978 531 5023 erat.
565 4968 688 5020 Mox
720 4967 982 5020 sententia:
1003 4966 1255 5034 gravioris
1280 4964 1553 5019 vocabulis
1584 4965 1865 5033 imperiale
1900 4965 1989 5033 ju-

394 5038 592 5094 dicium
622 5080 635 5102 ,
682 5039 762 5093 vel
812 5040 1137 5092 sententiam
1179 5037 1419 5107 judicum
1450 5036 1519 5089 ab
1571 5036 1988 5105 imperatoribus

394 5111 644 5165 datorum
667 5152 682 5173 .
714 5107 1062 5178 intelligenda
1093 5123 1215 5163 esse
1244 5107 1472 5162 suadent
1502 5107 1617 5160 haec
1646 5123 1791 5160 num.
1828 5108 1851 5159 t
1887 5125 1899 5161 :
1932 5114 1989 5159 ut

394 5180 719 5253 condemnati
743 5181 948 5253 judicia
978 5189 1122 5253 recte
1152 5179 1495 5253 sentientium
1518 5178 1985 5253 sacerdotum”...

392 5249 871 5322 redintegrationem
888 5251 1078 5318 judicii
1111 5254 1357 5321 frustraa
1379 5249 1523 5303 nobis
1559 5249 1841 5319 impudenti
1874 5266 1991 5321 per-

396 5324 590 5377 vicacia
615 5330 967 5390 precarentur.

464 5394 491 5432 ι’
519 5392 577 5447 lo
606 5394 833 5464 epistola
864 5393 1127 5459 snperiori
1158 5408 1213 5446 η.
1241 5392 1307 5459 ὅ,
1337 5392 1605 5463 legimus:
1636 5390 1764 5445 Post
1792 5400 1989 5446 sextum
2034 5444 2037 5447 γ

392 5482 587 5519 annum
624 5467 784 5533 repsit
827 5465 893 5517 ad
921 5466 1193 5519 civitatem.
1228 5464 1384 5519 Unde
1430 5464 1555 5525 hic,
1598 5474 1711 5531 post
1756 5464 1989 5531 quintum

395 5538 647 5590 decimum
675 5553 886 5599 annum,
908 5534 1295 5591 restituendum
1318 5550 1440 5589 esse
1460 5534 1775 5587 Blondellus
1798 5535 1989 5587 merito

394 5608 702 5663 observavit
718 5608 879 5663 :adeo
891 5617 945 5662 ut
958 5607 1101 5677 quod
1116 5609 1166 5661 in
1182 5606 1462 5676 superiore
1477 5605 1705 5672 epistola
1722 5604 1985 5677 nonnihil,

395 5688 454 5733 tit
478 5694 622 5749 sche
654 5679 710 5732 fit
737 5679 787 5732 in
823 5674 1133 5748 liujiismodi
1160 5674 1359 5741 causis,
1391 5685 1767 5749 exaggeratam
1799 5674 1983 5749 fuerit,

391 5766 536 5806 nunc
558 5746 922 5821 imperatores
943 5752 1215 5819 corrigant
1241 5760 1293 5802 et
1323 5748 1629 5805 accuratius
1674 5746 1981 5809 enuntiem.

884 5844 1155 5905 Parnm.
1204 5841 1383 5903 XIII.

2105 3258 2460 3326 metropolita:
2492 3260 2543 3311 in
2574 3258 2760 3313 eadem
2810 3260 3085 3329 provincia
3134 3260 3375 3329 episcopi
3408 3261 3709 3317 deducatur

2103 3365 2361 3417 examen;
2399 3352 2481 3406 vel
2511 3353 2553 3406 si
2586 3353 2703 3421 ipse
2733 3353 3182 3421 metropolitanus
3213 3361 3325 3417 est,
3359 3353 3579 3407 Romam
3613 3371 3707 3409 nc-

2102 3443 2361 3509 eessario,
2396 3444 2479 3497 vel
2512 3442 2577 3496 ad
2608 3459 2700 3497 eos
2722 3457 2859 3512 quos
2880 3442 3159 3496 Romanus
3180 3444 3467 3512 episcopus
3492 3444 3705 3513 judiccs

2102 3535 2345 3602 dederit,
2376 3537 2492 3591 sine
2519 3536 2776 3591 dilatione
2807 3536 3136 3602 contendat;
3183 3537 3249 3591 ita
3285 3546 3463 3592 tamen
3497 3548 3554 3592 ut
3584 3541 3705 3609 qui-

2099 3642 2329 3698 cumque
2364 3626 2382 3663 τ
2417 3628 2611 3698 dejecti
2642 3636 2799 3691 sunt,
2830 3628 2897 3682 ab
2926 3628 3043 3697 ejus
3066 3636 3277 3683 tantum
3318 3631 3463 3684 urbis
3507 3631 3703 3685 finibus

2098 3733 2486 3794 segregentur,
2540 3726 2591 3779 in
2647 3724 2839 3794 quibus
2890 3723 3087 3777 fuerint
3135 3724 3467 3778 sacerdotes.
3526 3725 3700 3779 Minus

2098 3816 2240 3869 enim
2266 3819 2502 3884 graviter
2525 3817 2746 3871 meritos
2771 3830 3085 3869 coercemus
3104 3857 3117 3879 ,
3151 3824 3205 3869 et
3234 3818 3550 3885 sacrilegatn
3578 3832 3701 3884 per-

2099 3907 2349 3962 tinaciam
2394 3907 2571 3961 lenius
2612 3922 2773 3977 quam
2813 3916 3052 3961 meretur
3088 3906 3419 3959 ulciscimur.
3471 3906 3625 3973 Quod
3657 3908 3704 3962 si

2095 4001 2181 4056 vel
2211 4000 2613 4071 metropolitani
2644 3999 2887 4070 episcopi
2918 4000 3002 4054 vel
3030 3998 3423 4070 cujuscumque
3444 3998 3702 4055 sacerdo-

2175 4141 2195 4170 ³
2238 4140 2439 4212 Supple
2469 4137 2740 4209 baptismi.

2175 4337 2194 4363 ο
2226 4326 2370 4379 Nihil
2406 4340 2575 4395 prope
2606 4324 2957 4395 ambigimus,
3010 4324 3135 4394 quin
3181 4324 3268 4395 hic
3306 4324 3588 4393 legendum
3629 4329 3701 4383 sit

2096 4399 2336 4466 mysteria
2365 4394 2630 4465 religionis
2653 4438 2665 4459 ,
2700 4394 2818 4464 qua:
2848 4396 3149 4466 scilicetin
3169 4394 3431 4466 baptismi
3464 4412 3696 4463 praeser-

2094 4464 2185 4520 tim
2232 4464 2522 4521 Collatione
2573 4475 2921 4533 peraguntur.
2970 4464 3122 4519 Unde
3168 4464 3469 4517 Romanum
3515 4471 3701 4521 conci-

2088 4537 2216 4591 lium
2272 4538 2323 4590 in
2366 4538 2608 4605 proxima
2654 4536 2881 4603 epistola
2930 4551 3077 4588 num.
3124 4534 3187 4597 7,
3241 4548 3361 4605 cum
3394 4534 3698 4592 Claudiano

2088 4609 2207 4677 ipso
2252 4603 2594 4677 expostulat,
2646 4606 2786 4675 quod
2834 4608 3123 4677 episcopos
3162 4603 3460 4659 catholicos
3508 4622 3696 4664 vacuos

2089 4695 2262 4733 omnes
2297 4678 2656 4748 mysteriorum
2697 4676 2879 4731 dicat.
2908 4676 2957 4730 ls
2992 4676 3149 4745 igitur
3178 4685 3395 4748 netatur
3432 4677 3637 4735 accitus
3663 4696 3695 4735 a

2092 4747 2414 4815 Donatistis,
2438 4751 2529 4819 qui
2553 4749 2875 4818 baptismum
2897 4762 3160 4803 renovare
3178 4757 3338 4816 atque
3362 4747 3563 4804 iterare
3584 4769 3695 4807 non

2090 4823 2305 4876 timent.

2163 4891 2188 4927 ά
2209 4892 2373 4966 Apud
2408 4891 2605 4966 Baron.
2634 4892 2833 4966 sijuste
2865 4907 2884 4946 :
2915 4892 3075 4966 male,
3107 4898 3165 4943 ut
3192 4904 3262 4966 ev
3286 4891 3512 4966 epistola
3535 4909 3696 4966 supe-

2090 4964 2314 5045 rio_ri,n.
2345 4965 2398 5030 9,
2431 4961 2749 5031 liquet.Mox
2780 4978 2877 5033 pro
2906 4973 2958 5017 ut
2980 4964 3099 5033 qui,
3129 4962 3297 5032 magis
3322 4961 3695 5033 placeretfvel

2090 5052 2198 5105 qui.

2168 5116 2190 5143 ε’
2221 5104 2376 5173 Apud
2400 5104 2649 5160 eumdem
2671 5147 2684 5169 ,
2714 5114 2771 5159 ut
2796 5106 2892 5173 ab,
2922 5116 2974 5161 et
2999 5118 3121 5160 mox
3145 5147 3159 5170 ,
3191 5105 3270 5159 vel
3299 5104 3506 5157 vicariis
3548 5116 3601 5158 ut
3626 5107 3695 5161 ad

2090 5177 2267 5249 urbem
2296 5176 2631 5249 Rantam_sub
2660 5179 3009 5249 prosecutione
3034 5176 3309 5249 perveniat.

2169 5247 2186 5287 ί
2230 5248 2392 5304 Sirm.
2439 5258 2492 5302 et
2523 5244 2668 5303 [λειιι.⁷
2691 5258 2747 5303 ιιι
2792 5249 2932 5318 apud
2976 5244 3186 5318 Baron.
3219 5244 3429 5318 detecti,
3463 5254 3517 5298 et
3564 5263 3693 5305 mox

2091 5320 2240 5376 solus
2286 5319 2417 5373 Lab.
2471 5319 2605 5373 orbis
2652 5315 2861 5390 ﬁnibus.
2913 5319 3054 5373 Istud
3102 5315 3347 5390 epistolae
3394 5318 3693 5383 superioris

2093 5407 2242 5447 num.
2269 5391 2303 5445 9
2339 5408 2351 5444 :
2381 5402 2435 5443 ut
2461 5391 2546 5459 qui
2577 5386 2795 5461 depositi
2836 5391 3062 5461 fuerint,
3094 5386 3156 5438 ab
3185 5388 3298 5457 ejus
3328 5394 3527 5461 tantum
3568 5391 3697 5443 civi-

2092 5463 2209 5515 latis
2259 5461 2447 5531 ﬁnibus
2473 5456 2847 5531 isegregentur,
2900 5460 3149 5531 dubitare
3195 5456 3303 5531 non
3344 5456 3511 5531 sinit,
3554 5463 3693 5531 quin

2092 5526 2483 5587 restituendum
2520 5526 2679 5583 fuerit
2719 5530 2935 5599 dejecti;
2964 5529 3098 5581 adeo
3138 5535 3193 5580 ιιι
3220 5526 3405 5597 dejecti
3435 5527 3519 5580 hic
3550 5526 3692 5589 ἱιἸυιι]

2093 5606 2201 5668 sit,
2247 5602 2388 5673 quod
2440 5601 2548 5654 illic
2591 5600 2838 5673 depositi;
2887 5600 3208 5673 necgminus
3248 5605 3403 5673 certo
3452 5603 3648 5658 evincit
3677 5648 3692 5672 ,

2093 5668 2288 5729 deinde
2323 5687 2503 5728 vocem
2536 5668 2703 5736 orbis,
2736 5672 2852 5725 loco
2898 5670 3068 5736 urbis,
3102 5668 3361 5725 mendose
3391 5674 3528 5740 apud
3558 5668 3691 5733 Lab.

2094 5760 2397 5815 irrepSIsse.

2540 5882 2561 5907 ρ
3090 5838 3165 5899 19
