4194 6184
461 256 566 314 537

932 249 1366 316 MONUMENTA
1409 245 1687 305 VETERA
1724 245 1815 300 AD
1857 237 2264 298 ARIANORUM
2320 231 2721 292 DOCTRINAM
2763 229 3250 290 PERTINENTIA.

3658 227 3769 288 588

455 379 524 435 tis
552 377 806 448 iniquitas
836 384 919 431 est
945 381 1230 440 suspecta,
1263 374 1355 422 aut
1389 364 1559 435 gratia
1595 380 1607 416 :
1656 361 1722 415 ad
1755 360 2052 414 Romanum
2087 361 2138 417 Α
2169 370 2357 409 norum
2387 361 2442 408 et
2473 355 2523 407 in
2549 352 2759 409 levibus
2781 366 2960 408 causa:
2983 350 3314 405 dictionibus
3337 348 3534 404 animis
3565 351 3769 406 nostris

459 471 772 540 episcopum
806 466 888 520 vel
920 464 988 520 ad
1013 461 1304 519 concilium
1336 455 1642 528 quindecim
1672 452 2055 522 episcoporum

458 561 810 617 finitimorum
860 557 1178 612 accersitum
1225 552 1383 606 liceat
1418 561 1712 617 provocare
1746 562 1758 597 :
1802 545 1961 598 modo
1994 557 2062 596 ne

459 660 584 725 post
629 666 856 707 examen
908 647 1151 703 habitum
1197 642 1341 716 quod
1390 639 1671 696 definitum
1714 636 1877 692 fuerit
1926 636 2062 692 inte-

461 757 724 908 grgfugui
751 839 995 894 adversus
1023 836 1318 908 episcOpum
1357 846 1459 884 non
1505 827 1656 898 facile
1688 824 1953 880 audiendi.
1996 852 2067 863 —

462 931 583 988 Jam
610 946 740 987 vero
772 929 935 995 illud,
976 926 1118 998 quod
1153 926 1207 979 in
1241 920 1471 992 negotiis
1500 932 1712 990 quoque
1743 930 1924 972 rerum
1968 917 2067 970 mi-

532 1057 558 1085 ει
592 1046 704 1100 lloc
748 1052 865 1104 est,
898 1043 982 1098 cui
1031 1039 1248 1095 infamis
1279 1046 1404 1092 nota
1443 1034 1851 1092 calumniatoris
1882 1035 2058 1088 inusta

460 1128 562 1175 est.
594 1116 805 1186 Quippe
833 1113 1278 1186 Calumniatorem
1324 1109 1617 1186 Gratianus
1649 1106 1781 1161 Cod.
1826 1104 1929 1160 ΊῚι.
1962 1104 2059 1159 lib.

458 1207 546 1251 lx,
581 1190 661 1242 tit.
695 1180 868 1242 iixtx
892 1227 907 1252 ,
935 1187 1038 1254 leg.
1065 1185 1101 1238 2
1124 1225 1136 1242 .
1170 1185 1416 1253 infamem
1438 1180 1697 1254 declarat.

530 1246 560 1300 ί)
604 1246 942 1326 [inscription
976 1246 1077 1309 Hoc
1101 1246 1369 1323 integrum
1402 1267 1509 1305 non
1536 1265 1656 1326 esse
1680 1251 1800 1326 jure
1823 1246 2064 1313 suSpiceo

463 1347 606 1388 mur.
651 1331 782 1383 Nam
799 1321 1069 1397 quidquid
1119 1321 1352 1397 petierat
1395 1322 1682 1397 concilium
1717 1321 2020 1372 Romanum
2049 1358 2063 1381 ,

463 1419 533 1461 eo
576 1402 767 1458 ordine
807 1393 912 1470 quo
953 1393 1286 1470 postulatum
1331 1394 1534 1459 fuerat,
1579 1393 1932 1460 imperatores
1975 1403 2066 1443 re-

2162 449 2371 520 justitia
2404 448 2662 502 naturalis
2689 448 2951 512 inseruit,
2985 447 3154 500 multo
3181 445 3494 516 diligentius
3516 447 3567 500 in
3591 447 3772 502 causis

2161 541 2481 612 justissimis
2505 541 2752 595 volumus
2793 541 3174 596 convalescere
3206 558 3218 594 :
3248 555 3314 594 ne
3352 539 3510 594 facile
3555 540 3625 593 sit
3657 540 3772 595 cui-

2167 651 2327 706 quam
2361 635 2587 702 prazdito
2610 633 2830 688 notabili
2858 633 3121 703 pravitate
3146 647 3380 699 morum,
3412 641 3506 689 aut
3536 631 3720 688 infami
3746 643 3770 670 ει

2169 728 2437 783 calumnia
2479 737 2696 793 notato,
2731 741 3016 796 personam
3047 726 3411 782 criminatoris
3451 742 3733 784 assumere
3756 770 3772 795 ,

2171 831 2264 876 aut
2305 820 2604 876 testimonii
2633 819 2930 876 dictionem
2979 820 3033 876 in
3082 820 3487 876 accusationem
3531 821 3774 891 episcOpi

2174 912 2422 986 profiteri
2471 912 2520 967 ι).

2169 1041 2396 1087 censent
2421 1040 2583 1091 atque
2617 1031 2963 1086 confirmant.
2993 1029 3097 1086 Ubi
3138 1044 3272 1085 vero
3299 1031 3511 1085 venitur
3544 1030 3610 1085 ad
3644 1046 3776 1086 eau-

2171 1119 2285 1157 sam
2318 1104 2566 1168 Damasi,
2602 1103 2653 1156 in
2688 1103 2838 1170 cujus
2872 1103 3105 1156 maxime
3131 1102 3358 1171 gratiam
3385 1105 3672 1157 concilium
3706 1102 3778 1157 ad

2171 1173 2319 1243 ipsos
2348 1173 2662 1242 scripserat,
2687 1181 2910 1242 repente
2933 1173 3114 1227 silent.
3144 1174 3214 1228 Ea
3245 1189 3395 1238 sane,
3422 1191 3538 1240 quze
3562 1183 3668 1228 tam
3693 1189 3781 1227 re-

2172 1246 2363 1314 ligiose
2383 1245 2713 1305 concedunt,
2738 1261 2846 1298 non
2874 1243 3191 1312 permittunt
3214 1255 3269 1298 ut
3289 1247 3575 1312 episcopos
3602 1248 3651 1298 in
3679 1245 3780 1298 bac

2173 1331 2277 1370 una
2301 1331 2358 1370 re
2379 1316 2650 1380 repulsam
2677 1331 2866 1385 passos
2884 1331 3028 1380 esse,
3043 1324 3136 1369 ant
3155 1317 3508 1385 imperatores
3531 1327 3578 1369 ta
3590 1333 3637 1369 ιιι
3664 1317 3782 1385 pios

2175 1387 2562 1458 nullambujus
2583 1389 2814 1457 repulsae
2837 1402 3059 1443 causam
3085 1387 3353 1443 indicasse
3374 1387 3683 1443 credamus.

1863 1495 2000 1535 ANNO
2031 1493 2214 1534 bonum
2252 1479 2379 1534 581.

926 1582 1262 1642 EPISTOLA
1297 1591 1321 1618 η
1352 1574 1838 1649 AQUILEIENSIS
1868 1571 2166 1630 CONClLll
2204 1572 2297 1627 AD
2337 1571 2748 1630 GRATIANUM
2788 1571 3314 1629 IMPERATOREM.

1845 1667 1940 1732 (1).
1967 1667 2134 1718 Const.
2159 1664 2251 1714 col.
2277 1663 2412 1729 δεδι.)
3291 1691 3295 1694 -

471 1767 554 1828 Ne
580 1771 831 1828 Ursinum
852 1767 948 1822 sibi
977 1765 1208 1839 patiatur
1237 1762 1503 1829 obrepere,
1523 1758 1620 1828 sed
1649 1751 2074 1828 importunissimi
2106 1758 2154 1817 Β
2185 1757 2368 1820 posset
2408 1749 2666 1806 Ecclesiae
2707 1757 2820 1803 toto
2859 1748 2991 1803 orbe
3016 1747 3272 1839 diﬂ'usum
3306 1757 3363 1806 el
3393 1750 3641 1806 universa
3677 1761 3791 1806 tur-

619 1865 840 1920 liomiuis
867 1861 1153 1936 abjectione
1182 1857 1300 1928 paci
1332 1854 1582 1909 Ecclesia:
1626 1850 1930 1922 prospiciat.

477 2007 908 2079 Imperatoribus
946 1979 1390 2057 clementissimis
1425 2003 1483 2048 et
1551 1988 1886 2060 principibus
1925 1983 2083 2040 Chri—

549 2101 740 2157 stianis
768 2141 781 2162 ,
837 2093 1246 2169 gloriosissimis
1299 2105 1363 2144 ac
1394 2084 1723 2142 beatissimis
1780 2080 2040 2156 Gratiano
2065 2118 2080 2144 ,

554 2193 970 2254 Valentiniano,
1027 2196 1084 2243 et
1134 2183 1441 2240 Theodosio
1490 2187 1736 2234 sanctum
1789 2171 2081 2231 concilium

552 2288 695 2359 quod
735 2282 990 2340 convenit
1016 2278 1045 2318 δ
1079 2276 1361 2348 Aquileiae.

553 2420 594 2476 Ι.
627 2417 894 2491 Imperiali
923 2415 1130 2468 decreto
1161 2411 1354 2464 Ariona
1383 2406 1491 2461 lues
1519 2420 1834 2475 compressa.
1860 2432 1933 2443 —-
1954 2401 2084 2456 Pro-

480 2514 656 2571 visum
689 2521 774 2567 est
803 2507 1019 2580 quidem
1040 2547 1053 2569 ,
1083 2499 1494 2558 clementissimi
1539 2497 1810 2568 principes
1830 2537 1845 2562 ,
1890 2504 2084 2549 vestrae

483 2601 888 2675 tranquillitatis
923 2610 944 2637 ο
979 2595 1225 2658 statutis,
1261 2606 1328 2646 ne
1359 2591 1685 2647 Arianorum
1729 2587 1951 2658 perfidia
2003 2585 2086 2640 ul-

486 2700 655 2760 terius
679 2697 853 2770 possit
874 2695 1042 2749 latere
1063 2689 1151 2745 vel
1174 2701 1414 2756 serpere.
1442 2685 1658 2740 Etenim
1685 2681 1932 2737 effectum
1958 2695 2088 2734 con-

486 2793 596 2849 cilii
645 2789 882 2846 decretis
933 2794 1182 2856 putamus
1221 2781 1446 2837 minime
1497 2777 1827 2834 defuturum.
1874 2773 1902 2814 ἀ
1950 2774 2082 2829 Nam

485 2894 748 2957 quantum
778 2881 844 2937 ad
873 2888 1054 2952 partes
1083 2884 1289 2946 spectat
1313 2871 1624 2929 Occidentis
1645 2913 1659 2937 ,
1689 2869 1796 2925 duo
1823 2877 2027 2923 tantum
2065 2875 2087 2902 ε

486 2978 692 3050 reperti
722 2982 876 3038 sunt,
906 2973 995 3042 qui
1021 2969 1286 3024 auderent
1315 2964 1554 3035 profanis
1580 2972 1634 3017 ct
1662 2960 1842 3031 impiis
1869 2960 2092 3015 vocibus

486 3073 706 3129 obviare
735 3066 989 3131 concilio,
1023 3061 1041 3100 ί
1075 3063 1164 3117 vix
1195 3057 1448 3129 angulum
1478 3055 1732 3126 Ripensis
1765 3053 1940 3108 Dacia:
1973 3060 2084 3105 tur.

489 3167 624 3223 bare
650 3159 921 3218 consueti.
1489 3226 1491 3228 η

561 3257 626 3312 ll.
659 3255 741 3310 Ne
785 3255 920 3307 sinat
959 3250 1240 3319 imperator
1295 3242 1542 3299 Ursinum
1592 3240 1690 3294 sibi
1730 3239 1992 3309 obrepere.
2021 3267 2093 3280 —-

488 3350 651 3410 Aliud
677 3357 762 3404 est
787 3361 894 3418 quo
926 3343 1096 3412 magis
1123 3339 1390 3410 angimur,
1425 3337 1492 3390 de
1521 3349 1648 3406 quo,
1679 3335 1936 3404 quoniam
1965 3348 2097 3387 con-

487 3445 773 3508 venimus,
820 3439 918 3494 fuit
960 3447 984 3483 8
1018 3435 1120 3490 rite
1163 3429 1538 3496 tractandum,
1586 3444 1656 3483 ne
1689 3436 1857 3481 totum
1899 3441 2097 3495 corpus

564 3571 589 3598 ιι
639 3559 698 3613 ln
751 3552 1050 3625 appendice
1097 3548 1220 3604 cod.
1271 3547 1376 3603 'l‘li.
1425 3560 1588 3625 quam
1620 3544 1735 3600 Jac.
1765 3544 2088 3625 Sirmondus

493 3647 634 3689 anno
687 3618 1062 3684 165'l'edidii,
1110 3630 1318 3685 exstat,
1367 3633 1472 3672 non
1520 3618 1587 3671 ab
1634 3633 1701 3670 eo
1752 3627 1929 3672 tamen
1987 3622 2088 3684 pri-

489 3721 636 3760 mum
659 3745 674 3769 ,
707 3712 764 3754 nt
792 3697 1036 3753 Labbeus
1068 3691 1434 3769 existimavit,
1470 3689 1742 3769 vulgata,
1764 3703 1886 3741 cum
1914 3696 2089 3769 antea

489 3759 545 3832 in
601 3759 840 3828 lioiuana
897 3779 1122 3830 operum
1171 3761 1231 3818 S.
1289 3761 1560 3816 Ambrosii
1615 3759 1856 3813 editione
1914 3760 2086 3832 lucem

486 3831 736 3902 vidisset.
775 3842 894 3897 Non
941 3839 1214 3906 indignam
1255 3842 1548 3906 putamus,
1597 3846 1717 3906 quae
1786 3832 1929 3906 inter
1975 3831 2092 3906 epi-

489 3901 657 3974 stolas
697 3912 908 3969 Damasi
951 3901 1126 3962 locu'm
1153 3905 1424 3968 obtineat,
1468 3916 1616 3974 eum
1640 3903 1707 3974 in_
1737 3901 1961 3974 gratiam
1981 3903 2091 3974 ju-

489 3970 606 4044 sius
632 3997 819 4040 contra
847 3980 1102 4037 Ursinum
1135 3977 1332 4042 scripta
1359 3975 1450 4044 rsit.
1482 3971 1562 4024 Ex
1592 3970 1862 4044 Ambrosii
1891 3981 1943 4024 et
1974 3972 2088 4044 Sir-

493 4042 680 4114 uiontli
721 4051 1047 4108 editionibns
1089 4045 1246 4099 simul
1288 4042 1853 4114 collatisicastigatior
1890 4043 2086 4114 prodit.

565 4128 591 4165 b
643 4124 864 4180 Scilicet
907 4135 965 4174 ιιι
1008 4130 1179 4172 nonas
1228 4113 1605 4182 Septembris,
1633 4112 1862 4182 Syagrio
1905 4123 1960 4168 et
1984 4113 2093 4168 Eu-

493 4199 680 4254 clierio
708 4191 1018 4249 consulibus
1038 4231 1050 4252 ,
1079 4191 1182 4240 hoc
1212 4196 1294 4239 est
1322 4200 1378 4238 ιιι
1406 4184 1493 4238 die
1526 4188 1728 4254 mensis
1757 4186 2090 4252 Septembris

493 4253 620 4324 anni
653 4269 853 4328 5st,ut
879 4264 930 4316 in
963 4261 1139 4315 fronte
1155 4258 1442 4312 Gestorum
1471 4253 1612 4328 apud
1643 4254 1984 4328 Ambrosium
2009 4256 2087 4310 lc-

493 4345 656 4412 gitur,
708 4325 1028 4412 etquidem
1077 4330 1394 4410 auctoritate
1443 4326 1689 4394 rescripti
1745 4325 2081 4412 imperialis,

491 4400 858 4483 quotl'iisdeiit
886 4407 1020 4460 actis
1049 4400 1414 4483 praemittitur,
1447 4406 1798 4483 convenerat.

571 4496 592 4523 ο
625 4483 736 4536 Ilnc
757 4479 995 4534 edictum
1021 4473 1334 4528 eormudem
1364 4470 1752 4536 imperatorum
1781 4469 2089 4524 nominibus

495 4559 852 4624 prmnmatum
877 4564 994 4624 .__:_ic
1031 4545 1126 4624 die
1153 4544 1223 4596 27
1255 4543 1458 4624 mensis
1491 4540 1768 4624 Februarii
1794 4543 1918 4624 _an_ni
1950 4542 2085 4604 580,

495 4610 678 4679 datum
727 4621 861 4676 Cod.
895 4621 998 4672 Th.
1031 4618 1122 4670 ιιι).
1161 4629 1253 4666 XVI
1275 4655 1288 4677 ,
1319 4616 1399 4666 lit.
1435 4613 1488 4674 1,
1520 4611 1620 4678 leg.
1669 4610 1704 4662 2
1730 4651 1743 4669 ,
1793 4610 2086 4666 habemus:

497 4695 719 4750 Cunctos
744 4693 990 4761 populos,
1019 4703 1142 4756 quos
1169 4683 1450 4761 dementire
1475 4693 1661 4733 nostra:
1685 4681 1813 4761 regit
1841 4692 2092 4761 tempera.

497 4752 753 4819 mentum:
787 4752 838 4813 in
869 4760 957 4812 tali
981 4752 1224 4810 volumus
1253 4754 1499 4818 religione
1531 4752 1718 4803 versari
1737 4793 1749 4814 ,
1781 4770 1929 4818 qumn
1961 4754 2090 4807 divi-

497 4851 620 4890 num
677 4833 886 4885 Petrum
939 4827 1228 4898 αροδιοιηρη
1280 4822 1552 4898 tradidisse
1614 4822 1858 4876 Romanis
1909 4825 2090 4894 religio

497 4923 657 4972 usque
685 4920 818 4958 nunc
849 4900 911 4953 ab
942 4894 1054 4967 ipso
1088 4897 1346 4972 insinuata
1375 4894 1604 4972 declarat
1623 4938 1634 4954 ,
1667 4912 1918 4972 quantque
1963 4913 2091 4972 pon-

499 4963 685 5048 tiﬁcem
715 4963 992 5026 Damasum
1025 4969 1166 5036 sequi
1193 4973 1387 5048 claret,
1426 4974 1470 5018 et
1504 4963 1721 5048 Petrum
1763 4967 2093 5048 Alexandrite

434 5046 442 5053 ’
496 5037 824 5121 episcopum,
847 5057 953 5098 etc.
981 5040 1161 5121 Altera
1190 5037 1320 5091 ibid.
1354 5037 1436 5119 tit.
1469 5052 1522 5117 γ.
1557 5038 1658 5104 leg.
1691 5038 1746 5121 6Ζ
1779 5039 2093 5121 earumdem

497 5107 886 5190 ifnpcr'mnrnin
919 5115 1150 5190 rcl'ertur
1203 5107 1524 5162 Constitutio
1550 5122 1694 5185 nono
1720 5109 1961 5190 Januarii
1997 5109 2092 5190 die

499 5178 624 5247 anui
655 5191 790 5254 338-1,
823 5185 1134 5254 consignata
1154 5222 1167 5244 ,
1201 5196 1301 5248 qua
1331 5179 1672 5254 praecepitur,
1708 5186 1764 5229 ιιι
1793 5178 1962 5254 nullus
1989 5179 2085 5254 lirvg

497 5266 672 5318 reticis
690 5248 1044 5332 mysteriorum
1077 5254 1241 5313 locus,
1273 5248 1422 5302 nulla
1461 5249 1528 5299 ad
1569 5249 1901 5329 exercendam
1931 5251 2092 5331 animi

498 5321 848 5389 obstinatioria
886 5326 1188 5381 deuicntiant
1219 5330 1389 5391 pateat
1428 5321 1661 5391 occasio,
1701 5327 1757 5370 et
1799 5331 1850 5369 ut
1895 5322 2091 5373 cunctis

498 5405 802 5459 orthodoxis
845 5400 1098 5468 episcoiiis
1119 5437 1133 5455 ,
1159 5389 1245 5464 qui
1278 5390 1548 5468 liicwnam
1588 5389 1743 5468 [idem
1770 5397 1972 5468 tenent,
1999 5408 2094 5468 ca-

498 5477 701 5529 tholica:
723 5461 947 5528 ecclesiae
972 5461 1268 5522 reddantur.
1300 5463 1429 5517 Hinc
1450 5463 1663 5517 Concilii
1695 5461 1854 5530 hujus
1877 5463 2094 5530 Aquile-

499 5545 668 5600 iensis
690 5547 873 5598 Patres
896 5541 1034 5611 apud
1065 5539 1408 5611 Ambrosium
1437 5535 1592 5602 epist.
1622 5549 1719 5611 χιι,
1749 5550 1800 5611 n_.
1829 5534 1891 5611 l_,
1924 5534 2093 5611 impe-

497 5617 770 5670 ratoribus
797 5602 994 5682 gratias
1021 5621 1180 5682 agunt
1207 5646 1220 5668 ,
1265 5605 1405 5682 quod
1447 5621 1616 5682 omnes
1663 5602 1913 5682 Ecclesia:
1954 5603 2050 5682 _Dei
2074 5645 2089 5669 ,

499 5687 720 5741 maxime
747 5675 860 5752 quia
889 5697 978 5752 per
1009 5675 1307 5742 orientem,
1342 5675 1624 5730 Catholici;
1651 5676 1894 5730 restitutae
1921 5675 2041 5730 sint.

1643 5805 1669 5834 ι

2119 4440 2172 4500 D

2186 1843 2337 1898 bare.
2364 1841 2497 1897 Nam
2528 1843 2649 1899 licet
2677 1841 2992 1913 frequenter
3014 1838 3042 1876 ιι
3071 1843 3499 1912 compererimus
3528 1843 3791 1900 Ursinum

2187 1953 2295 1991 non
2329 1936 2568 2006 potuisse
2599 1937 2864 2006 obrepere
2895 1934 3080 2005 pietati
3110 1947 3307 1991 veSIrai
3326 1977 3341 2002 ,
3371 1938 3613 2007 quamvis
3639 1940 3796 2008 quie-

2190 2038 2303 2082 tum
2338 2025 2470 2082 nihil
2502 2043 2622 2082 esse
2658 2027 2913 2096 patiatur,
2946 2035 3001 2080 et
3034 2026 3176 2080 inter
3203 2035 3281 2081 tot
3309 2027 3526 2084 bellicas
3555 2029 3796 2084 necessi—

2191 2130 2329 2176 tates
2357 2121 2605 2190 obreptio
2637 2121 2946 2189 importuna
2979 2129 3251 2175 tentetur:
3286 2133 3461 2176 tamen
3506 2138 3572 2180 ne
3605 2132 3797 2178 sancta

2189 2228 2344 2268 mens
2392 2222 2570 2268 vestra
2615 2213 2889 2284 animique
2933 2213 3327 2282 tranquillitas,
3372 2229 3494 2284 qua;
3537 2215 3795 2269 omnibus

2189 2304 2475 2359 consulere
2505 2303 2696 2372 geSiit,
2731 2304 3024 2373 importuni
3057 2304 3298 2359 hominis
3329 2305 3577 2359 simulata
3605 2306 3799 2362 adula-

2194 2400 2340 2454 tione
2387 2398 2660 2463 ﬂcctatur,
2698 2396 3070 2467 deprecandos
3104 2413 3198 2454 vos
3227 2406 3283 2453 et
3311 2398 3676 2454 obsecrandos
3699 2441 3714 2462 ,
3751 2401 3797 2454 si

2193 2498 2476 2569 dignanter
2526 2498 2763 2566 ducitis,
2809 2500 3145 2552 aestimamus
3174 2515 3188 2553 :
3220 2515 3326 2552 non
3369 2499 3544 2554 solum
3593 2513 3800 2568 prteca-

2192 2600 2387 2648 ventes
2429 2592 2606 2648 futura
2627 2635 2644 2659 ,
2676 2592 2772 2648 sed
2802 2595 2964 2646 etiam
3000 2593 3458 2662 praeterita,qua3
3482 2594 3593 2661 jam
3628 2592 3800 2662 ipsius

2195 2686 2499 2741 temeritate
2529 2695 2679 2756 gesta
2712 2694 2836 2739 sunt
2860 2724 2875 2748 ,
2908 2684 3409 2754 perhorrescentes.
3441 2684 3578 2740 Nam
3622 2686 3666 2739 si
3697 2685 3802 2739 ali-

2195 2795 2355 2849 quam
2400 2779 2536 2833 viam
2592 2788 2782 2833 nactus
2829 2777 2996 2834 fuerit
3045 2779 3322 2842 audaciae,
3371 2778 3499 2849 quid
3549 2794 3656 2832 non
3706 2778 3802 2832 ille

2198 2872 2546 2927 Confundat?
2603 2873 2712 2929 Sed
2768 2874 2813 2928 si
2874 2875 3035 2929 unius
3095 2873 3112 2911 ί
3177 2873 3454 2930 miseratio
3511 2873 3803 2929 inﬂectere

2199 2975 2409 3036 potest;
2447 2965 2618 3021 multo
2655 2965 2828 3036 magis
2865 2981 2962 3022 vos
3005 2967 3242 3036 precatio
3290 2966 3532 3022 omnium
3579 2973 3803 3020 moveat

2200 3060 2567 3115 sacerdotum.
2611 3063 2742 3128 Quis
2789 3061 2936 3117 enim
2995 3073 3241 3120 nostrum
3285 3062 3336 3118 ei
3394 3063 3800 3116 communionis

2121 3159 2167 3224 (ι
2199 3156 2459 3210 societate
2511 3154 2807 3225 jungetur,
2867 3171 2991 3211 cum
3053 3155 3348 3212 indebitum
3403 3155 3507 3210 sibi
3559 3155 3791 3225 gradum

2193 3262 2456 3315 usurpare
2512 3257 2740 3301 conatus
2793 3247 2900 3313 sit,
2956 3262 3054 3302 nec
3103 3248 3223 3317 jure
3268 3247 3337 3302 ad
3387 3262 3512 3303 eum
3563 3249 3802 3316 potuerit

2193 3338 2514 3410 pervenire;
2547 3349 2602 3394 et
2631 3354 2792 3410 quem
2839 3341 3144 3409 importune
3182 3338 3488 3407 all'ectavit,
3532 3341 3798 3410 importu-

2198 3431 2424 3487 nissime
2454 3440 2703 3502 repetere
2733 3432 3027 3487 moliatur?

2266 3543 2293 3583 ἀ
2320 3547 2388 3626 _l_n
2436 3547 2608 3616 prisca
2659 3548 3211 3626 Ambrosii__editione
3242 3549 3396 3626 Rom.
3436 3550 3525 3626 hic
3556 3549 3791 3626 additur,

2193 3635 2284 3673 nec
2313 3620 2367 3671 id
2395 3629 2584 3673 temere
2605 3635 2624 3674 :
2655 3620 2798 3690 quod
2831 3621 2962 3690 regii
2995 3636 3092 3675 ms.
3125 3623 3452 3678 auctoritate
3483 3623 3536 3678 in
3564 3620 3799 3679 noviSsil

2196 3704 2281 3744 ma
2329 3701 2680 3764 expuuctmn.
2732 3693 2903 3764 Ap_ud
2935 3691 3283 3747 Sirmondum
3329 3709 3458 3748 vero
3487 3709 3584 3764 pro
3607 3737 3620 3761 ,
3657 3695 3799 3750 Nam

2195 3772 2443 3830 quantum
2472 3803 2484 3822 ,
2519 3762 2763 3828 habetur,
2797 3762 2904 3817 Sed
2935 3774 3103 3816 tamen
3133 3775 3401 3830 quantum.

2271 3843 2294 3869 ο
2330 3831 2437 3906 ﬂos
2469 3831 2607 3886 idem
2640 3834 2929 3906 concilium
2969 3835 3107 3904 apud
3140 3835 3393 3890 Ambros.
3425 3837 3583 3906 epist.
3620 3853 3652 3891 ι
3679 3880 3694 3903 ,
3725 3838 3794 3892 ad

2198 3902 2535 3967 Gratianum,
2569 3921 2619 3957 ιι.
2654 3904 2708 3968 2,
2742 3902 3016 3973 appellat,
3041 3921 3104 3960 ac
3129 3906 3195 3959 de
3221 3907 3285 3961 iis
3314 3909 3393 3962 sic
3425 3902 3649 3963 scribit:
3683 3902 3798 3962 Nec

2193 3973 2290 4046 ulli
2317 3974 2657 4046 der/itereticis
2683 3978 2908 4043 episcOpi
2938 3987 3055 4030 sunt
3079 3977 3290 4046 reperti,
3323 3980 3423 4032 nisi
3450 3979 3724 4034 Palladius
3753 3990 3803 4035 et

2195 4044 2572 4120 Secundanus,
2616 4048 2827 4120 nomina
2871 4057 3078 4103 vetusta:
3115 4044 3366 4118 perﬁdia.
3397 4051 3465 4106 Et
3491 4053 3525 4105 ii
3555 4051 3797 4120 quidem,

2195 4126 2254 4170 ut
2281 4116 2421 4184 apud
2452 4117 2702 4173 Ambros.
2729 4119 2890 4188 epiSI.
2922 4135 2975 4173 ix
2998 4161 3012 4183 ,
3043 4136 3095 4173 η.
3115 4116 3123 4118 “
3144 4116 3213 4182 2,
3243 4132 3494 4176 narratur
3517 4163 3531 4187 ,
3572 4116 3801 4177 debitam

2197 4196 2469 4261 pritzsentes
2487 4205 2728 4256 excepere
2740 4191 3060 4261 sententiam.
3083 4208 3236 4261 super
3263 4193 3522 4257 impietate
3533 4196 3775 4249 convicti.

2273 4257 2292 4295 ί
2337 4259 2500 4314 Sirm.
2525 4261 2684 4328 juxta
2713 4262 2980 4330 angulum.
3013 4257 3343 4317 Concinnius
3373 4265 3505 4319 edit.
3538 4267 3793 4322 Ambros.

2196 4330 2281 4383 vix
2325 4331 2592 4400 angulum.
2636 4333 2694 4386 Ιιι
2741 4331 2968 4401 epistola
2998 4335 3062 4386 ad
3095 4333 3460 4390 Theodosium
3495 4338 3636 4392 inter
3665 4337 3797 4392 Am-

2198 4401 2478 4475 bros-ianus
2527 4419 2630 4475 xu,
2681 4420 2737 4456 ιι.
2788 4407 2840 4472 1,
2893 4405 3071 4475 legere
3116 4412 3237 4458 est:
3281 4403 3346 4458 In
3379 4406 3798 4464 Occidentalibus

2198 4473 2427 4549 partibus
2459 4488 2544 4549 xvi
2573 4473 2674 4527 duo
2705 4473 2966 4549 haeretici,
3009 4477 3097 4549 qui
3139 4475 3342 4549 obviare
3375 4481 3577 4549 possint
3620 4495 3798 4536 sancto

2198 4545 2412 4618 concilio
2431 4585 2444 4607 ,
2480 4547 2582 4618 sint
2611 4548 2837 4614 reperti;
2865 4556 2918 4600 et
2948 4563 3000 4600 ιι.
3033 4548 3065 4602 5
3092 4565 3103 4600 :
3140 4545 3394 4616 Equidem
3425 4567 3515 4618 per
3547 4551 3803 4606 Occiden-

2201 4613 2330 4687 tales
2353 4623 2520 4687 partes
2549 4615 2744 4669 duobus
2773 4620 2824 4670 in
2852 4619 3053 4687 angulis
3079 4613 3278 4671 tantum
3300 4662 3313 4682 ,
3339 4613 3435 4674 hoc
3462 4633 3535 4674 est
3562 4624 3613 4675 in
3641 4625 3802 4677 latere

2202 4683 2378 4763 Dacia:
2409 4685 2730 4763 Ripensisuc
2759 4683 2954 4763 Mazsiaz
2973 4735 2984 4753 ,
3020 4689 3141 4763 ﬁdei
3169 4690 3390 4763 obstrepi
3414 4692 3700 4748 videbatur.

2274 4765 2299 4829 β
2332 4757 2596 4829 Particulo
2623 4761 2720 4813 rite
2741 4761 2881 4829 apud
2909 4762 3072 4815 Sirm.
3106 4757 3466 4819 desideratur.

2272 4824 2297 4862 ¹³
2328 4828 2481 4898 Apud
2525 4824 2790 4885 Ambros.-
2816 4832 3224 4904 converterimus.
3263 4833 3428 4904 Magis
3468 4835 3642 4903 placet
3669 4852 3796 4892 cum

2202 4897 2387 4951 Sirm.’
2416 4905 2827 4972 compererimtts.
2876 4902 2933 4956 Id
2965 4920 3091 4956 vero
3131 4897 3480 4972 eoinpcriuni
3518 4908 3626 4962 illis
3674 4920 3794 4962 erat

2203 4980 2312 5043 ιιιηί
2343 4973 2502 5026 variis
2530 4973 2753 5036 exsiliis,
2782 4975 2945 5040 quibit
2999 4973 3224 5028 Ursinus
3250 4978 3467 5043 punitus
3498 4977 3695 5043 fuerat,
3735 4982 3788 5033 in

2201 5040 2402 5116 Gallias
2431 5044 2646 5116 tandem
2676 5045 2815 5116 intra
2847 5048 3190 5114 Agrippinam
3222 5040 3514 5116 relegatus,
3569 5057 3626 5104 ut
3663 5040 3794 5104 alibi

2199 5112 2252 5189 iii
2285 5113 2567 5189 lit-scripto
2610 5112 2932 5189 privet-denti
2987 5117 3246 5189 legimus,
3294 5112 3403 5171 tn'm
3448 5112 3617 5189 ipsius
3657 5121 3796 5177 Gra—

2199 5182 2329 5263 tiani
2377 5185 2615 5249 judicio,
2645 5201 2751 5254 quo
2804 5187 3014 5263 Damasi
3045 5182 3365 5263 innoientia
3396 5203 3447 5263 ct
3470 5182 3798 5263 integritate

2197 5255 2455 5322 probata.
2513 5267 2881 5311 accusatorem
2937 5259 3054 5326 ejus
3109 5259 3346 5313 lsaacem
3395 5261 3446 5316 in
3483 5255 3794 5326 Hispaniam

2198 5327 2617 5403 ainandavitmti
2649 5329 2805 5403 epist.
2841 5345 2976 5382 rom.
3010 5330 3255 5403 (ξορρ.)ιά
3284 5329 3438 5388 Grat.
3467 5342 3522 5389 et
3553 5327 3790 5403 Valent.,

2200 5410 2254 5448 ιι.
2281 5398 2507 5472 .8,__etin
2543 5398 2823 5472 Rescripto
2851 5403 2967 5472 cit..
2995 5416 3048 5455 η.
3078 5400 3133 5462 2,
3154 5401 3435 5457 docemur.

2257 5466 2290 5548 ,ί
2327 5466 2506 5548 Ursini
2541 5466 2816 5538 videlicet,
2850 5471 3001 5548 cujus
3027 5473 3278 5539 precibus
3308 5489 3375 5529 ne
3404 5475 3793 5548 imperatoi'uut

2198 5541 2472 5612 miseratio
2505 5553 2909 5597 commoveatur
2946 5543 3173 5610 timent,
3207 5546 3414 5612 experti
3447 5541 3569 5603 eum
3603 5548 3797 5604 identi-

2195 5608 2318 5662 dem
2349 5611 2415 5665 ab
2467 5611 2574 5666 illis
2619 5614 2789 5668 exsilii
2841 5608 3230 5670 relaxationcm
3277 5608 3372 5672 seu
3420 5621 3797 5676 “amissionem

2197 5681 2485 5750 quamdam
2518 5683 2862 5752 impetrasse.
3065 5693 3070 5700 '
