4194 6184
359 298 476 355 539

867 297 1303 360 MONUMENTA
1338 297 1624 359 VETERA
1663 297 1756 357 AD
1792 295 2200 357 ARIANORUM
2240 286 2644 360 DOCTRINAM
2683 303 3165 366 PERTINENTIA.

3563 311 3670 368 500

432 419 523 475 ιιι.
563 418 789 478 Ursinus
816 419 1025 476 Arionis
1055 423 1352 492 capulatus.
1377 451 1448 462 —
1477 421 1777 476 Turliarum
1811 423 1967 477 toties
1997 440 2050 499 Α
2079 414 2143 468 Et
2183 415 2307 472 ideo
2339 420 2570 487 petimus
2608 430 2662 475 et
2703 436 2985 493 rogamus,
3012 433 3071 480 ut
3099 425 3116 457 ί
3149 423 3454 496 obripiendi
3481 425 3531 482 ei
3554 428 3669 482 adi-

357 511 678 578 damnatus,
712 524 736 551 ει
768 515 964 568 incedit
995 515 1171 570 adhuc
1197 515 1351 586 quasi
1383 515 1674 586 pra-teritis
1703 531 1810 570 non
1848 532 1965 586 per-

355 604 761 661 horrescendus
789 607 1081 676 exemptis.
1110 606 1138 644 δ
1167 607 1306 676 Quid
1338 607 1480 678 quod
1502 651 1516 671 ,
1553 606 1797 678 plerique
1828 607 1968 663 sicut

355 698 410 753 in
444 699 554 754 hoc
582 700 808 754 concilio
836 700 1194 770 cognovimus
1222 711 1274 755 et
1304 700 1537 754 vidimus
1557 743 1572 765 ,
1602 714 1724 754 cum
1753 700 1967 755 Arianis

357 800 648 868 copulatus
697 808 860 870 atque
909 801 1234 872 conjunctus
1281 810 1400 854 erat
1429 815 1493 853 eo
1539 807 1807 870 tempore,
1857 816 1966 870 quo

358 907 583 964 turbare
622 905 1080 961 Mediolanensem
1125 902 1426 959 Ecclesiam
1469 913 1612 958 etetu
1657 903 1964 960 detestabili

357 1008 747 1076 moliebantur,
804 1022 926 1064 cum
960 1018 981 1046 ε
1014 1006 1249 1064 Valente
1300 1022 1444 1062 nunc
1497 1015 1622 1062 ante
1678 1020 1966 1076 synagoga:

356 1110 542 1178 fores,
588 1125 735 1165 nunc
777 1108 832 1167 in
878 1109 1204 1166 Arianorum
1250 1108 1542 1174 domibus,
1591 1106 1826 1163 miscens
1873 1121 1965 1161 oc-

355 1212 504 1269 culta
549 1210 818 1276 consilia,
868 1218 922 1265 et
965 1224 1096 1265 suos
1140 1210 1223 1266 eis
1259 1209 1528 1280 jungens;
1576 1218 1663 1274 et,
1711 1207 1965 1278 quoniam

357 1320 476 1384 ipse
525 1323 718 1382 aperte
772 1312 825 1366 in
877 1326 1064 1366 eorum
1113 1312 1540 1380 congregatione
1584 1309 1805 1380 prodire
1855 1325 1964 1364 non

353 1425 606 1489 poterat,
641 1417 915 1470 instruens
944 1422 1000 1468 et
1029 1413 1335 1468 ittl'ormans
1363 1411 1828 1482 quemadmodum
1862 1425 1965 1480 pax

353 1507 622 1565 ECelesiue
655 1502 1064 1576 turbaretur."1
1095 1504 1214 1574 Quo
1256 1504 1442 1559 furore
1481 1503 1774 1573 sperabat,
1815 1502 1962 1573 quod

353 1627 548 1667 eorum
581 1619 765 1679 posset
799 1610 1040 1663 fautores
1069 1617 1126 1662 et
1155 1605 1334 1662 socios
1363 1604 1621 1661 emereri.

426 1712 526 1768 IV-
567 1709 884 1764 Devitandus
933 1705 1281 1764 est.—Cum
1332 1707 1496 1777 igitur
1547 1707 1807 1775 scriptum
1856 1706 1964 1773 sit,

2075 526 2223 566 mere
2252 511 2546 581 dignemini
2579 513 2920 572 facultatem.

2141 603 2207 659 V.
2257 602 2324 658 Ut
2363 605 2791 676 importunissimi
2829 610 3049 664 hominis
3089 610 3374 680 obiectione
3413 613 3530 682 paci
3559 611 3668 668 Ec-

2070 694 2237 749 clesia:
2265 698 2579 752 consulatur.
2608 729 2681 738 ——
2707 700 2920 758 ScimUs
2960 702 3261 757 clementiae
3295 712 3488 758 vestras
3515 719 3673 759 sanc-

2072 795 2182 840 tum
2215 788 2489 856 pudorem.
2523 789 2600 845 Ne
2627 791 2810 845 auditu
2839 802 3022 848 vestro
3051 792 3267 863 indigna
3300 796 3530 866 ingerat,
3561 813 3668 852 non

2070 878 2243 933 aliena
2275 879 2344 934 ab
2373 879 2554 935 ofﬁcio
2596 892 2650 936 et
2691 885 2910 939 nomine
2951 885 3246 940 sacerdotis
3283 888 3667 958 interstrepat,

2071 986 2180 1025 non
2212 971 2575 1028 inverecunda
2605 975 2762 1029 vobis
2794 975 3068 1044 loquatur,
3101 995 3259 1048 quem
3302 996 3422 1036 cum
3467 981 3668 1039 habere

2072 1065 2371 1131 Oporttterit
2405 1067 2777 1122 testimonium
2810 1069 2976 1123 etiam
3007 1071 3077 1125 ab
3119 1071 3183 1124 iis
3222 1071 3313 1141 qui
3355 1073 3482 1127 loris
3511 1083 3668 1140 sunt,

2071 1155 2131 1228 (Ι
2164 1154 2300 1209 Tim.
2334 1174 2425 1220 ιιι,
2457 1157 2559 1230 7),
2613 1161 2756 1228 (μιλιῐί
2811 1163 3124 1216 testimmiio
3173 1174 3224 1218 et
3280 1164 3425 1220 cives
3471 1167 3673 1238 proprii

2071 1248 2343 1316 prosecuti
2372 1251 2508 1310 sint,
2535 1251 2822 1305 clementia
2851 1266 3029 1306 veStra
3057 1255 3369 1309 meminisse
3397 1255 3671 1326 dignetur.

2072 1339 2243 1395 Pudet
2289 1341 2431 1396 enim
2482 1342 2698 1410 dicere,
2751 1346 3180 1402 inverecundum
3230 1359 3312 1402 est
3360 1365 3672 1416 recensere,

2069 1447 2230 1503 quam
2269 1431 2287 1470 τ
2325 1435 2495 1503 turpis
2524 1435 2659 1489 fama
2693 1451 2816 1491 eum
2865 1439 3112 1493 convicio
3154 1442 3497 1496 sauciaverit.
3554 1443 3674 1508 Quo

2069 1527 2260 1580 saltem
2313 1527 2518 1594 pudore
2568 1529 2889 1598 perstrictus
2937 1533 3312 1588 conticesoere
3359 1533 3672 1589 debuisset:

2070 1628 2123 1673 et
2155 1618 2199 1672 si
2232 1618 2459 1674 haberet
2502 1619 2738 1690 aliquam
2779 1624 3171 1678 conscientiam
3211 1624 3548 1690 sacerdotis,
3584 1642 3679 1694 pa-

2070 1723 2186 1763 cem
2221 1709 2478 1764 Ecclesite
2507 1712 2966 1781 concordiamque
2996 1715 3278 1769 ambitioni
3310 1733 3420 1770 suae
3463 1726 3518 1772 et
3561 1725 3677 1771 stu-

356 1806 676 1861 Haereticnm
719 1811 835 1874 post
876 1818 1036 1856 unum
1077 1799 1450 1868 correptionem
1491 1799 1660 1852 devita
1690 1797 1832 1870 (Tit.
1867 1813 1962 1862 ιιι,
1995 1809 2044 1870 Β
2073 1800 2162 1855 dio
2198 1811 2539 1870 prmoptaret.
2579 1802 2774 1858 Verum
2810 1805 2966 1875 longe
2996 1807 3205 1861 alienus
3233 1808 3300 1860 ab
3330 1801 3479 1863 omni
3513 1824 3668 1864 vere-

351 1900 415 1955 ll
445 1897 500 1968 )',
533 1913 656 1954 cntn
692 1906 741 1950 et
776 1895 914 1948 alius
947 1893 1031 1948 vir
1064 1900 1254 1949 sancto
1299 1892 1517 1946 locutus
1559 1891 1768 1959 Spiritu
1809 1891 1964 1946 dixe-

349 1992 447 2055 rit,
467 1988 816 2045 declinandas
845 1985 1220 2056 hujuscemodi
1249 1985 1454 2040 bestias
1489 1984 1508 2056 (
1534 1983 1575 2040 ll
1605 1983 1789 2053 Joan.,
1828 1985 1897 2040 10
1919 1984 1962 2056 ),

348 2099 456 2141 nec
485 2081 817 2137 salutatione
860 2077 1203 2148 recipiendas
1248 2088 1408 2150 atque
1449 2093 1786 2148 congressu:
1830 2091 1965 2146 quo-

349 2177 523 2234 tnodo
575 2177 688 2230 ﬂeri
743 2183 953 2245 potest,
1009 2181 1066 2226 ut
1112 2188 1235 2228 eum
1279 2187 1436 2239 quem
1485 2169 1734 2226 societati
1776 2184 1963 2224 eorum

346 2271 619 2326 insertum
665 2267 898 2322 vidimus
926 2309 939 2332 ,
988 2282 1092 2320 non
1137 2263 1298 2320 etiam
1343 2272 1674 2318 assertorem
1721 2261 1964 2334 perﬁdiae

342 2361 706 2436 judicemus?
737 2360 889 2429 Quod
923 2358 1133 2415 etiamsi
1166 2358 1409 2419 deleret.
1455 2367 1628 2412 tamen
1674 2358 1839 2412 totius
1869 2373 1961 2412 or-

345 2456 438 2513 bis
469 2454 700 2510 Romani
735 2462 898 2524 caput
926 2453 1222 2508 Romanam
1257 2450 1556 2505 Ecclesiam
1579 2492 1593 2515 ,
1627 2459 1786 2520 atque
1815 2450 1958 2504 illam

348 2558 760 2605 sacrosanctam
792 2545 953 2601 fidem
986 2545 1372 2615 Apostolorum
1405 2559 1470 2597 ne
1503 2542 1706 2597 turbari
1734 2545 1958 2612 sineret,

347 2641 693 2701 obsecranda
740 2641 836 2696 fuit
881 2638 1168 2697 clementia
1222 2646 1432 2703 vestra;
1485 2636 1610 2692 inde
1650 2639 1794 2693 enim
1823 2647 1877 2693 et
1909 2639 1961 2693 in

342 2751 545 2794 omnes
592 2732 920 2791 veneranda:
955 2741 978 2770 θ
1024 2730 1429 2790 communionis
1477 2727 1600 2799 jura
1651 2729 1957 2786 ditnanant.

429 2853 444 2883 ¹
476 2850 561 2904 ΑΙ.
593 2847 891 2922 obrependi.

427 2975 454 3004 λ
482 2965 650 3023 Sirm.
683 2965 888 3018 incessit
922 2973 1090 3018 tamen
1116 2961 1287 3029 quasi.

426 3038 454 3077 Ι)
487 3038 545 3093 In
577 3036 711 3092 edit.
741 3036 996 3090 Ambros.
1041 3034 1143 3100 Qui
1187 3033 1484 3100 plerumque
1521 3029 1684 3095 sicut,
1726 3038 1783 3086 et
1822 3031 1959 3086 inira

344 3110 681 3167 moliebatur.
721 3123 816 3176 pro
866 3105 1224 3160 moliebantur.
1251 3103 1382 3176 Qua:
1403 3101 1489 3176 hic
1517 3113 1960 3176 narrantur,quo

2071 1895 2266 1950 cundia
2287 1939 2302 1963 ,
2333 1913 2430 1966 per
2457 1897 2728 1952 abscisum
2775 1898 3046 1953 hominem
3075 1900 3422 1956 Paschasium
3447 1903 3667 1971 signife-

2025 2053 2041 2064 κ
2070 2004 2186 2043 ι·υιιι
2223 1989 2422 2045 furoris
2450 1991 2530 2046 sui
2563 1991 2741 2045 missis
2772 1991 2999 2058 litteris,
3030 1991 3158 2047 ferit
3189 1994 3401 2060 turbas,
3434 1995 3670 2065 gentiles

2071 2096 2314 2151 quosque
2369 2097 2430 2137 ac
2488 2083 2729 2152 perditos
2789 2083 3034 2139 homines
3089 2087 3366 2142 concitare
3421 2097 3672 2142 conatur.

2067 2173 2297 2228 Oramus
2328 2191 2488 2246 ergo,
2525 2187 2578 2231 ιιι
2603 2175 2715 2246 jam
2759 2186 2812 2232 et
2854 2178 3055 2247 populo
3098 2178 3374 2247 Romano,
3418 2182 3506 2252 qui
3556 2192 3680 2250 post

2072 2266 2390 2324 relationem
2425 2268 2663 2339 prrrfecti
2699 2269 2858 2326 Urbis
2893 2281 2918 2318 Β
2951 2271 3148 2340 pendet
3179 2274 3420 2329 incertus
3444 2317 3458 2341 ,
3489 2285 3543 2329 et
3579 2291 3676 2330 no-

2069 2359 2153 2414 bis
2199 2365 2577 2419 sacerdotibus
2625 2365 2972 2420 securitatem
3025 2367 3365 2423 interdictam
3415 2368 3679 2439 importu—

2070 2452 2280 2508 nissimi
2308 2453 2541 2510 hominis
2568 2456 2876 2526 abjectione
2900 2459 3151 2514 tribuatis
3178 2477 3189 2512 :
3224 2475 3332 2531 quo
3363 2460 3673 2530 impetrato,

2071 2549 2212 2617 apud
2264 2549 2432 2605 Deum
2485 2553 2914 2622 omnipotentem
2964 2552 3212 2618 Patrem,
3244 2565 3297 2608 et
3333 2553 3610 2610 Christum
3644 2555 3674 2593 ιι

2074 2643 2357 2700 Dominum
2406 2647 2524 2717 ejus
2575 2646 2782 2715 illium,
2843 2649 3044 2720 gratias
3094 2648 3207 2719 jugi
3261 2649 3673 2707 continuatione

2071 2738 2434 2796 celebremus.

2072 2960 2254 3030 etiam,
2284 2957 2369 3012 his
2413 2955 2732 3028 Hieronymi
2783 2957 2964 3030 verbis
3004 2974 3168 3030 supra
3216 2962 3377 3030 epist.
3413 2979 3444 3017 ι
3473 3004 3487 3027 ,
3517 2980 3572 3018 ιι.
3597 2965 3672 3020 4:

2071 3030 2199 3104 Cum
2224 3029 2490 3104 Ambrosio
2516 3030 2739 3104 societur
2764 3029 3086 3096 Auxentius,
3121 3029 3309 3101 junibr
3347 3034 3678 3104 intelligatur

2068 3101 2400 3165 Auxentius,
2434 3100 2574 3156 hunc
2615 3101 2980 3172 adulterinum
3020 3100 3338 3172 episcopum
3378 3107 3446 3159 ab
3481 3100 3673 3164 eodem

344 3191 602 3248 tempore
632 3171 995 3246 contigerint,
1029 3174 1512 3248 ttnisconjeeturis
1547 3173 1764 3240 assequi
1806 3171 1954 3228 licet.
1987 3178 2033 3240 ί]
2069 3173 2295 3229 Valente
2322 3172 2630 3227 ordinatum
2659 3171 2826 3228 fuisse
2850 3174 3044 3230 met-ito
3070 3171 3464 3244 conjeetemus.

343 3244 623 3310 Bai-unius
649 3251 716 3304 ad
743 3244 942 3304 annum
996 3249 1098 3302 ΞΠ
1131 3244 1490 3302 Valentiniani
1521 3247 1842 3314 rescriptum
1873 3262 1960 3300 re—

346 3327 490 3386 fert,
533 3339 641 3392 quo
671 3322 847 3378 Ursini
883 3322 934 3376 in
987 3320 1186 3392 Gallias
1238 3319 1304 3371 ita
1358 3317 1626 3392 mitigatur
1673 3316 1956 3392 exsiliunt,

346 3409 412 3450 ut
441 3387 787 3465 quocumque
808 3390 1133 3467 abscedendi
1167 3397 1405 3467 potestas
1443 3388 1495 3467 ei
1539 3388 1652 3467 liat,
1687 3387 1874 3467 modo_
1898 3405 1960 3442 ne

347 3469 424 3522 ad
445 3459 618 3523 urbem
645 3459 950 3521 [tantumvel
978 3472 1110 3518 certe
1133 3459 1511 3516 suburbicarias
1527 3459 1758 3526 regiones
1778 3459 1958 3524 pedem

346 3541 543 3608 inferat
565 3580 578 3600 ,
615 3553 776 3608 neque
801 3536 1040 3608 nequitite
1057 3607 1069 3608 γ
1088 3548 1200 3608 sua:
1232 3531 1845 3608 Διόηιξιςιὶοιιεηιδίωκέ-ιιι·
1868 3531 1956 3583 in-

348 3599 588 3680 fundere.
618 3599 774 3680 Anno
801 3599 1131 3680 Μίδαι-574,
1155 3599 1456 3680 titinepislh.
1479 3601 1571 3680 cit.
1593 3599 1952 3680 Hom.Cot_ic.,

348 3671 614 3743 ii.2.not.
642 3673 1385 3743 b,observavitnus,Ursinus
1416 3671 1658 3743 Gratiani
1693 3673 1958 3743 rescripto

350 3752 408 3806 in
427 3741 629 3809 Gallias
642 3741 994 3820 Agrippinam
1014 3746 1269 3820 amandat
1283 3761 1342 3799 us
1361 3754 1463 3800 est.
1482 3742 1633 3798 Unde
1645 3741 1956 3820 conjectura

350 3833 457 3887 est.
481 3839 548 3878 eo
571 3815 861 3876 intervallo
884 3818 1026 3890 quod
1054 3821 1190 3872 inter
1211 3827 1508 3890 utrumque
1521 3815 1838 3890 rescriptum
1856 3827 1958 3890 ex-

349 3884 555 3957 currit,
590 3884 925 3960 maximeque
956 3899 1077 3958 post
1100 3903 1384 3944 excessum
1415 3884 1778 3941 Valentiniani
1807 3926 1820 3949 ,
1856 3884 1958 3960 Ur-

347 3967 533 4022 sinum
561 3980 684 4020 sese
710 3958 1072 4020 Mediolanum
1102 3962 1402 4026 recepisse,
1435 3972 1495 4011 ac
1526 3966 1650 4011 tunc
1675 3958 1954 4023 temporis,

351 4053 414 4107 ea
449 4053 570 4107 quae
601 4035 764 4107 modo
793 4029 1416 4107 narrantur-eontigisse.
1460 4027 1696 4107 Qtt0t_l_s__i
1742 4027 1919 4107 i_ta_est
1941 4070 1954 4093 ,

348 4098 555 4163 Valéns
587 4103 995 4164 l’etavionensis
1021 4103 1306 4172 episc0ptts
1333 4099 1400 4154 ab
1423 4098 1714 4172 ιιιιιυιζῖἵῦ⁸
1751 4099 1954 4172 Italiam

349 4184 571 4233 turbare
617 4177 874 4245 emperit,
924 4189 1022 4228 nec
1057 4169 1168 4228 'nisi
1217 4172 1320 4226 hoc
1364 4184 1509 4245 anno
1553 4169 1649 4224 581
1682 4169 1958 4245 destiterit

347 4260 588 4319 Oportet.
638 4239 800 4306 Certe
844 4246 1193 4319 Aquileiense
1229 4241 1520 4319 concilium
1558 4239 1695 4305 apud
1724 4240 1959 4319 Ambro-

349 4311 494 4378 sium
533 4322 693 4392 epist.
725 4336 752 4374 κ
776 4361 792 4383 ,
833 4311 1026 4392 nﬁto,
1057 4333 1084 4367 a
1113 4316 1370 4371 Gratiano
1419 4311 1547 4378 petit
1603 4321 1654 4363 ut
1728 4311 1959 4392 pseudo-

350 4383 639 4463 episcopits
678 4390 1019 4463 ille_domuut
1060 4395 1256 4463 repetat
1300 4401 1478 4463 suam,
1515 4383 1958 4463 non-containing

348 4452 729 4533 ﬂorentissuma
771 4460 940 4515 Italite
974 4452 1258 4533 civitates,_
1281 4458 1540 4533 quiuunc
1576 4452 1772 4532 illicitis
1816 4453 1958 4533 ordi-

350 4527 644 4590 nationibus
689 4533 983 4588 consimiles
1024 4531 1108 4585 sui
1153 4531 1312 4584 sociat
1354 4527 1482 4591 sibi,
1531 4535 1578 4579 et
1616 4527 1954 4578 seminarium

350 4608 534 4682 quierit
559 4603 978 4682 ‘suteimpietatis
1013 4611 1166 4682 atque
1199 4598 1431 4669 perﬁdia:
1467 4613 1557 4664 per
1581 4610 1952 4682 quosquepei‘:

351 4678 488 4732 ditas
535 4677 918 4748 derelinquere,
960 4677 1046 4743 qui
1085 4677 1354 4745 e'piswpus
1397 4685 1502 4724 esse
1544 4684 1636 4722 nec

2142 3279 2162 3306 ο
2193 3266 2348 3335 Apud
2381 3266 2724 3320 Ambrosium
2757 3266 2917 3330 epist.
2949 3281 2983 3318 x
3011 3307 3024 3328 ,
3057 3281 3111 3318 ιι.
3142 3267 3206 3328 9,
3252 3266 3537 3321 haereticus
3575 3269 3677 3324 iste

2062 3338 2309 3394 Julianus
2337 3336 2538 3391 Valens
2571 3346 2938 3410 nuncupatur,
2969 3337 3275 3410 dicit‘ttl‘tﬂle
3302 3353 3356 3390 ιι.
3391 3338 3478 3410 l0.
3507 3340 3675 3410 primo

2062 3407 2915 3480 Petavionesuperpositus-sancto
2943 3407 3052 3459 viro
3082 3405 3282 3480 ﬂoreo,
3329 3409 3419 3480 sed
3444 3405 3674 3480 defectus

2062 3500 2091 3534 a
2131 3482 2274 3549 plebe
2309 3477 2672 3551 Mediolanum
2702 3477 3070 3551 inequilasse.
3121 3477 3196 3532 Ibi
3245 3488 3300 3533 et
3337 3479 3404 3535 de
3450 3477 3676 3551 pérditis

2061 3548 2180 3624 ejus
2213 3550 2456 3604 moribus
2482 3549 2637 3618 plura
2665 3548 2886 3603 videsis.

2133 3641 2162 3682 ἀ
2189 3645 2246 3698 lti
2274 3642 2404 3697 edit.
2438 3641 2694 3697 Ambros.
2726 3657 2944 3708 quorum
2978 3644 3156 3711 furore
3179 3643 3473 3713 respirabat
3509 3646 3667 3711 quod.

2136 3750 2160 3776 °
2189 3739 2351 3796 Sirm.
2383 3734 2817 3792 commonitionis.
2844 3733 3070 3789 Rectius
3094 3735 3341 3789 Ambros.
3372 3737 3502 3791 edit.
3533 3755 3672 3794 com-

2060 3810 2339 3866 munionis.
2372 3809 2485 3864 Hoc
2511 3808 2710 3860 dicitur
2735 3820 2801 3858 eo
2829 3820 2992 3858 sensu
3017 3821 3168 3877 ._quo
3197 3804 3503 3877 Cyprianus
3533 3810 3666 3864 edit.

2061 3882 2263 3936 Patnel.
2313 3880 2472 3948 epist.
2533 3893 2640 3939 t.v,
2688 3878 3010 3948 postmed..
3040 3875 3339 3948 Romanam
3367 3879 3666 3934 Ecclesiam

2034 3965 2218 4009 ~Vtic:tt
2248 3947 2532 4007 Ecclesium
2562 3947 2936 4018 principalem,
2964 3948 3100 4018 unde
3125 3947 3298 4002 unitas
3331 3950 3668 4006 sacerdotalis

2060 4035 2237 4081 exorta
2264 4033 2335 4078 est
2364 4039 2382 4077 :
2407 4015 2771 4088 observatque
2813 4017 2906 4071 lib.
2939 4018 3006 4071 de
3045 4015 3263 4072 Unttate
3297 4019 3442 4074 Eccl.
3477 4020 3666 4077 Chris-

2063 4105 2172 4150 tum
2192 4139 2205 4160 ,
2235 4104 2288 4149 ut
2317 4095 2563 4147 unitatem
2589 4089 2944 4157 manifestare!
2964 4130 2978 4153 ,
3006 4105 3161 4141 uuam
3196 4091 3498 4145 cathedra-nt
3548 4111 3671 4147 con-

2059 4169 2283 4221 stituisse
2307 4177 2356 4219 et
2377 4165 2592 4218 unitatis
2612 4161 2846 4233 ejusdem
2869 4161 3117 4231 originem
3130 4160 3324 4233 abuno
3347 4162 3560 4231 (Petro)
3587 4167 3668 4219 in-

2061 4242 2330 4308 cipientem
2358 4231 2708 4308 constituisse.
2740 4232 3003 4298 Quocirca
3029 4231 3415 4308 ecclesiastica:
3445 4237 3665 4291 unitatis

2061 4302 2306 4367 centrum
2352 4319 2405 4360 et
2455 4305 2744 4361 catholicae
2794 4302 3195 4377 communionis
3245 4304 3363 4358 fons
3415 4315 3468 4359 et
3513 4308 3666 4377 origo

2060 4394 2275 4449 semper
2307 4379 2548 4432 Ecclesia
2578 4377 2823 4429 Romana
2853 4372 3056 4426 credita
3090 4382 3191 4426 est.

2137 4451 2155 4488 ί
2192 4450 2352 4497 Matris
2381 4450 2622 4497 nlaeeret
2651 4446 2791 4497 turpi
2811 4484 2824 4497 .
2855 4444 3062 4496 scilicet
3089 4445 3288 4496 convici

2213 4457 2352 4498 vitulis
2381 4457 2622 4498 ntaeeret
2651 4457 2791 4498 turus
2811 4484 2824 4498 .
2855 4457 3062 4496 50111061.
3089 4459 3342 4498 convicto.

2137 4451 2155 4488 τ
2191 4451 2352 4518 Magis
2381 4451 2622 4510 placeret
2651 4451 2824 4513 turpi,
2855 4451 3062 4496 scilicet
3089 4451 3342 4498 convicio.

2137 4531 2159 4568 s
2193 4520 2352 4576 Anno
2380 4519 2477 4573 581
2516 4517 2803 4583 pneleetns
2831 4512 2991 4567 Urbis
3019 4512 3336 4568 Valerianus
3362 4526 3655 4583 annotatur

2061 4591 2196 4648 Cod.
2226 4590 2328 4644 Th.
2361 4589 2452 4644 lib.
2487 4580 2571 4660 vi,
2607 4586 2698 4660 tit:
2720 4584 2812 4660 i0,
2843 4584 2945 4652 leg.
2977 4583 3042 4660 ἓ,
3072 4593 3125 4635 et
3155 4585 3233 4638 tit.
3264 4586 3364 4660 26,
3399 4587 3505 4660 leg.
3533 4580 3589 4644 ἓξ

1683 4652 1853 4735 εόερὶί.
1901 4665 1958 4722 Si
1987 4658 2040 4718 D
2135 4660 2163 4698 ιι
2187 4661 2446 4732 Ambros.
2482 4658 2628 4713 Edit.
2664 4654 2939 4711 Dominum
2967 4652 3133 4708 Deum
3159 4657 3375 4726 gratias.

1758 4796 1896 4837 anno
1935 4793 2117 4836 DOIINI
2147 4775 2273 4833 385.

1045 4915 1070 4942 ⁸
1095 4901 1436 4961 EPISTULA
1471 4857 1718 4956 MAXIM]
1757 4891 2229 4953 IMPERATORIS
2253 4890 2346 4948 AD
2385 4887 2685 4947 SIRICIUM
2717 4885 2972 4943 PAPAM.

1701 4995 1783 5060 (ι).
1806 4993 1998 5056 Coust.,
2034 4991 2127 5043 col.
2161 4988 2300 5051 640.)

355 5112 626 5170 Maximus
651 5111 920 5166 catholicos
940 5108 1059 5177 ﬁdei
1089 5121 1268 5161 curam
1312 5104 1600 5186 pollicetur.
1648 5099 1882 5172 Spondet
1905 5107 1953 5152 et

432 5206 642 5277 Agricii,
673 5219 820 5274 quem
845 5202 1060 5260 Siricius
1086 5199 1156 5254 ad
1176 5197 1480 5271 presbyterii
1511 5193 1731 5268 gradum
1757 5191 1951 5246 indebi-

429 5355 456 5382 ⁸
495 5344 730 5399 Primum
777 5341 962 5400 Roman
997 5339 1140 5394 inter
1169 5335 1470 5406 pontiﬁcias
1499 5332 1754 5406 epistolas
1779 5347 1810 5386 e
1855 5346 1951 5386 ve-

351 5423 497 5472 tusto
527 5415 797 5470 Vaticana:
848 5405 1185 5465 bibliothecae
1232 5406 1420 5462 codice
1447 5405 1584 5460 edita
1634 5411 1737 5465 est,
1789 5414 1950 5470 atque

349 5489 483 5546 inde
506 5503 534 5541 a
568 5486 806 5539 Barottio
833 5483 898 5535 ad
923 5483 1125 5536 exitum
1151 5480 1274 5533 anni
1310 5479 1412 5532 587
1445 5477 1635 5529 relata.
1692 5475 1820 5527 Eam
1852 5489 1947 5540 po-

351 5562 462 5615 tius
487 5559 552 5614 ad
585 5571 788 5610 annum
818 5553 924 5610 585
965 5555 1194 5607 attinere
1224 5547 1604 5623 Ἰίηειηχιιιὶιιε
1633 5547 1943 5623 arbitratur.

348 5631 421 5688 Et
449 5646 510 5686 ea
542 5628 757 5701 quidem
789 5623 1137 5701 rescripsisse
1184 5622 1394 5701 videtur
1418 5619 1681 5701 blaximits
1711 5615 1946 5701 litteris,

347 5689 804 5773 quibus'Siricius
836 5689 994 5773 paulo
1041 5703 1159 5773 post
1192 5693 1393 5773 initum
1426 5689 1681 5772 Ecclesiae
1706 5689 1948 5773 regitiien

349 5760 651 5829 D'Iaximum
669 5769 748 5840 .ad
776 5760 1058 5824 catholicae
1082 5763 1209 5820 ﬁdei
1237 5763 1611 5820 defensionem
1635 5760 1947 5814 cohortatus

2134 5107 2181 5151 te
2210 5103 2500 5162 provectum
2548 5093 2824 5162 scripserat
2850 5133 2865 5158 ,
2911 5108 3124 5146 causam
3152 5094 3206 5146 in
3231 5094 3430 5164 synodo
3468 5094 3664 5147 exami-

2131 5187 2357 5242 nandum
2387 5200 2516 5239 esse.
2563 5182 2728 5240 Suum
2758 5184 2928 5239 denuo
2979 5185 3249 5253 proﬁtetur
3273 5201 3366 5254 pro
3409 5184 3660 5239 catholica

2055 5336 2222 5382 esset.
2272 5322 2474 5378 Deinde
2515 5321 2971 5399 qumluiiaximus
3020 5318 3086 5370 de
3136 5315 3363 5397 concilio
3412 5318 3652 5399 omniurn

2055 5401 2429 5468 episcoporum
2480 5390 2546 5469 ei
2595 5393 3026 5469 Galliisseuex
3076 5390 3313 5469 quinque
3365 5390 3653 5469 provinciis

2054 5458 2434 5540 congregando
2466 5467 2756 5540 e_loqui_tur,
2792 5461 2989 5540 indicio
3017 5467 3109 5538 est.
3131 5458 3396 5540 nihildum
3421 5474 3541 5539 eum
3586 5461 3654 5518 de

2054 5527 2197 5596 bello
2225 5581 2237 5599 ,
2258 5527 2411 5608 ﬁtted
2444 5536 2544 5590 sibi
2566 5527 2595 5587 a
2627 5531 2934 5608 Theodosio
2967 5527 3273 5608 immineret
3296 5569 3308 5588 ,
3344 5538 3395 5581 et
3449 5529 3499 5584 in
3545 5548 3654 5602 qtto

2054 5614 2178 5666 anni
2198 5598 2561 5677 SSSAugusto
2591 5617 2775 5656 mense
2793 5603 2963 5677 vietus
2991 5609 3151 5677 atque
3177 5598 3529 5677 interemptus
3547 5598 3648 5672 est,

2052 5683 2344 5754 quidquam
2383 5669 2714 5754 slt'tspi-ctltlltll
2740 5687 2880 5754 esse:
2929 5669 3047 5739 ipse
3085 5670 3342 5754 Blaroiiius
3369 5669 3461 5754 id,
3509 5669 3653 5754 qugd

2055 5741 2215 5809 tium:
2240 5753 2275 5808 4
2303 5751 2369 5805 de
2388 5741 2697 5803 Manichteis
2728 5743 2958 5814 proxime
2996 5741 3262 5812 proditum
3287 5743 3486 5803 dicitur
3510 5741 3540 5810 ,’
3583 5751 3652 5805 de
