4194 6184
525 289 624 347 591
657 253 659 262 ³

1026 274 1460 341 MONUMENTA
1497 268 1777 333 VETERA
1814 269 1906 326 AD
1946 258 2352 325 ARIANORUM
2388 252 2790 316 DOCTRINAM
2827 242 3349 312 PERTINENTIAl'

3715 244 3833 305 592

598 403 700 474 ﬁde
743 400 1006 463 studium;
1038 415 1100 450 ac
1154 395 1307 450 mittit
1335 403 1497 466 gesta,
1529 391 1710 461 quibus
1762 403 1938 440 recens
1990 400 2108 453 pro-
2143 392 2193 449 Α
2222 377 2360 432 intra
2384 376 2620 447 quinque
2643 371 2996 444 provinciasb
3024 374 3432 474 commorantur
3453 407 3467 432 ,
3586 378 3689 436 qua
3717 365 3835 419 cle-

599 497 705 550 dita
718 503 835 548 sunt
852 490 1254 546 Manichaeorum
1268 505 1354 544 seu
1376 484 1887 540 Priscillianistarum
1910 480 2122 536 scelera.

529 633 712 689 Victor
740 629 1007 686 Maximus
1036 635 1328 698 perpetuus
1359 619 2000 694 triumphatorAugustus
2031 616 2128 670 do-

597 724 745 778 mino
775 737 902 786 vere
922 731 1110 777 sancto
1137 727 1165 756 α
1200 717 1498 789 apostolico
1515 716 1630 770 viro
1648 711 1844 770 Siricio
1872 710 2126 782 episcopo

601 814 856 871 salutem.

597 936 639 992 Ι.
671 935 848 992 Siricii
875 936 1060 988 littera:
1084 933 1248 1002 ipsius
1271 931 1874 1004 dignitati‘congruaaw-
1899 921 2128 995 Accepi-

529 1045 649 1085 mus
681 1029 886 1083 litteras
910 1026 1224 1081 Sanctitatis
1246 1034 1376 1091 tuae,
1409 1039 1528 1094 qua:
1559 1024 1715 1076 nobis
1756 1021 1908 1076 fuere
1933 1019 2128 1090 gratis-

526 1123 682 1178 sima:
706 1164 721 1188 ,
757 1135 983 1190 quaeque
1015 1119 1170 1188 plane
1198 1126 1253 1173 et
1283 1117 1488 1172 nomini
1520 1115 1838 1179 sacerdotis,
1873 1122 1928 1168 et
1954 1111 2130 1182 digni-

530 1219 624 1274 tati
653 1217 815 1273 Urbis
860 1214 1315 1286 Splendidissimae
1363 1211 1738 1267 convenirent.
1792 1207 1942 1262 Fidei
1996 1219 2129 1262 vero

528 1311 835 1374 catholicae,
864 1308 931 1364 de
955 1323 1058 1378 qua
1086 1305 1429 1363 clementiam
1457 1313 1695 1359 nostram
1723 1301 2012 1356 consulere
2035 1313 2130 1353 vo-

529 1405 672 1460 luisti
701 1445 715 1468 ,
747 1417 855 1473 quo
886 1400 1058 1470 majus
1083 1401 1227 1453 circa
1262 1414 1347 1452 me
1375 1407 1428 1452 et
1458 1395 1696 1466 speciale
1741 1392 2001 1463 judicium
2047 1390 2130 1446 di-

531 1495 773 1553 vinitatis
813 1493 1096 1565 experior,
1150 1491 1252 1546 hoc
1283 1507 1368 1544 me
1415 1489 1680 1543 conliteor
1709 1501 1892 1540 curam
1927 1483 2128 1540 habere

528 1591 824 1659 majorem;
855 1585 943 1657 qui
975 1584 1226 1640 videlicet
1247 1582 1312 1636 ad
1346 1582 1628 1652 imperium
1660 1579 1728 1634 ab
1779 1580 1896 1648 ipso
1944 1577 2126 1633 statim

525 1682 748 1737 salutari
781 1682 927 1734 fonte
946 1675 1358 1733 conscenderim
1386 1716 1399 1736 ,
1433 1682 1487 1726 et
1513 1672 1598 1726 cui
1626 1672 1681 1725 in
1704 1670 1957 1724 omnibus
1985 1684 2130 1724 sem-

2228 469 2405 541 gerint
2427 468 2562 523 urbe
2583 467 2928 530 constituam;
2956 475 3012 518 ut
3039 464 3228 519 iisdem
3260 459 3626 518 residentibus
3654 466 3709 513 et
3735 472 3830 511 co-

2228 562 2636 633 gnoscentibus,
2668 559 2793 632 quid
2819 559 3014 613 habeat
3041 555 3393 621 consuetudo,
3428 553 3554 624 quid
3582 553 3714 622 legis
3738 554 3829 618 sit,

2223 655 2518 726 judieetur.
2553 654 2680 709 Hice
2728 653 2898 718 enim,
2929 667 3048 721 quae
3080 650 3236 706 libris
3266 658 3393 705 sunt
3434 646 3728 702 asserenda
3776 653 3834 700 et

2230 749 2498 819 majorum
2533 756 2846 802 nostrorum
2900 743 3323 815 religiosissimis
3351 740 3662 796 constitutis
3687 780 3701 804 ,
3727 737 3831 810 ipsi

2231 852 2458 913 possunt
2482 842 2678 897 melius
2698 841 2980 896 adstruere
3009 838 3096 910 qui
3125 846 3341 893 norunt.

2305 936 2391 990 lll.
2409 936 2676 991 Cat-ternm
2706 934 2757 989 id
2782 933 2938 989 nobis
2967 931 3212 987 animiet
3233 929 3526 986 voluntatis
3550 943 3672 985 esse
3701 942 3832 999 pro-

2232 1032 2447 1086 ﬁtemur
2475 1073 2488 1095 ,
2522 1039 2578 1082 ut
2603 1027 2738 1083 ﬁdes
2762 1024 3028 1082 catholica
3054 1065 3068 1090 ,
3103 1023 3291 1094 procul
3314 1023 3459 1077 omni
3486 1022 3835 1076 dissensione

2231 1125 2480 1179 submota
2509 1164 2522 1186 ,
2555 1119 3013 1176 concordantibus
3037 1116 3306 1171 universis
3349 1114 3722 1171 sacerdotibus
3776 1123 3834 1168 et

2233 1217 2565 1272 unanimiter
2595 1215 2708 1270 Deo
2751 1212 3115 1269 servientibus
3139 1253 3153 1274 ,
3201 1211 3368 1265 illicsa
3420 1220 3474 1264 et
3505 1207 3837 1264 inviolabilis

2233 1315 2564 1381 perseveret.
2599 1307 2732 1362 Nam
2779 1315 2967 1362 noster
2990 1304 3255 1360 adventus
3305 1306 3376 1358 ita
3409 1303 3685 1374 inquinata
3735 1302 3837 1357 ali-

2233 1418 2338 1472 qua
2370 1410 2424 1457 et
2453 1401 2842 1457 sceleratorum
2873 1399 2991 1452 labe
3020 1397 3224 1468 polluta
3254 1395 3612 1466 deprehendit
3638 1404 3694 1451 et
3747 1410 3838 1452 re-

2235 1494 2395 1564 perit,
2424 1503 2483 1548 ut
2507 1493 2610 1548 nisi
2641 1501 2822 1547 nostra
2856 1491 3099 1560 provisio
3119 1500 3283 1560 atque
3315 1489 3602 1553 medicina,
3625 1505 3747 1559 qua:
3765 1503 3834 1544 ex

2233 1586 2330 1640 Dei
2361 1586 2554 1641 summi
2592 1583 2790 1640 timore
2814 1582 3088 1650 veniebat,
3123 1583 3204 1636 his
3231 1597 3390 1652 opem
3413 1580 3669 1637 celeriter
3685 1590 3834 1635 attn-

2235 1680 2389 1735 lissct
2415 1721 2430 1746 ,
2464 1680 2655 1750 ingens
2683 1676 2925 1747 profecto
2945 1674 3177 1730 divulsio
3203 1685 3370 1745 atque
3393 1674 3623 1744 perditio
3648 1672 3841 1729 luisset

526 1791 624 1845 per
644 1773 926 1830 conatilms
948 1778 1110 1840 atque
1139 1767 1485 1824 successibus
1509 1764 1654 1819 Deus
1678 1760 2123 1827 lautoradluerit,
2159 1788 2206 1848 Β
2236 1780 2421 1827 exorta
2445 1812 2460 1836 ,
2505 1779 2559 1826 ει
2578 1771 2668 1824 vix
2699 1768 2938 1824 sananda
2971 1776 3153 1838 postea
3182 1768 3311 1821 vitia
3342 1766 3766 1822 concrevisseni,

523 1871 787 1937 cujusque
811 1864 973 1920 hodie
995 1871 1049 1918 et
1073 1903 1087 1926 ,
1125 1871 1182 1916 ut
1231 1874 1394 1930 spero
1421 1899 1435 1923 ,
1470 1866 1734 1927 perpetuo
1771 1863 2046 1925 protector
2071 1860 2126 1908 et
2198 1934 2201 1936 _

521 1973 707 2017 custos
725 1975 844 2016 esse
876 1959 1158 2028 dignetur,
1194 1963 1345 2020 pater
1389 1951 1731 2008 charissime.

597 2057 662 2112 ll.
698 2055 890 2128 Agricii
919 2070 1075 2107 causa
1097 2053 1150 2105 in
1180 2049 1453 2105 Gallicana
1476 2058 1728 2102 conventu
1758 2045 2123 2119 dijudicanda.

522 2181 594 2192 ——-
623 2149 892 2202 Cmterum
915 2145 984 2199 de
1014 2144 1254 2213 Agricio,
1281 2157 1438 2211 quem
1470 2139 1713 2194 indebite
1740 2138 1807 2193 ad
1843 2138 2127 2208 presbyte-

526 2242 593 2296 rii
623 2240 850 2308 gradum
879 2235 1267 2292 conscendisse
1296 2247 1692 2289 commemoras
1712 2275 1726 2297 ,
1761 2232 1889 2301 quid
1915 2231 2130 2301 religio-

525 2337 582 2391 ni
635 2344 832 2388 uostra:
875 2330 1156 2386 catholica:
1205 2343 1423 2398 possum
1456 2335 1717 2398 praestare
1744 2326 2082 2381 reverentius
2109 2366 2123 2390 ,

527 2443 689 2501 quam
719 2435 776 2480 ut
799 2425 867 2480 de
894 2424 998 2479 hoc
1029 2425 1168 2492 ipso,
1229 2421 1532 2492 cujusmodi
1558 2435 1681 2474 esse
1707 2419 1956 2474 videatur
1981 2460 1996 2484 ,
2031 2433 2124 2473 ca-

528 2523 713 2577 tholici
735 2520 978 2592 judicent
1022 2515 1379 2573 sacerdotes?
1431 2514 1670 2582 Quorum
1702 2522 2026 2568 conventum
2058 2526 2126 2566 ex

522 2615 926 2688 opportunitate
957 2612 1196 2668 omnium
1227 2599 1316 2665 vel
1362 2610 1451 2680 qui
1479 2611 1623 2664 intra
1647 2607 1850 2664 Gallias
1876 2650 1890 2674 ,
1924 2607 2009 2663 vel
2037 2608 2126 2678 qui

527 2754 950 2812 Priscillianistis
977 2751 1441 2821 interpretandum
1457 2763 1579 2804 esse
1610 2759 1778 2814 notat,
1800 2748 2022 2818 ejusque
2047 2750 2126 2804 in-

525 2827 897 2898 terpretationi
921 2840 1079 2879 nemo
1102 2823 1297 2898 merito
1324 2821 1812 2898 rel‘ra_getur_.lttqui
1835 2821 2128 2898 Priscillia:

527 2891 630 2953 nus
672 2915 735 2953 ac
763 2897 896 2953 socii
926 2912 1067 2951 anno
1093 2896 1198 2950 585
1241 2895 1474 2949 convicti
1508 2892 1786 2958 punitique
1838 2900 1983 2946 sunt.
2042 2891 2124 2946 Ad

525 2970 774 3026 eumdem
831 2969 990 3039 igitur
1029 2967 1448 3039 annumrelerri
1489 2965 1820 3039 jurepotest
1864 2966 2126 3039 scriptum

525 3042 578 3095 in
604 3057 711 3109 quo
741 3035 1004 3096 Maximus
1051 3039 1177 3109 quid
1226 3037 1294 3092 de
1328 3037 1433 3090 illis
1485 3037 1715 3109 proxime
1742 3035 2121 3109 proditumsit,

523 3107 765 3176 nuntiat,
798 3123 851 3165 et
881 3110 1006 3182 quid
1033 3107 1131 3163 hac
1161 3110 1446 3164 occasione
1477 3107 1546 3182 sit
1571 3115 1783 3182 gestum
1810 3147 1824 3171 ,
1859 3107 2007 3161 velut
2035 3121 2127 3161 re-

525 3197 656 3239 cens
684 3175 1011 3239 ac’uondum
1038 3181 1227 3235 Romae
1258 3189 1466 3244 notum,
1497 3175 1784 3246 signiﬁcat.

600 3263 625 3290 ίι
667 3254 779 3342 Hoc
805 3263 922 3319 est,
952 3252 1183 3322 apostoli
1216 3251 1359 3305 Petri
1415 3248 1760 3342 successori)
1789 3247 1945 3317 cujus
1969 3249 2126 3303 sedes
2155 3278 2203 3342 Ο

525 3327 812 3396 apostolica
838 3367 852 3390 ,
884 3317 937 3377 et
959 3317 1306 3396 successores
1344 3318 1616 3396 apostolici
1642 3317 1748 3396 dici
1779 3331 2121 3396 meruerunt.

597 3395 626 3434 ι)
664 3389 1048 3451 NarbOnenses
1069 3395 1313 3461 scilicet,
1349 3389 1406 3448 ut
1437 3389 1820 3447 Tillemontius
1853 3389 2125 3461 interpre-

533 3475 695 3522 tatur.

607 3549 628 3576 ο
672 3537 783 3592 Hoc
806 3545 910 3601 est,
940 3537 1017 3592 uti
1038 3537 1149 3608 jam
1172 3535 1469 3608 secundum
1499 3533 2133 3608 Baroniumpbservavi-

533 3605 1118 3676 mus,Priscillianistas
1135 3651 1150 3677 ,
1174 3607 1295 3664 ideo
1312 3607 1528 3678 quidem
1553 3607 1631 3662 sic
1655 3606 1978 3677 appellatos,
2003 3605 2132 3677 quia

2306 1861 2811 1918 1V.Maniclia:orum
2835 1859 3051 1929 infanda
3080 1859 3292 1915 scelera.
3311 1889 3385 1899 —
3403 1857 3674 1914 Caeterum
3702 1855 3837 1928 quid

2233 1955 2409 2011 adhuc
2433 1955 2674 2024 proxime
2698 1953 2967 2023 proditum
2992 1953 3061 2007 sit
3085 1952 3413 2008 Manichaeos
3446 1963 3466 1990 ε
3492 1951 3718 2006 sceleris
3745 1949 3836 2004 ad-

2233 2051 2450 2105 mittere
2472 2090 2488 2116 ,
2519 2062 2624 2102 non
2653 2048 3008 2116 argumentis,
3042 2062 3216 2115 neque
3236 2044 3636 2113 suspicionibus
3655 2042 3839 2098 dubiis

2235 2142 2320 2196 vel
2349 2141 2592 2207 incertis,
2608 2139 2701 2196 sed
2728 2141 2963 2209 ipsorum
2979 2139 3320 2193 confessione
3340 2139 3480 2192 inter
3495 2136 3695 2206 judicia
3713 2151 3840 2206 pro-

2235 2233 2360 2288 latis
2379 2275 2395 2300 ,
2445 2233 2590 2287 malo
2615 2231 2757 2302 quod
2801 2247 2865 2285 ex
2891 2232 3059 2301 gestis
3082 2229 3210 2300 ipsis
3237 2239 3325 2283 tua
3349 2230 3609 2284 sanctitas
3633 2269 3647 2291 ,
3674 2243 3835 2300 quam

2235 2342 2304 2383 ex
2335 2335 2522 2382 nostro
2551 2342 2644 2381 ore
2675 2334 3002 2396 cognoscat;
3037 2329 3160 2395 quia
3183 2322 3552 2392 hujuscemodi
3582 2338 3687 2376 non
3718 2336 3838 2377 mo-

2231 2426 2302 2481 do
2331 2425 2468 2480 facta
2504 2425 2676 2494 turpia
2698 2467 2712 2491 ,
2745 2438 2934 2478 verum
2979 2422 3141 2477 etiam
3183 2420 3325 2478 [inda
3355 2419 3500 2476 dictu
3524 2463 3540 2485 ,
3585 2417 3838 2491 proloqui

2238 2519 2355 2575 sine
2387 2519 2583 2574 rubore
2613 2533 2717 2572 non
2751 2530 3060 2587 possumus.
3093 2514 3256 2569 Manu
3286 2513 3659 2595 Imperatoris,
3691 2510 3840 2567 Divi-

2233 2615 2372 2669 nitas
2398 2623 2449 2669 te
2470 2621 2651 2669 servet
2680 2627 2775 2683 per
2797 2611 2994 2666 multos
3020 2625 3214 2666 annos.

2234 2751 2424 2806 insana
2457 2751 2740 2806 Manichrci
2769 2757 3074 2806 commenta
3100 2747 3492 2802 instaurabant.
3517 2745 3600 2801 Nil
3622 2744 3840 2800 videtur

2234 2823 2560 2879 incommodi
2584 2865 2598 2886 ,
2623 2824 2666 2876 si
2699 2822 2839 2890 quod
2865 2822 3130 2876 Maximus
3157 2828 3212 2876 et
3235 2821 3483 2888 superius
3508 2818 3577 2890 de
3602 2817 3840 2890 sceletja-

2235 2904 2410 2947 torum
2443 2887 2798 2963 quorumdam
2819 2893 3072 2947 sordibus
3099 2933 3113 2955 ,
3147 2887 3341 2959 quibus
3365 2905 3528 2963 opem,
3546 2888 3696 2963 _l'erre
3725 2887 3838 2963 “fe-

2235 2958 2491 3029 stinarit',
2522 2974 2576 3019 et
2627 2980 2769 3019 nunc
2795 2965 2864 3018 de
2889 2958 3308 3018 Manichaeorum
3342 2958 3640 3016 sceleribus
3668 2958 3840 3012 adhuc

2235 3037 2468 3104 proxime
2487 3036 2714 3090 detectis
2741 3037 3034 3104 eloquitur,
3067 3034 3135 3089 de
3165 3033 3354 3088 iisdem
3409 3031 3839 3104 Priscillianistis

2236 3103 2681 3175 interpretemur.
2713 3103 2887 3176 primo
2910 3106 3126 3177 quidem
3159 3104 3458 3173 Burdigala:
3483 3104 3535 3157 in
3565 3103 3798 3177 concilio
3819 3143 3834 3166 ,

2233 3172 2569 3246 quod'hujus
2605 3172 2949 3245 imperatoris
2975 3177 3126 3246 jussu
3158 3178 3302 3231 circa
3334 3172 3534 3229 annum
3563 3175 3669 3246 '58}
3696 3172 3843 3246 cele-

2233 3248 2450 3304 bratum
2474 3245 2589 3313 est,
2623 3264 2687 3319 ac
2713 3248 2910 3304 deinde
2940 3245 3178 3319 Treviris
3204 3247 3272 3319 ab
3296 3247 3531 3319 ipsemet
3581 3245 3839 3319 Maximo,

2233 3335 2394 3390 quem
2434 3316 2837 3389 appellaverant
2866 3361 2880 3382 ,
2914 3317 3309 3390 condemnatis.
3344 3317 3551 3390 Nempe
3579 3316 3843 3390 particula

2235 3386 2409 3444 adhuc
2428 3386 2629 3463 aliquid
2661 3392 2782 3463 novi
2811 3391 3041 3463 sceleris
3057 3389 3292 3463 Treviris
3317 3388 3587 3457 proditum
3601 3386 3840 3463 indicat,

2237 3459 2534 3588 prfrtfrlea
2582 3478 2701 3534 quae
2742 3462 2853 3534 jam
2885 3461 3185 3533 Burdigalae
3233 3460 3446 3516 detecta
3501 3459 3840 3530 probataque

2269 3551 2297 3588 ll
2403 3551 2430 3587 ll
2467 3572 2481 3587 .

2269 3549 2430 3589 uerau
2443 3542 2481 3588 t.

1049 3742 1383 3801 EPISTULA
1413 3741 1654 3799 MAXIMI
1700 3739 2166 3798 IMPERATORIS
2203 3740 2298 3795 AD
2337 3739 2913 3799 VALENTINIANUM
2953 3741 3360 3801 AUGUSTUM.

1730 3854 1907 3918 (Labb.
1935 3853 2122 3905 Concil.
2150 3857 2269 3905 tom.
2295 3853 2363 3903 Il.
2389 3852 2484 3904 col.
2515 3853 2681 3918 1051.)

543 3969 940 4027 Valentinianus
987 3967 1170 4038 junior
1219 3966 1499 4034 Augustus,
1528 3960 1738 4015 Iustina
1800 3969 1986 4026 matre,
2028 3974 2143 4030 quae

611 4066 820 4118 Ariana:
874 4062 1057 4115 haeresi
1109 4068 1220 4114 erat
1251 4058 1488 4115 addicta.
1521 4055 1819 4124 instigante,
1854 4051 2143 4108 Mediolani

619 4157 680 4212 S.
715 4155 1061 4219 Ambrosium,
1103 4162 1148 4206 et
1178 4160 1388 4205 steteras
1437 4148 1727 4203 Catholicos
1768 4149 1954 4202 acriter
2008 4149 2144 4202 inse-

539 4257 544 4261 ’
617 4249 846 4305 ctabatur
878 4264 896 4301 :
924 4264 1025 4318 qua
1075 4261 1131 4299 re
1169 4243 1398 4315 cognita,
1429 4241 1692 4296 Maximus
1723 4238 2144 4294 Valentinianum

547 4356 557 4362 '
617 4346 875 4410 hortatur,
899 4351 954 4395 ut
980 4350 1244 4410 paternam
1288 4337 1518 4390 imitatus
1570 4335 1886 4405 religionem,
1914 4350 1946 4386 a
1981 4335 2030 4388 vi
2057 4349 2143 4388 ec-

619 4439 786 4493 clesiis
833 4446 880 4490 et
931 4433 1277 4490 sacerdotibus
1332 4431 1601 4503 inferenda
1651 4429 1921 4484 abstineat.

620 4531 731 4585 Nisi
764 4527 1070 4584 clementiae
1099 4534 1303 4581 nostra
1348 4523 1488 4578 circa
1531 4523 1878 4577 serenitatem
1913 4530 2057 4575 tuam
2082 4520 2146 4573 ﬁ-

552 4623 647 4678 des
676 4620 910 4691 simplex
940 4629 1109 4683 esset,
1138 4629 1192 4672 et
1242 4616 1416 4686 gratia
1446 4617 1600 4685 plena
1656 4615 1983 4677 concordiae.
2017 4629 2147 4670 con-

555 4714 661 4768 ﬁdo
717 4714 903 4777 etiam,
949 4711 1090 4783 quod
1141 4709 1424 4765 commoda
1482 4708 1783 4762 rationibus
1836 4710 1972 4763 meis
2027 4722 2150 4763 esse

556 4820 776 4876 possent
818 4805 954 4871 haec,
1001 4819 1119 4874 qum
1171 4816 1315 4856 nunc
1364 4801 1448 4869 agi
1499 4800 1751 4854 dicuntur
1801 4799 1854 4854 in
1907 4800 2151 4869 partibus

2248 3959 2451 4014 idcirco
2496 3959 2891 4030 perennitatem
2949 3971 3096 4016 tuam
3139 3961 3472 4018 credidimus
3500 3977 3851 4020 commonen-

2249 4052 2395 4120 dam,
2429 4065 2484 4107 ut
2513 4054 2842 4125 introspecta
2887 4055 3099 4111 ratione
3127 4056 3363 4112 nominis
3402 4058 3620 4123 summi,
3652 4068 3706 4115 et
3736 4073 3850 4114 ma-

2243 4145 2458 4217 jestatis
2477 4148 2644 4218 ipsius
2662 4151 3000 4208 considerata
3028 4154 3286 4223 potentia,
3305 4155 3431 4226 quid
3447 4171 3608 4228 agere
3625 4157 3848 4224 debeas,

2249 4240 2422 4295 solida
2449 4250 2630 4298 mente
2656 4245 2983 4316 perpendes.
3016 4246 3208 4301 Audivi
3238 4248 3380 4303 enim
3400 4249 3546 4317 (nam
3574 4250 3715 4306 fama
3743 4266 3852 4308 non

2251 4335 2453 4404 patitur
2475 4337 2759 4404 occultari,
2791 4339 3091 4410 praesertim
3121 4341 3267 4410 quod
3299 4352 3492 4411 agatur
3519 4343 3569 4397 in
3599 4343 3850 4416 populos)

2254 4430 2411 4484 novis
2439 4429 2744 4486 clementiae
2791 4439 2898 4486 ture
2924 4430 3118 4487 edictis
3163 4433 3408 4490 ecclesiis
3433 4436 3713 4492 catholicis
3742 4436 3852 4491 vim

2255 4519 2458 4574 illatam
2489 4519 2678 4587 fuisse,
2704 4521 2941 4578 obsideri
2969 4523 3022 4577 in
3047 4523 3284 4581 basilicis
3311 4528 3655 4596 sacerdotes,
3706 4529 3850 4584 mul-

2255 4620 2398 4664 ctam
2441 4626 2563 4667 esse
2593 4615 2949 4684 propositam,
2995 4632 3210 4687 poenam
3261 4621 3453 4690 capitis
3482 4621 3771 4692 adjectam,
3800 4632 3856 4680 et

2255 4704 2426 4774 legem
2469 4707 2872 4762 sanctissimam
2929 4711 3029 4768 sub
3084 4715 3304 4771 nomine
3335 4719 3518 4773 nescio
3544 4719 3698 4788 cujus
3721 4719 3857 4791 legis

2258 4801 2448 4855 everti.
2481 4800 2594 4856 lloc
2641 4817 2800 4872 quam
2846 4819 3010 4874 grave
3038 4808 3128 4874 sit,
3161 4810 3365 4878 poteris
3419 4811 3638 4877 intueri,
3669 4813 3717 4868 si
3760 4813 3856 4870 Dei

558 4896 959 4966 tranquillitatis
1016 4903 1144 4960 tute,
1193 4893 1472 4947 catholicas
1518 4892 1650 4962 legis
1715 4893 1946 4948 turbatio
1991 4904 2151 4963 atque
2180 4889 2231 4949 D
2259 4894 2683 4964 magnitudinem
2728 4899 2965 4955 volueris
2993 4903 3251 4974 cogitare.
3280 4905 3576 4974 Erubesco,
3603 4908 3649 4964 si
3690 4924 3859 4978 quam

557 4990 854 5046 convulsio.
882 4987 1020 5055 Quid
1043 4985 1186 5042 enim
1235 4994 1342 5039 tam
1392 4985 1682 5055 optandum
1733 4987 1903 5055 possit
1931 5000 2054 5042 esse
2077 4989 2150 5052 ei,

555 5082 603 5138 si
634 5082 756 5153 quis
785 5091 927 5136 esset
967 5079 1234 5142 inimicus,
1267 5093 1428 5146 quam
1459 5077 1720 5133 adversus
1751 5077 2013 5132 ecclesias
2036 5077 2149 5143 Dei,

558 5174 664 5229 hoc
684 5182 787 5239 est,
834 5171 1099 5226 adversus
1137 5171 1306 5225 Deum
1356 5171 1552 5239 ipsum,
1581 5177 1636 5224 et
1659 5169 1837 5239 aliqua
1867 5167 2066 5230 moliri,
2103 5176 2158 5223 et

562 5265 650 5320 ubi
683 5281 836 5320 error
857 5262 1183 5318 excusabilis
1215 5277 1320 5315 non
1353 5267 1455 5324 est,
1489 5261 1558 5313 ibi
1584 5261 1722 5314 velle
1753 5275 1978 5330 peccare
2002 5261 2025 5315 ?
2046 5261 2155 5317 Sed

557 5360 812 5429 quoniam
843 5356 1119 5413 serenitati
1151 5366 1348 5410 nostra:
1375 5361 1429 5406 et
1459 5352 1513 5406 in
1548 5352 1712 5407 Deum
1741 5352 1931 5422 religio
1961 5353 2152 5424 major,

558 5468 718 5522 quam
735 5450 923 5506 violari
945 5451 1107 5505 etiam
1141 5449 1207 5502 ab
1235 5445 1606 5501 inimicissimo
1628 5461 1844 5516 quoque
1874 5462 1982 5502 non
2005 5457 2157 5516 opta-

560 5542 667 5595 bile
698 5542 853 5595 nobis
886 5539 1234 5600 arbitramur,
1267 5546 1322 5592 et
1354 5536 1496 5592 circa
1525 5537 1926 5592 serenissimam
1956 5539 2152 5606 juven-

563 5641 728 5687 tutcm
755 5645 897 5689 tuam
927 5645 1032 5688 tam
1059 5641 1207 5687 arcta
1238 5631 1406 5686 nostri
1436 5645 1584 5696 cura,
1619 5639 1724 5684 tam
1757 5629 1946 5686 sedula
1969 5639 2073 5697 est,
2098 5639 2160 5686 ut

560 5735 704 5784 recte
730 5727 869 5784 facta
898 5727 1066 5797 magis
1103 5740 1203 5782 nos
1249 5739 1368 5792 sua,
1407 5739 1567 5796 quam
1605 5733 1784 5780 errata
1840 5722 2146 5792 delectent;

2257 4985 2548 5042 crediderit
2577 4990 2845 5045 serenitas
2876 5000 2963 5045 tua
3022 4993 3306 5052 adstruere
3336 4999 3528 5054 vellem
3562 5001 3854 5068 rationem,

2259 5087 2314 5134 et
2341 5079 2431 5134 Dei
2461 5095 2622 5150 agere
2649 5095 2886 5137 causam.
2921 5083 3061 5152 Quid
3089 5087 3233 5142 enim
3257 5090 3302 5144 si
3335 5088 3440 5146 hoc
3461 5091 3636 5147 solum
3667 5093 3860 5148 esset?

2258 5172 2311 5229 Si
2335 5175 2478 5228 enim
2501 5173 2610 5243 jam
2643 5191 2739 5243 per
2760 5183 2840 5231 tot
2883 5180 3079 5235 saecula
3100 5182 3291 5237 coalita
3315 5191 3370 5240 et
3390 5184 3707 5241 conﬁrmata
3737 5202 3862 5243 mu-

2261 5272 2398 5330 tare,
2442 5281 2732 5333 parvamne
2763 5270 3000 5327 excitare
3041 5271 3365 5330 discordiam
3411 5277 3699 5336 videretis?
3726 5278 3859 5350 ipsis

2262 5354 2511 5411 humanis
2541 5358 2749 5430 legibus
2773 5361 2824 5416 in
2858 5363 2960 5418 hac
3004 5366 3332 5423 mortalitate
3363 5367 3527 5425 habet
3559 5379 3743 5428 nostra
3773 5386 3863 5429 re-

2262 5452 2558 5506 verentiam
2604 5456 2958 5522 consuetudo,
3017 5468 3073 5513 et
3125 5460 3177 5514 in
3232 5477 3292 5516 re
3314 5461 3426 5531 jam
3460 5472 3670 5520 vetusta
3697 5476 3864 5537 atque

2259 5545 2454 5600 usitata
2495 5547 2699 5618 aliquid
2776 5567 2972 5606 novum
3027 5552 3266 5623 fecisse,
3334 5559 3693 5627 reprehensio
3750 5567 3859 5614 est.

2260 5635 2411 5692 Italia
2434 5640 2614 5695 omnis
2662 5651 2824 5712 atque
2869 5643 3048 5699 Africa
3103 5644 3205 5702 hoc
3232 5659 3576 5706 sacramento
3605 5649 3856 5714 credunt,

2260 5730 2362 5789 hac
2401 5733 2506 5792 ﬁde
2537 5735 2838 5806 gloriantur
2890 5737 3087 5807 Gallia,
3143 5741 3454 5812 Aquitania,
3502 5745 3682 5802 omnis
3735 5742 3857 5800 llis-
