4194 6184
426 281 537 337 595

921 280 1353 338 MONUMENTA
1398 279 1682 336 VETERA
1724 280 1817 335 AD
1856 278 2265 337 ARIANORUM
2306 279 2702 337 DOCTRINAM
2745 280 3225 337 PERTINENTIA.

3622 282 3725 338 594

422 399 604 470 pania,
638 398 807 453 Roma
861 398 974 466 ipsa
1024 396 1365 460 venerabilis,
1409 395 1559 465 cujus
1605 397 1765 449 etiam
1826 396 1878 451 in
1926 395 2025 451 liae
2053 397 2103 458 Α
2130 406 2345 467 quanta:
2372 412 2437 451 ex
2471 396 2573 451 hoc
2591 396 2876 451 discordia:
2907 398 3318 454 excitabuntur!
3352 407 3565 469 quantae
3596 413 3725 455 con-

421 499 577 565 parte
602 482 932 562 principatus
964 501 1042 544 est
1068 531 1080 556 ,
1113 488 1253 558 quod
1284 488 1459 569 Deum
1485 487 1623 542 sicut
1651 488 1800 557 sequi
1832 488 2019 556 voluit,

421 586 669 655 agnovit.
722 584 1038 639 Conlitebor
1092 583 1209 652 ipse
1268 582 1409 652 quod
1451 598 1555 635 non
1616 582 1731 636 sine
1788 597 2023 638 mmrore

421 678 629 733 dictum
671 686 773 742 est,
816 676 989 731 solum
1068 674 1423 730 dissentiebat
1460 673 1730 744 Illyricum
1770 690 1784 737 ;
1818 674 2021 728 utinam

419 771 565 842 quod
587 779 843 835 errasset,
878 784 983 823 non
1015 776 1258 823 exstaret
1281 766 1615 836 exemplum!
1644 765 1857 822 Utinam
1892 767 2022 822 illud

422 866 691 921 incolume
715 865 933 919 Arianae
961 863 1095 933 legis
1127 861 1466 916 Mursinensc
1519 860 1773 929 oppidum
1804 876 2020 931 perma-

419 970 598 1028 neret,
642 970 695 1017 et
727 960 923 1014 nonad
952 958 1217 1029 judicium
1259 958 1530 1029 quondam
1586 958 1790 1012 erroris
1838 957 2022 1013 miseri

421 1053 948 1122 concidissent,quia
982 1053 1126 1119 ipsos
1152 1052 1417 1106 erudisset
1437 1063 1709 1117 auctores,
1738 1068 1802 1105 ne
1832 1051 2023 1121 prirci-

422 1163 523 1220 pua
548 1146 672 1201 irati
699 1145 935 1200 numinis
961 1145 1164 1201 ultione
1197 1144 1612 1214 procumberent
1639 1162 1651 1199 :
1695 1144 2021 1214 periculose,

419 1238 548 1294 mihi
577 1238 761 1300 crede,
784 1235 962 1292 divina
989 1234 1627 1291 teutantur.Vencrabilis
1658 1236 1934 1290 memoria:
1957 1236 2017 1290 D.

421 1331 831 1387 Valentinianus
863 1338 1012 1400 pater
1042 1327 1343 1383 clementiae
1377 1337 1504 1392 tuae,
1531 1328 1629 1383 hac
1652 1328 1757 1383 ﬁde
1790 1327 2023 1383 ﬁdeliter

420 1424 724 1497 imperavit.
774 1423 917 1478 Nihil
944 1423 1035 1477 ille
1063 1423 1326 1493 attingere
1350 1423 1538 1489 voluit,
1564 1422 1705 1493 quod
1733 1422 1871 1478 bene
1894 1437 2023 1477 eon-

421 1522 669 1574 stitutum
716 1516 954 1572 videbat.
985 1517 1048 1572 Hi
1079 1527 1226 1571 certe
1275 1518 1376 1571 sub
1421 1517 1613 1572 eodem
1648 1517 1883 1587 episcopi
1908 1518 2019 1587 jam

422 1610 809 1677 fuerunt.Qua:
842 1620 985 1664 tanta
1017 1609 1263 1676 mutatio,
1299 1618 1355 1664 ut
1377 1612 1465 1681 qui
1496 1621 1655 1665 antea
1686 1610 2019 1677 sacerdotes,

421 1718 565 1757 nunc
601 1702 847 1772 sacrilegi
885 1700 1196 1772 judicentur
1226 1703 1249 1754 ?
1280 1701 1474 1758 Iisdem
1529 1711 1676 1757 certe
1711 1701 2018 1772 prmceptis,

2131 488 2398 543 tentiones
2425 489 2742 543 oborientur
2774 491 2786 543 !
2821 506 2979 557 quam
3013 492 3218 545 crebrm
3247 507 3311 546 ac
3341 491 3612 562 pestiferae
3640 508 3727 549 se—

2128 578 2361 635 ditiones
2390 583 2402 635 !
2433 590 2632 651 quanta
2686 590 2741 636 et
2770 598 2889 651 quae
2914 583 3280 652 pervenientia
3304 582 3378 638 ad
3407 586 3572 639 Deum
3600 598 3725 641 vota

2123 670 2429 740 justorum!
2483 688 2604 726 eum
2661 674 2800 727 inter
2850 674 3173 729 chriSIianos
3204 676 3365 745 (quod
3396 676 3543 731 dictu
3577 678 3729 733 nefas

2127 766 2219 837 sit)
2272 767 2516 835 quaedam
2573 770 2961 837 persecutionis
3009 768 3183 839 imago
3215 781 3482 825 nascatur.
3513 770 3728 827 Videris

2128 860 2180 913 in
2214 876 2373 929 quam
2407 870 2611 928 partem
2639 861 2777 915 hanc
2811 862 3153 917 sedulitatem
3188 874 3425 918 nostram
3458 867 3725 936 interpre-

2116 944 2279 1005 ‘teris.
2312 951 2475 1005 Nullo
2505 964 2654 1007 certe
2686 954 2874 1023 majori
2902 966 3103 1023 genere
3129 969 3313 1009 curam
3361 971 3535 1010 meam
3583 958 3726 1013 circa

2126 1045 2472 1100 clementiam
2508 1056 2649 1098 tuam
2706 1047 2936 1115 probare
2997 1046 3089 1100 tibi
3131 1060 3364 1115 possem,
3395 1063 3554 1117 quam
3602 1051 3645 1103 si
3676 1060 3728 1106 te

2129 1137 2333 1203 horter,
2356 1138 2663 1192 utdesinas.
2692 1140 2823 1193 l‘uto
2844 1138 2986 1193 enim
3008 1154 3382 1209 recognosces,
3399 1141 3540 1211 quod
3570 1158 3729 1198 nemo

2127 1232 2229 1288 hoc
2267 1235 2523 1289 suaderet
2552 1235 2822 1289 inimicus.
2856 1234 2983 1292 Hice
3010 1234 3317 1289 amabiliter
3340 1251 3369 1289 a
3400 1237 3557 1290 nobis
3586 1236 3728 1292 dicta

2125 1342 2246 1382 esse
2298 1336 2426 1396 opto
2454 1336 2511 1379 ut
2558 1327 2865 1396 intelligas,
2924 1343 3085 1397 spero
3135 1326 3275 1392 quod
3329 1327 3729 1383 credaszunde

2126 1431 2339 1487 acquum
2368 1418 2657 1473 admodum
2710 1429 2815 1484 est,
2842 1434 2907 1473 ne
2935 1429 3121 1474 saneto
3153 1420 3357 1473 numini
3390 1420 3563 1473 dicata
3593 1436 3729 1475 con-

2125 1510 2312 1563 vellus.
2376 1509 2579 1563 Italiam
2648 1526 2866 1563 omnem
2904 1553 2917 1574 ,
2967 1521 3016 1564 et
3067 1512 3432 1567 venerabilem
3479 1511 3730 1578 Romam,

2127 1614 2461 1674 creterasque
2490 1604 2799 1673 provincias
2838 1604 2951 1658 suis
2982 1605 3249 1669 ecclesiis,
3282 1606 3394 1659 suis
3426 1604 3725 1661 sacerdoti-

2125 1698 2227 1753 bus
2252 1699 2469 1763 reddas,
2496 1716 2670 1770 neque
2697 1711 2747 1754 te
2780 1701 3014 1754 medium
3050 1700 3364 1767 iuterscras,
3387 1718 3507 1756 eum
3548 1702 3628 1756 fas
3661 1703 3731 1757 sit

418 1795 611 1850 iisdem
658 1795 1016 1849 sacramentis
1049 1794 1248 1863 dicati,
1300 1794 1487 1849 eadem
1522 1794 1623 1849 ﬁde
1656 1794 1903 1860 credunt,
1937 1796 2025 1865 qui
2056 1786 2104 1846 B
2126 1788 2329 1862 iustius
2373 1808 2491 1857 eos,
2537 1793 2627 1861 qui
2659 1808 2687 1845 a
2719 1792 2984 1846 ratholica
3027 1792 3271 1847 Ecclesia
3301 1794 3625 1847 Arianorum
3651 1794 3730 1847 in-

418 1897 545 1943 aute
599 1887 967 1942 crediderunt.
997 1888 1080 1941 An
1108 1896 1258 1957 putat
1288 1888 1619 1942 venerabilis
1651 1888 1781 1942 mihi
1816 1888 2021 1943 sereni-

419 1991 501 2038 tas
536 1992 620 2035 tua
654 1989 967 2051 conceptam
1001 1980 1168 2036 semel
1208 1979 1260 2034 in
1282 1980 1476 2034 animis
1499 1980 1781 2035 hominum
1801 1981 2017 2049 religio-

424 2092 548 2135 nem
575 2119 590 2145 ,
650 2092 810 2149 quam
851 2077 993 2133 Deus
1024 2077 1137 2148 ipse
1185 2076 1484 2143 constituit,
1532 2092 1692 2147 posse
1739 2076 2025 2132 convelli?

2125 1888 2519 1957 terpretatione
2563 1887 2958 1951 discesserint,
2996 1902 3238 1942 errorem
3298 1903 3453 1942 suum
3487 1903 3612 1942 vera
3643 1903 3731 1943 re-

2119 1979 2320 2051 ligione
2372 1991 2605 2045 mutare,
2634 1997 2793 2051 quam
2852 1990 3003 2038 recte
3051 1982 3417 2039 sentientibus
3452 1999 3602 2038 suam
3634 1986 3733 2038 im-

2136 2076 2347 2129 mittere
2367 2074 2706 2143 pravitatem.

1128 2202 1154 2229 ει
1180 2191 1517 2249 EPISTULA
1543 2192 2032 2248 VALENTINIANI
2052 2192 2515 2250 IMPERATORIS
2554 2194 2644 2248 AD
2675 2193 3027 2252 PINIANUM.

1633 2286 1707 2351 (n.
1730 2286 1896 2337 Coust.
1918 2286 2009 2351 Ep.
2032 2286 2199 2345 Pont.,
2224 2286 2317 2337 col.
2344 2288 2480 2354 659.)

497 2372 612 2439 Qua
639 2372 797 2429 Sirici
824 2370 1069 2427 Romanii
1085 2371 1328 2426 antistitis
1353 2372 1653 2426 electionem
1678 2371 1949 2441 approbat.

744 2513 760 2543 ⁸
794 2509 935 2577 Abe,
966 2508 1189 2566 Piniane
1218 2511 1537 2567 charissime
1559 2512 1735 2567 nobis.

495 2643 757 2711 Populum
816 2642 975 2699 Urbis
1030 2654 1249 2699 aeterna:
1302 2646 1535 2715 gaudere
1585 2648 1913 2716 concordia,
1969 2658 2023 2704 et

423 2737 688 2808 Optimum
734 2737 933 2806 eligere
982 2738 1359 2806 sacerdotem,
1392 2742 1573 2810 populi
1616 2742 1844 2797 Romani
1904 2760 2022 2799 esse

422 2828 695 2883 credimus
739 2830 967 2884 instituti
997 2871 1011 2894 ,
1042 2841 1095 2884 et
1126 2832 1328 2887 nostris
1374 2834 1710 2904 gratulamur
1759 2836 2018 2893 advenire
2046 2817 2091 2881 (ἶ

424 2923 781 2992 temporibus.
824 2923 1056 2979 Proinde
1095 2925 1350 2995 quoniam
1405 2927 1718 2998 religiosum
1766 2930 2015 2986 Siricium

442 3094 449 3099 ι
489 3039 502 3066 ¹
534 3036 659 3099 με.

486 3099 506 3129 ²
540 3097 689 3149 Forte
711 3097 967 3149 noluerint.

498 3217 522 3244 η
562 3208 901 3280 Reseriptum
936 3210 1037 3265 hoc
1057 3226 1087 3265 e
1114 3210 1375 3266 Vaticano
1399 3214 1587 3269 codice
1616 3224 1830 3271 erutum
1854 3216 2025 3272 Baro-

424 3279 545 3353 nius
573 3280 634 3331 ad
666 3279 862 3353 annum
883 3282 988 3337 585
1010 3323 1022 3341 .
1054 3299 1107 3336 n.
1129 3282 1161 3337 6
1189 3324 1202 3347 ,
1236 3283 1286 3337 in
1319 3286 1489 3338 lucem
1516 3287 1715 3341 emisit.
1744 3287 2019 3353 Pinianus,

424 3352 509 3405 cui
537 3352 847 3423 inscribitur
872 3395 884 3416 ,
919 3354 1205 3423 Augustini
1239 3357 1483 3422 epistolis
1518 3356 1640 3423 124,
1674 3358 1802 3422 125,
1836 3369 1888 3413 et
1926 3352 2025 3416 126

424 3422 845 3495 celeberrrimus
898 3422 1025 3479 est.’
1053 3425 1205 3478 Hunc
1238 3429 1361 3481 anni
1393 3428 1498 3481 586
1540 3422 1727 3483 mense
1757 3430 1899 3483 Julio
1924 3474 1936 3495 ,
1968 3442 2024 3486 et

422 3495 545 3547 anni
581 3493 683 3548 587
711 3510 898 3549 mense
927 3497 1085 3551 Juuio
1117 3495 1245 3551 Urbi
1274 3499 1585 3565 [ll‘tl‘fCCllllll
1631 3499 1796 3553 fuisse
1823 3493 2025 3556 consti-

423 3566 660 3619 ttttioues
693 3566 1003 3634 imperiales
1028 3567 1185 3621 ﬁdem
1218 3567 1443 3623 faciunt.
1482 3571 1587 3623 Sed
1616 3572 1865 3625 eumdem
1898 3584 2025 3630 ante

423 3652 663 3690 mensem
685 3636 882 3692 Julium
910 3638 1150 3706 praedicti
1178 3641 1302 3693 anni
1327 3642 1429 3696 586
1462 3643 1829 3711 Ιιίὶριιῖῧιλίιέὶιυ
1856 3643 2021 3698 deco-

421 3719 595 3761 ratum
632 3725 735 3761 non
770 3710 967 3782 fuisse,
1001 3711 1146 3780 leges
1178 3712 1416 3765 Salustio
1445 3710 1703 3782 praefecto
1734 3714 1895 3769 Urbis
1921 3716 2019 3771 da-

425 3788 512 3841 tie,
549 3796 667 3846 quin
696 3796 881 3854 mense
912 3780 1071 3834 Junio
1097 3783 1219 3854 anui
1249 3783 1356 3837 586
1382 3780 1771 3854 consignantur
1792 3828 1805 3849 ,
1858 3802 2019 3854 argu-

422 3852 1144 3925 mentosum.Quamobrem
1162 3852 1600 3910 Tillemontius't.
1644 3856 1708 3921 X,
1750 3852 2018 3925 pag.788,

424 3920 708 3994 Pinianum
736 3924 922 3977 vicarii
955 3926 1155 3991 potius,
1182 3942 1339 3991 quam
1367 3927 1628 3994 praefecti,
1662 3920 1878 3982 vel—alio
1904 3920 2014 3983 alii;

424 3993 475 4046 ni
510 4009 732 4047 munere
762 4004 869 4065 tum
898 3994 1135 4048 functum
1171 3995 1336 4049 fuisse
1353 3993 1642 4065 conjectat.
1676 4014 1795 4052 cum
1824 4000 1924 4054 hoc
1968 4002 2017 4057 ei

424 4066 744 4133 resrriptum
775 4064 1181 4120 Valentinianus
1214 4069 1377 4122 dedit.
1412 4064 1523 4125 Nec
1545 4072 1699 4124 deest
1728 4070 1916 4125 idonea
1936 4089 2018 4125 ra-

426 4136 531 4201 tio,
555 4153 651 4191 cur
679 4137 835 4191 alteri
858 4153 883 4189 a
910 4140 1164 4207 praelecto
1196 4143 1470 4210 negotium
1499 4142 1629 4197 illud
1669 4145 2019 4199 commissum
2044 4138 2100 4199 D

2134 2374 2434 2427 antistitem
2477 2374 2781 2429 sanctitatis
2804 2375 2881 2429 sic
2905 2388 3140 2443 praeesse
3188 2374 3497 2430 sacerdotio
3537 2374 3727 2431 volue-

2132 2474 2296 2530 runt,
2342 2474 2400 2520 ut
2431 2466 2683 2522 Ursinum
2718 2468 3024 2537 improbum
3053 2468 3535 2523 acclamationibus
3562 2470 3582 2498 ¹
3615 2468 3733 2523 vio-

2131 2559 2334 2626 larent;
2362 2570 2547 2615 nostro
2569 2577 2692 2615 cum
2718 2562 2914 2632 gaudio
2941 2573 3274 2617 memoratus
3296 2561 3581 2632 episcopus
3612 2563 3730 2632 ipse

2130 2660 2481 2719 permaneat,
2516 2651 2739 2706 Piniane
2766 2652 3085 2708 charissime
3115 2668 3177 2708 ac
3202 2654 3625 2719 jucundissime:
3681 2654 3728 2707 si

2128 2746 2346 2813 quidem
2377 2762 2628 2816 magnum
2664 2748 2985 2802 innocentiae
3023 2757 3078 2803 et
3105 2750 3387 2818 probitatis
3418 2748 3726 2817 exemplum

2124 2850 2225 2904 est,
2253 2841 2304 2895 in
2337 2856 2439 2895 una
2468 2844 2853 2898 acclamatiOne
2881 2853 2935 2899 et
2962 2845 3133 2910 ipsum
3192 2845 3353 2916 eligi,
3406 2853 3457 2897 ct
3499 2852 3729 2899 caeteros

2126 2935 2439 3009 improbari.
2465 2937 2598 2990 Data
2628 2937 2647 2967 ³
2675 2954 2743 2992 vn
2779 2938 3048 2995 Kalendas
3069 2938 3262 2994 Martii.

2191 3048 2212 3079 ³
2240 3047 2495 3099 Februarii
2521 3052 2579 3099 25
2600 3051 2700 3103 die.

2136 3221 2359 3300 fuerit,
2372 3227 2605 3300 maxime
2634 3228 2677 3280 si
2707 3227 3062 3299 Symmachus
3086 3229 3326 3300 prmfecti
3356 3231 3731 3299 munus,qnod

2134 3296 2401 3370 βψω-584
2416 3298 2481 3352 ab
2498 3315 2563 3350 eo
2584 3296 2793 3367 gestuin
2814 3315 2933 3353 esse
2947 3296 3179 3367 constat,
3206 3302 3431 3355 necdum
3454 3296 3727 3370 posuerat.

2131 3366 2467 3441 manifestum
2488 3366 2695 3441 quippe
2726 3380 2808 3423 est
2838 3370 3274 3426 Valentinianum
3296 3414 3310 3436 ,
3354 3366 3469 3425 ubi'
3494 3373 3726 3441 primum

2132 3436 2316 3512 _Siricii_
2342 3436 2664 3512 electionem
2702 3443 2951 3508 rescivit,
2980 3443 3186 3496 calculo
3217 3459 3316 3497 suo
3341 3436 3506 3497 illam'
3536 3458 3733 3512 appro-

2131 3508 2579 3583 biirejestiuasse
2602 3552 2615 3573 ,
2674 3512 2915 3576 adeoque
2962 3515 3280 3583 rescriptum
3314 3516 3454 3568 istud
3486 3515 3549 3567 ad
3574 3508 3733 3569 nien-

2130 3578 2629 3655 Semult‘ehruarium
2661 3585 2785 3635 anni
2834 3584 2938 3639 585
2966 3600 3086 3638 esse
3132 3578 3499 3641 referendum.
3538 3586 3738 3655 Hujus-

2132 3650 2274 3728 modi
2332 3660 2511 3728 autem
2570 3668 2706 3728 opus
2753 3655 3047 3724 imperator
3098 3657 3428 3728 Symmacho
3478 3650 3734 3725 pra-lecto

2126 3721 2452 3797 deinandare
2466 3721 2712 3797 prudens
2765 3721 2931 3780 noluit
2949 3745 2963 3792 ;
2984 3729 3105 3797 quia
3125 3721 3175 3781 et
3193 3721 3571 3793 Gentiliserat,
3589 3740 3641 3781 et
3662 3744 3729 3782 eo

2125 3795 2264 3861 quod
2280 3792 2602 3849 Christianis
2619 3796 2842 3849 infestus
2860 3792 3086 3862 esset,ut
3101 3801 3149 3852 in
3170 3792 3730 3861 Notitiaepistolarum

2126 3865 2593 3939 nomine,Dama.~i
2622 3867 3109 3939 §190xposuimus,
3137 3872 3427 3925 novissime
3452 3871 3517 3925 ad
3554 3872 3729 3939 impe-

2122 3947 2330 4008 ratores
2356 3938 2563 3991 delatus
2592 3939 2784 3993 fuerat.
2816 3944 3021 3995 lteratm
3051 3942 3225 3996 Ursini
3271 3944 3599 4008 molitiones,
3634 3938 3731 3997 re-

2124 4007 2309 4085 scripti
2343 4010 2500 4085 hujus
2528 4011 2773 4085 exigendi
2799 4013 3173 4085 necessitatem
3208 4007 3598 4085 imposuerunt,
3622 4028 3731 4084 quo

2127 4081 2246 4133 novi
2278 4081 2587 4136 sehismatis
2608 4082 2812 4137 semina
2844 4084 3000 4140 citius
3032 4081 3483 4155 opprimerentur.

491 4317 2582 4346 ._...____..____________._.___._________________

686 4463 1229 4591 SERMONUM
1316 4464 1923 4594 ARIANORUM
2008 4470 2636 4603 FRAGMENTA
2718 4481 3460 4618 ANTIQUISSIMA

424 4666 488 4710 IN
534 4668 899 4714 BESCBIPTlS
943 4671 1318 4743 MEMBRANIS
1370 4672 1663 4716 REPERTA
1728 4674 1810 4716 ET
1853 4674 2023 4719 NUNC
2069 4675 2325 4723 PRIMUM
2371 4680 2503 4725 CUM
2549 4683 2803 4729 IDONEIS
2848 4686 3403 4733 REFUTATIONIBUS
3448 4689 3644 4737 EDITA
3675 4692 3727 4737 η.

1615 4781 1750 4843 (Maii
1774 4780 1896 4833 Coll.
1919 4788 1955 4833 t.
1983 4782 2077 4848 ΙΙΙ,
2102 4794 2223 4849 part.
2245 4802 2292 4850 ιι,
2321 4804 2370 4851 p.
2396 4790 2530 4853 2’08.)

818 4908 1298 4966 FRAGMENTUM
1340 4909 1632 4965 PRIMUM.

500 5024 682 5098 Nuper
720 5042 833 5090 me,
881 5026 1184 5079 charissime
1228 5030 1423 5096 frater,
1459 5024 1521 5078 de
1563 5025 2021 5081 calumniatoribus

426 5119 809 5175 admonendum
856 5119 1113 5174 censuisti
1145 5116 1173 5157 ι)
1205 5118 1466 5173 adversus
1522 5118 1683 5173 ﬁdem
1732 5128 1972 5175 nostram
2000 5162 2015 5187 ,

500 5245 523 5272 α
556 5235 879 5303 Fragmenta
918 5239 1031 5291 hate
1074 5238 1270 5306 partim
1314 5254 1377 5291 ex
1430 5237 1795 5292 Ambrosiano
1839 5238 2031 5293 codice

427 5308 732 5377 rescripto,
764 5309 959 5374 partim
990 5324 1019 5363 e
1060 5308 1325 5363 Vaticano
1366 5309 1492 5362 item
1538 5310 1806 5378 rescripto
1853 5309 2034 5377 profe-

428 5392 639 5443 runtur,
673 5388 729 5431 ut
750 5380 859 5432 dixi
887 5380 936 5433 in
962 5380 1212 5449 prologo.
1249 5380 1623 5434 Ambrosiaum
1663 5381 1880 5448 quidem
1907 5390 2034 5436 sunt

426 5452 630 5504 codicis
677 5451 884 5519 paginae
923 5452 1030 5515 17,
1068 5453 1153 5510 is.
1190 5450 1400 5515 19,20,
1444 5451 1534 5517 ~23,
1565 5452 1659 5516 ῃ,
1691 5452 1784 5513 25,
1814 5452 1905 5517 eo,
1937 5452 2029 5518 au,

427 5523 517 5585 50,
549 5521 641 5585 5-1,
675 5522 763 5584 52,
799 5521 917 5585 HS,
951 5521 1070 5576 116.
1099 5523 1338 5592 Reliquae
1372 5522 1659 5576 Vatieaiizr.
1690 5522 2033 5590 Superfuisse

430 5593 546 5646 haec
578 5594 778 5645 Ariana
806 5592 1112 5663 fragmenta
1145 5636 1157 5658 ,
1191 5596 1383 5648 saltem
1419 5595 1471 5646 in
1505 5594 1903 5663 palitnpsestis,
1936 5609 2032 5648 ne-

431 5678 521 5718 mo
550 5663 857 5727 mirabitur,
890 5662 1106 5719 dicente
1136 5665 1340 5719 Hilario
1374 5666 1468 5719 lib.
1495 5664 1620 5719 adv.
1654 5662 1841 5717 Const.
1878 5664 1934 5718 ﬁ".
1969 5664 2031 5718 7:

431 5732 753 5805 iinpiiuimis
786 5737 1096 5791 Arianorum
1123 5736 1453 5807 blasphemiis
1476 5737 1641 5807 plena:
1669 5742 1841 5791 Omnes
1875 5737 2035 5791 eccle-

2133 4932 2254 4985 quze
2283 4930 2364 4973 est
2387 4936 2539 4990 vera,
2570 4924 2899 4994 dicentibus,
2930 4932 3203 5000 quomodo
3235 4947 3333 4988 vos
3361 4949 3526 4989 unum
3560 4935 3728 4990 Deum

2131 5016 2309 5105 dicitis
2340 5032 2485 5083 esse,
2517 5032 2569 5075 et
2599 5022 2815 5087 iterum,
2848 5024 3012 5078 ﬁlium
3043 5025 3245 5081 habere
3267 5026 3543 5083 Chrismm
3577 5029 3735 5083 adse-

2132 5115 2295 5173 rilis?
2335 5116 2609 5182 Necesse,
2659 5116 2703 5171 si
2754 5116 2922 5171 tilium
2975 5117 3134 5172 habet
3188 5119 3361 5182 Deus,
3403 5130 3459 5172 et
3507 5133 3734 5174 uxorem

2141 5240 2335 5311 ciorum
2363 5237 2553 5311 charm:
2573 5280 2587 5303 ,
2621 5238 2854 5307 plenique
2870 5248 2985 5311 jam
3017 5237 3135 5311 libri
3163 5245 3301 5289 sunt.

2220 5308 2245 5346 ι)
2277 5308 2525 5378 Spatium
2558 5320 2639 5362 est
2667 5307 2891 5363 Vacuum
2944 5310 2993 5361 in
3035 5307 3218 5361 codice
3249 5308 3404 5360 trium
3438 5307 3617 5362 brevis
3661 5310 3740 5364 la-

2142 5384 2340 5435 terculi
2375 5381 2788 5447 versiculorum,
2815 5395 2973 5449 quem
3010 5394 3109 5447 ego
3133 5378 3331 5431 hiatum
3354 5380 3736 5446 eoujecmiali-

2140 5460 2220 5505 ter
2274 5453 2509 5520 eriplevi,
2544 5452 2724 5504 hahiia
2750 5452 2904 5519 spatii
2938 5451 3164 5501 ratione.
3193 5449 3364 5503 Causa
3391 5450 3595 5502 lacuum,
3618 5463 3738 5517 est,

2146 5523 2271 5592 quia
2309 5524 2551 5575 solebant
2585 5534 2793 5575 veteres
2833 5535 2965 5573 auro
2992 5522 3071 5592 vel
3106 5535 3267 5592 succo
3312 5521 3492 5589 aliquo
3537 5522 3737 5592 scripta

2153 5590 2410 5655 exordiri,
2445 5607 2564 5666 qua:
2590 5594 2816 5648 materia
2851 5593 2900 5646 in
2925 5590 3258 5646 conﬁciendo
3284 5592 3478 5649 deinde
3510 5590 3741 5666 palimp-

2139 5676 2283 5721 sesto
2310 5665 2546 5720 evanuit.
