4194 6184
528 217 634 271 ἒ)θῦ

1007 215 1435 271 MONUMENTA
1481 215 1762 272 VETERA
1805 215 1892 268 Μ)
1933 211 2339 270 ARIANORUM
2382 214 2778 272 DOCTRINAM
2815 214 3302 273 PERTINENTIA.

3725 222 3832 278 536

526 335 690 391 habet
720 335 734 364 ¹
758 375 773 402 ,
806 343 900 388 aut
935 343 1082 388 certe
1113 331 1402 387 femininus
1468 342 1574 398 est,
1623 342 1679 386 et
1725 331 1944 386 aliunde
1992 344 2122 384 con-
2148 335 2199 394 Α
2228 329 2394 401 ipsius
2424 329 2630 385 confoti
2671 340 2937 400 Oportune
2985 331 3026 362 ¹⁰
3053 330 3119 385 ad
3156 345 3502 388 communem
3545 334 3834 406 loquamur

524 427 671 496 cepit
715 434 771 482 et
800 427 987 495 genuit
1023 424 1212 478 ﬁlium.
1251 423 1391 479 Ecce
1433 439 1534 479 vos
1580 423 1760 480 dicitis
1795 424 1905 492 jam
1938 423 2123 495 plures

527 519 691 584 deos;
750 516 1024 586 quomodo
1080 530 1180 572 nos
1217 514 1524 583 insultatis,
1553 515 1697 586 quod
1730 514 1864 571 deos
1891 514 2122 570 dicimus

525 610 750 667 esse"?
1537 681 1547 688 _

598 703 725 758 Haec
751 701 908 758 nobis
938 702 959 733 ’
987 717 1268 773 Opponere
1303 701 1598 774 sacrilegos
1622 743 1638 769 ,
1670 717 1701 757 a
1749 701 1904 757 Vobis
1933 701 2121 757 didici-

524 811 665 850 mus.
695 795 1040 865 Quapropter
1071 796 1440 850 necessarium
1473 795 1854 849 arbitravimus
1877 793 1897 823 ³
1925 804 1978 849 et
2003 793 2122 847 illo-

524 906 642 945 rum
671 904 964 945 occurrere
993 890 1186 954 errori,
1220 898 1275 944 et
1307 900 1454 944 tuam
1477 889 1747 943 instruere
1777 887 2122 941 sanetitatem

525 983 594 1038 de
631 999 728 1055 spe
777 994 960 1038 nostra
982 1025 996 1048 ,
1029 998 1187 1053 quam
1242 982 1502 1053 gerimus.
1546 980 1655 1036 Nec
1684 981 1825 1035 enim
1853 979 2123 1050 potuimus

527 1078 760 1146 amplius
798 1077 1212 1142 contradicere,
1261 1075 1606 1131 desiderante
1637 1073 1658 1104 "
1695 1075 1983 1129 sanctitate
2034 1083 2123 1128 tua

527 1185 669 1224 verse
702 1168 823 1224 tidei
847 1169 1212 1237 conscriptam
1247 1168 1492 1236 accipere
1531 1166 1936 1220 instructionem
1968 1183 1981 1219 :
2015 1178 2122 1218 non

528 1274 710 1318 tamen
738 1279 801 1317 ex
833 1262 1008 1331 nobis,
1043 1261 1138 1317 sed
1170 1261 1466 1317 secundum
1485 1260 1787 1314 divinarum
1821 1258 2120 1327 scriptura.

526 1371 646 1410 rum
695 1356 1040 1412 traditionem
1069 1396 1085 1422 ,
1133 1370 1229 1424 per
1269 1354 1497 1424 gratiam
1557 1351 1647 1407 Dei
1691 1350 2118 1421 omnipotentis,

525 1449 824 1504 auxiliante
843 1447 1062 1502 domino
1092 1457 1279 1502 nostro
1308 1446 1435 1502 J‘esu
1464 1446 1713 1512 Christo,
1741 1443 2123 1499 subministra-

527 1543 673 1598 tione
694 1543 915 1612 spiritus
947 1542 1153 1607 sancti,
1177 1541 1268 1610 qui
1291 1539 1497 1594 dividet
1518 1539 1539 1570 ⁸
1558 1539 1759 1609 gratias
1795 1537 1912 1593 sine
1965 1537 2124 1592 ιιωεί-

528 1635 734 1691 talione
785 1635 1135 1690 credentibus
1169 1635 1276 1688 Deo
1315 1649 1410 1704 per
1442 1631 1716 1688 Christum
1748 1631 1787 1684 ⁸.
1818 1632 2122 1701 Ρνωευηιρ-

2229 423 2535 488 utilitatem,
2559 433 2609 477 et
2627 423 2856 493 gloriam
2877 422 3118 492 ejusdem
3138 422 3356 478 factoris
3372 435 3581 481 natura:
3607 441 3828 485 nostras.

2226 511 2358 567 Nam
2404 523 2604 568 sanctae
2635 527 2699 568 ac
2729 513 2926 568 divina!
2971 512 3268 582 Scriptura-3
3315 515 3614 586 profundos
3668 533 3830 592 atque

2227 605 2466 662 inlinitos
2522 606 2783 662 habentes
2829 607 2880 661 in
2929 622 2988 663 se
3033 608 3352 676 thesauros,
3425 611 3672 668 lucentes
3721 630 3828 671 non

2227 700 2547 770 requirunt;
2576 701 2791 756 dicente
2822 701 3049 756 Domino
3085 719 3098 755 :
3138 701 3462 759 Sci-utamini
3495 707 3818 779 Scripturas,

2225 795 2468 863 quoniam
2499 794 2548 847 in
2574 794 2702 864 ipsis
2723 795 2876 848 vitam
2899 807 3148 850 wternam
3178 799 3373 870 putatis
3407 797 3612 855 habere.
3662 801 3729 855 Et
3751 803 3828 858 hie

2227 897 2345 941 sunt
2370 888 2528 957 qtae“
2559 889 2908 942 testimonium
2939 889 3204 958 perhibent
3235 891 3417 947 deme.
3457 893 3522 948 Et
3549 913 3652 951 non
3673 898 3828 952 vultis

2226 979 2396 1032 venire
2417 977 2485 1032 ad
2515 996 2610 1046 me,
2643 990 2697 1034 ut
2720 981 2875 1034 vitam
2905 991 3149 1036 retentam
3177 981 3404 1039 habeatis
3431 985 3543 1040 iEt
3582 989 3775 1042 iterum
3809 1006 3825 1044 :

2229 1070 2328 1137 Qui
2361 1071 2522 1126 credit
2551 1073 2605 1126 in
2638 1089 2749 1140 me,
2769 1073 2900 1127 sicut
2930 1072 3062 1128 dixit
3086 1074 3383 1144 Scriptura,
3428 1077 3641 1148 ﬂumina
3673 1078 3717 1111 ¹¹
3751 1079 3820 1135 de

2225 1173 2394 1217 ventre
2423 1167 2535 1236 ejus
2559 1165 2722 1234 ﬂuent
2750 1181 2898 1237 aqua:
2931 1167 3075 1222 vivae.
3107 1162 3196 1222 Ait
3224 1178 3402 1224 autem
3427 1175 3480 1225 et
3510 1171 3608 1227 hoc
3636 1169 3824 1229 Domi-

2227 1272 2328 1310 nus
2355 1267 2540 1311 noster
2569 1255 2729 1312 Jesus
2751 1257 2998 1312 Christus
3021 1277 3033 1312 :
3059 1259 3168 1332 Ego
3187 1277 3297 1314 sum
3316 1259 3409 1316 tua:
3428 1261 3582 1332 hujus
3596 1265 3777 1320 mundi
3802 1284 3825 1323 :

2223 1350 2315 1421 qui
2337 1352 2566 1418 sequitur
2612 1368 2692 1406 me
2717 1393 2731 1416 ,
2765 1352 2819 1404 in
2859 1352 3078 1407 tenebris
3104 1371 3206 1408 non
3235 1366 3439 1420 manet,
3490 1357 3580 1411 sed
3624 1358 3826 1414 [rubebit

2226 1444 2394 1499 lumen
2417 1445 2550 1498 vine.
2584 1441 2737 1500 Hunc
2759 1447 2928 1502 sancti
2956 1445 3235 1518 pr0phette
3256 1449 3426 1504 solem
3443 1449 3668 1520 iustitia:
3693 1467 3824 1522 pro-

2226 1538 2629 1594 nuntiaverunt.
2675 1539 2772 1595 Hic
2822 1550 2906 1596 est
2947 1541 3128 1614 itaque
3158 1543 3242 1598 Sttl
3293 1543 3521 1614 justitim
3575 1544 3824 1602 Christus

2224 1633 2395 1688 Filius
2418 1633 2534 1688 Dei.
2572 1633 2667 1688 Hie
2697 1633 2742 1665 ¹³
2771 1644 2854 1712 est
2884 1635 3064 1692 lumen
3099 1653 3283 1694 verum
3313 1682 3328 1706 ,
3369 1639 3513 1709 quod
3555 1638 3828 1697 illuminat.

526 1728 697 1784 simus
740 1730 920 1796 itaque
964 1727 1304 1782 orationibus
1327 1727 1457 1810 'tuis
1501 1725 1840 1780 confidentes
1869 1765 1884 1792 ,
1918 1723 2118 1779 bonum
2150 1732 2198 1793 Β
2226 1743 2442 1782 onmem
2469 1727 2766 1794 hominem,
2789 1729 3012 1784 veniens
3040 1731 3091 1785 in
3119 1729 3709 1803 liuncmundum;quod
3738 1744 3823 1788 te-

526 1837 647 1878 esse
679 1837 894 1893 quoque
942 1821 1273 1876 desiderium
1307 1820 1625 1878 Sanctitatis
1654 1827 1757 1873 tua:
1787 1818 2117 1888 probantes;

527 1915 654 1979 cui,
708 1913 980 1969 adnuente
1037 1912 1300 1981 Domino,
1352 1910 1665 1967 satisfacere
1710 1909 2117 1976 festinavimus,

525 2005 845 2061 charissime
872 2006 1040 2060 frater
1071 2023 1083 2059 :
1113 2005 1369 2075 quoniam
1400 2004 1596 2073 saapius
1621 2011 1940 2071 suggerente
1961 2013 2120 2073 atque

525 2096 863 2166 frequentius
889 2098 1226 2166 importuno,
1253 2097 1362 2166 jam
1389 2095 1620 2165 amplius
1643 2093 1983 2148 dissimulare
2013 2109 2117 2148 non

526 2189 836 2258 potuimus:
871 2204 977 2241 non
1003 2187 1336 2242 sublimitate
1363 2187 1662 2251 sermonis,
1695 2187 1776 2241 vel
1805 2186 2120 2256 composita:

522 2281 786 2335 orationis
810 2281 977 2336 verba
999 2280 1360 2346 conlidentes,
1388 2295 1618 2349 quorum
1640 2280 1859 2334 omnino
1883 2280 2117 2335 studium

524 2387 630 2426 non
656 2369 942 2426 habuimus
961 2369 1023 2436 1);
1056 2370 1152 2425 sed
1178 2369 1242 2424 ad
1274 2369 1703 2425 miseriCordiam
1740 2369 1954 2424 Domini
1982 2385 2117 2426 con-

523 2464 791 2533 fugientes
816 2506 830 2529 ,
865 2464 929 2518 ad
963 2463 1118 2536 cu'jus
1138 2465 1368 2536 gloriam
1402 2465 1542 2534 loqui
1571 2464 1971 2534 proposuimus,
2002 2481 2120 2520 cre-

522 2558 712 2612 dentes
741 2557 788 2611 ei
819 2557 907 2627 qui
939 2555 1082 2618 dixit
1113 2575 1123 2611 :
1155 2553 1331 2611 Dilata
1363 2574 1418 2610 os
1438 2567 1605 2623 tuum,
1640 2569 1685 2611 et
1711 2573 1803 2630 ego
1828 2557 2118 2631 adlmplebo

519 2649 701 2704 eum".
735 2651 796 2704 Et
823 2651 1014 2705 iterum
1038 2649 1253 2706 dicente
1298 2650 1555 2720 propheta
1589 2668 1601 2703 :
1641 2650 1891 2706 Dominus
1935 2652 2074 2706 davit
2096 2654 2118 2685 ⁸

522 2741 728 2796 verbum
771 2744 1238 2817 evangelizmttibus
1279 2743 1464 2798 virtute
1520 2744 1701 2799 multa.
1763 2746 1829 2800 Et
1872 2748 2062 2802 iterum
2101 2765 2113 2802 :

522 2833 645 2887 Non
675 2852 760 2889 vos
780 2837 902 2889 estis
932 2837 1019 2907 qui
1047 2836 1316 2904 loquimini
1339 2879 1354 2900 ,
1389 2835 1479 2890 sed
1499 2838 1714 2906 spiritus
1738 2831 1912 2892 Patris
1940 2840 2114 2894 vestri.

519 2927 688 2998 Loqui
717 2928 892 2998 itaque
920 2935 975 2982 et
1006 2943 1105 2982 nos
1137 2928 1522 2998 sacrilegorum
1550 2932 1570 2962 ⁹
1597 2931 1859 2998 permovit
1890 2932 2117 2988 insulta-

520 3021 596 3074 tio
630 3039 641 3073 :
678 3030 781 3075 tu:e
830 3037 1045 3092 quoque
1083 3021 1361 3076 charitatis
1402 3023 1662 3093 compulit
1710 3025 2108 3093 importunitas.

2227 1820 2408 1876 nebra:
2440 1822 3107 1890 noncomprehenderunt.
3127 1824 3225 1879 llic
3256 1825 3306 1878 in
3326 1825 3541 1880 mundis
3569 1827 3827 1885 cordibus

2225 1915 2388 1982 lucet,
2420 1914 2642 1986 limpido
2670 1925 2852 1970 autem
2878 1917 3091 1972 videtur
3108 1919 3265 1972 oculo
3295 1919 3459 1974 animi
3487 1921 3537 1973 in
3561 1921 3828 1990 nnigeniti

2224 2007 2500 2080 singulare
2527 2020 2688 2080 atque
2725 2008 3135 2077 incorruptibile
3166 2009 3209 2041 ”
3241 2011 3454 2082 propria
3487 2023 3694 2079 natura,
3730 2009 3826 2084 qui

2226 2101 2480 2155 omnibus
2504 2101 2844 2170 cupientibus
2868 2101 3280 2159 evidentissinie
3311 2101 3355 2134 “'
3386 2099 3620 2158 ostendit
3661 2105 3824 2159 unius

2223 2189 2337 2249 veri
2391 2195 2483 2249 Dei
2505 2193 2784 2250 scientiam
2813 2195 3004 2250 dicens
3030 2196 3096 2250 ad
3125 2195 3342 2252 Judreos
3376 2215 3387 2249 :
3423 2196 3693 2264 Quomodo
3725 2215 3824 2267 po-

2225 2289 2366 2342 testis
2392 2287 2595 2341 credere
2617 2329 2630 2352 ,
2659 2288 2878 2358 gloriam
2923 2287 2985 2341 ab
3012 2288 3228 2342 invicem
3257 2289 3562 2362 accipientes
3583 2289 3609 2342 .9
3635 2298 3681 2342 et
3711 2290 3824 2362 glo-

2222 2379 2354 2433 riam
2399 2377 2462 2432 ab
2492 2395 2592 2432 uno
2617 2377 2725 2432 Deo
2770 2396 2871 2432 non
2914 2379 3165 2448 quarritis.
3194 2377 3262 2433 Et
3289 2380 3481 2433 iterum
3515 2377 3580 2433 ad
3610 2389 3820 2449 patrem

2225 2473 2297 2526 ait
2328 2490 2340 2525 :
2383 2471 2530 2526 Venit
2560 2473 2729 2538 hora;
2773 2473 3067 2542 honoriﬁca
3101 2471 3269 2541 ﬁlium
3312 2482 3492 2538 tuum,
3524 2481 3578 2525 ut
3606 2482 3651 2526 et
3678 2473 3822 2541 ﬁlius

2225 2565 2521 2632 honoriﬁcet
2555 2575 2642 2630 te;
2671 2566 2802 2618 sicut
2825 2565 3014 2619 dedisti
3046 2567 3086 2617 ei
3115 2575 3413 2636 potestatem
3436 2566 3600 2619 omnis
3621 2569 3816 2634 carnis,

2223 2669 2275 2712 ut
2304 2675 2453 2713 omne
2474 2658 2610 2729 quod
2630 2659 2815 2713 dedisti
2845 2660 2914 2725 ei,
2943 2659 3024 2713 det
3051 2659 3156 2714 illis
3186 2661 3340 2714 vitam
3388 2669 3654 2714 teternani.
3685 2659 3819 2715 Hice

2223 2758 2296 2803 est
2327 2759 2496 2804 autem
2523 2749 2624 2803 vita
2649 2759 2862 2817 (eterna,
2899 2759 2955 2804 ut
2979 2761 3285 2820 cognoscant
3312 2757 3357 2804 te
3377 2751 3542 2805 solum
3566 2761 3612 2805 et
3643 2767 3820 2806 verum

2224 2839 2415 2908 Deum,
2442 2852 2489 2896 et
2531 2859 2678 2908 quem
2700 2844 2882 2897 misisti
2910 2840 3085 2896 Iesum
3110 2840 3370 2897 Christum
3402 2845 3445 2896 ¢.
3475 2841 3817 2913 CognoScet‘e

2223 2933 2404 3003 itaque
2434 2934 2800 2988 necessarium
2830 2944 2912 2988 est
2933 2947 3050 3002 eos,
3075 2935 3164 3003 qui
3193 2931 3383 2989 volunt
3421 2949 3540 2990 esse
3568 2933 3820 2992 christia-

2222 3028 2307 3091 ni,
2341 3043 2510 3081 unum
2541 3043 2726 3082 verum
2761 3029 2950 3092 Deum,
2985 3030 3076 3098 qui
3103 3043 3181 3084 ρει
3213 3031 3331 3086 sine
3362 3031 3513 3085 initio
3542 3032 3817 3102 ingenitus

516 3115 619 3180 Qui
647 3125 825 3169 autem
855 3115 1004 3170 dedit
1034 3131 1095 3170 os
1126 3116 1192 3170 ad
1224 3116 1576 3187 loquendum,
1613 3126 1802 3186 potens
1829 3127 1914 3174 est
1933 3131 1988 3174 et
2019 3137 2112 3174 no-
2140 3125 2183 3189 ρ
2219 3121 2405 3187 solus;
2440 3131 2494 3176 et
2524 3123 2863 3191 unigenitum
2901 3124 3066 3176 lilium
3099 3126 3216 3192 ejus
3250 3125 3303 3179 in
3350 3139 3444 3180 sua
3493 3126 3708 3195 propria
3753 3143 3816 3182 ac

516 3206 598 3261 bis
623 3205 961 3262 orationibus
993 3207 1098 3264 tuis
1134 3207 1547 3263 subministrare
1574 3208 1830 3278 verbum,
1864 3213 2109 3282 utgratia

587 3344 603 3374 ¹
635 3341 709 3396 lta
734 3339 856 3396 cod.

588 3416 610 3446 '
639 3412 775 3468 Cod.
798 3413 955 3467 vobis.

586 3484 608 3558 ξ
634 3483 1124 3558 §ic_ac_tivatarrna
1152 3485 1316 3540 etiam
1341 3486 1393 3540 in
1414 3485 1554 3555 juris
1584 3487 1900 3558 fragmentis
1923 3497 2028 3544 vet.

583 3554 603 3586 ⁸
635 3553 767 3608 Cod.
799 3554 1160 3609 desiderantes.

581 3626 603 3657 ⁵
630 3624 702 3701 ita
727 3626 847 3680 cod.
870 3643 964 3701 pro
986 3626 1188 3693 dividit,
1211 3633 1269 3680 ut
1298 3627 1434 3701 infra
1463 3629 1697 3701 loquetur
1725 3645 1823 3700 pro
1846 3631 2094 3701 loquitur.

508 3696 772 3772 Nimirum
787 3711 928 3772 e_pro
943 3698 962 3750 i'
973 3709 1115 3772 sirpe
1133 3699 1370 3754 occurrit
1390 3699 1440 3772 in
1459 3696 1636 3769 quarti
1655 3696 1837 3757 saeculi
1855 3696 2092 3772 scriptis.

580 3768 602 3840 ξ
631 3768 731 3840 llic
755 3769 1077 3840 relinquitur
1101 3770 1262 3825 breve
1289 3771 1544 3840 spatium.

577 3831 598 3862 '
629 3839 704 3893 lta
731 3839 853 3894 cod.
881 3831 1014 3893 eum.

575 3904 598 3936 ⁸
627 3911 701 3965 Ita
724 3911 847 3965 cod.
878 3918 935 3964 ut
959 3909 1111 3966 alibi.

583 4033 610 4059 ιι
642 4022 790 4080 Hanc
813 4038 936 4078 esse
960 4024 1323 4093 objectionem
1349 4025 1693 4081 etlmicorum
1726 4035 1960 4084 constat.
1985 4025 2104 4084 Cie-

512 4094 763 4164 teroqnin
790 4093 977 4147 eadem
1010 4095 1298 4163 aliquando
1337 4098 1602 4164 processit
1641 4095 1802 4151 etiam
1831 4100 1899 4151 ab
1931 4099 2104 4155 luere-

508 4163 632 4246 ticis
676 4163 994 4246 Αιιοιξι-αξίδμἲ
1041 4181 1270 4246 «litorum
1317 4163 1497 4246 putida
1554 4167 1636 4221 vel
1670 4172 1844 4246 potius
1895 4173 2104 4246 ᾳξσχεὰ

507 4233 673 4289 verba
732 4235 919 4288 recitat
962 4235 1019 4290 S.
1081 4235 1312 4289 llilarius
1345 4236 1437 4291 lib.
1471 4233 1873 4296 contra-Const.
1907 4243 1960 4294 1Ῑ.
1988 4233 2100 4299 Ὕδ.

506 4305 680 4360 Porro
715 4304 1039 4360 iui-ﬁaliilem
1072 4321 1194 4360 esse
1213 4306 1333 4360 Filii
1363 4308 1450 4360 Dei
1481 4320 1738 4364 aeternam
1763 4311 2102 4369 divinitatem

506 4391 680 4444 neque
712 4375 959 4430 humana:
987 4378 1218 4431 similem
1249 4423 1258 4434 .
1292 4378 1399 4432 late
1445 4379 1574 4434 dicit
1602 4379 1744 4434 idem
1775 4382 2004 4437 Hilarius
2037 4387 2104 4441 de

505 4443 656 4501 Trin.
691 4462 767 4513 in,
798 4447 863 4500 17
883 4489 895 4507 .
927 4463 1046 4517 sim.
1093 4447 1149 4502 In
1180 4448 1453 4503 Breviario
1494 4453 1614 4505 lidei
1645 4453 1902 4508 adversus
1951 4457 2103 4510 Aria-
2130 4443 2185 4505 D

501 4533 605 4594 nos
635 4518 712 4594 si_c
742 4536 755 4571 :
791 4517 851 4571 Si
885 4518 1178 4594 Ecclesia_m
1209 4521 1495 4592 interrogas
1537 4523 1599 4575 de
1635 4521 1794 4577 Patre
1841 4525 1967 4594 quid
1997 4529 2096 4594 sit,

500 4588 626 4660 dicit
659 4588 821 4642 Deum
854 4605 872 4642 :
899 4591 988 4643 sed
1016 4601 1062 4644 et
1091 4590 1288 4644 Filium
1313 4601 1360 4645 et
1397 4588 1648 4660 Spiritum
1697 4588 1927 4648 sanctum
1977 4588 2099 4652 dicit

501 4658 710 4721 Deum;
758 4669 804 4712 et
862 4668 1028 4738 tamen
1069 4678 1170 4738 non
1223 4660 1348 4738 dicit
1396 4658 1496 4716 tres
1531 4662 1680 4738 Deos
1709 4705 1724 4726 ,
1771 4669 2098 4738 negentibus

499 4741 872 4805 comparetur,
916 4733 1006 4805 qui
1044 4733 1383 4805 plures_deos
1419 4737 1765 4805 conjungunt.
1815 4733 2098 4795 credamus

500 4800 792 4869 Scriptura:
821 4800 1008 4854 dicenti
1027 4800 1050 4864 ,⁷
1068 4803 1186 4866 quia
1218 4801 1354 4855 Deus
1382 4800 1654 4858 unus'est':
1678 4815 1723 4857 et
1745 4807 1788 4859 si
1829 4824 1957 4860 unus
1987 4828 2098 4864 ina-

495 4871 604 4937 ior,
629 4871 760 4926 alter
798 4872 966 4924 minor
987 4882 1058 4925 est
1079 4911 1092 4935 ,
1123 4884 1175 4926 ut
1203 4870 1384 4927 Ariani
1412 4872 1624 4937 dicunt,
1672 4893 1802 4931 unus
1847 4880 1950 4932 dici
1993 4899 2094 4936 non

498 4951 697 5016 potest;
726 4942 1049 5016 imequalitas
1101 4942 1346 5016 unitatem
1379 4946 1625 5000 excludit.
1662 4943 1924 5003 Unitatem
1968 4954 2093 5016 facit

496 5011 768 5088 inqualitas
793 5011 1072 5088 virtutum;
1104 5015 1701 5088 trinitatem4pr0prictas
1731 5011 2087 5088 personarum.

496 5082 716 5138 Vtilesls
756 5087 918 5155 etiam
951 5084 1248 5139 Arnohinm
1291 5087 1358 5139 de
1392 5082 1666 5144 Deo'trino
1698 5082 1752 5143 et
1781 5107 1888 5144 uno
1916 5133 1929 5155 ,
1964 5093 2093 5147 Fer-

492 5157 829 5228 rai_itl_um_ep.
859 5153 1038 5209 Casio.
1070 5155 1125 5208 Π.
1157 5155 1212 5219 ‘2,
1234 5167 1286 5228 et
1314 5156 1652 5228 Fulgentium
1687 5164 1752 5213 de
1770 5153 1924 5216 Trin.
1949 5178 1998 5216 c.
2033 5166 2087 5219 ‘2.

566 5225 593 5263 ιι
619 5224 942 5304 ludisertuni
966 5233 1021 5280 et
1039 5225 1362 5304 ineruditum
1379 5224 1444 5304 se
1467 5230 1596 5282 dicit
1622 5230 1976 5304 hicnrianus,
2002 5237 2090 5304 qui

491 5294 614 5372 sine
646 5295 808 5372 dubio
835 5295 1122 5372 episcopus
1153 5298 1461 5372 credendus
1489 5309 1592 5352 est.
1640 5299 1713 5353 De
1745 5303 1843 5354 hac
1873 5294 2087 5372 quidem

491 5367 859 5440 affirmatione
891 5367 1125 5422 lectores
1156 5368 1604 5440 fragmentoruin,
1639 5379 1797 5439 prout
1837 5367 2086 5440 Videtur,

484 5437 827 5510 judicahunt.
883 5437 1263 5503 Caeteroiiuin‘
1297 5440 1365 5494 de
1414 5437 1653 5494 veterum
1709 5437 2085 5510 epise0porutn

491 5507 734 5583 doctrina
762 5510 1100 5583 insignisest
1137 5511 1446 5583 Hieronymi
1480 5512 1629 5566 locus
1649 5511 1716 5565 de
1745 5507 1959 5568 Ariatiis
1987 5533 2084 5571 no-

487 5578 1037 5652 [Bittillltlldthucltlls
1082 5578 1358 5652 episcopis
1407 5581 1458 5636 in
1497 5585 1712 5652 dialogo
1751 5584 1871 5638 adv.
1903 5585 2076 5642 Lucif.

485 5645 542 5701 π.
575 5646 634 5700 Η
676 5664 688 5700 :
735 5645 938 5704 Revera
978 5650 1042 5705 de
1073 5645 1312 5710 Platonis
1351 5663 1398 5708 et
1454 5645 1815 5724 Aristophanis
1854 5657 1970 5712 sinu
2023 5665 2077 5718 in

2219 3216 2494 3286 singulare
2540 3218 2723 3288 genita
2758 3225 2948 3273 natura
2966 3232 3152 3274 verum
3188 3219 3354 3275 Deum
3387 3217 3727 3276 obedientem
3768 3222 3810 3252 ⁸⁸

2289 3352 2470 3426 illud.
2500 3353 2828 3426 sacrilegum.

2289 3424 2335 3526 ξς
2359 3423 2732 3558 ἶηιὲἁοίέιέὰουίη
2765 3425 2920 3481 unica
2942 3441 3012 3498 p,
3048 3429 3180 3483 utin
3211 3423 3330 3485 allis
3370 3427 3604 3502 amicitiis
3642 3432 3804 3490 codd.

2288 3565 2329 3641 ff
2358 3565 2430 3641 lla
2456 3531 2732 3641 liibcodq
2765 3575 2818 3622 at
2845 3567 2985 3624 idem
3012 3569 3137 3625 alibi
3166 3571 3381 3641 ﬂuenta.

2283 3635 2326 3666 ⁸³
2360 3637 2430 3690 Ita
2463 3639 2587 3694 cod.

2284 3705 2328 3736 “
2359 3707 2434 3762 Ita
2463 3712 2586 3764 cod.

2283 3775 2327 3808 ¹⁸
2354 3778 2910 3836 Cod.tevidentissime.

2283 3846 2326 3879 “
2349 3849 2425 3904 Ita
2453 3852 2577 3907 cod.

2209 4033 2558 4118 episcopatum
2589 4036 2904 4163 allehguntur.
2931 4041 3128 4123 Quotus
3167 4043 3305 4097 enim
3334 4045 3550 4115 quisque
3577 4056 3680 4112 est,
3711 4051 3799 4115 qui

2209 4121 2312 4158 non
2339 4123 2571 4163 opprime
2595 4126 2649 4162 tn
2714 4127 2760 4163 is
2799 4110 3028 4163 eruditus
3056 4114 3160 4163 sit?
3191 4113 3420 4163 Denique
3457 4133 3520 4163 ea:
3561 4119 3799 4163 ιὶιιηηιῑι

2209 4121 2312 4186 non
2339 4107 2571 4186 opprime
2595 4107 2760 4186 iubis
2799 4110 3028 4186 eruditus
3056 4114 3160 4186 sit?
3191 4107 3420 4184 Denique
3457 4107 3520 4171 ea:
3561 4107 3800 4176 litterdtis

2207 4179 2524 4259 quicumque
2542 4179 2695 4233 hodie
2725 4182 3053 4259 ordinantur,
3086 4185 3141 4238 id
3161 4179 3345 4259 habent
3369 4203 3510 4242 cura:
3539 4205 3640 4242 non
3665 4207 3794 4259 quo-

2210 4247 2362 4301 modo
2407 4249 2799 4328 Scripturarum
2839 4254 3091 4328 medullas
3131 4257 3360 4322 ebibant,
3410 4261 3498 4312 sed
3544 4247 3798 4328 quomodo

2209 4333 2360 4395 aures
2392 4322 2995 4395 papulideclamatorum
3023 4327 3252 4395 ﬂosculis
3275 4322 3566 4384 mulceant;
3591 4331 3798 4388 Accedit

2209 4387 2404 4466 adhoc
2429 4387 2581 4466 quod
2602 4393 2795 4447 Ariona
2825 4387 3034 4450 lateres-is
3073 4400 3234 4463 magis
3261 4417 3378 4453 cum
3421 4403 3674 4466 sapientia
3703 4387 3798 4458 sic;

2209 4460 2314 4544 culi
2337 4460 2460 4530 facit
2486 4503 2499 4524 ,
2528 4474 2575 4516 et
2601 4469 3098 4544 argutiteptationnm
3129 4460 3264 4544 rivos
3290 4472 3351 4544 de
3375 4460 3660 4544 Aristotelis
3682 4479 3799 4544 fon-

2211 4532 2885 4610 tibuspiutnaturfCottfer
2913 4537 3258 4610 Ambrosium
3276 4541 3343 4595 de
3370 4542 3476 4597 ﬁde
3501 4561 3534 4608 t,
3566 4547 3597 4598 5
3623 4532 3792 4610 et'l3,

2208 4602 2297 4682 qui
2330 4603 2579 4682 _Ari.tno_s
2609 4621 2673 4658 ex
2725 4607 3066 4682 philosophia
3099 4627 3313 4666 onmem
3347 4602 3641 4682 impietatis
3684 4602 3796 4674 sua;

2207 4672 2434 4748 traxisse
2478 4672 2762 4748 eolorein',
2796 4672 3011 4748 vimque
3049 4683 3130 4734 sui
3191 4686 3380 4738 veneni
3415 4672 3466 4739 i'n
3513 4672 3792 4745 dialectica

2203 4744 2533 4799 constituere
2555 4747 2746 4800 solitos
2768 4748 2912 4803 dicit.

2279 4824 2299 4850 ε
2327 4813 2501 4898 ‘Hunc
2523 4820 2696 4898 loeoni
2715 4822 3082 4889 evangelicum
3099 4835 3438 4898 pervenlistc
3468 4829 3792 4898 interpreta-

2309 4884 2644 4971 éngnstinus
2674 4884 2879 4970 contra
2893 4906 3054 4946 sernt.
3081 4884 3270 4948 Atina.
3295 4895 3350 4950 ﬂ'.
3382 4898 3406 4951 1
3439 4918 3450 4950 :
3483 4884 3626 4953 Illud
3655 4903 3793 4971 quod

2201 4953 2252 5005 in
2297 4953 2578 5038 Evaligelio
2612 4962 2998 5038 scriptuitrest,
3033 4984 3053 5038 ε
3094 4975 3149 5019 ut
3197 4982 3506 5038 cognoscant
3557 4981 3605 5024 te
3631 4953 3790 5025 uinum

2201 5037 2372 5106 verum
2390 5025 2550 5106 Deum
2574 5036 2620 5106 et
2641 5025 2785 5106 quem
2809 5025 2993 5106 misisti
3016 5031 3192 5089 Iesum
3216 5025 3528 5106 Christum,»
3556 5039 3653 5096 hoc
3674 5060 3790 5096 eum

2201 5097 2392 5180 illusisse
2429 5097 2781 5168 accipiendum
2822 5112 2915 5168 est,
2949 5103 3014 5159 Ut
3053 5115 3103 5159 te
3145 5119 3189 5160 et
3220 5123 3369 5180 quem
3399 5097 3582 5166 misisti
3610 5113 3789 5167 Iesum

2201 5164 2811 5248 gltristumhcognoscant
2846 5164 3008 5248 puum
3052 5164 3244 5248 verum.
3267 5178 3446 5235 Deum.
3475 5164 3693 5248 VQuiai
3709 5164 3790 5239 de

2200 5233 2400 5318 Christo
2431 5233 2625 5319 dictu'ln
2661 5254 2733 5319 est
2773 5262 2804 5296 a
2830 5241 3054 5319 Joanne,
3104 5239 3228 5319 Ipse
3274 5261 3344 5304 est
3382 5233 3786 5312 veru‘sql‘ie'us

2199 5307 2300 5396 vita
2325 5321 2539 5396 (eterna.
2564 5311 2670 5367 Sed
2697 5326 2883 5396 eontr-a
2916 5307 3164 5383 Aria'nos",
3196 5335 3421 5390 quorum
3454 5307 3787 5396 caput—erro;

2199 5385 2273 5458 ris
2295 5392 2410 5433 erat
2433 5423 2453 5463 ,‘
2477 5398 2640 5464 unum
2692 5399 2820 5465 esse
2844 5385 3011 5465 Deum
3062 5385 3246 5465 verum
3283 5401 3487 5461 patrem
3514 5385 3536 5461 ,”
3563 5397 3786 5465 ιιι-οιιθκι

2199 5456 2278 5530 in.
2299 5457 2487 5530 primis
2517 5457 2747 5530 recitare
2778 5456 3097 5514 Tertulliani
3127 5456 3489 5530 antiquissimi
3516 5456 3781 5529 hominis,

2191 5524 2280 5604 qui
2305 5524 2627 5604 multoante
2654 5524 2928 5604 Niea'num
2954 5524 3274 5604 concilium;
3305 5547 3466 5604 atque
3495 5535 3632 5592 adeo
3653 5524 3780 5596 ante

2189 5601 2370 5672 natum
2406 5593 2593 5672 érium
2619 5637 2633 5662 ,
2668 5600 2881 5672 scripsit
2906 5642 2920 5665 ,
2953 5601 3129 5655 locum
3165 5593 3462 5672 palmarem
3507 5619 3561 5663 et
3588 5593 3780 5665 classi:

2184 5674 2306 5716 cum
2331 5665 2396 5722 tle
2408 5665 2531 5728 Filii
2553 5684 2677 5726 vera
2700 5665 2979 5730 divinitate
3006 5665 3464 5746 atque'botnousia
3487 5691 3608 5744 cum
3628 5683 3779 5754 patre
