4194 6184
379 170 483 226 597
865 174 1297 240 MONUMENTA
1339 181 1619 242 VETERA
1656 185 1750 242 AD
1790 187 2198 249 ARIANORUM
2244 193 2640 256 DOCTRINAM
2682 199 3163 265 PERTINENTIA.
3560 213 3668 270 598

379 299 539 359 atque
582 290 862 346 subditum
903 302 926 329 ιι
965 294 1241 351 voluntate
1291 306 1453 370 atque
1502 311 1693 359 natura
1731 303 1969 375 ingenito
1996 310 2049 370 Α
2076 309 2330 365 virtutem
2359 311 2478 368 sive
2499 317 2819 384 sapientiam
2845 329 2902 386 ος
2948 320 3043 377 sed
3066 322 3347 380 sedentem
3390 326 3443 382 in
3466 327 3672 387 dextris

381 381 491 437 Deo
530 383 780 454 patrique
826 401 945 441 suo.
998 387 1133 456 Quia
1186 388 1346 461 igitur
1392 391 1627 449 diximus
1672 395 1970 454 secundum
2074 400 2202 470 Dei,
2238 412 2299 457 ut
2324 416 2468 461 esset
2504 424 2534 460 a
2564 381 2726 464 Patre
2763 381 3116 482 accipientem
3145 456 3160 484 ,
3188 416 3389 474 Filium
3422 419 3670 478 dilectio-

384 470 783 545 Scripturarum
819 479 1163 538 traditionem
1193 500 1356 540 unum
1382 501 1567 542 verum
1601 490 1787 555 Deum,
1812 492 1971 548 sicuti
2073 494 2157 547 nis
2189 493 2280 549 Dei
2309 537 2324 562 ,
2353 514 2511 567 quem
2539 499 2713 571 diligit
2733 470 2899 558 Deus:
2925 503 3069 560 Nihil
3094 470 3243 563 illum
3273 510 3555 581 fraudavit,
3583 516 3670 571 cui

381 574 436 623 et
461 579 544 623 est
572 571 867 626 secundum
892 588 1070 628 veram
1098 577 1365 631 rationem
1401 594 1538 634 unus
1567 578 1711 636 Deus
1738 598 1894 638 verus
1914 582 1969 651 δ,
2070 586 2250 640 omnia
2308 588 2547 657 tradidit,
2580 590 2738 647 sicuti
2772 593 3131 665 Evangelium
3173 601 3431 669 praedicat
3457 620 3471 658 :
3503 571 3665 661 Pater

378 676 521 715 unus
548 677 677 729 rex,
700 679 840 719 unus
870 664 1144 732 dominus,
1178 684 1316 723 unus
1345 681 1556 728 creator
1588 674 1835 744 etopil‘ex
1853 678 1972 732 uni-
2071 675 2239 749 diligit
2269 674 2466 734 Filium
2485 722 2501 749 ,
2535 693 2582 736 et
2602 685 2775 739 omnia
2804 664 3014 741 tradidit
3051 690 3106 745 in
3138 664 3295 747 manu
3319 696 3450 768 ejus.
3495 691 3666 757 Filius

375 754 669 810 versitatis.
705 758 838 823 Quia
866 759 1014 814 solus
1056 760 1216 831 igitur
1262 763 1383 818 sine
1413 764 1567 820 initio
1597 767 1921 825 eminentem
1947 770 1964 802 ¹
2072 772 2235 826 etiam
2268 775 2449 829 omnia
2472 776 2778 847 suscipiens
2800 795 2827 832 a
2850 779 3012 835 Patre
3040 823 3056 851 ,
3087 799 3254 855 super
3275 754 3464 845 omnes
3490 832 3507 859 ,
3540 805 3666 850 ante

375 848 665 919 possidens
686 860 1031 921 potestatem,
1062 852 1207 909 solus
1229 871 1337 910 non
1369 866 1491 928 eget
1518 858 1716 929 aliquid
1744 861 1789 926 ⁸,
1818 863 1968 918 solus
2068 866 2249 919 omnia
2279 906 2295 933 ,
2342 880 2463 920 cum
2506 868 2758 925 omnibus
2794 880 3005 941 patrem
3052 875 3264 934 adorat.
3304 880 3458 939 Hunc
3492 848 3666 956 igitur

372 956 479 996 non
512 947 598 997 est
628 942 729 998 sub
758 943 876 1014 lege
918 944 1148 1001 alterius
1175 990 1189 1012 ,
1236 964 1412 1019 neque
1438 960 1717 1021 exstiectat
1744 955 1966 1010 utauda-
2069 956 2398 1026 suscipimus
2446 974 2543 1029 per
2592 961 2901 1033 Scripturas
2926 962 3092 1023 Deum
3119 986 3240 1027 esse
3265 976 3424 1030 totius
3446 942 3662 1036 creuatn-

314 1086 341 1093 _
371 1039 508 1099 tum;
535 1034 683 1089 solus
716 1050 822 1089 non
847 1033 1054 1091 habens
1082 1040 1477 1108 superiorem’,
1506 1044 1551 1098 si
1579 1058 1637 1099 se
1656 1060 1756 1101 nec
1785 1062 1967 1118 azqna-
2068 1065 2185 1105 ras:
2218 1061 2401 1106 natum
2449 1053 2725 1111 subditum
2784 1058 2897 1113 Deo
2936 1077 3043 1115 non
3096 1077 3224 1119 nato
3268 1063 3293 1103 ἀ
3330 1086 3343 1121 :
3388 1069 3664 1129 dominum

310 1179 315 1183 ,
368 1124 477 1180 lem
511 1125 709 1181 nullius
730 1125 856 1183 fecit
875 1144 890 1193 ;
908 1126 998 1200 qui
1019 1138 1102 1185 est
1124 1139 1267 1187 totus
1295 1149 1400 1188 non
1427 1144 1582 1190 natus
1603 1136 1766 1207 Dens,
1792 1148 1962 1197 totum
2068 1144 2232 1199 totius
2260 1158 2527 1202 creaturae
2553 1156 2758 1218 natum,
2790 1150 3096 1209 ministrum
3116 1172 3245 1212 vero
3273 1156 3485 1217 Domini
3512 1181 3615 1220 non
3638 1167 3659 1199 ⁸

366 1226 551 1273 natum
585 1217 755 1274 lilium
796 1218 955 1288 fecit;
1002 1238 1097 1292 per
1130 1239 1289 1295 quem
1323 1226 1501 1281 omnia
1552 1231 1753 1286 creavit
1779 1273 1793 1297 ,
1822 1232 1964 1289 sicut
2064 1239 2176 1292 nati
2211 1255 2230 1293 :
2260 1255 2441 1310 regem
2495 1243 2656 1297 totius
2707 1258 2975 1302 creatura:
3006 1260 3192 1305 natum
3244 1255 3345 1309 sub
3391 1265 3660 1326 potestate

362 1313 630 1383 scriptum
662 1323 745 1368 est
774 1331 787 1366 :
824 1312 1012 1369 Omnia
1039 1333 1131 1387 per
1149 1319 1300 1371 illum
1326 1323 1466 1389 facta
1484 1331 1633 1390 sunt,
1667 1333 1713 1377 et
1736 1324 1846 1378 sine
1868 1327 1961 1381 illo
2065 1330 2208 1400 regis
2238 1329 2258 1360 ⁸
2286 1346 2392 1384 non
2419 1334 2525 1387 nati
2554 1350 2569 1399 ;
2596 1334 2778 1391 lumen
2810 1352 2999 1394 verum
3030 1346 3236 1405 uatum;
3266 1312 3551 1417 subiacens
3581 1351 3664 1407 lu-

361 1405 561 1475 factum
624 1413 698 1459 est
736 1406 872 1459 nihil
922 1422 943 1462 :
990 1416 1201 1463 creator
1239 1420 1536 1466 creatorem
1560 1453 1576 1479 ,
1614 1414 1759 1471 Deus
1794 1417 1958 1473 Deum
2065 1424 2194 1477 mini
2225 1439 2329 1477 nan
2364 1434 2491 1481 nato
2542 1427 2902 1485 inaccessibili
2933 1450 2947 1487 :
2980 1436 3301 1502 sapientiam
3346 1405 3527 1497 natam
3554 1445 3649 1499 ob-

361 1497 529 1552 totius
572 1508 841 1554 creaturae
889 1500 1260 1570 subjacentem
1305 1512 1359 1559 et
1390 1504 1855 1595 obtemperantem
1904 1510 1957 1565 in
2066 1525 2455 1588 temperantem
2496 1520 2547 1575 in
2590 1522 2844 1579 omnibus
2887 1520 3006 1583 solo
3031 1529 3050 1559 "
3081 1532 3310 1601 sapienti
3341 1550 3448 1591 non
3480 1550 3606 1594 nato
3640 1558 3652 1593 ε

354 1592 612 1647 omnibus
639 1594 908 1650 mandatis
945 1596 1081 1651 suis.
1123 1596 1277 1653 Hunc
1326 1613 1431 1654 non
1484 1592 1852 1671 proﬁcientem
1902 1605 1954 1661 in
2063 1618 2362 1665 creatorem
2393 1618 2575 1666 uatum
2622 1615 2722 1669 sub
2747 1629 2993 1673 creatore
3035 1592 3161 1675 non.
3187 1632 3313 1679 nato
3341 1642 3354 1677 :
3382 1638 3656 1698 pastorem

352 1693 662 1756 posterum,
692 1686 787 1741 sed
815 1687 995 1741 statim
1027 1688 1349 1759 perfectum,
1376 1691 1763 1749 sicntdiximns
1792 1712 1958 1767 :qua—
1984 1705 2031 1766 Β
2062 1699 2261 1755 bonum
2290 1704 2453 1758 totius
2482 1717 2770 1771 creaturas.
2795 1720 2979 1764 natum
3013 1727 3209 1784 agnum
3240 1710 3332 1772 Dei
3360 1686 3465 1775 non
3498 1725 3606 1779 nati
3631 1743 3646 1778 :

352 1778 461 1832 lem
516 1778 690 1849 potuit
720 1788 889 1836 totam
925 1783 1179 1839 virtutem
1211 1795 1267 1840 et
1299 1795 1466 1840 totam
1515 1787 1840 1858 sapientiam
1895 1794 1947 1847 in
2061 1791 2225 1846 vitam
2271 1803 2452 1849 natam
2504 1796 2869 1855 viviﬁcantem
2902 1778 3073 1857 totam
3104 1816 3408 1865 creaturam
3440 1812 3656 1872 volente

345 1870 736 1928 substitutione
786 1873 879 1930 lilii
927 1876 1286 1948 consignatis,
1322 1876 1480 1933 sicuti
1519 1882 1778 1952 scriptum
1822 1892 1906 1939 est
1927 1925 1943 1953 ,
2054 1882 2235 1952 Patre,
2266 1886 2635 1957 subjacentem
2665 1889 2823 1947 8solo
2848 1893 2968 1950 vivo
2989 1895 3107 1951 sine
3138 1897 3289 1954 initio
3322 1901 3467 1972 Deo,
3492 1902 3653 1962 sicuti

342 1978 512 2034 quem
537 1961 701 2021 Pater
725 1966 1064 2038 consignavit
1093 1970 1253 2024 Deus.
1305 1971 1434 2027 lnde
1460 1973 1622 2028 etiam
1653 1976 1942 2047 imaginem
2052 1977 2182 2032 dicit
2211 1976 2377 2035 Filius
2411 1996 2425 2033 :
2461 1980 2631 2036 Sicuti
2661 1981 2817 2038 Pater
2852 1982 3001 2041 habet
3039 1989 3234 2058 vitam;
3262 1992 3314 2046 in
3355 1961 3650 2068 semetipso

342 2060 443 2115 Dei
467 2054 756 2118 invisibilis
787 2061 928 2119 hunc
959 2065 1256 2135 Apostolus
1280 2069 1540 2139 praedicat
1566 2114 1582 2137 ,
1613 2073 1938 2131 invisibilem

335 2166 496 2207 suam
528 2153 783 2209 virtutem
834 2156 948 2211 sive
993 2156 1312 2228 sapientiam
1360 2163 1737 2221 ostendentem
1770 2167 1938 2225 Deum

333 2245 393 2301 in
424 2246 726 2303 substantia
744 2248 890 2304 Filii.
918 2250 1062 2324 Ergo
1079 2264 1340 2322 quantum
1367 2259 1540 2326 potuit
1575 2256 1719 2316 Deus
1739 2262 1937 2319 virtute

331 2347 392 2396 et
422 2342 685 2412 sapientia
717 2338 955 2399 ostendit
995 2347 1045 2400 in
1088 2344 1228 2403 Filio
1265 2367 1277 2403 :
1314 2349 1454 2405 unde
1494 2351 1790 2423 Apostolus
1839 2356 1936 2413 Dei

328 2434 590 2488 virtutem
618 2442 675 2489 et
718 2434 812 2490 Dei
860 2436 1181 2508 sapientiam
1208 2439 1365 2496 docet
1402 2457 1525 2498 esse
1572 2444 1741 2500 lilium
1778 2466 1791 2503 :
1823 2464 1929 2504 non

326 2525 479 2581 illam
506 2525 527 2552 ⁸
554 2526 745 2597 igitur,
775 2544 896 2600 qua:
922 2530 976 2583 in
1022 2529 1289 2588 invisibile
1324 2533 1434 2591 Deo
1462 2544 1581 2605 est,
1634 2538 1753 2595 sine
1775 2540 1930 2598 initio

406 2652 423 2682 ³
451 2648 587 2706 Cod.
615 2653 957 2709 criminantem.

401 2723 421 2753 ³
446 2720 519 2776 Ita
544 2723 668 2777 cod.

399 2790 421 2823 ³
446 2791 523 2846 Ita
554 2794 676 2849 cod.

396 2863 421 2939 ξ
456 2865 591 2939 god.
623 2862 718 2939 illa
747 2866 934 2922 uirtute
955 2868 1230 2939 sapientia.

398 2936 419 2966 ³
456 2935 615 2991 Deest
646 2937 697 2991 in
738 2940 861 2994 cod.
904 2935 1028 2995 non.

396 3007 417 3038 ⁸
442 3006 575 3061 Cod.
600 3009 732 3081 regi.

315 3101 455 3184 Deo.
484 3098 573 3184 _Sic
593 3113 724 3184 ergo
750 3101 982 3183 ᾼροιοε.
1013 3119 1132 3184 cap.
1158 3105 1224 3184 2_l
1263 3123 1276 3158 :
1302 3105 1458 3161 Hunc
1483 3109 1688 3184 (Λὸσγρν)
1722 3128 1786 3168 ea:
1808 3108 1921 3168 Deo

315 3171 583 3248 prolatum
615 3172 914 3248 didicimus,
935 3171 988 3248 et
1006 3171 1295 3246 prolatione
1311 3171 1625 3248 generatum,
1661 3171 1706 3238 et
1725 3185 1919 3239 idcirco

312 3240 490 3314 ﬁlium
529 3240 626 3314 Dei
676 3252 724 3296 et
754 3241 920 3298 Deum
947 3240 1141 3301 dictum
1188 3259 1258 3302 Ex
1288 3240 1518 3304 u'iii'rs'rz
1558 3240 1913 3312 su'as'rsu'rw.

313 3312 462 3394 Nam
474 3321 520 3366 et
534 3312 672 3368 Deus
689 3316 900 3383 spiritus
928 3333 949 3399 ί
970 3329 1015 3371 et
1036 3335 1155 3399 cunt
1182 3320 1452 3399 radiusuea:
1475 3323 1585 3399 sole
1606 3328 1914 3399 porrigitur,

314 3386 488 3463 portio
513 3400 579 3439 ea;
599 3402 834 3441 summa:
859 3389 949 3442 sed
973 3391 1175 3463 solerit
1194 3392 1246 3443 iu
1275 3392 1424 3445 radio
1452 3434 1468 3459 ,
1500 3386 1622 3463 quia
1670 3386 1796 3452 solis
1841 3386 1921 3454 est

310 3456 537 3521 radius;
566 3469 658 3511 nec
695 3470 965 3527 separatur
993 3462 1278 3516 substantia
1302 3503 1315 3527 ,
1350 3456 1463 3517 sed'
1483 3456 1790 3522 eatenditur.
1829 3468 1915 3523 Ita

311 3528 379 3581 de
404 3528 593 3595 spiritu
619 3528 855 3595 spiritus,
882 3542 930 3584 et
960 3532 1022 3585 de
1047 3532 1152 3587 Deo
1184 3533 1341 3593 Deus.
1370 3542 1422 3587 ut
1445 3535 1612 3590 lumen
1639 3540 1702 3592 de
1720 3542 1916 3596 lumine

310 3616 609 3676 accensum.
644 3597 817 3676 ﬂuitet
841 3603 1063 3675 integra,
1096 3613 1141 3656 et
1163 3606 1421 3676 indefecta
1443 3611 1672 3664 materia:
1699 3614 1907 3675 matrix,

308 3674 407 3726 etsi
441 3670 626 3747 plures
658 3672 778 3725 inde
811 3670 1052 3729 traduces
1079 3670 1389 3747 qualitatum
1438 3684 1704 3737 mutueris.
1738 3684 1826 3737 Ita
1864 3670 1911 3739 et

306 3743 450 3813 quod
495 3743 560 3796 de
589 3742 695 3824 [leo
734 3749 1034 3824 profectum
1091 3742 1199 3824 est,
1243 3749 1379 3824 Deus
1414 3760 1487 3804 est
1523 3764 1567 3806 et
1604 3753 1697 3808 Dei
1722 3756 1865 3824 ﬁlius
1888 3798 1904 3824 ,

308 3825 361 3868 et
375 3832 506 3891 unus
526 3816 696 3891 ambo.
722 3816 809 3875 Ita
835 3816 880 3873 et
906 3820 970 3875 do
990 3822 1176 3884 spiritu
1193 3822 1425 3891 spiritus,
1448 3833 1497 3878 et
1512 3825 1577 3878 de
1598 3824 1703 3879 Dea
1722 3816 1866 3881 'Deus
1889 3816 1909 3883 ἓ

308 3888 523 3941 modulo
552 3887 797 3968 alterum,
820 3907 924 3945 non
952 3887 1421 3968 numero_;'gradu,
1455 3911 1554 3968 non
1585 3906 1720 3951 statu
1746 3901 1905 3968 fecit;

308 3967 362 4013 et
390 3976 427 4039 is
451 3961 667 4014 matrice
690 3942 797 4016 nati
820 3942 1027 4018 recessit
1052 4004 1067 4026 ,
1095 3942 1453 4039 sed’eacessi't.
1482 3964 1591 4023 Iste
1618 3942 1776 4039 igitu'r
1806 3942 1908 4026 Dei
1937 3946 1989 4006 D

308 4030 513 4110 radius,
536 4040 593 4085 ut
620 4043 756 4110 retro
782 4049 980 4110 semper
1015 4037 1392 4105 praedicabatur
1412 4076 1428 4104 ,
1458 4030 1702 4110 delapsits
1725 4041 1777 4094 in
1807 4042 1913 4095 vir-

306 4102 489 4182 gineus
518 4103 795 4182 quamdam
818 4147 853 4182 ,_
872 4102 921 4161 et
944 4106 997 4161 in
1015 4102 1166 4160 utero
1190 4110 1300 4182 ejus
1327 4102 1444 4161 caro
1474 4102 1748 4182 ﬁgit-ratus,
1784 4129 1905 4167 nas-

307 4173 448 4249 citur
470 4175 622 4249 homo
646 4172 757 4249 [leo
785 4179 1001 4249 mistns;
1031 4195 1152 4233 caro
1175 4172 1361 4246 spiritu
1380 4172 1629 4235 instructa
1658 4172 1905 4249 nutritur,

305 4244 558 4321 adolescit
581 4288 596 4311 ,
628 4242 860 4321 aﬂ'a‘tur‘,
916 4248 1060 4302 docet
1088 4286 1104 4311 ,
1148 4242 1388 4321 operatur
1409 4291 1424 4315 ,
1460 4261 1507 4306 et
1547 4252 1780 4307 Christus
1809 4242 1903 4310 est;

303 4314 491 4393 Alium
515 4316 834 4393 T_er_tul|iaui
856 4321 1141 4393 classicum
1168 4314 1321 4393 irque
1353 4314 1531 4377 laeum
1564 4325 1824 4379 habemus
1853 4326 1906 4381 in

303 4386 449 4467 libro
498 4388 564 4467 ad
602 4390 866 4467 Pisaeam
916 4406 1036 4459 cap.
1066 4392 1138 4457 2,
1174 4386 1332 4461 quem
1380 4393 1575 4449 librum
1617 4395 1903 4467 theologia:

303 4457 567 4533 studiosis
598 4461 916 4533 familiarem
956 4457 1079 4517 esse
1106 4457 1341 4533 oportet.

381 4531 723 4605 {Quomodo
770 4532 938 4605 Filius
968 4531 1245 4602 subjectus
1290 4536 1502 4590 dicatur
1557 4536 1668 4593 Deo
1718 4539 1899 4605 Patri,

303 4600 576 4681 catholica
607 4606 768 4681 explit
788 4618 840 4659 at
874 4600 1106 4660 Hilarius
1131 4604 1380 4681 deA'l‘rin.
1416 4624 1492 4670 xi.
1517 4608 1608 4676 50,
1636 4610 1727 4665 45.
1761 4600 1902 4681 Lege

304 4672 469 4745 etiam
500 4674 668 4745 Cyril.
705 4680 946 4731 thesaur.
977 4686 1174 4731 assert.
1201 4678 1291 4733 29.
1323 4678 1458 4732 Tum
1490 4672 1737 4735 eamdem
1765 4672 1897 4736 doc-

306 4742 503 4821 tri_u_ain
549 4742 803 4821 exponit_
826 4746 1152 4821 Ambrosius
1181 4750 1248 4803 de
1270 4750 1407 4821 ﬁlide
1435 4750 1526 4804 lib.
1576 4767 1632 4819 v,
1665 4752 1732 4807 15
1754 4754 1896 4821 -15,

302 4814 586 4870 evidenter
613 4814 908 4872 ostendens
950 4817 1223 4874 Christum
1266 4820 1411 4875 Patri
1457 4814 1669 4878 nonnisi
1701 4814 1894 4880 secuit;

301 4883 431 4961 dum
460 4903 676 4961 carnem
698 4890 801 4945 dici
827 4891 1151 4961 subjectum.
1186 4892 1251 4945 Et
1276 4893 1491 4960 quidem
1514 4909 1636 4957 cap.
1666 4895 1729 4950 M
1752 4936 1767 4960 ,
1791 4896 1896 4951 ait:

302 4952 431 5032 Non
467 4959 625 5032 igitur
668 4952 967 5032 prtejudiCEt
994 5003 1008 5027 ,
1064 4963 1183 5029 quia
1212 4952 1470 5028 subiectus
1529 4952 1719 5019 dicitur
1738 4952 1766 5020 ε’
1795 4985 1898 5021 non

300 5030 607 5099 prtejudical
625 5034 748 5106 quia
765 5030 936 5087 smus
959 5034 1169 5102 legitur,
1191 5037 1312 5102 quia
1332 5035 1612 5104 cruciﬁxus
1629 5041 1893 5106 deseritur,

299 5110 532 5175 mortuus
584 5105 891 5171 priedicatur
932 5121 949 5157 :
995 5110 1115 5172 quia
1163 5122 1280 5159 cum
1317 5117 1637 5172 moreretur,
1663 5110 1895 5175 vivebat;

299 5186 417 5223 cum
451 5172 804 5246 subjiceretur,
838 5179 1124 5244 regnabat;
1148 5192 1265 5231 cum
1294 5177 1600 5244 sepeliretur
1622 5219 1638 5246 ,
1671 5172 1894 5233 resusci-

297 5244 455 5296 lttbttt.
490 5242 549 5298 Si
596 5244 742 5300 Zeno
768 5242 926 5299 truci.
958 5246 1012 5312 6,
1046 5246 1103 5301 ίΐ.
1148 5251 1180 5300 4
1203 5288 1217 5310 ,
1248 5242 1434 5302 contra
1469 5242 1697 5303 Arintitis
1726 5267 1737 5302 :
1772 5250 1894 5306 Non

296 5313 612 5389 deminutiva
635 5356 649 5380 ,
669 5319 760 5370 sed
800 5318 1038 5389 religiosa
1062 5318 1374 5387 subjectione
1407 5331 1480 5373 est
1530 5317 1703 5375 Filius
1743 5320 1901 5376 Patri

292 5383 582 5459 subjectus,
621 5404 860 5459 cumquo
896 5383 1257 5443 cowternit'atis
1285 5391 1768 5459 ainnipotentiwque
1792 5411 1899 5448 una

299 5457 619 5531 substantia,
671 5457 777 5514 una
821 5463 1121 5528 inqualitas,
1171 5473 1278 5517 etc.
1316 5457 1557 5530 Denique
1611 5457 1898 5531 pra-dictus

306 5525 543 5604 llilarius
594 5531 686 5585 lib.
740 5547 832 5604 at,
881 5525 945 5604 ἀ.
1006 5525 1385 5601 6,“(ιιι‹·ι’ἱιιη·
1434 5525 1503 5588 de
1544 5525 1757 5588 Arianis
1809 5538 1897 5604 qui

309 5596 711 5666 Seripturarum
747 5596 1113 5657 locutioitibus
1148 5596 1217 5658 de
1238 5604 1438 5659 Christi
1470 5606 1805 5659 humanitate
1826 5596 1897 5659 ad

309 5667 685 5729 inﬁrmandas»
711 5673 830 5747 ejus
857 5675 1194 5731 divinitatem
1234 5676 1597 5733 abutebantur
1629 5692 1642 5730 :
1676 5675 1901 5747 Dispen-

2051 2066 2217 2125 babet
2243 2079 2297 2127 et
2342 2088 2448 2127 non
2479 2076 2688 2145 accepit
2718 2093 2734 2142 ;
2783 2077 2854 2131 ita
2884 2089 2937 2135 et
2971 2078 3108 2136 Filio
3136 2081 3284 2139 dedit
3311 2084 3474 2143 vitam
3506 2092 3526 2123 θ
3549 2066 3642 2146 lia-

2049 2160 2180 2217 bere
2208 2162 2264 2217 in
2298 2163 2650 2235 semetipsum
2675 2166 2718 2198 ¹⁰
2737 2168 3221 2240 incomparabilem
3245 2176 3296 2230 in
3315 2193 3412 2234 sua
3436 2180 3637 2252 impro-

2044 2256 2160 2325 pria
2214 2265 2340 2311 nata
2397 2252 2726 2327 substantia;
2760 2260 2921 2317 sicuti
2969 2264 3131 2321 Pater
3155 2267 3207 2321 in
3235 2285 3331 2325 sua
3380 2287 3489 2328 non
3518 2287 3641 2333 nata

2039 2347 2339 2404 substantia
2363 2392 2377 2415 ,
2433 2350 2882 2422 incomparabilis
2909 2371 3030 2412 esse
3059 2358 3416 2432 dignoscitur.
3462 2363 3640 2422 Unum

2037 2458 2167 2515 ergo
2192 2455 2244 2499 et
2271 2460 2440 2500 unum
2476 2445 2517 2476 “
2546 2446 2869 2505 conﬁtemur
2897 2451 3085 2518 Deum,
3109 2470 3218 2510 non
3242 2455 3379 2513 duos
3401 2459 3541 2517 Deos
3570 2473 3593 2500 ο
3622 2483 3634 2519 :

2034 2559 2142 2600 non
2167 2544 2310 2601 enim
2343 2544 2575 2603 dicimus
2598 2546 2734 2603 duos
2757 2564 2863 2604 non
2884 2560 3062 2620 natos,
3079 2552 3318 2611 autduos
3336 2567 3636 2630 patres.....

1961 2665 2008 2731 C
2110 2665 2130 2741 ἶ
2166 2665 2414 2741 l_ta_cod._
2439 2665 2525 2741 hic
2566 2674 2624 2723 et
2652 2666 2791 2723 infra
2826 2683 2926 2739 pro
2961 2670 3081 2725 soli.
3111 2682 3120 2739 ᾗ
3166 2732 3172 2741 η

2110 2735 2133 2768 ⁸
2167 2737 2299 2792 Cod.
2333 2738 2648 2808 subjacente.

2107 2808 2128 2839 ⁹
2167 2808 2298 2863 Cod.
2325 2812 2445 2862 vita.

2103 2877 2145 2909 ¹⁰
2169 2878 2244 2933 Ita
2272 2878 2395 2934 cod.

2104 2948 2143 2981 “
2175 2950 2249 3005 lta
2286 2950 2408 3006 cod;
2428 2991 2444 3017 ,
2471 2958 2529 3006 et
2554 2950 2631 3005 sic
2663 2951 2827 3007 etiam
2852 2952 2904 3008 in
2936 2951 3128 3026 fragm.
3153 2971 3228 3013 iv.

2026 3112 2278 3185 sationem
2306 3110 2555 3185 assumpti
2571 3114 2801 3183 corporis
2826 3116 3040 3185 rapiunt
3061 3118 3128 3172 ad
3148 3122 3515 3180 contumeliam
3541 3128 3598 3183 di
3612 3159 3627 3172 ο

2024 3184 2273 3240 trinitatis.
2307 3190 2355 3234 et
2386 3184 2660 3257 impietatis
2679 3184 3166 3257 Acausas’arripiunt
3225 3195 3288 3247 de
3316 3197 3497 3251 salutis
3526 3216 3624 3254 na-

2023 3264 2145 3338 sine
2170 3266 2507 3337 sacramento.
2534 3253 2742 3337 Quodsi
2752 3253 3055 3338 apostolica;
3071 3261 3193 3329 ﬁdei
3209 3273 3407 3319 tenaces
3433 3253 3627 3338 essent,

2022 3326 2363 3393 intelligerent
2392 3341 2521 3409 eum-
2538 3327 2625 3393 qui
2664 3327 2721 3380 in
2762 3332 2929 3398 [arma
2957 3326 3220 3388 Dei—esset
3240 3376 3255 3401 ,
3286 3326 3623 3409 assumpsisse

2022 3401 2244 3467 formum
2272 3401 2403 3448 servi
2428 3434 2443 3461 ,
2474 3404 2580 3467 etc.

2094 3466 2447 3551 PSequeuies
2497 3465 2908 3551 hlaspheniias,
2956 3487 3184 3551 quarum
3222 3490 3447 3551 summa
3494 3493 3617 3551 est,

2020 3538 2218 3622 Filium
2251 3538 2524 3594 diversum
2553 3553 2678 3622 esse
2703 3556 2732 3594 a
2763 3540 2939 3596 Patris
2968 3538 3293 3622 substantia,
3327 3538 3617 3622 solumque

2016 3609 2236 3694 Patrem
2260 3622 2382 3689 esse
2412 3622 2604 3694 verum
2616 3612 2845 3694 “Deum,
2865 3614 3074 3694 prolixe
3085 3609 3322 3694 castigat
3347 3609 3618 3694 coarguit:-

2016 3697 2121 3752 que
2154 3680 2386 3754 Hilarius
2434 3689 2545 3754 toto
2592 3681 2730 3754 libro
2757 3680 2947 3751 quinto
2975 3686 3043 3738 de
3085 3680 3371 3747 Triniiate.
3416 3680 3617 3754 Miiller

2014 3751 2175 3808 etiam
2207 3753 2423 3808 Alcuin.
2454 3751 2610 3808 Conf.
2647 3753 2738 3807 lid.
2766 3767 2901 3823 part.
2927 3772 2984 3811 ιιι
3009 3798 3022 3821 ,
3053 3756 3106 3811 2.

2088 3837 2110 3864 ο
2157 3827 2410 3881 Doctrina
2441 3828 2629 3900 ariana
2665 3824 2787 3900 huic
2824 3828 3020 3881 similis
3057 3838 3140 3882 est
3180 3833 3320 3900 apud
3347 3833 3610 3896 Hilarium

2012 3908 2196 3952 contra
2231 3899 2555 3952 Auxentium
2588 3896 2645 3950 ll.
2682 3896 2745 3956 ϐ.
2785 3900 3072 3967 multisque
3105 3901 3170 3954 iii.
3207 3896 3339 3959 locis
3369 3907 3611 3965 inuuitur

2014 3972 2177 4049 etiam
2198 3974 2334 4049 apud
2367 3968 2654 4049 liusebium
2673 3968 3087 4049 pa'_sut'ieiiseiii.
3120 3972 3225 4027 Sed
3253 3990 3350 4049 age
3371 3993 3612 4049 ορμοιιι..

2012 4056 2131 4111 mus
2163 4042 2330 4111 impio
2358 4040 2560 4095 Ariano
2582 4038 2943 4111 orthodoxam
2973 4051 3215 4111 nostrum
3245 4038 3607 4111 Augustinum

2010 4110 2078 4181 de
2106 4110 2253 4167 Trin.
2290 4129 2385 4175 VII,
2411 4112 2501 4175 l2,
2527 4112 2604 4164 sic
2624 4110 2935 4180 loquentem
2971 4129 2982 4164 :
3031 4110 3221 4168 Credat
3247 4116 3301 4170 in
3322 4110 3536 4179 Patrem
3561 4135 3612 4181 et

2010 4179 2061 4234 F
2062 4183 2208 4238 ilium
2239 4196 2286 4237 et
2332 4182 2593 4263 Spiritum
2619 4179 2851 4263 sanctum
2880 4224 2895 4249 ,
2946 4201 3105 4263 unum
3140 4184 3309 4242 Deum
3337 4233 3352 4255 ,
3391 4179 3605 4263 solum,

2008 4268 2248 4327 magnum
2268 4296 2281 4319 ,
2316 4256 2715 4327 omnipateutem
2743 4294 2758 4315 ,
2788 4256 3019 4327 bavium,
3040 4258 3246 4327 justum
3270 4300 3285 4323 ,
3313 4256 3598 4323 misericors

2008 4324 2141 4385 dem.
2165 4327 2394 4380 omnium
2413 4324 2689 4378 visibilium
2711 4333 2758 4378 et
2778 4324 3114 4380 invisibilium
3128 4330 3465 4390 conditorem.
3495 4336 3607 4393 Ne-

2005 4411 2103 4469 que
2127 4414 2239 4451 cum
2267 4396 2511 4469 audierit,
2535 4394 2749 4447 Patrem
2789 4396 2960 4448 solum
2994 4395 3191 4464 Deum,
3238 4415 3443 4469 separet
3482 4407 3606 4462 inde

2012 4464 2204 4541 [filium
2248 4477 2336 4519 aut
2368 4467 2627 4534 Spiritum
2672 4475 2907 4541 salictum
2949 4480 3203 4541 :cunieo
3242 4464 3435 4541 quippe
3460 4479 3605 4533 solus

2004 4535 2148 4592 Deus
2169 4580 2184 4602 ,
2216 4554 2330 4590 cum
2361 4531 2460 4606 quo
2479 4546 2526 4589 et
2558 4551 2692 4588 unus
2707 4531 2848 4588 Deus
2878 4547 2949 4588 est
2990 4551 3009 4588 .'
3036 4539 3156 4605 quia
3185 4550 3231 4592 et
3255 4531 3454 4597 Filium
3486 4531 3605 4603 cum

2004 4612 2246 4663 audimus
2267 4610 2433 4662 solum
2458 4606 2648 4670 Deum,
2670 4606 2781 4659 sine
2810 4606 2917 4660 ulla
2946 4612 3271 4676 separatione
3295 4612 3474 4669 Patris
3509 4629 3602 4674 aut

2005 4678 2235 4750 Spiritus
2263 4679 2427 4734 sancti
2470 4687 2681 4750 Oportet
2710 4678 2964 4750 accipere.
2992 4678 3153 4749 Atque
3183 4683 3255 4735 ita
3277 4684 3417 4740 dicat
3445 4704 3602 4746 tinam

2001 4748 2313 4815 essentiam,
2356 4761 2411 4804 ut
2453 4766 2555 4803 non
2597 4748 2850 4803 existimet
2878 4748 3022 4801 aliud
3058 4754 3162 4805 alio
3204 4756 3282 4809 vel
3311 4760 3480 4819 majus
3523 4764 3603 4819 uel

2001 4824 2185 4877 melius
2209 4823 2285 4877 vel
2315 4824 2493 4891 aliqua
2514 4838 2576 4875 ex
2603 4830 2748 4884 parte
2774 4820 3052 4874 diuersum.
3112 4825 3334 4883 Canter.
3379 4820 3597 4890 Alcuin.

2001 4893 2156 4948 Cotti.
2195 4895 2282 4947 lid.
2311 4903 2449 4962 part.
2476 4908 2514 4955 I,
2551 4892 2637 4948 15.

1990 4984 2031 5035 '7
2071 4962 2097 5001 ἀ
2142 4960 2472 5035 Augustinus
2512 4964 2637 5017 coll.
2689 4977 2810 5035 tum
2837 4960 3131 5018 Maximino
3166 4965 3370 5027 Ariano
3402 4972 3458 5028 θ’.
3494 4975 3598 5031 163

2001 5032 2262 5106 Proﬁteor
2292 5077 2306 5101 ,
2338 5037 2468 5088 sicut
2498 5034 2629 5087 dicis
2657 5072 2671 5098 ,
2702 5032 2907 5106 l‘atrettt
2944 5041 3217 5105 innatum;
3245 5042 3334 5095 sed
3356 5058 3458 5097 non
3486 5046 3602 5100 ideo

1998 5117 2115 5161 sunt
2158 5108 2372 5161 diversa:
2401 5116 2598 5159 natura:
2628 5116 2780 5175 atque
2826 5105 3126 5162 substantia:
3151 5147 3167 5177 ,
3206 5112 3329 5178 quia
3374 5114 3463 5168 ille
3492 5131 3598 5170 non

1998 5189 2152 5233 nutus
2181 5189 2278 5242 est,
2303 5180 2392 5230 ille
2421 5187 2572 5230 natus
2596 5186 2688 5232 est.

2075 5260 2097 5287 ε
2140 5249 2451 5320 Respondet
2481 5247 2715 5302 Ariauus
2740 5247 2898 5320 justa:
2927 5246 3333 5307 Catbolicorum
3375 5267 3599 5310 accusa-

2007 5320 2160 5386 tioni,
2190 5317 2347 5395 titiam
2377 5322 2515 5393 apud
2546 5317 2891 5395 A_tlllit‘0sitttlt
2925 5320 2991 5395 tle
3029 5322 3130 5373 lide
3153 5335 3198 5381 ι.
3235 5323 3287 5384 1,
3312 5326 3596 5395 cognosci-

1982 5407 2123 5451 _nius
2158 5410 2172 5446 ε
2223 5391 2543 5460 ιΙηῑιηιενθο
2576 5391 2759 5454 Deum,
2792 5405 2894 5460 non
2924 5393 3050 5442 duas
3078 5402 3163 5442 aut
3185 5401 3286 5445 tres
3313 5391 3451 5448 Deos
3468 5397 3599 5453 dici-

2005 5479 2119 5516 mus
2142 5478 2162 5528 ;
2203 5473 2254 5516 ut
2296 5465 2453 5530 impia
2479 5458 3085 5536 Arianorum/tmesis,
3109 5461 3231 5513 dum
3260 5466 3598 5536 criminatur,

2004 5534 2238 5586 incurrit.
2291 5532 2350 5586 Tt
2364 5550 2415 5585 es
2439 5536 2575 5609 ett-im
2610 5533 2727 5609 deos
2758 5529 2881 5609 dicit
2917 5533 3003 5598 qui
3036 5534 3353 5609 divinitatem
3394 5529 3599 5609 separat

2007 5603 2290 5660 Trinitatis.
2321 5599 2733 5677 CutuDonti‘uus
2761 5602 2976 5677 dicentia
2997 5616 3015 5653 :
3032 5599 3399 5674 Ite,bapttsate
3423 5599 3599 5677 gentes

2002 5676 2058 5731 in
2090 5680 2295 5732 neruine
2321 5674 2497 5730 Patris
2520 5683 2567 5728 et
2596 5671 2724 5727 Filii
2756 5682 2801 5725 et
2825 5668 3057 5741 Spiritus
3080 5668 3243 5731 sancit
3264 5714 3281 5745 ,
3311 5668 3465 5736 uniu's
3491 5698 3601 5741 esse
