4194 6184
476 106 586 202 sat

987 145 1418 204 MONUMENTA
1463 146 1748 205 VETERA
1785 148 1880 207 AD
1918 149 2332 208 ARIANORUM
2370 149 2772 210 DOCTRINAM
2809 154 3298 215 PERTINENTIA.

3686 166 3792 224 602

487 261 765 316 Christum
815 259 990 318 factus
1022 270 1048 298 ιι
1091 263 1283 318 melior
1339 273 1393 318 et
1431 263 1608 334 major
1653 268 1865 322 caeteris
1913 267 2084 322 omni-
2111 269 2159 328 A
2191 268 2466 325 dentibus.
2525 269 2620 325 llic
2661 268 2934 328 Christum
2985 273 3263 331 dominum
3311 285 3366 333 et
3407 277 3576 336 Deum
3630 298 3789 341 suum

486 352 606 421 bus,
642 355 692 408 in
722 353 883 408 tertio
913 354 1032 408 loco
1090 364 1209 425 post
1259 355 1469 411 Patrem
1511 367 1565 413 et
1612 367 1734 427 post
1780 358 1975 414 Filium
2025 361 2080 417 in

485 445 688 501 sanctis
716 445 1013 516 Scripturis
1041 449 1439 517 pronuntiatur.
1473 449 1567 506 llic
1583 449 1817 522 Spiritus
1839 452 1890 506 in
1923 454 2081 510 tertio

482 538 916 609 locosingularis
945 548 1107 609 atque
1156 539 1303 595 solus
1337 542 1388 596 in
1440 557 1536 596 sua
1584 543 1959 614 singularitate
2000 545 2081 600 di-

483 633 750 689 noscitur.
779 633 936 690 Tales
965 635 980 665 ¹
1027 649 1205 704 neque
1227 634 1291 689 ad
1321 634 1594 692 Christum
1616 637 1808 693 Filium
1843 639 1934 694 Dei
1968 639 2078 696 fac--

483 735 658 782 torem
707 737 914 782 natura:
964 743 1076 782 suae
1115 731 1422 800 comparari
1475 730 1705 801 possetb
1741 749 1754 785 ε
1788 748 1961 804 neque
2009 735 2075 790 ad

481 817 764 893 (illum)de
802 820 1041 887 cwteris,
1070 821 1158 892 qui
1194 835 1288 890 per
1315 821 1464 876 illum
1514 823 1843 892 providentia
1895 825 1989 881 Dei
2020 835 2076 883 ut

477 924 664 970 essent
701 915 1017 984 acciperunt
1045 917 1086 980 ’,
1116 927 1462 986 comparatur
1491 918 1692 988 aliquid
1724 936 1737 972 :
1787 918 2074 992 singularis

477 1016 562 1062 est
590 1007 735 1063 enim
790 1009 1136 1064 sanctiﬁcans
1171 1009 1359 1066 virtus.
1399 1010 1494 1065 llic
1543 1011 1780 1082 Spiritus
1833 1028 1938 1067 non
1990 1024 2074 1071 est

475 1099 620 1154 Deus
676 1111 697 1138 ε
747 1116 847 1156 nec
869 1097 1150 1166 Dominus,
1195 1101 1449 1172 quoniam
1502 1117 1601 1157 nec
1643 1114 1856 1159 creator
1897 1123 1910 1160 :
1971 1121 2072 1163 nec

472 1192 618 1249 enim
650 1206 840 1248 eorum
871 1208 989 1264 quae
1013 1207 1120 1248 non
1145 1203 1320 1260 erant,
1349 1207 1407 1250 ut
1428 1204 1633 1263 essent,
1685 1197 1888 1268 aliquid
1920 1198 2066 1267 fecit,

471 1300 571 1340 nec
601 1283 783 1340 facere
827 1295 1044 1357 potest;
1079 1287 1330 1358 quoniam
1384 1303 1488 1344 non
1519 1300 1602 1344 est
1624 1290 1788 1356 Deus,
1829 1293 1922 1346 sed
1969 1295 2067 1348 mi-

470 1379 643 1433 nister
670 1376 872 1434 Christi
897 1377 1020 1432 Filii
1054 1379 1145 1433 Dei
1177 1379 1258 1434 sui
1289 1377 1314 1416 ἀ
1343 1398 1354 1432 :
1419 1382 1469 1435 in
1505 1381 1606 1436 hoc
1643 1382 1979 1449 ministrans,
2008 1395 2067 1439 ut

467 1486 533 1526 ea
560 1488 680 1542 qua:
707 1486 803 1542 per
831 1470 1107 1527 Christum
1136 1473 1416 1529 voluntate
1443 1474 1532 1530 Dei
1564 1474 1704 1532 facta
1745 1487 1869 1531 sunt
1901 1478 2066 1532 ratio-

468 1564 674 1620 nabilia
700 1565 1023 1634 sanctiﬁcet,
1051 1577 1104 1621 et
1131 1566 1418 1634 illutninet,
1482 1579 1536 1623 et
1561 1567 1783 1639 doceat,
1830 1579 1884 1625 et
1914 1587 2064 1626 man-

2187 362 2475 434 proﬁtetur
2495 379 2616 420 esse
2645 365 2829 422 dicens
2854 386 2866 423 :
2896 366 3043 423 Dixit
3069 368 3326 426 Dominus
3352 371 3577 430 Domino
3605 394 3715 432 meo
3741 377 3785 434 τε

2185 455 2306 509 sede
2345 457 2414 510 ad
2450 459 2688 513 dextram
2727 477 2928 529 meam,
2959 461 3124 518 donec
3161 481 3352 534 ponam
3400 467 3637 524 inimicos
3675 479 3789 528 litos

2183 549 2465 604 scabellum
2489 554 2671 620 pedum
2691 561 2918 610 tuorum.
2937 555 3002 610 Et
3026 556 3219 612 iterum
3235 560 3300 612 ad
3319 557 3594 616 Christum
3619 563 3784 621 Deum

2183 657 2336 697 suum
2369 644 2500 698 dicit
2527 643 2668 698 idem
2713 645 2976 715 Spiritus:
3012 647 3167 704 Sedis
3199 651 3218 681 "
3245 659 3337 704 tua
3360 651 3502 707 Deus
3531 654 3582 707 in
3613 671 3782 710 saecu-

2181 735 2287 790 lum
2315 737 2492 790 seaculi
2511 753 2530 802 ;
2564 738 2709 810 virga
2732 741 2989 810 azquitatis
3023 742 3166 814 virga
3202 744 3348 816 regni
3382 746 3458 799 tui
3482 761 3502 811 ;
3547 747 3783 804 dilexisti

2174 826 2440 898 justitiam
2473 868 2486 882 .
2523 869 2536 882 .
2570 869 2582 884 .

2668 945 3149 1005 FRAGMENTUM
3192 949 3281 1005 IV.

2253 1142 2288 1156 ..
2301 1141 2336 1156 ..
2368 1110 2727 1173 utcognoscat
2741 1105 2961 1159 mundus
2973 1106 3112 1175 quod
3123 1106 3285 1180 diligo
3296 1112 3530 1180 patrem8
3552 1120 3632 1177 ;et
3653 1130 3780 1183 quo-

2173 1194 2326 1248 modo
2358 1196 2657 1250 mandatum
2689 1198 2815 1250 mihi
2841 1198 2982 1252 dedit
3015 1197 3284 1264 Pater,sic
3303 1203 3464 1273 facio.
3505 1202 3638 1258 Illud
3677 1205 3779 1260 ita—

2171 1304 2277 1362 que
2308 1289 2450 1359 quod
2482 1290 2683 1360 smpius
2711 1290 2914 1346 dit-tum
2946 1299 3070 1357 est,
3100 1307 3201 1361 ego
3234 1293 3284 1348 in
3327 1294 3488 1350 Patre
3531 1305 3586 1352 et
3616 1297 3777 1354 Pater

2171 1387 2224 1442 in
2258 1402 2343 1442 me
2373 1429 2388 1454 ,
2426 1403 2535 1442 non
2576 1403 2737 1443 unam
2774 1390 3274 1454 substantiam,sed
3315 1391 3425 1446 duo
3469 1393 3772 1462 signiﬁcat,

2169 1480 2343 1535 Patris
2403 1481 2694 1552 ingenitam
2723 1493 2776 1538 et
2801 1482 2918 1537 Filii
2946 1484 3275 1554 unigenitum
3311 1496 3359 1552 8,
3392 1497 3448 1541 et
3477 1487 3598 1544 ideo
3616 1489 3777 1545 intel-

2169 1573 2740 1643 ligitaniliusinsinn
2773 1577 2948 1632 Patris
2978 1577 3120 1648 quod
3143 1579 3716 1639 sentiturincltaritate
3745 1584 3774 1622 ιι

464 1659 588 1714 data
611 1657 811 1714 Christi
844 1661 1080 1716 retinere
1105 1672 1472 1729 commoneat,
1497 1671 1551 1718 et
1572 1665 1824 1720 omnibus
1845 1667 2068 1722 ereden-
2097 1668 2144 1728 B
2172 1677 2332 1738 atque
2362 1668 2412 1722 in
2447 1677 2714 1737 potestate
2737 1669 2878 1723 illius
2905 1670 2994 1740 qni
3024 1672 3202 1725 omnia
3233 1681 3379 1728 tenet
3411 1692 3423 1726 :
3449 1674 3563 1745 ipse
3589 1685 3772 1733 autem

463 1751 608 1807 tibus
636 1753 864 1823 gratiam
895 1751 1137 1808 dividat:
1167 1754 1388 1824 adjuvat
1436 1755 1804 1812 inﬁrmitatem
1857 1760 2061 1814 oratio-

462 1845 548 1900 nis
579 1852 801 1911 nostrze,
829 1853 882 1898 et
915 1859 1012 1915 pro
1041 1844 1196 1899 nobis
1228 1846 1463 1916 postulat
1483 1849 1771 1918 gemitibus
1805 1859 1827 1886 ε’
1859 1852 2068 1906 inenar-

460 1937 726 1993 rabilibus
751 1939 800 2006 ³,
819 1948 873 1994 et
899 1949 1031 1994 nutu
1063 1937 1266 1996 Christi
1304 1943 1532 1998 remittit
1574 1943 1593 1974 ⁵
1633 1953 1850 2013 peccata
1892 1945 2065 2014 paeni-

463 2033 738 2096 tentibus,
778 2043 833 2089 et
876 2033 1095 2089 adducit
1133 2035 1199 2090 ad
1229 2051 1412 2092 veram
1446 2047 1502 2093 et
1539 2047 1740 2094 certam
1780 2039 2060 2094 scientiam

459 2123 684 2179 Christi.
716 2123 812 2180 Hic
841 2139 870 2178 a
895 2141 955 2180 sc
979 2141 1086 2182 non
1112 2127 1382 2198 loquitur,
1411 2130 1503 2185 sed
1537 2132 1557 2160 ⁵
1587 2146 1944 2202 quaecumque
1969 2148 2061 2186 au-

459 2223 642 2291 dierit,
680 2223 931 2296 loquetur
957 2226 998 2294 ⁸,
1032 2235 1086 2281 et
1108 2225 1296 2296 docet,
1331 2239 1383 2284 et
1421 2227 1596 2284 futura
1632 2230 1918 2286 annuntiat
1939 2246 2058 2288 cre-

530 2368 544 2398 ’
576 2367 646 2422 Ita
675 2366 798 2422 cod.

529 2441 548 2473 ³
579 2439 652 2492 Ita
687 2439 808 2495 cod.

529 2511 550 2543 ³
579 2510 652 2564 Ita
683 2513 805 2564 cod.

529 2582 550 2613 δ
575 2579 708 2636 Cod.
740 2583 911 2638 remit.

529 2655 551 2686 ⁵
580 2651 715 2709 Cod.
749 2653 876 2709 stud.

827 2381 925 2437 pro
951 2368 1088 2424 talis.

528 2808 552 2837 ⁸
581 2798 843 2868 Spiritum
869 2811 1112 2858 sanctum
1153 2819 1259 2859 non
1291 2819 1413 2860 esse
1442 2813 1766 2872 creaturam,
1807 2806 1916 2861 late
1960 2805 2055 2862 de-

454 2879 721 2948 monstrat
744 2873 1004 2948 Didymus
1021 2874 1089 2930 de
1116 2876 1266 2930 Trin.
1292 2892 1351 2939 ιι,
1377 2877 1432 2932 6.
1455 2877 1596 2947 Lege
1617 2879 1777 2931 etiam
1801 2877 2051 2948 Fulgent.

453 2952 639 3016 contra
667 2943 794 3016 Fab.
831 2943 1021 3016 fragm.
1055 2963 1246 3002 xxxrv.
1280 2943 1790 3004 Breviter'liilarius
1807 2949 1874 3003 de
1897 2943 2048 3004 'I‘rin.

453 3029 555 3090 ξιι,
585 3015 653 3070 55
680 3033 692 3067 :
732 3014 1001 3090 Spiritum
1016 3029 1249 3073 sanctum
1280 3037 1558 3090 numquam
1588 3021 1755 3074 dicam
1798 3030 2049 3076 creatunt.

455 3085 710 3163 Didymus
753 3087 942 3163 deSp.
981 3089 1038 3145 S.
1064 3131 1078 3153 ,
1135 3085 1463 3163 Hieronymo
1502 3093 1796 3160 interprete
1821 3134 1834 3152 ,
1883 3091 1936 3146 tl‘.
1971 3093 2048 3147 4:

451 3155 576 3228 Ipsa
614 3173 713 3232 una:
742 3155 976 3232 Spiritus
1022 3163 1188 3232 sancti
1233 3155 1544 3232 subiacentis
1581 3155 1811 3216 essentia?
1838 3163 2053 3217 demon-

448 3223 661 3282 stratrix
683 3242 757 3282 est
786 3223 809 3293 ξ
837 3230 983 3285 Patri
1011 3231 1247 3299 Filioque
1277 3223 1452 3297 Sbcia,
1486 3245 1535 3287 et
1565 3253 1595 3286 a
1622 3234 1874 3288 creaturis
1903 3236 2050 3301 peni-
2081 3223 2125 3284 C

449 3310 530 3352 tus
549 3301 737 3354 aliena.
784 3302 825 3355 Τ
831 3319 917 3355 ιιιιι
949 3301 1003 3358 ιι.
1031 3304 1064 3358 8
1095 3321 1107 3356 :
1146 3304 1206 3359 Si
1236 3303 1466 3374 Spiritus
1506 3314 1711 3358 sanctus
1735 3305 1948 3358 alterius
1974 3316 2050 3360 est

446 3381 648 3424 natura:
672 3390 702 3425 a
730 3376 975 3427 creaturis
1007 3417 1020 3437 ,
1039 3385 1085 3427 et
1107 3379 1159 3428 in
1190 3378 1402 3443 propria
1427 3376 1655 3430 subsistit
1693 3377 1934 3441 essentia,
1963 3377 2044 3431 in-

446 3455 646 3496 creatus
667 3454 714 3496 et
742 3445 964 3512 infectus
988 3448 1292 3501 ostenditur.
1341 3448 1583 3513 Denique
1624 3445 1678 3500 θ’.
1710 3447 1812 3501 15:
1850 3445 1946 3500 His
1978 3449 2049 3502 ita

445 3513 702 3566 edissertis
728 3556 742 3577 ,
773 3515 985 3570 alterius
1008 3520 1309 3572 substantia’
1348 3537 1379 3573 α
1401 3519 1682 3572 visibilibus
1709 3528 1754 3570 et
1777 3518 2046 3572 invisibili-

445 3583 537 3637 bus
567 3590 810 3641 creaturis
841 3587 1074 3652 Spiritus
1095 3599 1304 3644 sanctus
1331 3589 1638 3644 ostenditur.
1673 3589 1734 3642 Si
1759 3599 1932 3643 autem
1950 3591 2048 3644 hoc

442 3671 626 3731 verum
645 3666 722 3711 est
749 3700 762 3723 ,
816 3660 1122 3729 impiissime
1145 3661 1352 3731 quidam
1383 3662 1514 3714 inter
1559 3661 1732 3713 omnia
1773 3677 2048 3714 connume—

442 3738 558 3798 rant
589 3727 843 3798 Spiritum
866 3727 1096 3784 sanctum
1125 3727 1402 3796 {dicentes
1430 3733 1481 3784 in
1513 3749 1570 3785 eo
1595 3731 1734 3798 quod
1762 3733 1932 3784 omnia
1957 3748 2046 3797 per

449 3797 670 3874 Verbum
699 3803 834 3872 facta
864 3811 1027 3865 sunt,
1073 3805 1359 3873 significari
1397 3805 1552 3857 etiam
1597 3797 1828 3874 Spiritus
1880 3805 2044 3858 sancti

443 3872 718 3943 facturam.
753 3874 893 3943 Lege
923 3875 1084 3927 etiam
1118 3874 1173 3928 ﬁ“.
1210 3872 1293 3928 11.

513 3940 540 3979 ι)
585 3940 850 4012 Ρθιίειιιιί
879 3945 1227 4013 blasphemia-2
1284 3947 1498 4000 Arianm
1536 3955 1721 4000 contra
1776 3944 2038 4011 Spiritum

441 4025 682 4085 sanctum
714 4032 728 4078 ;
770 4018 838 4069 ob
874 4030 1006 4085 quas
1045 4017 1354 4071 refutandas
1399 4017 1601 4073 snt‘ticit
1631 4016 1791 4070 etiam
1820 4015 2040 4072 Nicetes

437 4083 801 4158 Aquileiensis
837 4104 864 4140 a
893 4083 1010 4146 ine.
1045 4098 1098 4141 ut
1126 4089 1258 4152 dixi,
1285 4105 1456 4158 nuper
1477 4090 1674 4144 editus.

513 4166 536 4193 ο
583 4157 672 4212 Sic
700 4167 896 4227 negant
925 4158 1185 4227 Spiritum
1228 4157 1472 4214 sanctum
1505 4176 1624 4213 esse
1648 4159 1816 4212 Deum
1849 4157 2037 4214 Ariani

436 4227 577 4295 apud
600 4229 960 4300 Augustinum
983 4241 1167 4285 contra
1188 4231 1462 4284 Maximin.
1491 4247 1550 4294 ιι,
1580 4230 1663 4284 12.
1698 4229 1870 4283 Porro
1896 4229 2034 4284 idem

435 4301 766 4373 Augustinus
796 4300 861 4355 de
891 4301 1043 4355 Trin.
1070 4317 1109 4363 ι,
1135 4302 1222 4368 15,
1247 4303 1322 4355 ait
1349 4321 1360 4354 :
1396 4301 1474 4356 De
1505 4301 1705 4373 Spiritu
1732 4312 1908 4373 sancto
1931 4303 2039 4354 col-

435 4370 567 4424 lecta
594 4383 711 4425 sunt
739 4373 1052 4435 testimonia,
1079 4373 1262 4440 quibus
1288 4383 1406 4426 ante
1433 4390 1527 4427 nos
1550 4370 1638 4440 qui
1667 4373 1776 4425 lucc
1798 4371 2037 4441 disputa-

432 4453 609 4495 rerunt
647 4443 996 4515 abundantius
1027 4447 1103 4498 usi
1140 4454 1259 4498 sunt
1285 4487 1299 4507 ,
1334 4445 1455 4514 quia
1479 4456 1526 4498 et
1552 4445 1660 4515 ipse
1690 4441 1831 4515 Deus
1859 4453 1904 4496 et
1933 4461 2034 4496 non

433 4524 688 4568 creatura.
718 4514 869 4582 Quod
897 4516 942 4568 si
970 4533 1069 4568 non
1097 4513 1352 4580 creatura,
1391 4532 1493 4568 non
1519 4513 1717 4568 tantum
1747 4513 1909 4579 Deus,
1944 4515 2034 4568 sed

2172 1769 2256 1816 est
2300 1761 2540 1818 inlinitns
2574 1778 2585 1814 :
2638 1761 2724 1815 hic
2755 1772 2804 1817 et
2850 1761 2999 1816 illum
3032 1763 3410 1820 circutntenet.
3444 1765 3535 1821 Ille
3581 1769 3601 1799 ⁹
3643 1783 3773 1824 vero

2167 1854 2433 1918 omnium,
2467 1869 2587 1924 qua}
2624 1864 2744 1924 post
2774 1855 2921 1908 illum
2955 1865 3010 1910 et
3041 1871 3137 1924 per
3163 1857 3340 1926 ipsum
3377 1857 3517 1914 facta
3550 1871 3696 1925 sunt,
3739 1877 3768 1916 a

2167 1947 2325 2002 Patre
2347 1948 2622 2018 accipiens
2655 1957 2977 2016 potestatem
3009 1949 3072 2017 ¹⁰,
3108 1949 3465 2006 eireumtenet
3491 1954 3768 2009 universa.

2165 2041 2280 2096 Non
2311 2052 2392 2096 est
2421 2042 2584 2110 igitur
2615 2059 2751 2098 unus
2777 2051 2834 2098 et
2864 2043 2980 2113 ipse
3006 2043 3170 2100 Pater
3197 2054 3251 2099 et
3292 2045 3497 2100 Filius:
3545 2048 3634 2118 qui
3663 2047 3770 2103 cir-

2165 2143 2462 2201 eumtenet,
2495 2145 2549 2189 et
2573 2135 2662 2205 qui
2695 2136 3120 2192 circumtenetur
3153 2133 3206 2203 i;
3240 2137 3532 2209 ingenitus,
3560 2141 3766 2211 etunio

2167 2233 2411 2303 genitus;
2441 2234 2676 2304 genitor,
2707 2242 2761 2287 et
2801 2233 2892 2303 qui
2923 2233 3138 2304 genitus
3167 2243 3281 2300 est;
3328 2235 3417 2304 qui
3451 2237 3689 2301 mandat,
3712 2245 3767 2294 et

2237 2377 2261 2478 ξ
2286 2376 2364 2478 Ita
2391 2377 2513 2478 cog.
2544 2389 2642 2446 pro
2671 2376 2931 2448 loquitur;
2963 2383 3020 2431 ut
3041 2376 3162 2432 talis
3192 2391 3292 2448 pro
3321 2379 3472 2434 tales.

2237 2449 2256 2478 ⁷
2286 2448 2361 2503 Ita
2387 2449 2512 2504 cod.

2235 2521 2256 2550 ⁸
2278 2519 2412 2575 Cod.
2451 2520 2627 2576 Patre.

2238 2592 2258 2622 ⁹
2289 2593 2422 2647 Cod.
2454 2594 2617 2648 illius.

2237 2663 2278 2694 ¹⁰
2306 2663 2440 2719 Cod.
2471 2673 2736 2732 potestate.

2163 2821 2267 2859 non
2295 2814 2490 2873 putent;
2503 2805 2583 2859 vel
2607 2815 2864 2878 tamquam
2889 2805 3203 2878 ministrmus,
3220 2805 3386 2860 meriti
3399 2821 3608 2874 prorsus
3621 2807 3670 2861 in
3677 2811 3758 2878 fe-

2161 2879 2314 2932 rioris
2333 2876 2785 2946 existimentLege
2802 2875 3050 2931 eumdem
3068 2875 3408 2947 Fulgentium
3423 2891 3606 2933 contra
3625 2875 3754 2935 Fab.

2162 2947 2296 3019 frag.
2328 2965 2406 3012 ιιι,
2435 2947 2525 3003 ubi
2547 2947 3066 3002 subministrationem
3086 2947 3366 3013 distinguit
3389 2964 3417 3004 a
3449 2951 3754 3005 ministerio.

2236 3030 2259 3092 εἲ
2293 3019 2348 3074 ld
2371 3029 2452 3075 est
2489 3035 2688 3092 gemere
2716 3028 2762 3072 et
2789 3021 3049 3092 postulare
3079 3035 3173 3072 nos
3198 3022 3321 3089 facit
3345 3063 3360 3085 ,
3401 3029 3458 3074 ut
3501 3021 3760 3077 adversus

2163 3091 2394 3146 Arianos
2420 3091 2807 3159 interpretatur
2833 3091 3162 3161 Augustinus
3176 3103 3458 3160 op.eontra
3475 3092 3753 3148 Maximini.

2161 3163 2352 3228 1,9;tt,
2377 3162 2473 3226 19;
2506 3177 2604 3217 nec
2634 3178 2740 3216 non
2769 3161 3082 3231 Fulgentius
3109 3173 3296 3216 contra
3327 3162 3459 3216 Fab.
3493 3163 3681 3230 fragm.
3701 3181 3752 3218 ν.

2235 3232 2253 3270 τ
2300 3235 2563 3289 Perversa
2608 3235 2721 3287 haec
2751 3232 2936 3287 Ariani
2978 3232 3212 3286 hominis
3243 3235 3612 3300 interpretatio
3651 3245 3752 3289 est.

2153 3303 2270 3358 Non
2303 3306 2445 3359 enim
2477 3305 2709 3373 Spiritus
2734 3314 2952 3358 sanctus
2976 3305 3052 3357 sic
3079 3305 3128 3356 in
3159 3318 3387 3372 persona
3437 3307 3649 3372 propria
3677 3305 3757 3360 lo-

2152 3378 2332 3444 quitur
2361 3375 2426 3429 de
2455 3375 2671 3430 Christo
2693 3416 2710 3441 ,
2743 3374 2837 3428 sed
2867 3376 3173 3442 loquentem
3221 3375 3390 3442 potius
3434 3375 3560 3430 facit
3589 3375 3753 3430 Davi-

2149 3445 2271 3500 dcm
2317 3464 2332 3501 :
2389 3448 2647 3516 propheta
2674 3455 2852 3499 autem
2898 3455 3103 3514 patrem
3141 3445 3448 3513 loquentem
3483 3462 3602 3500 cum
3646 3448 3754 3502 ﬁlio

2151 3517 2443 3573 introducit
2469 3559 2481 3577 ,
2533 3525 2590 3570 ut
2620 3518 2734 3570 hare
2764 3517 2952 3583 psalmi
2983 3532 3074 3573 etx
3135 3517 3297 3572 verba
3361 3519 3519 3588 vulgo
3551 3519 3750 3574 intelli-

2147 3600 2278 3658 gunt
2307 3588 2656 3644 ecclesiastici
2689 3588 2893 3642 Patres.

2219 3671 2244 3707 Β
2276 3661 2406 3715 Hem
2437 3659 2785 3724 subtilitatem
2815 3660 3095 3714 ridiculam
3116 3659 3299 3714 Ariani
3321 3659 3587 3714 hominis!
3615 3661 3752 3714 Rur-

2146 3745 2241 3785 sus
2271 3741 2451 3786 tznnen
2477 3731 2600 3784 hinc
2628 3739 2769 3798 patet
2793 3746 2950 3798 quam
2981 3733 3348 3784 necessarium
3373 3732 3440 3785 sit
3466 3748 3531 3785 ex
3559 3732 3751 3786 Eccle-

2146 3802 2238 3856 sia:
2270 3803 2595 3868 Pati-umque
2623 3817 2891 3855 consensu
2915 3801 3454 3872 divinasiscsriptnras
3481 3803 3750 3872 interpre-

2146 3876 2266 3928 tari.
2297 3875 2402 3931 Sed
2432 3873 2710 3927 audiamus
2733 3872 2990 3926 Hilarium
3024 3873 3091 3925 de
3121 3871 3272 3925 Trin.
3309 3889 3386 3939 Ill,
3418 3874 3492 3928 25
3515 3871 3747 3938 :'Audis,

2145 3943 2258 4016 Ego
2287 3957 2332 3998 et
2359 3945 2516 4016 Pater
2543 3960 2918 4016 unumsumus.
2970 3943 3106 4009 Quid
3134 3943 3386 3996 discindis
3424 3956 3470 3999 et
3503 3944 3749 3998 distrahis

2144 4013 2344 4070 Filium
2373 4033 2404 4070 a
2437 4014 2638 4068 Patre?
2669 4013 2841 4068 Unum
2865 4024 2984 4068 sunt
3010 4030 3028 4068 :
3072 4016 3265 4070 scilicet
3297 4017 3339 4069 is
3363 4020 3450 4087 qui
3480 4027 3584 4078 est,
3619 4016 3749 4071 nihil

2143 4087 2333 4142 habens
2362 4087 2499 4156 quod
2527 4103 2630 4139 non
2658 4087 2722 4140 sit
2750 4087 2897 4140 etiam
2926 4088 2978 4139 in
3011 4103 3068 4140 eo
3099 4104 3129 4139 a
3155 4103 3256 4155 quo
3288 4098 3380 4140 est.
3433 4087 3560 4142 Cum
3597 4088 3748 4141 audis

2143 4156 2340 4212 Filium
2371 4159 2644 4221 dicentem,
2683 4156 2792 4228 Ego
2821 4168 2866 4211 et
2903 4156 3059 4211 Pater
3082 4174 3243 4210 unum
3281 4176 3488 4224 sumus,
3514 4160 3748 4228 personis

2141 4247 2248 4283 rem
2275 4233 2606 4284 accommoda
2633 4271 2647 4292 ,
2694 4231 2920 4299 gignenti
2962 4239 3006 4281 et
3053 4230 3220 4299 genito
3258 4231 3593 4298 professionis
3641 4246 3748 4284 sua:

2140 4305 2374 4372 permitte
2399 4301 2741 4372 sententiain:
2769 4301 2870 4351 sint
2899 4316 3089 4364 unum,
3124 4311 3177 4353 ut
3200 4311 3318 4372 sunt
3348 4302 3435 4370 qui
3465 4301 3669 4372 genuit,
3699 4310 3746 4353 et

2139 4369 2226 4441 qui
2265 4375 2464 4441 genitus
2493 4381 2612 4441 ests
2635 4369 2739 4423 Cur
2761 4381 3000 4441 naturam
3029 4371 3264 4441 excludis
3284 4411 3299 4435 ,
3351 4369 3443 4423 cur
3463 4369 3744 4441 iveritatem

2139 4440 2388 4497 interimis
2415 4441 2560 4496 ?etc.
2593 4440 2735 4509 Lege
2753 4440 3000 4493 eumdem
3026 4440 3116 4492 lih.
3140 4440 3515 4505 ut,1;vn.40;
3537 4455 3612 4503 lx,
3647 4441 3740 4494 552.

2211 4511 2237 4549 ιι
2270 4514 2380 4566 lloc
2402 4513 2633 4581 pertinet
2655 4511 2719 4565 ad
2744 4511 2988 4564 eamdem
3015 4509 3264 4564 ha-resim
3296 4512 3571 4575 Arianam,
3597 4511 3738 4580 quod

433 4584 583 4664 etiam
592 4581 760 4664 ferus
786 4585 948 4664 Deus.
975 4583 1118 4664 Ergo
1149 4586 1300 4641 Patri
1312 4597 1373 4664 _et
1395 4585 1770 4664 Filioprorsus
1792 4586 2028 4653 (aqualis,
2058 4605 2112 4664 D
2142 4585 2311 4640 Filius
2351 4599 2452 4638 non
2473 4581 2832 4664 _natura‘,‘sed
2883 4583 3171 4664 adoptione
3214 4591 3268 4636 et
3310 4581 3588 4664 citarita-te
3630 4583 3698 4664 sit
3725 4599 3740 4648 ;

433 4659 556 4709 etin
592 4655 860 4710 Trinitatis
904 4655 1595 4713 unitate'consubstantialis
1635 4668 1681 4710 et
1729 4665 2029 4710 coa’ternus.

433 4727 692 4796 Spiritum
723 4737 969 4783 sanctum
1003 4730 1202 4783 dictum
1243 4745 1366 4784 esse
1388 4729 1677 4783 Dominum
1709 4731 1760 4781 in
1792 4727 2035 4796 Scriptu-

430 4801 507 4853 ris
527 4799 863 4854 demenstrat
888 4800 1207 4925 glabrosius
1227 4801 1294 4855 de
1324 4799 1419 4870 Sp.
1446 4801 1502 4856 S.
1532 4817 1590 4861 ll,
1625 4801 1646 4853 1
1671 4816 1684 4864 ;
1718 4815 1798 4863 ιιι,
1824 4798 1912 4862 14,
1941 4799 2029 4853 15.

431 4869 507 4924 De
535 4872 767 4925 Spiritus
798 4878 891 4924 aut
927 4887 978 4925 m
1021 4871 1192 4925 sancti
1221 4872 1506 4925 divinitate
1542 4871 1784 4925 pressius
1815 4870 2029 4924 conclu-

431 4869 507 4942 De
535 4872 767 4938 Spiritus
798 4869 978 4925 autem
1021 4871 1192 4926 sancti
1221 4869 1506 4926 divinitate
1542 4871 1784 4942 pressius
1815 4870 2035 4924 conclu-

429 4941 506 5012 dit
532 4943 624 4996 cit.
660 4942 751 4996 lih.
783 4956 903 5005 cap.
932 4945 998 4997 18
1020 4985 1033 5006 ,
1064 4943 1153 4997 19.
1203 4943 1341 4997 Tum
1379 4941 1634 5007 legendus
1667 4952 1751 4996 est
1775 4941 2035 5012 Didymus

430 5011 485 5065 II'.
512 5013 589 5084 _18
611 5029 731 5084 sqq.
757 5025 808 5066 et
838 5013 1154 5081 Fulgentius
1184 5025 1371 5068 contra
1400 5014 1528 5068 Fab.
1551 5012 1744 5084 fragm.
1777 5011 1931 5066 xxrk.

499 5080 524 5119 ι¹
559 5080 879 5138 Arianorum
913 5080 1028 5138 haec
1066 5085 1310 5139 doctrina
1352 5080 1660 5140 summatim
1693 5085 1948 5137 scribitur
1978 5084 2028 5136 in

430 5153 739 5227 lliernnyini
772 5155 988 5224 dialogo
1015 5165 1203 5210 eontra
1225 5155 1400 5210 Lucii.
1435 5155 1488 5210 tI’.
1521 5155 1589 5210 9:
1634 5155 2031 5227 Arianusraliad

428 5227 558 5278 nihil
587 5226 747 5280 credit
777 5227 1027 5298 (claudite
1052 5243 1224 5297 quwso
1247 5244 1396 5282 aures
1422 5229 1510 5297 qui
1533 5228 1760 5298 audituri
1790 5226 1937 5292 estis,
1967 5242 2031 5298 ne

428 5297 889 5370 tanta:_impielatis
917 5297 1122 5370 uocibus
1151 5297 1490 5370 polluamini)
1523 5301 1622 5352 nisi
1648 5301 1699 5352 in
1733 5297 1892 5351 Patre
1919 5297 2030 5370 solo

425 5383 540 5422 vero
573 5368 679 5422 Deo
698 5409 714 5433 ,
743 5380 788 5423 et
819 5372 872 5422 in
898 5367 1026 5423 Jesu
1067 5367 1269 5424 Christo
1299 5367 1571 5425 Salratore
1595 5381 1834 5422 creatura
1858 5409 1873 5432 ,
1904 5377 1947 5420 et
1975 5368 2028 5422 in

427 5439 629 5512 Spiritu
660 5450 838 5512 sancto
864 5443 1127 5512 utriusque
1146 5457 1308 5495 servo.
1357 5439 1673 5510 Fulgentius
1695 5441 1763 5512 ad,
1789 5439 2024 5512 Trasim.

425 5526 504 5573 ιιι,
538 5510 608 5564 54
633 5530 645 5564 :
679 5510 819 5566 Deus
845 5511 964 5565 illos
993 5509 1256 5566 tormentis
1282 5523 1354 5566 est
1375 5509 1840 5568 iutérminabilibus
1863 5509 2026 5563 tradi»

427 5592 573 5654 turus
599 5625 614 5647 ,
644 5587 729 5653 qui
761 5584 924 5638 sancti
951 5583 1180 5654 Spiritus
1207 5594 1442 5639 naturam
1486 5602 1518 5638 a
1544 5584 1829 5654 substantia
1858 5580 2029 5635 Patris

426 5651 1003 5724 Filiique'discernuntj
1018 5666 1074 5712 ut
1101 5657 1181 5711 uel
1203 5657 1409 5712 omnino
1431 5671 1546 5711 cum
1567 5653 1904 5724 personaliter
1922 5669 2030 5710 esse

2138 4673 2297 4726 quam
2344 4655 2542 4726 passim
2599 4651 2840 4726 refutant
2883 4653 3103 4726 Patres;
3156 4664 3208 4706 et
3256 4652 3742 4726 quidemHilarius

2139 4723 2556 4782 eoatra‘Const.
2600 4724 2656 4778 ﬁ'.
2687 4723 2740 4778 9.
2803 4723 3092 4779 Faustinus
3136 4733 3315 4778 autem
3356 4724 3409 4779 in
3448 4725 3587 4780 libro
3617 4724 3739 4780 ﬁdei

2140 4813 2260 4866 cap.
2288 4813 2346 4863 ιι,
2377 4797 2410 4851 5
2435 4815 2446 4849 :
2483 4795 2604 4851 Ha'c
2628 4805 2813 4859 vestra,
2839 4795 3042 4858 Ariani,
3069 4796 3304 4850 doctrina
3329 4807 3424 4860 est,
3450 4797 3559 4850 hch
3576 4807 3742 4850 vestra

2139 4869 2494 4934 interpretatio
2526 4868 2831 4939 singularis,
2860 4867 2954 4921 hoc
2979 4878 3258 4930 secretum,
3294 4868 3388 4922 hoc
3419 4868 3541 4935 ﬁdei
3563 4879 3744 4922 vesti-ta

2141 4940 2435 5011 mysterium
2464 4939 2800 5011 {Adoptione
2829 4980 2844 5004 ,
2881 4939 3098 5011 inquit,
3135 4939 3480 5011 Christusest
3510 4940 3649 5011 filius
3694 4948 3740 4991 et

2141 5007 2243 5065 non
2268 5027 2414 5065 verus
2445 5010 2606 5078 filius.
2629 5007 2829 5077 Pergit
2860 5007 3055 5064 deinde
3081 5010 3145 5061 ad
3184 5007 3561 5063 refutationem
3596 5007 3740 5062 Fau-

2141 5084 2342 5146 stinus,
2372 5092 2533 5150 atque
2557 5081 2696 5134 inter
2744 5091 2936 5134 rartera
2961 5081 3215 5135 notabilia
3248 5079 3406 5151 dicit:
3436 5089 3484 5133 et
3513 5095 3579 5133 ne
3609 5083 3741 5151 forte

2141 5171 2296 5208 unum
2322 5153 2387 5208 de
2413 5152 2669 5220 adoptivis
2701 5153 2931 5206 crederes
2953 5193 2967 5218 ,
3007 5151 3288 5220 amputavit
3317 5150 3589 5218 (Joannes
3610 5150 3740 5220 ev.)

2137 5243 2319 5280 sensus
2344 5225 2490 5294 impii
2517 5224 2834 5278 occasionem
2858 5266 2872 5287 ,
2905 5240 3019 5275 cum
3050 5239 3162 5276 eum
3197 5222 3326 5294 dixit
3351 5238 3451 5272 non
3482 5220 3644 5272 solum
3670 5220 3737 5289 fi-

2138 5299 2306 5364 lium,
2355 5289 2445 5351 sed
2487 5297 2638 5349 etiam
2667 5295 2990 5365 unigenitum
3031 5294 3216 5365 filium.
3247 5289 3381 5365 [ioc
3408 5306 3591 5365 nomen
3636 5308 3738 5344 non

2137 5361 2483 5422 habet'socios
2513 5382 2532 5420 :
2558 5376 2604 5419 ct
2635 5361 3035 5418 licet'dicantur
3059 5364 3150 5415 alii
3179 5362 3274 5430 filii
3300 5403 3313 5425 ,
3349 5361 3626 5430 adoptione
3661 5373 3740 5414 ta-

2136 5456 2271 5503 men,
2297 5456 2397 5492 non
2420 5447 2628 5500 natura,
2657 5446 2775 5488 sunt
2800 5436 2918 5505 ﬁlii.
2954 5433 3060 5488 Sed
3082 5432 3320 5487 Christus
3345 5431 3740 5505 solusunigeni-i

2136 5522 2215 5564 tus
2235 5501 2402 5565 Filius
2423 5508 2654 5576 est,quia
2683 5501 2823 5559 solus
2853 5501 3026 5557 Filius
3054 5514 3148 5567 est,
3180 5520 3279 5557 non
3321 5501 3618 5572 adoptione,
3650 5504 3740 5560 sed

2137 5594 2344 5648 natura;
2373 5597 2484 5660 noun
2503 5579 2879 5660 nunciipatipne
2900 5585 3119 5660 tantum,
3152 5576 3241 5658 sed
3267 5586 3312 5629 et
3342 5592 3542 5660 genere.

2220 5653 2232 5689 ί
2280 5645 2431 5708 Hanc
2460 5649 2575 5706 fere
2603 5645 2969 5718 objectionem
3005 5649 3244 5704 haeretici
3278 5648 3557 5720 cujusdam
3590 5648 3739 5706 Ano-
