4194 6184
473 155 579 214 605

971 162 1401 221 MONUMENTA
1442 163 1722 221 VETER\
1763 167 1853 221 AD
1895 166 2298 226 ARIANORUM
2337 167 2740 227 DOCTRINAM
2781 172 3263 232 PERTINENTIA.

3647 183 3751 238 ϐοὶ

474 273 563 342 qui
593 273 904 331 mandatum
938 277 1130 347 accipit
1162 288 1213 332 et
1241 279 1614 349 obtemperat;
1640 280 1731 350 qui
1757 282 1868 346 dat,
1897 289 1951 336 et
1969 281 2060 352 qui
2089 282 2139 344 Α
2166 282 2360 347 bonus,
2394 294 2442 339 et
2471 287 2622 341 solus
2650 286 2858 344 habens
2890 291 3352 349 immortalitatem
3388 305 3409 332 ε
3435 338 3449 362 ,
3476 306 3531 352 et
3575 299 3758 356 lumen

474 364 658 420 datum
691 369 944 438 suscipit;
973 369 1063 439 qui
1100 368 1254 439 jubet
1280 380 1333 424 et
1362 373 1452 440 qui
1480 372 1777 440 jussionem
1808 371 1823 403 ¹
1857 371 2065 427 obtem-

473 469 655 529 perat;
693 458 780 528 qui
822 461 1003 523 mittit,
1039 469 1092 513 et
1135 460 1227 530 qui
1263 461 1522 526 mittitur;
1568 462 1657 533 qni
1685 463 1832 517 visus
1861 470 1964 530 est,
2012 469 2065 519 et

473 565 634 620 quem
667 565 828 605 nemo
872 545 1005 605 vidit
1045 546 1322 607 hominum
1367 569 1466 608 nec
1497 554 1678 610 videre
1719 562 1925 625 potest;
1974 553 2065 626 qui

476 642 825 712 impassibilis
852 656 956 709 est,
989 652 1044 699 et
1067 648 1156 716 qui
1190 662 1288 716 pro
1313 646 1471 702 nobis
1501 661 1690 717 passus
1715 661 1832 714 est;
1863 648 1951 720 qui
1980 664 2066 704 re-

483 740 726 794 surrexit
752 755 782 793 a
817 742 1044 796 inortuis
1068 782 1082 804 ,
1117 751 1170 795 et
1199 742 1288 814 qui
1334 758 1456 796 eum
1488 742 1829 797 resuscitaiit
1870 742 2063 809 Pater;

472 834 565 906 qui
595 835 836 910 ascendit
870 850 1035 905 super
1070 835 1238 891 caelos
1269 835 1444 890 Filius
1466 879 1479 902 ,
1527 845 1583 891 et
1627 835 1721 907 qui
1771 851 2062 906 numquam

474 932 755 987 descendit
782 932 977 997 Pater;
1008 938 1098 1002 qui
1132 933 1287 987 sedet
1337 933 1387 986 in
1439 933 1661 986 dextera
1718 931 1844 996 Dei,
1875 941 1929 985 et
1973 927 2064 1000 qui

468 1025 633 1095 jussit
661 1040 783 1079 eum
814 1024 865 1078 in
906 1024 1131 1080 dextera
1181 1039 1275 1078 sua
1303 1023 1497 1079 sedere
1532 1023 1724 1088 Pater;
1773 1023 1943 1078 Filius
1972 1023 2064 1094 qui

473 1119 689 1188 negavit
732 1133 793 1172 se
838 1118 982 1172 scire
1026 1117 1170 1172 diem
1217 1117 1366 1171 illam
1389 1126 1414 1153 α
1435 1158 1449 1180 ,
1478 1127 1530 1171 et
1563 1117 1721 1171 Pater
1753 1117 1841 1186 qui
1880 1117 1934 1171 in
1967 1131 2060 1171 sua

477 1211 658 1280 posuit
691 1218 993 1279 potestate;
1037 1212 1127 1280 qui
1154 1209 1493 1280 judicaturus
1531 1219 1616 1265 est
1641 1208 1811 1263 Filius
1837 1250 1852 1276 ,
1895 1217 1948 1263 et
1974 1209 2064 1278 qui

469 1304 743 1358 neminem
771 1303 979 1372 judiCat
1008 1303 1166 1358 Pater
1189 1345 1202 1369 ,
1245 1304 1338 1358 sed
1384 1319 1545 1356 omne
1575 1304 1595 1334 ³
1624 1303 1884 1373 judicium
1914 1303 2066 1358 dedit

475 1394 614 1449 Filio
635 1395 685 1448 ι).
719 1394 840 1450 Noli
870 1412 1000 1466 ergo
1029 1411 1245 1461 errare;
1279 1411 1386 1450 non
1415 1404 1499 1462 est
1520 1411 1657 1450 unus
1679 1405 1730 1450 ct
1764 1396 1878 1465 ipse
1910 1394 2065 1450 Pater

473 1500 526 1544 et
551 1489 741 1556 Filius,
767 1505 938 1560 neque
961 1489 1067 1543 duo
1094 1489 1331 1558 mquales
1375 1488 1669 1543 secundum
1700 1489 1791 1543 alii
1819 1488 1838 1520 ³
1861 1487 2063 1543 erroris

469 1582 857 1646 assertionem,
896 1582 989 1636 sed
1019 1596 1160 1635 unus
1190 1590 1246 1635 et
1267 1596 1404 1634 unus
1431 1581 1451 1612 "
1477 1582 1654 1635 Pater.
1683 1581 1776 1636 Est
1803 1582 1946 1637 enim
1978 1582 2062 1635 in—

2167 374 2413 431 habitatis
2441 377 2816 435 inaccessibile
2843 380 2883 434 ⁸.
2915 383 3073 437 Solus
3103 385 3265 455 igitur
3305 387 3358 441 in
3391 403 3489 442 sua
3516 389 3759 460 singula-

2164 469 2323 523 ritate
2353 470 2486 525 tales
2517 470 2536 502 ⁷
2566 481 2690 538 est,
2724 483 2778 529 et
2807 476 2945 530 alter
2978 491 3085 531 non
3131 489 3217 534 est
3246 480 3387 536 tales
3417 481 3537 538 sine
3568 484 3762 540 initio8

2168 560 2310 615 Deus
2342 558 2406 628 (ί,
2452 573 2504 617 et
2554 566 2934 634 omnitenens,
2981 577 3036 623 et
3081 569 3231 624 solus
3261 583 3452 627 auctor
3496 579 3762 633 omnium.

2169 653 2311 708 Deus
2339 655 2500 710 etiam
2530 667 2611 713 est
2642 667 2697 712 et
2726 657 2894 716 Filius
2928 661 3019 717 Dei
3054 665 3364 733 unigenitus
3397 679 3592 722 natura
3620 712 3634 735 ,
3667 687 3764 724 vo-

2169 746 2378 803 luntate
2404 749 2494 802 Dei
2523 758 2574 804 et
2607 747 2786 806 Patris
2811 754 2894 807 sui
2925 770 3085 809 verus
3116 757 3440 813 invertibilis
3464 801 3478 826 ,
3515 759 3610 815 sed
3644 763 3764 816 uni-

2166 839 2381 908 genitns
2411 853 2625 895 creatus
2655 852 2709 896 et
2763 842 2934 899 factus
2985 856 3038 901 et
3085 851 3297 917 genitus
3357 859 3380 886 θ
3415 851 3482 906 ab
3516 853 3756 924 ingenito

2172 932 2301 994 Deo,
2327 931 2466 988 Deus
2490 939 2729 990 omnium
2755 956 2873 1007 qua:
2900 949 3020 1008 post
3046 941 3196 996 illutn
3223 953 3274 998 et
3303 960 3397 1014 per
3416 941 3597 1000 Jesum
3625 947 3767 1004 facta

2167 1038 2290 1079 sunt
2320 1022 2656 1095 providentia
2706 1021 2799 1087 Dei
2843 1043 2897 1088 et
2927 1036 3095 1104 patris
3135 1036 3275 1108 ejus.
3314 1039 3469 1095 l’ater
3495 1051 3678 1096 autem
3709 1051 3766 1098 et

2167 1113 2302 1172 Filio
2334 1119 2473 1174 Dens
2499 1132 2612 1187 est,
2644 1123 2799 1193 cujus
2840 1133 2894 1180 et
2919 1136 3110 1180 auctor
3150 1139 3233 1181 est
3258 1171 3273 1195 ,
3321 1139 3375 1184 ct
3401 1134 3673 1198 omnium;
3706 1143 3766 1190 et

2167 1210 2290 1264 ideo
2316 1211 2465 1266 solus
2497 1229 2657 1268 verus
2688 1214 2831 1270 Deus
2861 1213 2916 1283 τ,
2958 1220 3080 1288 quia
3117 1219 3207 1274 Dei
3245 1221 3382 1275 Deus
3405 1232 3487 1278 est
3516 1233 3563 1288 κ,
3591 1235 3645 1278 et
3676 1233 3759 1279 te-

2170 1312 2259 1358 net
2286 1302 2481 1360 Filium
2516 1307 2569 1360 in
2601 1322 2694 1360 sua
2739 1319 3005 1377 potestate
3027 1352 3041 1377 ,
3071 1320 3128 1365 et
3171 1313 3349 1368 omnia
3399 1316 3632 1385 subjecit
3663 1317 3764 1374 sub

2169 1395 2396 1465 pedibus
2427 1397 2543 1466 ejus
2574 1399 2871 1455 secundum
2899 1401 3242 1471 Apostolum,
3275 1416 3328 1460 et
3364 1405 3515 1462 dedit
3549 1408 3626 1462 illi
3661 1427 3760 1463 no-

2168 1505 2290 1544 men
2314 1490 2454 1560 qnod
2480 1500 2561 1546 est
2580 1508 2744 1561 snper
2767 1509 2926 1549 omne
2947 1512 3163 1551 nomen.
3197 1497 3260 1553 Et
3285 1497 3405 1555 ideo
3429 1499 3590 1556 Pater
3615 1519 3758 1558 unus

2169 1582 2336 1646 Deus,
2363 1583 2455 1653 qui
2485 1600 2659 1654 neque
2702 1595 3020 1656 potestatem
3049 1630 3063 1652 ,
3098 1607 3270 1660 neque
3303 1602 3356 1645 ut
3388 1599 3534 1648 esset
3560 1595 3628 1647 ab
3655 1598 3764 1650 alio

471 1675 685 1743 genitus
729 1674 879 1730 solus
905 1682 961 1729 'et
1001 1675 1120 1727 sine
1167 1672 1321 1727 initio
1351 1672 1393 1740 ⁵,
1427 1683 1477 1727 et
1509 1688 1613 1727 non
1655 1683 1778 1726 sunt
1811 1672 1917 1728 duo
1946 1673 2064 1730 sine
2097 1671 2143 1732 B
2171 1677 2411 1744 accepit,
2446 1676 2539 1730 sed
2570 1685 2653 1731 est
2701 1678 2842 1748 quod
2887 1681 3146 1736 eratsine
3195 1683 3346 1738 initio
3392 1685 3663 1754 ingenitus
3693 1687 3716 1723 ι·
3741 1732 3760 1758 ,

471 1768 626 1824 initio
648 1768 753 1834 dii,
778 1777 871 1824 ant
892 1768 1000 1823 duo
1030 1769 1289 1838 aequales,
1330 1779 1422 1822 aut
1445 1769 1551 1822 duo
1584 1779 1800 1838 patres,
1831 1777 1924 1822 aut
1954 1769 2061 1824 duo

467 1864 694 1928 fratres,
719 1874 811 1918 aut
839 1863 946 1918 duo
973 1863 1104 1928 ﬁlii;
1149 1863 1245 1920 sed
1275 1880 1414 1918 unus
1440 1867 1708 1935 ingenitus
1739 1866 1909 1931 Deus,
1945 1881 2062 1919 om-

468 1957 719 2029 nipotens
744 1956 903 2024 Deus,
925 1959 1016 2030 qui
1045 1957 1196 2013 solus
1224 1966 1307 2012 est
1331 1965 1387 2013 et
1404 1957 1601 2012 dicitur
1621 1972 1799 2025 verus,
1832 1967 1886 2013 et
1913 1959 2061 2014 solus

542 2096 558 2126 ¹
597 2093 669 2150 lta
697 2097 818 2151 eod.

543 2168 563 2198 ‘
598 2168 732 2224 Cod.
765 2183 984 2223 omnem.

541 2237 562 2268 ⁸
592 2237 670 2291 Ita
692 2240 790 2292 cod
802 2278 813 2290 .

541 2307 565 2339 ⁸
597 2307 674 2362 lta
705 2311 852 2375 cod.,
888 2319 944 2364 ut
975 2310 1026 2364 in
1060 2309 1167 2365 fine
1196 2307 1477 2381 fragmenti
1510 2325 1550 2366 ι.

473 2448 598 2502 mtei
625 2449 789 2503 refert
817 2447 1048 2503 Hilarius
1071 2458 1254 2503 contra
1288 2447 1475 2504 Const.
1511 2449 1578 2504 15
1604 2464 1616 2502 :
1644 2449 1906 2514 Quantum
1925 2450 2062 2504 enim

473 2519 520 2573 F
523 2521 643 2573 ilius
670 2536 722 2574 se
763 2521 988 2593 extendit
1033 2538 1333 2593 cognoscere
1377 2521 1587 2593 P_atrem
1614 2562 1628 2582 ,
1658 2525 1853 2593 tantum
1904 2517 2062 2574 Pater

475 2591 856 2664 superextcndit
900 2609 986 2656 se,
1020 2591 1347 2664 necognitus
1393 2591 1538 2645 Filio
1565 2593 1651 2645 sit.
1697 2592 1892 2664 Quibus
1933 2593 2060 2664 reci-

475 2664 617 2725 tatis,
652 2663 904 2716 tumultus
929 2675 1136 2718 exortus
1181 2674 1272 2717 est.
1307 2664 1529 2732 Vigilius
1563 2669 1743 2716 autem
1768 2663 2061 2729 Tapsensis

472 2735 540 2788 de
566 2732 716 2788 Trin.
755 2734 847 2788 lib.
873 2749 959 2798 v1,
1005 2735 1093 2789 ed.
1124 2734 1304 2790 Cbil‘ll.
1353 2752 1403 2801 p.
1432 2733 1571 2800 ‘284,
1614 2734 1695 2789 sic
1730 2745 1743 2787 :
1771 2733 1951 2788 Ariani
1974 2733 2055 2785 di-

471 2817 612 2870 aunt,
648 2822 746 2876 non
775 2814 935 2859 totum
964 2805 1175 2861 Patrem
1227 2822 1374 2876 posse
1410 2806 1526 2874 capi
1561 2823 1592 2859 a
1633 2803 1795 2867 Filio,
1821 2807 1898 2860 vel
1925 2821 2052 2857 con-

2170 1775 2516 1830 omnitenens
2569 1776 2728 1830 Deus.
2801 1777 2953 1832 Hunc
3029 1779 3188 1849 igitur
3254 1792 3455 1835 sancta:
3519 1782 3768 1854 Scriptu-

2172 1884 2244 1922 ι’ὶὲ
2317 1871 2668 1939 pronuntiant
2737 1888 2900 1926 unum
2976 1871 3143 1927 Deum
3213 1885 3267 1928 et
3316 1875 3648 1943 Daminum,
3710 1885 3768 1935 et

2171 1976 2336 2015 unum
2384 1962 2654 2030 bonnmi,
2701 1971 2757 2019 et
2812 1965 2986 2020 solum
3042 1965 3325 2023 habentem
3389 1970 3768 2028 immortalita-

2236 2117 2257 2147 ⁸
2285 2115 2418 2170 Cod.
2449 2117 2671 2174 initium.

2237 2188 2257 2217 °
2287 2186 2422 2242 Cod.
2455 2190 2880 2246 inaccessibilem.

2238 2259 2257 2330 ’ξ
2296 2259 2369 2330 lla
2400 2261 2522 2314 eod.
2558 2277 2657 2330 pro
2685 2263 2824 2317 talis.

2240 2329 2262 2360 ⁸
2290 2328 2424 2385 Cod.
2458 2328 2684 2399 initium,
2723 2341 2777 2388 ut
2805 2349 2988 2405 supra.

2172 2450 2268 2509 i3;
2303 2447 2538 2517 denique
2569 2448 2822 2503 Boethius
2849 2451 2916 2506 (le
2947 2451 3236 2517 'l‘rinitate,
3264 2455 3361 2508 sub
3385 2449 3559 2512 initio.

2244 2529 2266 2554 θ
2298 2518 2617 2574 Antbrt‘isins
2665 2520 2745 2598 de.
2778 2522 2906 2576 Fide
2935 2539 2986 2588 ι,
3023 2525 3088 2578 16
3124 2545 3135 2578 :
3175 2526 3328 2578 Nunc
3361 2527 3498 2598 ipsos
3536 2529 3761 2584 Arianos

2165 2591 2429 2668 interrogo
2449 2631 2461 2652 ,
2491 2599 2665 2668 utrum
2690 2591 2825 2668 idem
2856 2604 3032 2663 putent
3054 2613 3168 2668 esse
3193 2591 3417 2666 genitum
3444 2602 3585 2668 quod
3611 2616 3760 2654 crea—

2168 2662 2312 2715 tum?
2339 2661 2399 2715 Si
2421 2663 2561 2744 enim
2586 2663 2740 2744 ideni‘
2745 2661 2919 2718 dicunt
2941 2706 2954 2728 ,
2986 2666 3120 2744 nihil
3150 2661 3321 2733 utique
3347 2661 3498 2744 distat
3519 2674 3652 2724 inter
3674 2689 3764 2744 ge-

2167 2747 2349 2811 nerare
2378 2743 2427 2786 et
2458 2749 2654 2811 creare.
2692 2733 2836 2805 Ergo
2865 2739 3104 2811 quoniam
3131 2748 3178 2792 et
3207 2756 3299 2792 nos
3338 2742 3495 2794 creati
3542 2733 3719 2796 sumtis
3739 2787 3755 2811 ,

2164 2805 2297 2856 inter
2321 2820 2414 2856 nos
2446 2814 2490 2856 et
2533 2803 2790 2858 Christum
2824 2803 3140 2862 et’elementa
3164 2851 3178 2874 ,
3213 2811 3356 2863 nulla
3388 2813 3631 2866 distantia
3657 2803 3750 2869 est:

472 2878 620 2956 spici.
654 2875 767 2946 Ego
798 2876 948 2956 credo
979 2877 1116 2956 quod
1144 2874 1293 2956 sicut“
1313 2874 1486 2930 Filius
1511 2876 1758 2956 l’dtre
1781 2885 1853 2956 est
1867 2918 1916 2956 ’,⁸
1937 2881 1982 2956 et
2025 2891 2056 2928 a
2084 2881 2129 2944 C
2163 2905 2239 2956 —_
2260 2875 2324 2956 Si
2350 2887 2520 2927 autem
2551 2876 2706 2956 distat
2737 2877 2870 2956 inter
2916 2891 3144 2956 creatum
3175 2891 3224 2934 et
3253 2883 3514 2951 genitum,
3564 2891 3617 2937 ut
3663 2901 3755 2956 ego

478 2947 635 3002 Patre
664 2959 800 3001 totus
830 2947 1043 3009 videtur,
1075 2953 1147 3004 ita
1178 2959 1221 3002 et
1251 2947 1409 3002 Pater
1438 2965 1468 3000 a
1503 2947 1642 3001 Filio
1669 2958 1803 3003 totus
1831 2948 2052 3012 ridetur,

473 3031 518 3073 et
545 3029 679 3073 totus
699 3029 768 3072 est
791 3021 842 3072 in
871 3018 1028 3074 Filio.
1061 3020 1316 3075 Eatndem
1345 3019 1704 3086 objeCtiotient
1731 3020 2054 3073 Arianorum

472 3095 689 3162 copiOse
722 3091 965 3146 tllSsolVit
1007 3093 1253 3162 salseque
1287 3092 1471 3145 irridet
1504 3091 1838 3162 Augustinus
1869 3100 2056 3162 emitra

473 3159 747 3216 lllaximin.
783 3179 848 3226 ιι,
884 3163 936 3217 9.
976 3159 1215 3230 Denique
1240 3162 1451 3217 lsziacns
1476 3162 1526 3215 in
1570 3159 1706 3216 libro
1738 3159 1858 3214 ﬁdei
1892 3168 1962 3214 ait
1988 3160 2056 3213 de

473 3231 610 3287 Filio
639 3234 934 3302 :Quomodo
965 3236 1192 3289 creditur
1213 3237 1398 3297 minor,
1425 3233 1512 3304 qui
1544 3231 1935 3296 intestimabilis,
1961 3235 2057 3283 int-

467 3320 690 3368 mensus,
716 3315 760 3360 et
783 3307 1010 3374 inﬁnitus
1037 3305 1152 3361 est?

544 3385 570 3413 ⁸
604 3378 926 3432 Arianorum
955 3380 1167 3434 celebre
1197 3385 1570 3448 argumentum
1590 3416 1604 3442 ,
1647 3375 1787 3448 quod
1825 3374 1930 3428 late
1959 3387 2057 3448 op—_

473 3449 710 3514 timeque
739 3451 982 3504 dissolvit
1008 3452 1240 3504 Hilarius
1262 3445 1327 3504 ile
1357 3447 1503 3501 'l‘tin.
1552 3461 1600 3499 Ix
1629 3487 1645 3513 ,
1687 3447 1757 3501 56
1786 3460 1931 3515 sqq.,
1964 3445 2055 3513 qui

471 3517 527 3572 IT.
564 3519 626 3572 H
661 3522 735 3572 sic
763 3523 1034 3575 ccticludil
1065 3541 1077 3576 :
1114 3521 1340 3577 Scientia
1364 3520 1502 3589 apud
1528 3517 1712 3581 Deum,
1739 3535 1837 3570 non
1861 3532 2055 3586 cogno-

470 3590 644 3664 scendi
671 3591 724 3664 id
736 3594 888 3664 quod
919 3588 1641 3664 nescieritiittelligetttia_est.
1673 3589 1761 3642 sed
1788 3588 2048 3664 loquendi.

473 3658 541 3712 Et
573 3677 662 3731 per
690 3663 742 3714 id
765 3658 921 3733 'guod
965 3666 1106 3728 solus
1141 3663 1297 3717 Pater
1335 3658 1457 3726 scit,
1496 3659 1666 3714 Filius
1718 3677 1818 3714 non
1859 3659 2052 3711 intelli-

470 3733 609 3803 gitur
630 3736 824 3788 nescire
848 3751 866 3800 ;
895 3747 1008 3788 cum
1041 3733 1212 3790 Filius
1252 3735 1442 3787 idcirco
1477 3734 1671 3803 nescire
1697 3749 1750 3784 se
1789 3733 1966 3795 dicat,
1995 3745 2057 3782 ne

468 3802 516 3857 et
544 3804 635 3858 alii
662 3807 822 3860 sciant
847 3823 865 3860 :
888 3819 933 3861 et
954 3807 1161 3862 Patrem
1185 3808 1246 3860 ob
1273 3807 1329 3858 id
1359 3804 1525 3858 solum
1561 3802 1695 3857 dicat
1724 3805 1853 3856 scire
1874 3843 1887 3863 ,
1920 3817 1980 3853 ne
2007 3811 2053 3852 et

471 3877 582 3944 ipse
609 3895 709 3932 non
733 3880 942 3932 nesciat.
980 3879 1039 3935 Si
1061 3881 1193 3934 enim
1235 3887 1357 3932 tunc
1384 3878 1678 3947 Cognovisse
1705 3872 1842 3947 Deus
1863 3873 2055 3947 dicitur

469 3942 635 4002 amari
657 3965 709 4001 se
736 3954 798 4002 ab
829 3949 1118 4014 Abraham,
1149 3968 1264 4004 cum
1303 3949 1397 4000 hoc
1438 3942 1537 4021 non
1567 3945 1746 4021 celauit
1790 3942 2053 4021 Aura/tui;

469 4034 668 4072 necesse
695 4031 804 4085 est,
835 4031 889 4073 ut
919 4035 963 4073 et
993 4021 1147 4074 Pater
1177 4022 1328 4084 diem,
1351 4021 1412 4072 ob
1435 4019 1489 4070 id
1515 4019 1645 4068 scire
1675 4016 1893 4076 dicatur,
1934 4016 2054 4080 quia

470 4104 571 4142 non
599 4092 833 4144 celaverit
867 4089 1100 4159 Filium;
1134 4093 1245 4145 Deo
1277 4091 1541 4145 scientiam
1571 4103 1670 4138 non
1700 4085 1762 4138 de
1789 4085 2053 4159 repentina

471 4164 762 4231 cognitione
788 4177 1033 4230 sumente,
1064 4158 1152 4219 sed
1174 4168 1223 4218 in
1247 4175 1474 4230 tempore
1497 4169 1823 4228 protestante.
1863 4158 1920 4211 Si
1951 4160 2049 4210 ita-

469 4249 566 4301 que
588 4243 634 4287 et
661 4235 794 4289 diem
827 4235 997 4291 Filius
1037 4238 1314 4292 secundum
1351 4241 1725 4289 sacramentum
1757 4231 1952 4295 nescit,
1997 4240 2054 4283 ut

468 4313 633 4358 taceat
651 4321 671 4370 ;
699 4325 722 4357 e
744 4313 999 4363 contrario
1030 4326 1230 4363 necesse
1256 4317 1329 4362 est
1351 4351 1364 4373 ,
1400 4304 1514 4358 ideo
1543 4305 1676 4357 dietn
1719 4301 1872 4356 Pater
1907 4303 2052 4355 solus

467 4383 767 4452 ostendatur
803 4383 933 4435 scire
953 4424 971 4440 .
1002 4383 1123 4452 quia
1153 4398 1253 4435 non
1282 4389 1429 4434 tacet.
1462 4377 1603 4446 Lege
1630 4377 1791 4430 etiam
1823 4375 2052 4428 Ambro-

464 4447 602 4502 sium
632 4451 698 4504 de
731 4451 859 4506 Fide
883 4453 975 4508 lib.
1005 4447 1055 4515 v.
1089 4453 1174 4508 16.

515 4519 799 4597 :‘tNenipe
846 4542 952 4580 non
1007 4524 1251 4597 agnoscit
1309 4519 1742 4597 hic__lia2reticus
1779 4517 2048 4597 attributa

465 4589 945 4666 tlistiiietionesque
994 4589 1342 4666 personarum
1392 4593 1714 4647 divinarum.
1779 4589 2047 4666 Praeterea

464 4679 582 4728 qua:
611 4665 677 4738 de
704 4662 920 4722 Christo
953 4662 1168 4723 homine
1200 4667 1614 4738 pru'dicantnc,
1648 4677 1709 4713 ea
1758 4662 2039 4738 confundit

465 4749 587 4808 cum
611 4737 810 4792 divinis
835 4741 1075 4805 ejusdem
1107 4731 1428 4808 praedicatis.
1463 4733 1650 4808 l)e_bi_s
1688 4731 1866 4785 autem
1911 4748 2043 4802 prze-

465 4806 611 4860 clare
638 4804 966 4876 Augustinus
993 4804 1167 4866 eontr.
1198 4826 1359 4866 serm.
1389 4809 1480 4862 Ar.
1515 4805 1568 4859 ll‘.
1601 4804 1656 4858 4.

545 4890 564 4914 «τ
605 4871 799 4935 Recole
827 4897 880 4950 p.
905 4883 1012 4937 2t3
1033 4925 1048 4948 ,
1079 4900 1133 4937 n.
1184 4882 1238 4934 2.
1284 4880 1612 4950 AnguStinus
1643 4881 1830 4950 contra
1860 4871 2047 4950 _Maxi-_

466 4951 671 5004 mittunt
704 4956 796 5007 Ar.
827 4945 866 5016 ἱ,
901 4958 931 5007 5
965 4974 977 5009 :
1008 4945 1087 5007 Tu
1110 4955 1170 5017 de
1201 4945 1506 5006 Patre'solo
1552 4949 1624 5001 vis
1654 4945 1871 5017 inteliigi
1909 4948 2045 5014 quod

462 5026 711 5092 scriptum
736 5015 1032 5090 est,VSolus
1073 5015 1220 5078 habet
1262 5022 1738 5092 immortalitatem,
1789 5015 1955 5092 tamen
1997 5025 2042 5073 et

463 5089 620 5149 Pater
642 5108 687 5150 et
713 5089 884 5150 Filius
909 5096 1092 5150 [tabent
1122 5095 1574 5150 immortalitatem.
1602 5089 1839 5152 Alioquin
1862 5090 1906 5141 si
1931 5107 2040 5144 eam

461 5181 561 5218 non
591 5167 737 5222 liabet
773 5167 961 5225 Filius.
998 5167 1156 5222 Pater
1177 5185 1286 5221 eam
1309 5183 1408 5219 nun
1441 5165 1576 5217 dedit
1611 5161 1769 5223 Filio,
1804 5171 1906 5213 etc.

433 5245 438 5248 ’
476 5299 505 5312 _
530 5235 555 5273 ἀ
592 5242 918 5308 Augustinus
945 5248 1129 5312 contra
1158 5254 1322 5312 set-ni.
1352 5234 1440 5312 Ar.
1488 5232 1544 5288 Π.
1577 5233 1666 5312 Δ1ε
1703 5230 1883 5312 Ariani
1912 5245 2039 5312 cum

459 5299 740 5365 Dominum
781 5323 1010 5366 nostrum
1040 5309 1216 5365 Iesum
1263 5309 1519 5376 Christum
1569 5303 1797 5376 fatentur
1834 5302 2038 5366 quidem

463 5381 645 5453 Deum,
675 5382 765 5437 sed
794 5380 958 5437 Deum
984 5399 1153 5437 verum
1178 5393 1224 5435 et
1249 5398 1358 5453 cum
1394 5371 1549 5432 Patre
1570 5371 1736 5453 unum
1764 5371 1923 5453 Deum
1947 5391 2039 5424 tto-

457 5451 568 5507 lunt
609 5458 756 5522 t'ateri
780 5497 794 5519 ,
827 5455 957 5509 duos
986 5455 1129 5508 nobis
1167 5452 1420 5507 inducunt
1447 5453 1566 5502 deos
1607 5446 1818 5498 divet'sw
1863 5446 2038 5522 αἰψη-

456 5518 627 5591 risque
651 5518 882 5592 naturae;
917 5543 1072 5579 unum
1111 5541 1306 5587 verum,
1337 5523 1558 5576 alterum
1587 5532 1688 5570 non
1711 5523 1902 5568 iterum.
1935 5518 2030 5571 Ea-

463 5592 585 5646 dem
616 5596 746 5672 dicit
777 5597 1088 5672 Fulgentius
1118 5608 1295 5650 contr.
1325 5593 1640 5672 Fab_._tr.ig..
1660 5601 1714 5654 χι
1739 5595 1989 5672 etixx‘mu
2017 5630 2030 5653 ,

464 5673 519 5723 et
547 5667 833 5730 praedictus
862 5657 1192 5746 Kngnstinus
1214 5677 1398 5726 cantra
1429 5657 1772 5724 Maximinum
1805 5671 1843 5724 t,
1878 5657 1938 5724 l;
1972 5674 2030 5729 tt,

2160 2947 2383 3024 arbitror
2403 2985 2431 3024 ,_
2463 2963 2577 3024 cuni
2621 2948 2900 3024 legerimus
2932 2953 3192 3024 genitum,
3225 2947 3328 3007 non
3359 2947 3759 3024 utiqueidem'et

2158 3018 2384 3088 genitum
2412 3018 2748 3088 intelligimus
2771 3027 2820 3072 et
2839 3018 3082 3078 creatum.
3105 3022 3249 3076 Idem
3270 3018 3602 3078 demonstrat
3629 3033 3758 3081 Am-

2161 3091 2479 3169 li_rtisius_ti|).
2510 3092 2599 3142 cit.
2627 3106 2666 3154 ι,
2699 3091 2784 3155 15,
2817 3091 2998 3169 θ’,βᾶ
3027 3104 3080 3148 et
3109 3109 3164 3160 ν,
3193 3095 3244 3149 5.
3281 3095 3422 3166 Lege
3452 3100 3614 3152 etiam
3647 3098 3756 3169 Cy-

2157 3160 2334 3212 rillum
2360 3159 2623 3215 Thesaur.
2655 3173 2847 3217 assert.
2877 3164 2967 3217 ‘28.

2235 3229 2253 3268 ί
2285 3231 2482 3305 (loturo
2509 3232 3106 3305 _lianc_blasphemiain
3143 3237 3374 3305 legimus
3428 3239 3476 3292 in
3519 3239 3746 3294 Niezeno

2160 3301 2413 3371 Symbqu
2427 3303 2492 3356 de
2509 3303 2660 3364 Filio.
2673 3301 2910 3358 Deumde
2925 3306 3048 3370 Deo,
3062 3301 3221 3360 Deum
3234 3324 3402 3363 verum
3417 3310 3592 3365 deDeo
3605 3329 3740 3366 vero.

2232 3383 2255 3420 κ
2288 3375 2586 3427 Pessimum
2620 3385 2675 3428 et
2705 3389 2848 3429 retro
2873 3379 2983 3445 jam
3019 3391 3377 3434 memoratum
3425 3387 3748 3438 Arianorum

2158 3446 2470 3520 tingunt-qui
2503 3445 2714 3499 Patrem
2763 3451 2936 3500 solum
2987 3452 3202 3517 proprie
3254 3452 3421 3506 Deum
3467 3458 3623 3520 (nam
3658 3455 3748 3508 FI-

2161 3517 2286 3593 linnt
2311 3517 2467 3570 aliter
2493 3520 2893 3593 quodannnodu
2918 3523 3076 3575 deum
3101 3523 3348 3576 dicebant
3372 3529 3389 3593 )
3417 3517 3521 3578 late
3545 3531 3747 3581 retulit

2160 3588 2464 3654 imit-teque
2497 3589 2731 3642 Hilarius
2761 3591 2827 3643 de
2856 3592 3005 3647 'l‘riu.
3042 3593 3134 3646 lib.
3155 3608 3207 3647 ν.
3243 3588 3379 3647 'l‘uni
3407 3612 3594 3650 cutitra
3626 3600 3740 3651 Au-

2159 3663 2394 3712 xentium
2429 3658 2484 3712 lf.
2515 3660 2546 3712 6
2577 3678 2588 3711 :
2633 3658 2822 3714 Volunt
2851 3664 2983 3716 enim
3009 3666 3145 3718 hunc
3170 3681 3318 3719 suum
3348 3667 3607 3721 Christum
3641 3686 3747 3723 non

2157 3733 2268 3808 ejus
2299 3731 2717 3808 (livinitatisesse
2754 3735 2902 3808 cujus
2937 3747 2982 3789 et
3017 3736 3172 3790 Pater
3215 3748 3286 3790 est
3308 3779 3322 3801 ,
3357 3746 3460 3792 etc.
3489 3738 3641 3808 (quin
3670 3741 3742 3794 ibt

2161 3802 2384 3882 legenda
2409 3815 2533 3882 sunt
2557 3804 2625 3854 ob
2653 3802 2856 3882 erroris
2882 3811 3221 3882 perSpicuam
3255 3802 3740 3882 intelligentiam),

2158 3884 2212 3952 ut
2241 3875 2292 3925 id
2313 3875 2626 3952 quod‘unum
2653 3894 2758 3928 esse
2782 3875 2951 3931 Filius
2972 3893 3016 3934 et
3041 3879 3193 3934 Pater
3217 3882 3270 3934 in
3295 3879 3586 3952 Evangeliis
3609 3875 3742 3950 prte-

2157 3943 2416 4006 dicuntur,
2445 3947 2497 3998 in
2520 3947 2793 4002 voluntatis
2819 3963 3012 4003 tantum
3037 3954 3099 4005 sit
3121 3962 3172 4006 et
3191 3943 3460 4004 charitutii
3479 3943 3738 4017 socrétate,

2159 4031 2259 4068 non
2289 4017 2340 4067 in
2372 4017 2654 4072 divinitatis
2682 4023 2911 4084 veritate,
2947 4035 3051 4076 etc.-
3083 4024 3141 4075 Si
3175 4022 3338 4076 Deum
3359 4038 3530 4076 verum
3559 4023 3740 4077 Ariani

2157 4087 2436 4167 pradicant
2461 4087 2740 4167 Clu-istum,
2763 4093 2936 4146 Deum
2972 4095 3082 4148 sine
3111 4097 3295 4167 fraude
3332 4097 3547 4166 confessi
3572 4107 3690 4148 sunt
3721 4113 3733 4149 :

2155 4160 2292 4225 quod
2321 4161 2362 4211 si
2386 4159 2549 4236 Deum
2582 4161 2757 4217 dicunt
2784 4207 2798 4227 ,
2836 4177 2881 4219 et
2909 4179 3091 4236 negant
3111 4159 3294 4220 've'rum
3320 4186 3337 4230 ;
3367 4159 3596 4219 tribuunt
3641 4183 3738 4221 nos

2158 4249 2291 4296 men,
2317 4247 2365 4288 et
2395 4234 2629 4289 adimunt
2653 4239 2929 4290 veritatem.
2971 4234 3293 4305 Quamquam
3315 4238 3472 4306 igitur
3493 4238 3739 4305 impiissi-

2080 4283 2132 4342 D
2161 4306 2255 4357 mis
2280 4283 2452 4359 eorum
2483 4307 2830 4372 bium/tentiis,
2861 4283 3206 4363 eteftturst’ts
3241 4283 3471 4361 “itali-ius
3502 4283 3597 4364 libr:
3641 4325 3691 4363 νι
3717 4349 3733 4374 ,

2157 4375 2209 4434 4.
2247 4379 2300 4435 5.
2339 4379 2538 4445 profert
2577 4378 2897 4432 Artatwrnnt
2941 4379 3096 4433 [idem
3127 4380 3532 4446 blasphemam,
3581 4380 3734 4447 cujus

2157 4446 2560 4504 fundamentum
2593 4461 2709 4504 erat
2737 4467 2898 4504 nnntn
2931 4451 3140 4506 Patrem
3169 4466 3290 4504 esse
3312 4466 3500 4504 verum
3531 4446 3722 4504 Deum.

2160 4518 2397 4589 Denique
2439 4521 2752 4575 Ambrosius
2799 4525 2866 4576 de
2916 4523 3046 4577 Fide
3085 4539 3173 4588 Ill,
3203 4521 3279 4576 ιτ
3328 4524 3466 4574 satis
3497 4522 3655 4574 claret
3687 4532 3731 4575 et

2153 4589 2321 4659 solum
2358 4591 2523 4644 Deum
2575 4609 2674 4644 non
2715 4603 2821 4646 esse
2848 4593 3057 4648 Patrem
3105 4597 3214 4648 sine
3258 4593 3399 4646 Filio
3421 4607 3440 4659 ;
3479 4605 3522 4647 et
3563 4596 3729 4647 solum

2152 4657 2318 4735 Deum
2343 4681 2442 4716 non
2465 4663 2683 4735 intelligi
2716 4663 2908 4718 Filium
2931 4669 3039 4718 sine.
3071 4665 3244 4721 Patre.

2223 4731 2252 4770 ¹ι
2281 4734 2440 4797 Audi,
2475 4731 2692 4792 Ariaric.
2724 4735 3060 4805 Fulgentium
3083 4741 3151 4793 tle
3178 4740 3384 4790 itlt'ttl‘ll.
3413 4735 3466 4788 if.
3501 4736 3530 4788 4
3559 4752 3572 4790 :
3601 4733 3730 4789 Sine

2149 4805 2295 4858 initio
2318 4818 2387 4878 est
2409 4817 2602 4860 (eterna
2622 4812 2881 4878 generatio
2907 4809 3101 4873 Putris,
3127 4813 3236 4862 sine
3256 4809 3400 4861 initio
3423 4816 3612 4860 (eterna
3638 4823 3729 4859 na-

2150 4879 2317 4952 tr't-itas
2344 4876 2486 4938 Filii,
2509 4876 2779 4952 sincinitio
2799 4883 2991 4933 wterua
3012 4881 3268 4952 processio
3293 4879 3521 4952 Spiritus
3541 4878 3724 4932 sancti.

2146 4945 2235 5023 De
2257 4947 2353 5002 Dei
2376 4952 2512 5004 enim
2531 4949 2715 5010 Patris
2744 4945 3047 5023 tetet'ttitate,
3079 4969 3189 5023 qute
3217 4945 3492 5005 sittc'iuitio
3511 4960 3690 5023 manet
3711 4990 3725 5012 ,

2147 5018 2264 5072 talis
2301 5027 2385 5095 est
2430 5023 2602 5091 utique
2641 5022 2879 5075 nativitus
2926 5018 3166 5087 Filiifet
3210 5025 3466 5095 processio
3497 5020 3726 5095 Spiritus

2145 5093 2308 5145 sancti
2332 5134 2344 5156 ,
2378 5107 2432 5145 ut
2463 5103 2510 5146 et
2532 5095 2622 5148 illa
2647 5095 2883 5146 nativittis
2905 5102 2953 5148 et
2973 5096 3065 5148 illa
3093 5092 3348 5155 processio
3372 5104 3625 5145 cowtcruu
3654 5092 3724 5144 sit

2145 5161 2224 5232 illi
2251 5164 2468 5232 origini,
2502 5167 2552 5217 in
2594 5181 2692 5232 qua
2731 5165 2937 5218 initium
2972 5167 3260 5220 nullatenus
3288 5166 3451 5230 potuit
3486 5163 3718 5215 inveniri.

2142 5231 2207 5284 Et
2237 5235 2304 5287 de
2349 5235 2478 5288 Fide
2510 5237 2570 5287 nd
2605 5231 2820 5290 Petrum
2859 5237 2912 5288 li.
2957 5238 3023 5291 10
3056 5255 3068 5290 :
3104 5237 3263 5289 Pater
3303 5238 3365 5287 de
3404 5251 3499 5287 sua
3540 5243 3724 5286 ruitura

2141 5305 2249 5355 sine
2286 5307 2428 5357 initio
2457 5308 2628 5376 genuit
2657 5306 2872 5360 Filium.
2923 5309 3141 5378 chesis
3189 5309 3351 5361 etiam
3391 5305 3719 5360 Victorinum

2139 5389 2336 5428 comm.
2370 5377 2434 5429 ad
2469 5379 2698 5446 Philipp.
2735 5396 2785 5447 p.
2819 5379 2908 5434 65.

2217 5446 2231 5482 ί
2274 5449 2665 5519 Argumentum
2699 5446 2957 5506 Arianum
2998 5450 3244 5505 disstilvit
3288 5451 3606 5504 Ambrosius
3653 5449 3722 5502 de

2138 5520 2267 5575 Fide
2315 5536 2384 5580 ll.
2426 5526 2443 5574 1
2499 5536 2614 5592 sqq.
2657 5539 2668 5576 :
2708 5522 2975 5590 Scriptum
3025 5532 3133 5580 est.
3175 5522 3412 5590 inquiunt
3457 5521 3718 5592 (Ariani)

2139 5609 2284 5646 nemo
2327 5593 2487 5646 bonus
2519 5590 2618 5646 nisi
2660 5611 2792 5647 unus
2838 5595 2998 5647 Deus.
3035 5594 3298 5660 Scriptum
3329 5609 3584 5661 agnosco,
3625 5590 3716 5643 sed

2135 5667 2304 5720 littera
2330 5679 2554 5721 errorem
2577 5681 2676 5719 non
2699 5666 2850 5722 liabet
2873 5673 2893 5719 :'
2919 5665 3114 5720 utinam
3140 5663 3335 5722 Ariona
3360 5662 3712 5739 interpretatio
