4194 6184
389 240 492 294 605

890 240 1324 298 MONUMENTA
1369 240 1642 296 VETEBA
1686 242 1776 297 AD
1818 240 1969 297 ARIA

2075 239 2227 296 'RUM
2268 241 2665 300 DOCTRINAM
2710 245 3187 304 I’ERTINENTIA.

3570 250 3678 304 606

389 364 494 408 tem
531 363 580 420 ⁸,
602 367 656 410 ει
685 355 866 408 lumen
888 353 1216 409 habitantem
1241 354 1617 409 inaccessibile
1647 357 1684 408 ³.
1716 352 1832 408 Non
1860 354 1984 424 quia
2015 355 2065 418 Α
2092 357 2213 427 quia
2245 358 2374 411 vado
2397 359 2466 412 ad
2497 356 2745 426 Patrem,
2777 363 3020 429 quoniam
3052 361 3212 418 Pater
3239 381 3382 419 meus
3412 369 3580 439 major
3608 383 3688 420 me

390 447 564 502 Filius
580 459 683 501 uon
696 445 763 501 sil
781 447 920 502 Deus
935 463 1034 502 nec
1056 448 1332 509 Dominus,
1353 445 1447 502 sed
1463 447 1586 517 quia
1620 439 1782 501 Pater
1803 453 1858 500 et
1886 443 1980 500 Fio

391 541 464 597 lio
486 543 506 572 ²
541 539 1552 607 ῡειιεεειδ,ει‹)ιιιιιίιιιιι;Ρίιὶυειιυιειιι
1585 531 1729 593 Deus
1757 548 1838 593 est
1861 540 1982 592 uni-

391 634 604 704 genitus
633 643 684 688 et
718 630 1233 708 Dominusomuium
1250 648 1365 701 quae
1379 632 1661 703 peripsum
1678 630 1814 686 facta
1830 641 1978 698 sunt,

389 736 442 782 et
461 728 660 794 bonus,
696 733 750 782 et
781 721 1044 796 benignus
1064 768 1078 791 ,
1113 723 1434 782 immortalis
1455 727 1617 780 etiam
1645 733 1698 779 et
1727 725 1981 779 immuta-

388 821 512 875 bilis
537 829 749 875 natura.
783 819 888 876 Sed
922 822 1035 874 hinc
1061 820 1241 875 omnia
1271 837 1300 874 a
1334 821 1492 876 Patre
1513 831 1840 875 consecutus
1869 827 1972 886 est,

387 923 440 967 et
469 912 522 966 in
547 913 798 969 omnibus
818 913 1076 968 obedicns
1105 914 1377 968 invenitur
1403 915 1509 968 [)eo
1526 913 1779 983 Patrique
1803 911 1823 942 ⁸
1855 927 1972 966 suo.

387 1005 503 1060 Non
536 1006 715 1075 itaque
738 1005 988 1061 dicuntur
1017 1007 1174 1060 Pater
1203 1017 1258 1061 et
1288 1005 1458 1060 Filius
1481 1021 1619 1059 unus
1644 1003 1785 1059 Deus
1807 1015 1849 1068 ο,
1883 1003 1976 1058 sed

388 1095 547 1152 Pater
577 1097 726 1152 solus
750 1096 947 1152 dicitur
970 1114 1108 1152 unus
1131 1091 1272 1151 Deus
1293 1138 1307 1163 ,
1336 1097 1424 1167 qui
1449 1107 1503 1151 et
1527 1096 1661 1151 Filio
1695 1095 1837 1151 Deus
1868 1105 1974 1164 est,

341 1239 344 1242 .
386 1188 526 1244 sicut
553 1187 756 1245 dicmm
789 1199 904 1257 est,
952 1198 1006 1246 et
1047 1190 1300 1246 omnibus
1333 1209 1346 1244 :
1383 1189 1554 1244 Filius
1602 1202 1782 1245 autem
1831 1187 1979 1243 Patri

386 1297 495 1336 non
527 1291 610 1337 est
639 1281 781 1339 Deus
804 1325 816 1348 ,
861 1283 954 1338 sed
999 1284 1147 1338 omni
1172 1292 1436 1338 creaturae
1461 1284 1721 1338 Dominus
1753 1294 1805 1337 et
1837 1281 1978 1337 Deus

386 1385 468 1431 est
513 1375 679 1432 Filius
713 1395 726 1432 :
760 1377 974 1433 Patrem
1003 1387 1184 1433 autem
1229 1377 1422 1432 adorat
1446 1419 1460 1441 ,
1491 1388 1544 1432 et
1578 1375 1766 1448 petet“
1799 1385 1856 1430 et
1884 1389 1977 1430 co-

387 1468 462 1523 let
492 1470 512 1500 "
536 1510 552 1535 ,
584 1475 640 1524 et
668 1469 871 1538 gratias
901 1475 1038 1540 agit,
1071 1482 1124 1524 et
1170 1467 1381 1524 debitor
1425 1475 1546 1533 est,
1579 1467 1701 1538 quia
1749 1479 1974 1536 propter

387 1561 565 1632 ipsum
593 1571 649 1616 et
676 1562 857 1618 vivere
885 1579 944 1618 se
972 1549 1240 1625 declarat,
1275 1569 1330 1618 et
1349 1577 1566 1616 onmem
1588 1563 1859 1631 accepisse
1881 1577 1974 1632 po-

383 1661 633 1710 testatem
665 1657 821 1711 abeo
847 1657 1109 1726 gloriatur
1131 1658 1181 1711 iu
1214 1656 1356 1711 coelo
1384 1665 1437 1710 et
1470 1657 1520 1709 iu
1557 1665 1700 1710 terra
1723 1697 1737 1718 ,
1772 1670 1972 1710 secun-

2087 462 2162 508 est
2190 462 2235 508 ο.
2264 454 2394 508 Cum
2425 451 2525 507 hac
2555 454 2714 524 igitur
2741 455 2964 509 scientia
2997 455 3174 510 Patris
3205 465 3257 511 et
3300 457 3426 512 Filii
3473 468 3526 512 et
3556 456 3679 528 Spi-

2085 547 2220 602 ritus
2247 546 2420 600 sancti
2447 546 2614 611 hanc,
2649 562 2766 616 quae
2799 545 2849 601 iu
2882 560 3152 618 prmsente
3182 550 3387 617 psalmo
3415 549 3434 588 ί
3465 552 3680 621 promit-

2085 640 2254 702 titur,
2300 635 2690 692 habitationem
2742 641 2793 692 in
2848 639 3199 694 tabernaculo
3249 641 3460 697 Domini
3522 653 3574 697 et
3631 644 3683 697 iu

2083 739 2270 785 monte
2293 739 2482 784 sancto
2513 729 2630 800 ejus
2655 731 2893 799 requiem
2927 741 3140 802 Oportet
3170 747 3268 786 uos
3289 732 3472 792 studio
3501 735 3682 805 requi-

2085 837 2206 876 rere
2243 839 2255 875 :
2289 828 2546 891 quoniam
2597 839 2717 892 quae
2760 824 2878 878 siue
2924 825 3132 877 macula
3165 826 3342 879 anima
3383 836 3492 894 est,
3530 828 3676 882 illam

2081 930 2202 985 qua:
2229 913 2278 967 in
2312 914 2544 968 excelsis
2572 915 2593 946 ⁸
2617 914 2767 968 ducit
2795 924 2971 984 potest
2997 916 3273 971 ambulare
3291 919 3454 983 viam,
3477 917 3544 974 de
3575 935 3682 988 quo

2081 1005 2338 1075 superius
2368 1005 2708 1072 tradidimus,
2734 1017 2788 1060 et
2814 1006 3037 1076 limpido
3078 1019 3132 1062 et
3160 1008 3407 1078 simplice
3433 1011 3595 1064 oculo
3627 1020 3682 1066 et

2085 1095 2219 1153 illud
2249 1107 2427 1168 potest
2458 1099 2561 1152 iter
2588 1097 2887 1163 celebrare,
2920 1110 2970 1152 et
3002 1114 3064 1154 ea
3087 1115 3210 1168 quae
3233 1112 3531 1171 pra-parata
3559 1112 3685 1160 sunt

2082 1207 2301 1258 semper
2332 1191 2546 1246 intuere
2567 1193 2588 1225 ’
2624 1193 2788 1259 bona,
2822 1191 3116 1246 secundum
3147 1193 3288 1261 quod
3317 1194 3517 1248 dictum
3552 1202 3634 1248 est
3666 1212 3680 1250 :

2087 1277 2190 1344 Ubi
2234 1296 2305 1340 est
2351 1287 2623 1340 thesaurus
2667 1296 2812 1350 tuus,
2845 1286 2914 1339 ibi
2939 1287 3032 1339 erit
3059 1299 3105 1340 et
3135 1304 3221 1340 cor
3247 1297 3412 1340 tuum.
3445 1287 3602 1343 Videt
3633 1288 3673 1319 ⁸ο

2080 1381 2240 1434 etiam
2271 1393 2488 1447 semper
2518 1377 2827 1448 largitorem
2859 1377 3121 1432 bonorum
3157 1378 3359 1445 Deum,
3417 1379 3556 1433 sicut
3587 1379 3670 1434 di-

2079 1482 2225 1528 ctum
2258 1483 2340 1527 est
2372 1489 2384 1524 :
2414 1471 2561 1525 Beati
2583 1473 2778 1525 mundo
2802 1471 3239 1542 corde,quoniam
3266 1475 3368 1543 ipsi
3396 1472 3565 1528 Deum
3595 1465 3668 1527 vi-

2081 1563 2290 1621 debunt.
2310 1561 2515 1620 Hocest
2543 1565 2720 1634 itaque
2741 1563 2885 1634 quod
2909 1564 3108 1618 dictum
3137 1573 3237 1628 est,
3264 1565 3350 1634 qui
3381 1567 3677 1637 ingreditur

2079 1661 2188 1713 sine
2220 1658 2423 1712 macula
2448 1668 2494 1712 et
2536 1659 3071 1730 operaturjustitiam.
3110 1657 3368 1714 Instruxit
3414 1661 3604 1731 qualcs
3630 1661 3669 1692 “

383 1745 510 1801 dum
542 1747 905 1815 evangelicam
940 1747 1306 1811 traditionem,
1337 1746 1424 1800 ubi
1457 1739 1691 1800 refertur
1720 1741 1875 1800 Jesus
1906 1743 1969 1800 ad
2003 1755 2049 1814 B
2080 1750 2245 1806 debet
2274 1766 2398 1806 esse
2425 1749 2517 1821 qui
2545 1749 2611 1804 ad
2659 1766 2846 1805 eorum
2872 1790 2889 1817 ,
2917 1767 3038 1820 qua:
3087 1752 3138 1805 in
3167 1752 3322 1807 cmlis
3371 1761 3672 1822 prmparata

379 1838 772 1895 Samaritauam
816 1839 1098 1895 mulierem
1120 1839 1306 1894 dicens
1342 1859 1353 1892 :
1392 1838 1503 1892 Nos
1531 1841 1808 1892 adoramus
1839 1837 1975 1907 quod

377 1931 589 1998 scimus,
617 1947 703 1989 vos
724 1944 896 1988 autem
919 1934 1150 1989 adoratis
1167 1935 1304 2007 quod
1331 1935 1537 1989 nescitis
1559 1931 1607 1988 ά.
1642 1933 1708 1988 Et
1729 1945 1972 1990 orantem

377 2021 653 2080 Christum
686 2026 898 2081 Patrem
933 2043 1088 2082 suum
1135 2025 1446 2097 frequenter
1475 2026 1714 2082 ostendit
1740 2043 1974 2098 evange-

380 2115 484 2173 lica
518 2117 771 2183 traditio;
798 2130 849 2174 et
879 2120 1082 2190 gratias
1108 2131 1356 2190 agentem
1392 2117 1532 2173 Patri
1559 2135 1678 2186 suo,
1708 2127 1764 2174 et
1791 2119 1975 2173 dicen-

380 2221 489 2266 tem
543 2210 893 2269 manifestat:
924 2210 1134 2267 Gratias
1167 2213 1257 2267 tibi
1308 2229 1441 2286 ago,
1487 2207 1683 2280 Pater,
1733 2213 1973 2283 quoniam

377 2303 634 2360 exaudiin
662 2323 744 2360 me
772 2349 787 2374 ,
823 2311 870 2360 et
909 2323 1005 2380 ego
1053 2306 1158 2360 scio
1206 2306 1327 2376 quia
1372 2323 1573 2370 semper
1615 2321 1697 2360 me
1736 2306 1968 2360 exaudis.

381 2399 528 2470 Ergo
553 2417 770 2474 semper
794 2402 1015 2469 adorat,
1063 2402 1187 2472 quia
1214 2419 1430 2470 semper
1451 2403 1560 2480 ⁹βίω
1594 2403 1972 2463 εχειιιάἰειιιιτιη

382 2493 598 2552 Patrem
625 2497 924 2566 profitetur.
958 2496 1192 2553 Adverte
1228 2498 1409 2567 itaque
1447 2498 1812 2568 evangelicum
1847 2514 1968 2552 seu-

381 2604 520 2656 sum,
549 2591 802 2658 quoniam
833 2591 1036 2659 gratias
1058 2601 1181 2659 aget
1205 2590 1224 2621 ⁶
1253 2589 1542 2644 manifeste
1568 2589 1726 2646 Iesus
1754 2602 1974 2659 propter

387 2697 483 2737 eos
503 2684 592 2752 qui
625 2682 943 2748 adstabant;
975 2684 1115 2738 sicut
1146 2683 1261 2753 ipse
1291 2683 1529 2737 declarat
1552 2683 1740 2738 dicens
1769 2682 1833 2736 ad
1875 2682 1976 2736 Pa-

383 2784 518 2831 trem
539 2792 694 2830 suum
715 2793 726 2827 :
744 2774 948 2830 Etenim
964 2793 1055 2847 ego
1073 2778 1176 2829 scio
1189 2777 1308 2845 quia
1321 2793 1518 2844 semper
1535 2792 1611 2828 me
1633 2775 1867 2842 exaudis;
1884 2771 1973 2830 sed

382 2878 588 2939 prapter
598 2885 682 2922 eos
695 2869 782 2935 qui
794 2863 996 2922 adstant
1009 2865 1141 2933 dico,
1151 2871 1208 2922 ut
1223 2867 1444 2922 sentiant
1462 2871 1580 2938 quia
1600 2877 1652 2921 tu
1673 2884 1750 2921 me
1765 2867 1969 2922 misisti.

380 2961 613 3016 Attende
637 2963 815 3031 itaque
836 2961 1033 3025 studio,
1058 2970 1112 3015 et
1141 2960 1260 3014 vide
1285 2961 1303 2990 ⁷
1323 2959 1593 3014 salubrem
1627 2959 1971 3014 traditionem

378 3053 521 3122 quod
537 3053 784 3108 Christus
801 3053 1057 3123 cognosci
1076 3053 1188 3107 vult
1202 3052 1341 3123 quod
1358 3060 1459 3118 est,
1482 3069 1586 3106 nou
1605 3053 1816 3107 dicatur
1830 3053 1969 3122 quod

2077 1851 2237 1909 sunt,
2270 1841 2535 1897 bonorum
2564 1842 2966 1912 possessiOuem
3005 1841 3226 1899 festinet
3261 1862 3273 1897 :
3301 1843 3498 1900 deinde
3519 1841 3668 1900 velut

2073 1933 2268 2006 grados
2294 1931 2335 1964 ¹¹
2369 1931 2542 1988 tradet
2565 1927 2608 1963 ¹⁸
2639 1933 2888 1987 mandata
2911 1975 2928 2001 ,
2972 1935 3224 2003 quoniam
3265 1937 3353 2006 qui
3407 1939 3458 1991 in
3492 1937 3661 1992 altum

2074 2021 2408 2093 ascendunt,
2444 2043 2538 2098 per
2579 2026 2779 2098 grados
2806 2026 3102 2083 ascendere
3145 2028 3428 2096 videntur;
3461 2041 3514 2085 et
3554 2031 3669 2100 pri-

2075 2137 2224 2176 mum
2272 2135 2434 2193 super
2464 2121 2848 2192 proximiorem
2881 2121 3183 2176 ascendens
3225 2121 3470 2192 gradum,
3506 2115 3556 2176 in
3584 2138 3672 2178 se-

2077 2223 2332 2286 quentem
2383 2212 2606 2269 accedet
2645 2207 2888 2268 :deinde
2917 2215 3218 2268 tertiarium
3273 2223 3326 2268 et
3375 2225 3623 2285 quartum
3658 2257 3673 2281 ,

2075 2323 2354 2380 quousque
2374 2297 2440 2363 ad
2469 2303 2794 2362 destinatum
2823 2299 3123 2378 perveniat,
3155 2307 3294 2377 quod
3328 2307 3446 2362 sine
3476 2307 3664 2362 labore

2075 2401 2258 2458 facere
2293 2418 2398 2457 non
2432 2411 2629 2472 potest.
2660 2393 2846 2469 Itaque
2886 2391 3060 2471 qui-iu
3093 2395 3326 2455 excelsis
3375 2397 3667 2454 habitatio-

2076 2512 2198 2550 nem
2227 2487 2638 2565 apprehendere
2666 2483 3002 2556 desiderant,
3034 2481 3246 2548 labores
3271 2493 3483 2562 pietatis
3508 2502 3670 2562 atque

2075 2587 2304 2643 sudores
2333 2602 2455 2642 cum
2504 2601 2665 2641 oinne
2692 2584 2734 2616 ’δ
2761 2587 2943 2640 studio
2987 2585 3191 2640 instare
3212 2584 3446 2650 debent,
3492 2595 3548 2639 ut
3601 2585 3667 2640 ad

2077 2681 2407 2736 destinatum
2452 2680 2734 2752 pervenire
2765 2679 2994 2748 possint.
3024 2677 3153 2733 Post
3193 2679 3536 2734 immaculata
3567 2680 3667 2750 igi-

2079 2785 2166 2828 tur
2192 2773 2416 2828 scicutia
2450 2773 2663 2842 pietatis
2686 2769 2822 2824 facta
2857 2771 3035 2824 anima
3061 2767 3104 2800 ¹⁵
3135 2769 3186 2823 iu
3231 2769 3486 2838 Operibus
3509 2769 3665 2824 bouis

2074 2865 2342 2921 adornare
2364 2873 2524 2933 atque
2546 2863 2812 2917 instruere
2838 2877 2954 2915 eam
2993 2857 3193 2915 debent
3221 2862 3309 2931 qui
3340 2860 3594 2932 eum,qui
3619 2861 3663 2892 ¹⁶

2078 2959 2130 3012 in
2158 2956 2394 3012 excelsis
2420 2954 2598 3022 ducit,
2638 2955 2913 3010 celebrare
2944 2954 3164 3022 cupiunt
3195 2954 3334 3019 iter;
3367 2953 3664 3008 secundum

2076 3051 2216 3121 quod
2245 3047 2443 3104 dictum
2472 3057 2553 3103 est
2581 3067 2592 3102 :
2623 3047 2713 3102 Sic
2737 3049 2898 3101 luceat
2922 3049 3095 3100 lumen
3126 3058 3351 3100 vestrum
3373 3063 3547 3100 coram
3578 3035 3673 3098 Ito-

377 3163 485 3201 non
510 3157 592 3201 est
618 3147 896 3214 :quienim
916 3144 1333 3201 dicithristum
1354 3145 1496 3214 quod
1522 3161 1625 3199 non
1646 3155 1746 3208 est,
1769 3161 1973 3215 przeva.
2001 3141 2046 3206 C
2078 3139 2299 3197 minibus
2328 3185 2342 3208 ,
2371 3153 2425 3198 ut
2477 3141 2680 3196 videant
2728 3151 2892 3194 vestra
2948 3139 3078 3194 bona
3110 3156 3266 3209 opera
3298 3149 3343 3192 et
3382 3140 3672 3210 glori/irent

370 3238 512 3294 ricat
554 3239 795 3293 notitiam
822 3239 940 3308 ejus
967 3238 1055 3307 qui
1084 3249 1188 3292 est.
1232 3233 1349 3293 Noli
1385 3240 1561 3307 itaque
1588 3253 1772 3291 errare
1801 3253 1817 3292 :
1862 3253 1967 3292 non

367 3331 518 3388 enim
549 3331 621 3386 illi
646 3333 734 3402 qui
760 3349 920 3386 unum
949 3341 1003 3387 et
1027 3331 1200 3402 ipsum
1230 3332 1579 3400 pronuntiant
1607 3329 1818 3385 Patrem
1839 3327 1968 3386 Jesu

368 3419 594 3478 Christo
625 3423 886 3493 majorem
909 3464 924 3490 ,
954 3434 1283 3493 cognoscunt
1317 3421 1530 3478 Patrem
1556 3422 1744 3493 ipsius,
1777 3438 1969 3478 secun-

369 3516 504 3570 dum
555 3516 769 3570 Domini
798 3524 853 3570 et
892 3516 1187 3572 Salvatoris
1231 3518 1400 3570 nostri
1431 3515 1559 3570 Jesu
1605 3515 1801 3571 Christi
1842 3532 1969 3572 seu-

366 3610 596 3663 lentiam
620 3608 854 3663 dicentis
881 3626 894 3662 :
930 3607 993 3663 Si
1020 3608 1303 3680 ditigeretis
1327 3623 1428 3677 me,
1457 3607 1748 3680 gauderetis
1771 3609 1964 3678 utique,

447 3725 463 3755 1
491 3725 600 3755 ΓηιΙ
661 3725 956 3755 ἕκηιυηηοῧιιᾶ

447 3725 463 3755 ³
491 3721 624 3778 Cod.
661 3723 1080 3777 inoccessibilem.

445 3796 466 3826 ³
497 3793 630 3865 Qud.
664 3791 876 3865 Ifilius;
906 3792 1159 3848 sediufra
1177 3794 1488 3865 corrigitur.

451 3865 472 3936 9
501 3862 612 3936 Cod
624 3907 636 3920 .
670 3861 944 3936 Patreque.

447 3935 470 4038 ἒ
500 3935 777 4062 ἧξιὲἓὲιο
806 3935 966 4007 petit;
996 3944 1059 3992 ut
1085 3945 1230 3992 retro
1257 3936 1384 3992 tales
1415 3951 1513 4008 pro
1544 3937 1680 3994 tatis.

525 4021 572 4060 ta
598 4021 720 4061 000.

448 4023 468 4038 "
501 4023 572 4061 lla
598 4023 720 4063 εοα.

447 4075 566 4152 fita
591 4077 712 4152 cod.
737 4093 938 4152 nempe
965 4096 992 4136 e
1017 4093 1113 4151 pro
1136 4078 1173 4133 i.

443 4149 464 4180 "
493 4147 627 4205 Cod.
661 4150 820 4205 uides.

445 4222 466 4254 ⁸
494 4220 570 4276 Ita
597 4223 720 4277 cuti.

443 4295 464 4327 °
496 4292 568 4348 Ita
596 4293 718 4348 eod.

367 4400 474 4440 non
503 4385 755 4439 haberet!
785 4384 970 4456 Apices
1005 4386 1116 4441 sine
1136 4386 1349 4441 crimine
1390 4396 1532 4452 sunt,
1576 4403 1754 4444 sensus
1785 4389 1838 4443 in
1865 4390 1968 4444 cri-

363 4460 524 4512 mine.
577 4457 795 4510 Summa
840 4473 967 4512 vero
999 4459 1371 4526 responsionis
1415 4459 1789 4514 Ambrosianus
1836 4472 1962 4525 est,

364 4530 512 4599 quod
542 4527 791 4583 Christus
815 4527 886 4580 ita
912 4530 1103 4582 scribae
1131 4530 1353 4594 dixerit,
1377 4545 1408 4583 a
1431 4545 1537 4599 quo
1553 4539 1660 4599 non
1678 4530 1836 4591 Deus.
1867 4534 1964 4588 sed

365 4598 535 4672 homo
568 4601 908 4672 credi-batur.
952 4600 1086 4654 Tum
1121 4602 1293 4669 pergit
1333 4597 1512 4654 dicere
1547 4617 1559 4654 :
1595 4597 1718 4655 Non
1749 4603 1907 4672 igitur
1935 4622 1966 4658 a

364 4670 595 4744 l_)_omino
620 4671 826 4744 bonitas
845 4682 1082 4744 negatur,
1109 4672 1196 4724 sed
1218 4671 1336 4724 talis
1365 4673 1657 4741 discipulus
1681 4670 1961 4744 refutatur.

366 4741 512 4813 δαηι
557 4754 672 4794 cum
700 4740 871 4794 scriba
911 4740 1161 4807 dixisset,
1210 4744 1457 4812 magister
1485 4740 1652 4809 bane;
1700 4740 1964 4813 respondit

364 4811 645 4876 Dominus,
674 4815 810 4877 Quid
833 4829 910 4866 me
931 4814 1060 4867 dicis
1091 4811 1310 4866 bonum?
1338 4817 1390 4867 id
1411 4825 1643 4884 estquem
1670 4811 1834 4870 Deum
1863 4835 1964 4884 non

362 4885 555 4959 credis,
586 4896 686 4936 non
709 4894 783 4938 est
803 4885 928 4937 satis
946 4885 1212 4959 utbanum
1233 4887 1394 4940 dicas.
1420 4883 1516 4959 διε
1537 4890 1700 4940 etiam
1722 4883 1964 4959 Cyrillus

362 4955 641 5026 TheSaur.
669 4965 868 5008 assert.
904 4971 932 5008 χ
960 4972 973 5019 ;
1009 4955 1266 5009 Paulinus
1298 4958 1465 5026 aquil.
1499 4967 1685 5012 contra
1716 4955 1830 5012 Fel.
1865 4967 1959 5024 ιιι,

363 5027 455 5090 10,
495 5028 577 5080 lt.
618 5025 1010 5094 Argumentum
1041 5029 1303 5082 Ariauuttl
1339 5029 1601 5097 prolixius
1631 5029 1811 5084 adhuc
1845 5031 1956 5085 dis-

361 5097 526 5170 Solvit
553 5099 884 5166 Augustinus
914 5108 1104 5151 eontra
1135 5099 1410 5152 Maximiu.
1443 5116 1514 5165 ιι,
1548 5100 1652 5166 25,
1685 5103 1774 5170 qui
1812 5102 1962 5156 locus

361 5168 567 5238 utiliter
595 5184 726 5222 sane
761 5171 986 5238 legetur.

437 5244 464 5273 “
496 5231 550 5314 In
584 5231 851 5314 breviat-iii
885 5238 1009 5293 fidei
1037 5240 1114 5292 sic
1142 5257 1154 5292 :
1184 5237 1380 5314 Dicunt
1401 5241 1586 5314 Ariani
1606 5285 1620 5307 ,
1645 5242 1760 5298 ideo
1791 5245 1962 5314 major

360 5321 434 5362 est
487 5309 683 5385 Pater,
724 5312 846 5385 quia
895 5322 967 5385 est
1010 5313 1341 5385 immortalis.
1387 5311 1757 5385 Interrogandi
1803 5309 1956 5379 sunt,

355 5387 528 5432 utrum
561 5379 757 5434 Filium
784 5382 835 5435 in
865 5383 1147 5435 substantia
1178 5381 1386 5438 deitotis
1413 5401 1522 5437 sua:
1555 5379 1820 5439 mortalem
1854 5403 1960 5442 esse

359 5453 642 5521 fateantur.
672 5453 827 5517 Quod
854 5455 897 5507 si
931 5455 1186 5516 dixerint,
1216 5471 1369 5525 quam
1402 5463 1580 5509 contra
1603 5460 1850 5509 rationem
1881 5462 1962 5510 di-

357 5531 509 5585 cant,
538 5526 704 5597 onmis
735 5525 888 5578 homo
919 5541 1198 5595 agnoscere
1246 5537 1441 5595 potest,
1486 5528 1571 5597 qui
1602 5529 1755 5580 etiam
1778 5525 1961 5581 Imma-

357 5607 477 5667 nam
496 5595 721 5667 animum
745 5596 1216 5667 immortalemesse
1240 5614 1341 5650 non
1365 5595 1595 5667 ambi'git.

431 5664 460 5700 δ
494 5655 604 5720 Hoc
632 5669 814 5736 utique
841 5669 1040 5738 fatetur
1063 5665 1296 5723 Hilarius
1323 5671 1391 5724 de
1418 5655 1569 5738 Trio.
1601 5675 1654 5734 'v,
1684 5661 1751 5724 57
1781 5686 1793 5722 :
1825 5667 1956 5738 Deo,

357 5752 423 5791 ea:
445 5753 544 5809 quo
572 5749 690 5792 sunt
713 5733 911 5810 omnia,
931 5736 1075 5796 Deus
1096 5742 1270 5796 nullus
1291 5747 1365 5797 est
1392 5757 1410 5798 :
1433 5733 1578 5800 ισίιιο
1610 5733 1779 5798 autem
1813 5733 1956 5799 Deus

1984 4267 2041 4328 D
2107 4299 2150 4332 ¹⁸
2176 4299 2253 4354 Ita
2286 4299 2407 4353 cod.

2081 3235 2291 3291 Patrem
2321 3245 2562 3299 vestrum,
2585 3235 2674 3306 qui
2700 3236 2754 3287 in
2777 3233 2918 3287 cretis
2946 3241 3040 3286 est.
3075 3232 3382 3287 SeCundum
3419 3229 3556 3283 hanc
3587 3245 3670 3284 se-

2076 3321 2351 3400 quentium
2384 3325 2720 3398 respondens
2752 3327 3026 3392 Dominus,
3054 3330 3289 3392 exponet
3314 3321 3355 3354 ¹⁷
3379 3331 3432 3375 ει
3453 3320 3546 3391 qui
3574 3323 3669 3376 dc-

2076 3419 2280 3479 siderat
2313 3423 2365 3476 in
2392 3413 2620 3476 excelsis
2657 3419 2900 3474 habitare
2923 3461 2937 3485 ,
2963 3417 3140 3488 qualis
3166 3417 3362 3470 debeat
3389 3431 3510 3469 esse
3538 3457 3552 3482 ,
3585 3415 3668 3469 vel

2075 3515 2202 3586 quid
2230 3529 2461 3583 operare
2488 3514 2530 3546 ’⁸
2549 3554 2564 3576 ,
2589 3511 2773 3567 dicens
2811 3531 2821 3565 :
2853 3510 2951 3576 Qui
2995 3507 3279 3581 ingreditur
3306 3510 3414 3562 sine
3454 3509 3659 3562 macula

2075 3623 2122 3666 et
2154 3619 2398 3680 operatur
2419 3603 2718 3684 justitiam,
2749 3601 2959 3677 loquens
2999 3607 3260 3660 veritatem
3289 3603 3342 3657 in
3372 3603 3525 3657 corde
3548 3619 3661 3657 suo.

2105 3729 2147 3759 ¹⁰
2176 3726 2312 3781 Νιιιιι
2347 3741 2442 3793 pro
2470 3725 2675 3778 videte?

2104 3800 2144 3830 “
2179 3798 2251 3853 Ita
2275 3795 2396 3852 cod.
2434 3812 2530 3859 pro
2557 3796 2743 3859 qualis.

2105 3813 2144 3830 ”
2180 3813 2251 3853 Ita
2275 3813 2396 3852 eoo.
2471 3813 2530 3851 r0
2557 3813 2743 3859 quatis.

2105 3869 2148 3902 ί·
2183 3871 2252 3924 Ita
2281 3870 2403 3924 cod.
2434 3813 2523 3922 hic
2549 3881 2600 3922 et
2624 3865 2784 3921 infra.

2104 3941 2147 3973 ¹³
2179 3940 2253 3996 Ita
2284 3940 2406 3995 cod.

2102 4013 2145 4042 “
2175 4013 2249 4067 Ita
2281 4011 2403 4067 cod.

2107 4085 2150 4118 ¹⁵
2185 4085 2259 4138 Ita
2281 4097 2341 4138 se
2367 4082 2526 4138 habet
2551 4083 2700 4137 locus
2722 4081 2775 4137 iu
2807 4080 2928 4136 cod.

2109 4156 2152 4188 ¹⁶
2183 4155 2258 4210 Ita
2286 4155 2407 4209 cod.
2437 4156 2540 4210 etsi
2565 4154 2806 4226 sequitur
2839 4155 2952 4208 iter.

2107 4228 2151 4259 ³⁷
2186 4229 2259 4281 Ita
2289 4226 2409 4281 codt
2441 4243 2468 4281 e
2491 4239 2586 4297 pro
2607 4227 2645 4282 i.

2077 4390 2236 4444 Pater
2262 4403 2370 4458 est;
2405 4408 2469 4447 ex
2493 4406 2552 4445 ea
2592 4395 2728 4446 enim
2775 4391 2916 4446 Deus
2955 4402 3108 4458 natus
3135 4400 3228 4444 est.
3259 4389 3403 4444 Idem
3436 4384 3672 4458 Hilarius

2076 4463 2167 4516 lib.
2196 4478 2246 4516 lx
2269 4504 2283 4527 ,
2306 4455 2520 4536 ﬁlii-[ait
2552 4480 2564 4514 :
2594 4461 2771 4536 Maon
2796 4464 2963 4536 itaque
3005 4455 3161 4536 Pater
3191 4470 3295 4524 est,
3338 4460 3457 4510 dum
3509 4455 3667 4536 [inter

2069 4543 2142 4586 est
2175 4549 2192 4586 :
2225 4525 2315 4586 sed
2349 4525 2535 4597 Filius,
2568 4525 2700 4584 dum'
2721 4525 2892 4584 Filius
2920 4542 3014 4595 est,
3044 4533 3212 4585 minor
3234 4547 3337 4583 non
3380 4540 3473 4582 est.
3511 4525 3664 4579 Nati-

2069 4606 2199 4676 v_itas
2219 4601 2349 4656 Filii
2378 4603 2586 4657 Patrem
2627 4605 2890 4676 constituit
2922 4607 3170 4676 n'tajorem
3203 4617 3224 4676 _:
3254 4602 3503 4654 minorem
3549 4614 3665 4652 rero

2067 4673 2116 4726 F
2119 4675 2268 4728 ilium
2291 4692 2418 4740 esse,
2451 4675 2730 4728 nativitatis
2765 4685 2948 4728 natura
2978 4673 3078 4727 non
3107 4674 3320 4745 potitur.

2143 4758 2164 4784 ο
2201 4737 2474 4815 Αιιμιί,ὀ
2520 4747 2749 4806 Ariaue.
2801 4745 3062 4800 catholica
3107 4737 3286 4799 cumis
3333 4737 3578 4798 Ecclesia
3612 4741 3664 4796 id

2065 4818 2322 4888 affirmat,
2352 4830 2403 4871 ut
2436 4821 2513 4872 ait
2533 4817 2839 4872 Ferratidtls
2866 4821 3025 4888 epist.
3054 4817 3236 4871 Casiu.
3271 4816 3327 4870 θ’.
3360 4816 3416 4872 2.

2140 4886 2165 4925 d
2197 4889 2386 4942 Totam
2439 4889 2574 4943 lianc
2603 4886 2968 4958 objectiouem
3011 4903 3076 4944 ex
3120 4889 3468 4950 adorationE.
3503 4901 3664 4958 (Ιηὲηη

2065 4958 2318 5013 Christus
2343 4960 2490 5013 Patri
2524 4957 2809 5023 exhibuit,
2834 4971 2994 5030 atque
3023 4977 3092 5015 με
3119 4961 3392 5030 colloquio
3417 4975 3538 5012 cum
3567 4957 3666 5030 Sd-

2069 5032 2334 5084 maritana
2373 5032 2592 5096 petitam
2623 5032 2870 5085 diSsulvit
2902 5029 3222 5086 Ambrosius
3251 5029 3317 5085 de
3349 5029 3480 5084 Fide
3511 5043 3543 5096 vi
3566 5068 3578 5089 ,
3610 5029 3662 5080 4.

2070 5102 2158 5156 Ait
2187 5105 2330 5154 enim
2363 5095 2638 5157 Christum
2675 5103 2746 5157 ibi
2794 5115 2845 5156 ut
2883 5107 3157 5157 hominem
3198 5104 3375 5169 loqui;
3407 5095 3547 5153 haud
3581 5112 3666 5149 sc-

2063 5187 2160 5227 ευε
2187 5188 2372 5242 (tW-"ll.
2401 5182 2458 5226 ιιι
2485 5174 2668 5235 homo,
2692 5175 2948 5244 fatigatus
2972 5174 3144 5229 fuerat
3173 5190 3237 5227 ex
3269 5175 3482 5230 itinere,
3518 5169 3661 5244 sitim

2065 5239 2436 5312 exstingui-re,
2470 5239 2998 5316 poset-bat,juda-mu
3020 5247 3327 5316 religiosum
3358 5257 3416 5296 se
3443 5239 3657 5316 agt-bat.

2139 5322 2162 5350 θ
2223 5309 2297 5370 [Ϊε
2356 5309 2821 5389 ΙιοεῚιιιιιίςειιιῖυ
2876 5317 3024 5372 dicto
3091 5309 3365 5369 locuturus
3415 5327 3532 5365 sum
3589 5309 3655 5363 ad

2062 5385 2258 5456 fragm.
2296 5404 2401 5441 svn.

2139 5453 2169 5496 Γ
2197 5458 2606 5513 Existimassem
2640 5459 2754 5513 fieri
2790 5458 2876 5511 hic
2919 5453 3374 5512 commentarium
3409 5453 3495 5507 vel
3526 5453 3664 5507 reci-

2065 5531 2164 5587 tari
2194 5529 2469 5584 humilium
2504 5532 2551 5580 in
2589 5531 2828 5600 psalmth
2848 5569 2861 5590 ,
2902 5530 3014 5596 nisi
3035 5527 3286 5581 foliorum
3315 5539 3482 5600 nexus
3507 5524 3662 5600 plau'c

2063 5601 2193 5654 mihi
2223 5591 2709 5654 demonstrmi'sset
2734 5641 2747 5663 ,
2779 5591 2915 5652 hanc
2939 5592 3154 5666 quoque
3185 5599 3388 5667 par-teni
3419 5593 3484 5648 ad
3507 5591 3665 5667 Afris-

2063 5689 2192 5728 nmn
2229 5683 2396 5728 tracta
2416 5683 2522 5739 tum
2549 5715 2562 5738 ,
2595 5684 2648 5725 ut
2691 5683 2920 5726 casteras
2946 5663 2968 5734 ,⁷
2993 5663 3282 5739 pertinere.
3327 5663 3394 5722 Et
3424 5666 3501 5721 sic
3527 5665 3660 5739 Ter»

2062 5725 2574 5816 tullianusiloquitu'r
2597 5743 2667 5800 de
2685 5725 2789 5801 alio
2811 5725 3023 5814 psalmo
3055 5735 3154 5799 lib.
3178 5733 3449 5811 adPrax‘.,
3478 5753 3530 5798 c.
3561 5725 3652 5799 27.
