4194 6184
502 266 606 323 607

505 491 653 531 mum
683 475 735 529 in
767 488 826 528 se
856 481 911 527 et
942 472 993 526 in
1038 473 1204 527 corde
1246 486 1345 527 suo
1375 472 1661 529 confirmet
1693 474 1977 530 veritatem
2001 516 2015 540 ,
2050 484 2103 529 et

504 568 659 640 quasi
687 566 925 621 radicem
975 566 1194 619 mittens
1240 566 1655 635 comprobaret,
1691 576 1747 621 ut
1792 570 1970 638 justus
2021 582 2109 621 sc—

505 661 742 717 cuntlum
762 658 1131 727 Apostolicam
1163 656 1465 713 doctrinam
1494 658 1805 713 inveniatur
1834 659 2103 715 dicentem

506 755 583 810 sic
614 773 624 806 :
653 752 820 807 Corde
843 752 1069 806 creditur
1105 752 1173 806 ad
1189 753 1455 823 justitiam
1479 794 1494 819 ,
1536 770 1623 807 ore
1648 764 1818 806 autem
1849 755 2106 825 confessio

506 849 565 918 ﬁt
591 847 658 901 ad
677 846 917 899 salutem.
950 843 1015 899 Et
1044 844 1165 899 idco
1194 847 1305 899 ait:
1337 843 1578 915 Loquens
1600 846 1862 899 veritatem
1878 847 1931 900 in
1951 845 2106 900 corde

509 958 623 1008 suo,
644 941 732 1012 qui
761 956 864 992 non
895 939 998 1011 egit
1021 938 1197 992 dolum
1229 939 1281 991 in
1306 939 1483 1008 lingua
1503 955 1617 994 sua.
1646 937 1757 994 Nec
1778 940 1923 994 enim
1946 955 2108 1009 Opor-

509 1042 586 1089 tet
608 1049 755 1098 eum,
781 1031 869 1101 qni
901 1030 1144 1085 coelestia
1174 1029 1452 1084 desiderat
1482 1031 1619 1085 bona
1648 1072 1662 1097 ,
1707 1031 1893 1086 dolum
1924 1032 2105 1102 loqui;

509 1139 685 1195 neque
711 1137 1066 1193 qumcumque
1088 1120 1189 1176 sibi
1220 1122 1356 1177 libet
1386 1138 1611 1179 narrare
1637 1165 1651 1190 ,
1695 1123 1789 1179 sed
1814 1124 2107 1180 veritatem

510 1218 861 1272 scrutinatam
890 1210 1353 1285 atqueprobalam
1383 1217 1435 1271 in
1467 1216 1632 1272 corde
1658 1232 1753 1288 per
1784 1218 1923 1272 labia
1949 1219 2109 1273 eruit-

512 1322 628 1368 tere
659 1312 726 1366 ad
755 1311 984 1366 salutem
1023 1320 1077 1366 et
1121 1310 1223 1365 sibi
1253 1320 1305 1366 et
1336 1310 1702 1367 audientibus.
1738 1311 1851 1366 Hoc
1880 1312 2025 1367 enim
2055 1321 2111 1367 et

512 1406 793 1477 apostolus
823 1406 1026 1460 docens
1050 1405 1124 1461 ait
1158 1422 1169 1456 :
1204 1402 1431 1458 Nullum
1460 1404 1669 1458 verbum
1699 1406 1894 1458 malum
1932 1405 1996 1458 de
2022 1421 2110 1458 ore

511 1510 676 1556 vestro
689 1502 974 1589 ‘procedat,
992 1501 1080 1553 sed
1102 1499 1144 1552 si
1172 1498 1297 1568 quid
1324 1500 1511 1552 bonum
1539 1500 1603 1553 sit
1626 1498 1694 1552 ad
1716 1499 2111 1568 redi/irationem

514 1596 672 1664 ﬁdei,
704 1604 755 1648 ut
784 1594 865 1648 det
889 1595 1112 1665 gratiam
1148 1593 1498 1647 audientibus.
1532 1593 1789 1648 Provenit
1829 1596 1972 1648 enim
1997 1638 2011 1662 ,
2044 1610 2108 1649 ex

513 1688 709 1758 quibus
741 1686 1080 1756 negligenter
1114 1686 1231 1740 sine
1283 1685 1647 1739 sollicitudine
1677 1687 1764 1753 qui
1799 1688 1813 1716 ¹
1848 1686 2106 1757 loquitur,

1029 262 1458 320 MONUMENTA
1500 263 1780 320 VETERA
1820 266 1914 320 AD
1955 265 2366 326 ARIANORUM
2408 267 2803 325 DOCTRINAM
2843 269 3334 328 PERTINENTIA.

502 377 696 435 Adhuc
716 386 771 433 et
797 378 849 432 in
877 376 979 432 hoc
1002 386 1293 448 sequenter
1313 377 1472 434 docet
1502 394 1596 448 per
1627 378 1871 435 ordinem
1900 389 1956 435 ut
1989 381 2095 452 pri-
2124 384 2179 443 Α
2206 384 2352 439 misit
2397 384 2635 449 Patrem.
2685 387 2980 442 secundum
3012 387 3068 443 ill
3098 431 3112 444 .

3698 273 3816 331 608

3146 430 3158 442 .
3194 390 3360 460 igitur
3388 405 3513 448 erra
3544 429 3558 445 .
3601 433 3616 449 .
3654 433 3669 448 .
3720 432 3736 447 .
3787 431 3807 450 .

2209 479 2251 534 si
2282 480 2400 549 quis
2423 479 2556 534 vidit
2583 479 2777 535 Filium
2812 481 2862 535 in
2895 496 3123 552 corpore
3151 481 3408 552 humano,
3456 486 3615 540 talem
3654 486 3810 542 msti-

2208 580 2319 628 mat
2361 582 2416 627 et
2466 581 2673 642 patrem
2703 575 3071 645 corporalem;
3115 578 3254 645 quod
3285 586 3367 630 est
3394 576 3668 632 horribilis
3703 579 3815 633 im-

2207 665 2400 739 pietas.
2433 666 2564 721 Nam
2613 668 2909 723 secundum
2970 685 3157 724 verum
3190 685 3406 725 sensum
3439 672 3485 726 si
3533 673 3817 730 voluerint

2209 759 2489 827 suscipere
2523 759 2646 825 hoc,
2684 760 2777 831 qui
2820 759 2962 814 vidit
2992 759 3185 815 Filium
3231 765 3453 818 missum
3485 778 3511 816 a
3547 763 3706 820 Patre
3758 774 3821 821 et

2209 862 2522 918 operantem
2577 850 2753 906 Patris
2806 852 3077 920 mandata,
3114 853 3200 909 hic
3246 854 3374 909 vidit
3434 855 3669 923 Patrem,
3706 859 3821 914 hoc

2209 950 2293 996 est
2322 943 2594 1012 cognovit.
2646 984 2658 996 .
2706 956 2875 998 .sunt
2908 946 3086 999 lumen
3127 986 3139 1000 .
3186 987 3198 999 .
3247 987 3257 1000 .
3305 961 3453 1001 .uon
3485 987 3499 1003 .
3546 988 3558 1001 .
3608 988 3621 1002 .
3668 990 3681 1003 .
3733 987 3750 1000 .
3796 990 3818 1005 .

2209 1033 2342 1089 Nam
2371 1035 2414 1088 si
2447 1035 2570 1105 quis
2602 1036 2793 1090 Filium
2826 1037 2940 1102 Dei,
2976 1037 3077 1093 hoc
3104 1046 3189 1094 est
3225 1039 3429 1105 Jesum,
3454 1040 3504 1094 in
3533 1056 3626 1095 sua
3675 1056 3823 1113 pro-

2211 1129 2325 1199 pria
2356 1128 2625 1201 singulare
2651 1142 2840 1185 natura
2883 1142 2935 1185 et
2967 1131 3228 1202 dignitate
3250 1148 3409 1203 quam
3430 1151 3461 1186 a
3485 1134 3506 1163 ⁸
3528 1133 3685 1188 Patre
3708 1149 3818 1203 ge-

2213 1222 2358 1277 nitus
2384 1224 2614 1293 accepit,
2650 1239 2713 1280 ac
2745 1240 2799 1278 η.
2850 1266 2861 1278 .
2908 1265 2921 1278 .
2968 1265 2981 1279 .
3027 1265 3042 1278 .
3076 1224 3279 1281 Judceis
3324 1267 3336 1279 .
3383 1242 3398 1282 λ
3446 1269 3460 1286 .
3506 1227 3820 1282 .adseren-

2340 1354 2353 1368 .
2403 1354 2416 1369 .
2450 1316 2763 1371 nominibus
2791 1318 3125 1372 nominatum
3154 1318 3367 1373 Patrem
3395 1328 3447 1373 et
3480 1318 3697 1387 Filium,
3747 1335 3822 1375 ex

2216 1407 2299 1462 bis
2331 1423 2451 1478 quae
2482 1409 2730 1479 superius
2758 1409 2899 1465 dicta
2933 1420 3075 1475 sunt,
3111 1409 3198 1465 hic
3223 1426 3348 1465 vero
3395 1411 3447 1465 in
3480 1411 3683 1467 lumine
3718 1412 3822 1467 Dei

2400 1541 2411 1553 .
2456 1501 2655 1569 saepius
2681 1500 2840 1556 dictis
2863 1500 3064 1556 ludatis
3087 1501 3381 1557 secundum
3409 1543 3421 1555 .
3469 1540 3483 1555 .
3527 1540 3541 1555 .
3588 1545 3602 1558 .
3646 1544 3660 1559 .
3688 1518 3825 1573 pro—

2218 1592 2434 1659 phetam
2462 1633 2473 1645 .
2524 1633 2535 1644 .
2584 1633 2595 1645 .
2634 1632 2647 1645 .
2679 1592 2811 1647 Ecce
2838 1610 3025 1665 ponam
3051 1595 3101 1648 in
3130 1594 3263 1650 Sion
3294 1595 3520 1666 lapidem
3543 1594 3827 1662 e/fusionis

2217 1694 2264 1737 et
2294 1695 2495 1750 petram
2525 1687 2545 1717 ⁰
2577 1685 2835 1750 scandali,
2866 1698 2910 1739 et
2942 1686 3029 1756 qui
3051 1687 3208 1739 credit
3232 1687 3285 1739 in
3309 1704 3426 1742 eum
3459 1704 3561 1741 non
3592 1687 3827 1757 confun-

516 1794 715 1834 nocere
743 1781 979 1833 animam
1007 1779 1236 1849 proximi
1265 1797 1275 1830 :
1300 1786 1355 1833 et
1381 1778 1503 1833 ideo
1531 1793 1752 1834 servare
1778 1788 1941 1848 atque
1965 1795 2115 1834 men—
2144 1770 2190 1832 B
2220 1776 2386 1855 detur.
2421 1777 2485 1830 Et
2514 1776 2707 1831 iterum
2737 1793 2749 1830 :
2789 1778 2887 1842 Qui
2916 1778 3053 1833 endit
3078 1795 3232 1848 super
3254 1779 3481 1849 lapidein
3507 1779 3665 1842 hunc,
3697 1795 3831 1832 con-

513 1886 706 1927 surare
735 1871 897 1926 debet
928 1886 1210 1926 sermones
1235 1885 1364 1925 suos
1402 1871 1491 1940 qui
1522 1870 1635 1924 vult
1679 1870 1730 1924 in
1776 1871 1931 1925 caalis
1960 1870 2113 1925 babi-

516 1974 661 2030 tare;
696 1964 834 2019 sicut
872 1964 1077 2020 dictum
1130 1976 1212 2019 est
1272 1966 1325 2021 in
1376 1965 1678 2020 centesimo
1728 1974 1782 2019 et
1827 1964 2115 2022 undecimo

515 2058 725 2129 psalmo
754 2058 1064 2113 :Jucundus
1086 2059 1239 2112 homo
1260 2061 1348 2129 qui
1390 2060 1661 2112 miseretur
1710 2066 1757 2112 et
1801 2060 2112 2124 commodat,

516 2153 753 2224 disponet
781 2168 1041 2207 sermones
1071 2169 1190 2207 suos
1217 2152 1270 2205 in
1291 2152 1517 2223 judicio.
1568 2152 1635 2207 Et
1666 2152 1926 2207 Dominus
1956 2152 2115 2209 Jesus

518 2246 720 2299 docens
752 2244 803 2297 in
834 2244 1184 2314 Evangelium
1211 2244 1231 2273 '
1255 2244 1330 2298 ait
1364 2262 1377 2299 :
1401 2242 1486 2298 Ex
1508 2245 1658 2299 verbo
1682 2255 1766 2299 tuo
1789 2246 2114 2315 manifestum

518 2337 640 2406 quia
653 2337 800 2405 justo
827 2335 846 2365 ³
869 2338 977 2390 sine
1006 2336 1127 2390 dolo
1148 2347 1193 2390 et
1216 2336 1872 2408 hypocrisi'justiﬁcaveris
1899 2338 1952 2405 ‘;
1983 2348 2033 2393 et
2053 2355 2116 2393 ex

518 2427 669 2483 verba
698 2438 782 2482 tuo
814 2430 1183 2500 manifestum,
1227 2430 1364 2493 quod
1390 2430 1572 2484 doloso
1603 2440 1651 2485 et
1689 2446 1847 2502 pravo
1894 2432 2112 2486 damna-

519 2525 669 2574 reris.
703 2518 812 2575 Hac
836 2520 857 2551 ⁵
883 2519 951 2575 de
973 2535 1134 2576 causa
1159 2536 1385 2577 servare
1409 2530 1463 2576 ει
1484 2536 1801 2579 mensurare
1831 2539 2114 2580 sermones

521 2622 737 2667 nostros
770 2613 1030 2668 docemur
1054 2656 1067 2681 ,
1101 2625 1159 2669 ut
1190 2630 1289 2669 nos
1332 2615 1626 2671 doceamus
1671 2617 1999 2687 proximum.
2055 2617 2113 2672 In

522 2708 929 2762 tabernaculum
959 2709 1173 2763 Domini
1196 2711 1477 2780 cupientes
1500 2711 1703 2783 ingredi
1728 2728 1833 2767 non
1858 2714 2114 2768 faciemus

522 2813 622 2854 nec
654 2799 703 2853 in
738 2800 901 2855 verbo
934 2815 1035 2857 nec
1066 2802 1120 2856 in
1150 2802 1277 2857 ﬁcto
1301 2806 1548 2873 proximo
1572 2805 1792 2870 malum,
1818 2804 2112 2860 secundum

521 2891 663 2962 quod
696 2891 899 2947 dictum
948 2903 1066 2959 est,
1100 2906 1146 2950 et
1175 2914 1275 2950 non
1308 2898 1431 2968 fecit
1481 2900 1717 2961 proximo
1762 2916 1854 2953 suo
1894 2901 2110 2953 malum.

521 2982 750 3054 Oportet
775 2996 953 3041 autem
990 2987 1144 3042 illum
1172 3029 1186 3051 ,
1222 2990 1313 3061 qui
1358 2990 1508 3044 illam
1558 2990 1768 3046 beatam
1795 2992 1955 3046 vitam
1984 3008 2116 3048 con-

522 3080 674 3149 sequi
709 3078 1013 3148 desiderat,
1042 3095 1137 3136 eos
1167 3097 1302 3151 quos
1331 3083 1535 3138 circum
1558 3098 1617 3137 se
1640 3083 1803 3137 habet
1823 3084 2114 3140 instructos

524 3170 575 3225 in
619 3170 900 3242 disciplina
930 3173 1209 3229 Dominica
1252 3174 1483 3241 habere,
1520 3191 1587 3230 ne
1629 3178 1698 3231 ab
1728 3178 1908 3248 aliquo
1952 3194 2117 3248 super

520 3281 617 3321 eos
654 3266 1040 3336 improperium
1072 3269 1322 3337 accipiat.
1354 3267 1767 3324 Consueverunt
1790 3271 1810 3300 ⁶
1842 3273 1985 3325 enim
2019 3272 2118 3326 lio-

523 3360 719 3425 mines,
759 3361 976 3430 quando
1005 3361 1218 3431 aliquos
1246 3361 1433 3416 vident
1479 3362 1780 3417 ineruditos
1816 3372 1871 3418 et
1898 3364 2117 3420 indisci-

524 3452 766 3523 plinosos
794 3468 917 3510 esse
940 3497 952 3516 ,
1000 3454 1371 3525 improperare
1398 3456 1478 3511 eis
1506 3456 1595 3526 qui
1624 3457 1763 3511 circa
1796 3473 1854 3513 se
1899 3458 1982 3512 vel
2014 3459 2115 3514 sub

523 3561 581 3601 se
606 3561 701 3601 eos
730 3545 949 3601 habent.
986 3547 1079 3601 Est
1106 3549 1249 3602 enim
1282 3548 1576 3603 secundum
1601 3550 1886 3605 veritatem
1914 3551 2117 3618 impro-

524 3639 731 3709 perium
762 3640 840 3694 eis
868 3681 881 3705 ,
910 3639 999 3710 qui
1033 3641 1302 3696 instruere
1333 3641 1564 3708 debent,
1594 3643 1639 3697 si
1685 3642 1869 3697 lascivi
1914 3643 2000 3697 vel
2033 3643 2115 3697 in—

521 3731 881 3800 disciplinosi,
908 3732 995 3801 qui
1021 3732 1123 3786 sub
1152 3749 1310 3786 manu
1336 3748 1525 3789 eorum
1553 3742 1702 3797 sunt.
1734 3735 2113 3800 inveniuntur;

522 3840 587 3880 eo
613 3825 755 3895 quod
784 3826 961 3879 minus
991 3825 1436 3896 constringautur
1460 3828 1525 3881 ad
1553 3827 1926 3896 disciplinam,
1961 3828 2115 3882 sicuti

521 3918 724 3970 dictum
771 3928 875 3984 est,
911 3918 1284 3988 improperium
1304 3917 1454 3972 Patri
1485 3919 1657 3972 Filius
1706 3934 1807 3972 non
1863 3918 2112 3973 eruditus.

527 4009 696 4063 Docet
728 4010 907 4077 itaque
944 4009 1045 4063 hoc
1075 4010 1298 4063 verbum
1326 4010 1804 4075 cupientes........

1028 4100 1510 4157 FRAGMENTUM
1550 4101 1619 4156 V.

595 4196 714 4266 lege
744 4236 760 4250 .
808 4234 823 4249 .
867 4236 879 4249 .
928 4211 1078 4250 .rum
1106 4194 1330 4250 deitatis
1368 4210 1474 4250 non
1506 4195 1758 4251 viderunt
1787 4195 1882 4251 sed
1921 4237 1934 4251 .
1983 4238 1996 4250 .
2046 4237 2059 4249 .
2107 4238 2119 4251 .

522 4288 835 4344 carnalibus
862 4289 883 4320 ⁷
909 4287 1082 4343 oculis
1109 4288 1359 4343 viderunt
1392 4298 1446 4343 et
1478 4289 1530 4343 in
1551 4327 1565 4341 .
1590 4328 1604 4343 .
1629 4329 1642 4342 .
1670 4297 1723 4344 et
1750 4289 1864 4359 ipse
1886 4330 1899 4344 .
1921 4328 1935 4345 .
1962 4330 1975 4343 .
2010 4291 2116 4346 ima

2220 1870 2516 1941 frangitur;
2546 1886 2700 1940 super
2743 1886 2891 1939 quem
2933 1881 3108 1924 autem
3143 1870 3404 1936 ceciderit,
3454 1871 3833 1943 ronquassabit

2219 1980 2354 2017 eum.
2386 1964 2454 2018 Et
2504 1963 2699 2019 iterum
2738 1981 2751 2017 :
2785 1963 2919 2017 Ecce
2969 1965 3052 2017 hic
3080 1967 3277 2036 positus
3303 1976 3375 2020 est
3424 1972 3492 2020 ad
3526 1968 3740 2019 ruinam
3782 1975 3833 2020 et

2217 2057 2639 2110 resurrectionem
2664 2057 2961 2113 multorum.
2987 2056 3326 2112 Manifestum
3360 2068 3441 2113 est
3482 2058 3663 2129 igitur,
3696 2058 3837 2127 quia

2217 2146 2284 2201 ad
2314 2148 2765 2204 resurrectionem
2789 2148 3124 2203 credentium
3149 2150 3237 2219 qui
3264 2164 3368 2203 non
3390 2150 3833 2206 contundentur:

2218 2239 2283 2293 ad
2317 2240 2525 2293 ruinam
2556 2249 2733 2295 autem
2762 2256 2948 2295 eorutn
2998 2241 3088 2312 qui
3122 2255 3226 2296 non
3249 2241 3493 2310 credent,
3532 2245 3621 2313 qui
3653 2258 3833 2299 scan-

2218 2330 2524 2385 dalizantur
2548 2347 2615 2387 ex
2661 2331 2829 2401 ipsius
2856 2333 3100 2389 doctrina
3127 2348 3247 2386 cum
3273 2332 3495 2402 Judasis,
3533 2348 3638 2387 non
3668 2343 3837 2391 recte

2219 2430 2534 2486 tractantes,
2555 2423 2655 2492 ipsi
2671 2424 3203 2495 comminutaliuntur
3223 2424 3292 2478 ¹⁰.
3323 2426 3608 2479 Dominum
3630 2425 3834 2482 Jesum

2219 2514 2379 2584 igitur
2407 2514 2682 2570 Christum
2702 2515 2891 2571 Filium
2922 2518 3014 2573 Dei
3031 2518 3120 2588 qui
3141 2516 3411 2585 viderunt,
3436 2517 3836 2588 dupliciterlvi-

2217 2600 2431 2674 derunt;
2447 2608 2753 2664 carnalibus
2770 2610 2807 2639 ¹¹
2825 2610 2995 2665 oculis
3008 2624 3211 2679 corpus
3224 2608 3473 2665 viderunt
3496 2608 3802 2664 humanum
3816 2652 3832 2676 ,

2216 2702 2375 2757 oculo
2396 2714 2575 2757 autem
2601 2703 2764 2757 animi
2789 2719 2884 2774 per
2913 2718 3074 2770 Opera
3109 2703 3276 2757 Deum
3304 2710 3695 2773 cognoverunt,
3722 2702 3833 2759 Dei

2219 2794 2433 2849 Filium.
2454 2796 2587 2850 Cum
2604 2796 2761 2867 igitur
2782 2796 2911 2850 dicit
2933 2795 3061 2864 :Qui
3090 2811 3175 2851 me
3193 2795 3347 2860 vidit,
3373 2795 3572 2850 viditet
3589 2811 3712 2850 eum
3729 2798 3831 2866 qui

2220 2904 2303 2941 me
2333 2889 2477 2943 misit
2508 2888 2744 2953 Patrem,
2776 2887 2921 2955 quod
2952 2899 3034 2943 est
3056 2887 3193 2953 tale;
3214 2888 3357 2958 quod
3379 2889 3467 2958 qui
3498 2888 3630 2942 vidit
3652 2904 3831 2959 opera

2219 2979 2339 3034 Filii
2379 2992 2432 3035 et
2467 2997 2562 3051 per
2599 2997 2761 3051 opera
2794 2981 3066 3037 dealitatis
3103 2982 3354 3051 cognovit
3384 2982 3668 3046 virtutem,
3703 2980 3835 3051 ipse

2218 3074 2372 3140 vidit,
2400 3074 2501 3128 hoc
2522 3084 2605 3129 est
2634 3075 2886 3145 cegnovit
2915 3076 3003 3146 qui
3033 3091 3116 3129 me
3141 3074 3282 3129 misit
3310 3085 3364 3131 et
3392 3075 3663 3130 mandavit
3687 3076 3832 3130 mihi

2142 3163 2187 3226 C
2224 3169 2338 3223 lucc
2364 3183 2528 3237 opera
2573 3171 2764 3236 magis,
2806 3180 2895 3223 aut
2923 3170 3011 3238 qui
3041 3179 3295 3241 operatur
3324 3171 3366 3200 ¹²
3401 3185 3495 3239 per
3523 3186 3609 3224 me
3637 3178 3683 3222 η.
3714 3169 3829 3237 Qui

2222 3277 2351 3331 ergo
2380 3262 2631 3316 viderunt
2670 3260 2846 3334 [limit]
2880 3262 3154 3327 videntes,
3190 3272 3559 3332 cognoverunt
3595 3270 3650 3317 et
3675 3262 3831 3318 vidc-

2222 3368 2342 3410 runt
2365 3356 2664 3410 inluminati
2691 3373 2718 3408 a
2746 3354 2881 3409 Filio
2912 3365 2966 3410 et
2997 3355 3238 3409 inStructi
3268 3372 3416 3419 eum,
3436 3357 3525 3424 qui
3552 3355 3697 3409 illum
3723 3355 3831 3409 mi-

2219 3447 2572 3513 sit,Patrem;
2614 3448 2907 3503 secundum
2962 3447 3130 3516 ipsius
3169 3446 3293 3502 Filii
3332 3448 3689 3503 assertionem
3738 3448 3828 3502 di-

2222 3544 2418 3598 centis.
2466 3583 2477 3595 .
2529 3584 2540 3597 .
2587 3582 2598 3594 .
2647 3582 2661 3597 .

2727 3631 3209 3688 FRAGMENTUM
3239 3631 3329 3688 Vl.

2460 3726 2543 3780 vel
2577 3733 2757 3780 votum
2791 3724 3021 3780 faciendi
3063 3724 3372 3790 habuerint,
3404 3730 3705 3796 promoveri
3729 3727 3825 3783 "a

2224 3822 2332 3875 Deo
2360 3838 2464 3874 non
2494 3830 2736 3890 possunt.
2771 3820 2877 3876 Sed
2906 3820 3038 3875 alias
3068 3818 3112 3851 ¹¹⁶
3135 3819 3247 3874 fere
3268 3822 3653 3892 quinquaginta
3678 3837 3830 3891 qua:-

2222 3918 2429 3970 stiones
2446 3915 2766 3970 vanissimas
2778 3923 2832 3968 et
2854 3914 3229 3969 inutilissimus
3258 3914 3360 3968 sibi
3384 3913 3719 3969 adauserunt
3746 3916 3823 3981 ¹³;

2229 4025 2350 4081 qua:
2374 4026 2479 4064 non
2504 4025 2597 4064 eos
2621 4009 2686 4063 ad
2706 4025 2932 4079 regnum
2960 4010 3051 4063 Dei
3077 4019 3129 4064 et
3149 4009 3347 4063 Christi
3363 4009 3479 4078 ejus
3504 4009 3826 4079 perducunt,

2227 4104 2323 4159 sed
2348 4104 2397 4158 in
2422 4104 2524 4157 ima
2555 4104 2815 4173 geltenuze
2845 4102 3180 4172 demergunt.
3212 4100 3321 4157 Sed
3346 4116 3441 4155 nos
3466 4101 3604 4155 unde
3625 4105 3829 4171 egressi

2224 4213 2433 4264 sumus,
2458 4195 2585 4252 illuc
2609 4195 2912 4252 redeamus.
2938 4195 3112 4251 Causa
3137 4194 3601 4250 nobis“maxime
3628 4206 3709 4250 est
3730 4194 3829 4251 ad-

2222 4308 2416 4349 versus
2447 4307 2542 4347 eos
2579 4291 2669 4361 qui
2701 4305 2761 4346 se
2808 4290 2995 4345 dicunt
3039 4289 3374 4345 orthodoxos
3398 4329 3414 4353 ,
3454 4289 3547 4359 qui
3572 4289 3831 4344 ecclesias

523 4382 626 4439 hoc
650 4382 815 4439 verbo
836 4382 1532 4451 asserentezQuividitme,
1553 4384 1685 4441 vidit
1707 4394 1902 4441 etcum
1928 4386 2017 4458 qui
2039 4401 2126 4444 me
2155 4380 2210 4444 D
2235 4396 2451 4442 nostras
2497 4385 2842 4449 invaserunt,
2888 4392 2943 4438 et
2979 4397 3136 4438 more
3180 4379 3466 4453 tyrannico
3508 4379 3754 4436 obtinent
3773 4379 3829 4449 ι’,

598 4501 615 4532 ¹
645 4498 824 4553 Malim
855 4501 991 4569 quis.

596 4573 616 4602 ³
649 4572 721 4624 Ita
744 4572 866 4626 cod.

597 4641 618 4672 ⁸
649 4641 722 4696 Ita
746 4642 869 4697 cod.

597 4710 619 4784 ξ
658 4712 882 4784 ltacod.
909 4729 937 4767 υ
967 4728 1063 4784 pro
1091 4713 1119 4766 b
1142 4712 1229 4767 hic
1256 4722 1309 4768 et
1334 4711 1495 4767 infra.

598 4782 620 4813 ⁵
646 4781 777 4836 Cod.
815 4801 897 4837 ac.

599 4852 622 4884 ⁸
647 4852 781 4908 Cod.
811 4870 1164 4909 conseremus.

599 4925 618 4949 '
647 4924 782 4981 Cod.
815 4926 1063 4980 carnalis.

600 4996 621 5027 ⁸
653 4996 827 5065 Ρτωρ.
856 5014 886 5049 a
910 5012 938 5049 a
968 5012 1054 5051 me
1081 4994 1321 5051 additur.

599 5072 619 5104 9
646 5067 781 5123 Cod.
814 5066 1048 5124 Patrum.

603 5198 627 5226 α
657 5188 746 5243 Sic
773 5185 1007 5253 exiilieat
1030 5184 1339 5247 haereticus.
1381 5186 1452 5239 ob
1479 5185 1874 5241 excludendum
1904 5199 2125 5241 sensum

531 5260 852 5314 catholicum
881 5258 1166 5312 verborum
1195 5256 1304 5327 Ego
1331 5267 1377 5309 et
1408 5256 1565 5310 Pater
1585 5273 1745 5309 unum
1773 5273 1947 5309 sumus
1969 5271 1987 5320 ;
2010 5272 2132 5324 qua:

531 5332 748 5401 quidem
786 5329 851 5385 ad
886 5326 1299 5401 iudiﬂ'erentiaiu
1326 5336 1554 5401 natoue.
1598 5342 1705 5381 non
1731 5326 2127 5401 advolitntatis

533 5396 791 5457 unitatem
843 5415 964 5454 esse
1012 5399 1318 5460 referenda,
1351 5399 1687 5453 demonstrat
1736 5396 1912 5452 valide
1943 5407 2131 5454 contra

534 5472 765 5527 Arianos
794 5470 1083 5527 Faustinus
1131 5471 1198 5524 de
1230 5469 1361 5525 Fide
1393 5485 1527 5537 cap.
1560 5472 1612 5536 l,
1645 5468 1703 5523 ff.
1737 5469 1802 5523 12
1840 5484 1985 5538 sqq.,
2038 5471 2128 5526 ubi

546 5546 801 5600 notabilia
830 5557 953 5600 sunt
986 5544 1147 5597 verba
1185 5542 1297 5595 haec
1330 5560 1342 5593 :
1380 5541 1538 5606 Nolo,
1580 5543 1731 5607 impie
1770 5541 2024 5605 lia'retice,
2075 5550 2134 5597 at

547 5614 943 5680 indiﬂ'erentiam
973 5614 1269 5669 substantia:
1294 5613 1469 5670 Patris
1501 5626 1546 5669 et
1574 5613 1697 5668 Filii
1718 5612 1939 5679 adimus,
1974 5612 2131 5667 etim.

549 5694 764 5757 porltme
790 5688 1035 5742 unitatem
1057 5686 1330 5741 voluntatis
1370 5688 1668 5757 interseras.
1687 5685 1820 5740 ltetn
1851 5682 2137 5757 Ter_tullia—

547 5755 647 5814 nus
695 5764 883 5829 contra
940 5758 1202 5815 Praxeam
1244 5770 1362 5828 cap.
1402 5756 1474 5812 25
1505 5773 1518 5815 :
1552 5756 1755 5813 Dictum
1794 5765 1891 5827 est,
1938 5755 2047 5829 Εῃο
2092 5765 2137 5811 et

2306 4501 2350 4533 ¹⁰
2379 4500 2457 4555 lta
2485 4498 2608 4553 cod.

2303 4573 2343 4604 “
2376 4571 2511 4626 Cod.
2544 4567 2804 4625 Carnutis.

2536 4652 2852 4724 aperantem.

2302 4712 2347 4814 ἒξ
2519 4712 2752 4837 ὧξὲθιιιν
2779 4712 2982 4769 habere
3011 4714 3365 4785 promovi,vel
3392 4730 3486 4786 pro
3507 4730 3586 4769 me
3605 4723 3685 4772 ut.

2416 4798 2503 4837 00.
2519 4798 2644 4838 alia.

2304 4854 2347 4886 "
2376 4854 2513 4909 Cod.
2546 4872 2586 4909 ,ι
2614 4870 2779 4912 manu
2826 4855 3161 4930 adnugrunt;
3191 4871 3320 4912 mox
3374 4855 3585 4912 videtur
3632 4856 3833 4913 factum

2231 4928 2572 4995 adaugerunt.

2304 4998 2347 5029 ¹θ
2378 4997 2513 5053 Cod.
2545 4998 2689 5052 nobis
2710 5014 2835 5053 esse.
2869 4998 2978 5054 Sed
3031 5016 3139 5055 esse
3165 4999 3382 5056 videtur
3404 5010 3757 5072 expunctum.

2238 5184 2401 5241 Pater
2429 5203 2587 5239 unum
2617 5202 2813 5250 sumus,
2859 5188 2927 5241 ad
2958 5188 3255 5245 substantia:
3299 5190 3564 5257 unitatem,
3615 5207 3716 5246 non
3762 5190 3839 5244 ad

2237 5259 2437 5329 numeri
2460 5258 2886 5329 singularitatem.

2310 5326 2336 5364 ι)
2370 5328 2448 5382 De
2470 5326 2570 5382 hac
2596 5345 2650 5382 re
2672 5330 3019 5385 consulendze
3047 5342 3167 5386 sunt
3198 5332 3617 5389 christianorum
3650 5334 3830 5388 Cresa—

2239 5415 2355 5453 rmn
2391 5400 2538 5469 leges
2566 5400 2618 5453 in
2650 5399 2786 5454 Cod.
2812 5401 3019 5456 Theod.
3053 5404 3141 5457 lib.
3177 5420 3289 5465 με,
3323 5404 3404 5458 tit.
3432 5407 3499 5461 de
3526 5406 3830 5460 Ha-reticis.

2238 5470 2411 5539 Leges
2460 5473 2766 5539 imperiales
2817 5484 3002 5528 contra
3056 5474 3286 5528 Ariauos
3337 5486 3835 5531 commemorantur

2238 5542 2401 5598 etiam
2427 5543 2563 5613 apud
2597 5546 2949 5614 Augustinum.
2979 5545 3103 5600 coll.
3124 5561 3244 5599 cum
3278 5546 3413 5601 Max.
3444 5548 3500 5601 π.
3531 5549 3585 5602 4.
3614 5547 3835 5602 Ατίξιιιςῐι

2244 5613 2518 5693 hiereseos
2548 5613 2843 5693 [nostrates
2874 5620 3021 5676 vires
3041 5616 3174 5675 dicit
3202 5627 3357 5673 aetate
3386 5634 3481 5675 sua
3506 5620 3833 5693 Augustinus

2246 5695 2402 5743 tract.
2434 5685 2523 5757 40,
2560 5688 2615 5755 7,
2647 5686 2704 5744 in
2730 5687 2883 5747 Joan.
