4194 6184
442 243 546 301 609

942 242 1379 303 MONUMENTA
1419 242 1701 301 VETERA
1739 242 1831 300 AD
1869 240 2280 303 ARIANORUM
2321 242 3239 317 DOCTRINAMPERTINENTIA.

3638 244 3744 302 610

439 357 681 412 dicentes
707 358 968 428 mqualem
992 375 1115 417 esse
1146 361 1339 415 Filium
1367 376 1465 432 per
1487 361 1667 415 omnia
1698 368 1753 414 et
1779 360 1830 415 in
1863 361 2042 416 omni-
2071 359 2127 421 Α
2151 360 2245 416 sed
2271 360 2729 432 quemadmodum
2782 362 2944 419 Pater
2972 364 3163 429 voluit,
3217 360 3450 419 diﬁnivit
3499 361 3542 426 ⁸,
3584 360 3747 430 jussit

444 448 546 504 bus
570 451 675 505 Deo
702 451 929 518 Patri,et
954 453 1214 522 Spiritum
1244 464 1488 507 sanetum
1514 452 1775 516 mqualem
1801 467 1922 507 esse
1951 467 2045 521 per

441 545 624 599 omnia
654 553 708 601 et
738 546 790 601 in
815 546 1069 601 omnibus
1102 547 1210 602 Deo
1229 546 1376 601 Patri
1408 556 1463 602 ct
1495 548 1607 600 Deo
1629 545 1767 600 Filio
1800 563 1811 599 :
1842 554 1896 599 et
1928 544 2045 599 hanc

439 639 556 710 ipsa
600 641 829 695 assertio
871 655 1059 695 eorum
1102 657 1204 695 una
1249 651 1333 696 est
1377 640 1445 696 de
1487 639 1604 695 fere
1659 639 1910 708 tringinta
1953 654 2043 694 sc-

444 729 549 786 c1is
583 739 606 767 ⁸
637 746 844 786 eorum.
884 732 949 786 Et
980 730 1103 802 quia
1160 747 1265 786 non
1300 748 1358 787 se
1388 730 1558 785 Filius
1589 731 1846 801 a'qualetn
1898 730 2044 785 Patri

438 822 595 888 dixit,
628 823 725 879 sed
748 825 1179 880 consentientem
1212 841 1270 880 se
1300 825 1444 879 Patri
1481 825 1819 880 conﬁrmavit
1846 822 1894 889 ι),
1928 825 2042 893 ipse

446 916 587 971 ﬁlius
614 917 769 971 nobis
799 917 1079 987 adaperuit
1098 917 1284 973 dicens
1302 936 1314 972 :
1330 918 1431 985 Qui
1455 916 1651 971 Filium
1668 918 1681 947 ¹
1700 932 1805 971 non
1825 916 2043 971 honori-

441 1010 567 1065 ﬁcat
587 1053 600 1077 ,
634 1027 740 1067 non
768 1011 1085 1066 honuriﬁcat
1122 1013 1332 1067 Patrem
1357 1024 1378 1050 ε
1403 1012 1493 1081 qui
1521 1014 1662 1066 misit
1694 1012 1862 1066 illum.
1892 1012 2043 1068 Sicut

446 1106 591 1159 enim
645 1105 805 1161 Pater
854 1106 1015 1161 habet
1042 1105 1206 1160 vitam
1248 1106 1300 1159 in
1334 1107 1684 1176 semetipsum
1715 1108 1758 1171 ¹,
1791 1105 1861 1160 ita
1893 1104 2043 1183 dedit

440 1196 581 1252 Filio
610 1198 775 1251 vitam
810 1198 1009 1253 habere
1033 1198 1085 1252 in
1117 1200 1411 1269 semetipso
1440 1216 1451 1251 :
1478 1208 1871 1269 etpotestatem
1892 1198 2042 1253 dedit

442 1290 517 1344 illi
545 1289 808 1359 judicium
842 1292 1113 1346 faciendi:
1148 1306 1209 1346 ac
1228 1292 1273 1346 si
1296 1291 1546 1360 dixisset,
1584 1294 1722 1348 Deus
1755 1308 1859 1347 non
1887 1294 2040 1363 geni-

443 1393 528 1439 tus
577 1387 789 1454 genitor
836 1400 1009 1452 meus,
1039 1384 1130 1454 qui
1159 1394 1244 1440 est
1284 1396 1335 1439 et
1370 1384 1469 1438 fuit
1500 1385 1640 1440 Deus
1678 1384 1796 1438 sine
1850 1386 2035 1450 initio,

441 1481 614 1544 vivus,
642 1489 853 1548 potens,
906 1480 1099 1545 honus,
1142 1480 1382 1549 sapiens,
1418 1478 1721 1549 perfecms,
1756 1480 2039 1549 sempiter-

442 1588 575 1639 nus,
607 1574 694 1644 qui
728 1584 811 1628 est
847 1575 965 1628 sine
996 1573 1149 1627 initio
1181 1582 1235 1629 et
1260 1574 1377 1628 sine
1428 1576 1551 1639 line,
1588 1589 1671 1628 me
1699 1582 1825 1629 ante
1856 1574 2035 1629 omnia

438 1668 610 1723 voluit
658 1682 779 1722 esse
830 1668 1034 1733 vivum,
1082 1676 1379 1737 pmentem,
1422 1667 1656 1734 bonum,
1710 1667 2032 1736 sapientem,

2150 454 2316 522 mihi;
2350 456 2429 511 sic
2458 464 2515 511 et
2562 472 2663 528 ego
2695 458 2885 514 volens
2916 467 2971 513 et
3000 469 3190 528 potens
3216 456 3334 513 sine
3360 455 3470 511 ullo
3519 452 3747 523 impedi-

2150 560 2332 601 mento
2361 556 2413 601 et
2445 547 2809 618 discrepantia
2846 550 3026 603 omnia
3059 548 3261 620 perfeci
3290 566 3302 602 :
3338 548 3432 604 sed
3465 556 3518 603 et
3548 554 3743 602 caetera

2146 640 2327 693 omnia
2357 655 2476 709 quae
2503 640 2843 708 postmodum
2872 640 3011 696 facta
3036 643 3300 706 sunt,sive
3317 639 3603 703 diluvium,
3630 638 3744 693 sive

2148 734 2458 789 incendium
2490 734 2741 789 Sodoma:
2788 745 2843 790 et
2874 735 3215 803 Gomorrliat,
3241 745 3295 791 et
3321 743 3517 790 cretera
3562 732 3744 788 omnia

2144 843 2266 899 quae
2292 842 2505 897 semper
2550 826 2687 881 ﬁunt
2738 837 2792 881 et
2841 836 3122 897 reguntur,
3154 830 3372 896 iubente
3416 827 3598 893 Patre,
3621 825 3745 894 quin

2144 920 2285 988 ﬁlius
2327 919 2543 971 hominis
2570 929 2667 971 est.
2701 917 2878 972 Nolite
2907 919 3083 972 mirari
3128 919 3240 981 hoc,
3264 919 3385 988 quia
3418 917 3575 970 veniet
3616 914 3744 969 hora

2144 1012 2314 1081 inqua
2338 1026 2513 1064 omnes
2541 1011 2627 1080 qtti
2670 1011 2723 1063 in
2766 1011 3111 1064 monumentis
3159 1019 3297 1075 sunt,
3324 1008 3532 1062 audient
3573 1024 3743 1062 vocem

2146 1104 2244 1173 filii
2274 1103 2370 1157 Dei
2402 1119 2420 1157 :
2450 1112 2497 1157 et
2546 1102 2822 1172 procedent
2858 1106 2945 1173 qui
2969 1107 3099 1157 bona
3142 1107 3367 1172 fecerunt
3406 1103 3460 1155 in
3488 1117 3745 1156 resurrec-

2144 1198 2553 1272 tionemjudicii.
2579 1198 2657 1253 Ac
2688 1200 2730 1252 si
2760 1198 2992 1253 dixisset
3019 1198 3061 1265 ⁷,
3098 1196 3277 1251 Nolite
3304 1195 3565 1251 increduli
3598 1211 3739 1262 esse,

2144 1294 2269 1362 quia
2294 1292 2487 1346 videtis
2512 1308 2598 1345 me
2622 1306 2840 1345 carnem
2876 1305 3020 1357 esse,
3047 1298 3105 1344 et
3134 1289 3335 1357 putatis
3360 1304 3443 1343 me
3471 1287 3742 1342 hominem

2146 1383 2520 1439 tantummodo
2570 1397 2692 1438 esse
2724 1400 2736 1437 :
2772 1381 3022 1437 videbitis
3061 1382 3203 1437 enim
3261 1396 3354 1435 vos
3399 1396 3611 1445 omnes,
3651 1379 3743 1449 qui

2145 1480 2344 1549 putatis
2376 1493 2462 1533 me
2515 1476 2790 1531 hominem
2841 1474 3217 1528 tantummodo
3256 1488 3397 1541 esse,
3428 1488 3533 1528 non
3567 1472 3740 1527 solum

2144 1573 2311 1627 Deum
2345 1572 2522 1625 vivum
2554 1586 2698 1634 esse,
2737 1568 2826 1623 sed
2853 1570 3015 1624 etiam
3059 1584 3250 1622 omnes
3288 1575 3531 1622 mortuos
3562 1566 3741 1619 viviﬁ-

2143 1678 2356 1722 cantem
2388 1685 2399 1719 :
2441 1676 2496 1721 et
2528 1666 2579 1720 in
2608 1665 2834 1735 gloriam
2876 1674 3135 1718 arternam
3174 1662 3541 1732 ingredientes
3566 1660 3743 1730 justos

439 1760 758 1832 perfectum,
791 1760 1182 1830 sempiternum
1232 1761 1659 1829 (Sempiternum
1718 1767 1899 1815 autem
1956 1760 2035 1814 sic
2065 1751 2113 1810 Β
2142 1761 2311 1816 bonos
2334 1770 2386 1815 et
2415 1759 2623 1823 ﬁdeles,
2654 1757 2822 1811 malos
2852 1767 3032 1811 autem
3062 1765 3117 1811 et
3146 1756 3359 1825 impios,
3397 1754 3541 1808 fures
3568 1764 3621 1808 et
3655 1753 3737 1807 la-

436 1854 665 1908 dicimus
716 1852 933 1919 Filium,
982 1853 1105 1923 quia
1159 1869 1281 1907 cum
1329 1851 1544 1908 initium
1598 1853 1793 1907 habeat
1840 1851 2031 1916 Filius,

443 1946 602 2002 ﬁnem
660 1957 837 2004 tamen
889 1964 992 2001 non
1026 1948 1047 1979 ³
1089 1947 1425 2013 habiturum,
1486 1948 1579 2003 sed
1609 1963 1925 2002 mansurum
1982 1950 2033 2002 in

444 2042 833 2111 sempiternum
862 2036 913 2103 σί,
945 2049 998 2095 et
1024 2041 1238 2096 caeteris
1280 2040 1533 2096 omnibus
1560 2040 1718 2095 bouis
1747 2040 2034 2109 sempiter-

442 2135 666 2189 nitatem
691 2130 988 2204 daturum).
1018 2132 1085 2186 Et
1112 2132 1277 2187 talem
1312 2132 1723 2202 possibilitatem
1759 2132 1946 2187 tribuit
1982 2131 2034 2185 in

444 2243 553 2293 me,
584 2227 633 2280 in
664 2242 771 2297 quo
798 2224 971 2279 voluit
997 2241 1083 2280 me
1110 2240 1253 2291 esse,
1278 2236 1334 2279 ut
1370 2240 1582 2295 possem
1616 2239 1805 2278 omnes
1843 2224 2037 2278 volun-

447 2330 584 2376 tates
615 2332 668 2377 et
691 2320 1076 2391 dispositiones
1102 2329 1155 2374 et
1184 2320 1408 2390 imperia
1441 2320 1558 2390 ejus
1591 2321 1815 2391 implere
1841 2337 1853 2373 :
1878 2330 1933 2376 ct
1961 2321 2037 2375 sic

446 2413 715 2483 complevi
737 2424 789 2469 et
813 2414 1062 2483 compleo
1086 2429 1300 2483 semper
1317 2430 1328 2464 :
1345 2429 1466 2467 nam
1490 2413 1707 2468 volente
1734 2424 1786 2468 et
1811 2413 2039 2482 jubente

446 2507 608 2563 Patre
639 2523 739 2578 ego
799 2507 1207 2561 innumerabilis
1256 2507 1477 2575 spiritus
1504 2507 1681 2574 vivos,
1730 2506 1957 2561 virtutes
1987 2514 2043 2561 et

448 2599 846 2655 dominationes
888 2600 1246 2668 sempiternas
1288 2599 1307 2629 δ
1358 2599 1538 2654 creavi
1574 2617 1586 2652 :
1620 2599 1713 2655 sed
1755 2609 1810 2655 et
1865 2599 2039 2669 ipsum

453 2692 714 2761 Spiritum
748 2700 992 2746 sanctum
1023 2691 1112 2761 qui
1143 2700 1226 2746 est
1257 2700 1380 2746 ante
1407 2691 1588 2746 omnia
1634 2700 1687 2747 et
1717 2692 1890 2762 major
1927 2708 2041 2746 om-

455 2784 612 2837 nibus
641 2783 1028 2850 creationihus,
1062 2790 1117 2837 et
1161 2795 1357 2838 caetera
1384 2784 1621 2840 coelestia
1661 2794 1713 2839 et
1767 2785 2045 2840 terrestria

455 2876 690 2931 visibilia
722 2885 777 2931 et
832 2875 1121 2930 invisibilia
1179 2886 1420 2945 tempora
1475 2886 1529 2932 et
1578 2877 1797 2942 szecula,
1834 2878 2049 2933 volente

2142 1862 2343 1915 lroncs,
2374 1859 2429 1905 ct
2456 1865 2549 1905 eos
2581 1848 2671 1918 qui
2721 1846 3034 1902 difﬁderunt
3070 1847 3091 1876 ⁸
3119 1845 3357 1911 veritati,
3392 1844 3744 1899 crediderunt

2141 1958 2321 2000 autem
2358 1943 2644 2013 iniquitati,
2671 1942 2759 2012 qui
2786 1941 3086 1996 doctrinam
3113 1955 3286 1993 meam
3321 1937 3659 2007 abjecerunt,
3686 1946 3742 1992 et

2142 2055 2292 2095 suam
2326 2046 2654 2099 statuerunt,
2683 2036 2838 2106 jusso
2868 2037 2888 2067 θ
2915 2034 3091 2089 Patris
3122 2034 3224 2088 mei
3255 2047 3349 2102 per
3373 2046 3459 2086 me
3486 2032 3553 2085 ab
3575 2046 3743 2101 ange-

2142 2135 2207 2188 lis
2240 2132 2375 2187 meis
2405 2133 2705 2196 mittentur,
2742 2130 2792 2183 in
2822 2128 3102 2183 metallum
3136 2127 3333 2197 ignis‘0
3355 2126 3563 2181 alterni.
3597 2124 3744 2179 Luce

2141 2225 2342 2281 clarius
2382 2224 2539 2279 nobis
2569 2220 2824 2292 patefecit
2852 2219 3108 2273 Dominus
3136 2230 3322 2273 noSIer
3349 2226 3403 2272 et
3430 2216 3572 2271 Deus
3588 2215 3746 2271 Jesus

2141 2317 2389 2372 Christus
2444 2313 2611 2369 Filius
2671 2312 2763 2365 Dei
2798 2310 2971 2365 Patris
3018 2308 3411 2379 omnipotentis
3444 2306 3572 2361 illud
3600 2306 3744 2377 quod

2144 2412 2352 2468 dixerat
2374 2408 2626 2480 superius
2660 2426 2673 2462 :
2708 2406 2889 2469 Amen,
2919 2421 3067 2459 amen
3092 2403 3206 2457 dico
3238 2401 3399 2465 vobis,
3429 2416 3532 2454 non
3576 2407 3743 2471 potest

2146 2506 2318 2561 Filius
2347 2524 2379 2559 a
2402 2521 2454 2558 se
2492 2508 2661 2575 facere
2689 2501 2989 2571 quidquam,
3025 2499 3126 2552 nisi
3168 2506 3285 2550 ante
3311 2496 3490 2550 uiderit
3536 2492 3746 2549 Patrem

2149 2602 2420 2673 facientem
2446 2597 2464 2635 τ
2498 2612 2866 2668 :quwcumque
2896 2596 3032 2649 enint
3078 2591 3235 2647 Pater
3264 2591 3413 2663 facit,
3436 2578 3546 2644 inec
3569 2590 3748 2644 eadem

2147 2694 2270 2765 facit
2300 2690 2491 2746 Filius.
2512 2688 2774 2746 Similiter
2803 2686 2937 2741 nihil
2962 2684 3132 2740 Filius
3159 2683 3261 2740 sibi
3290 2682 3747 2754 praesumerc,sed

2148 2783 2329 2840 omnia
2360 2784 2618 2852 imperata
2648 2781 2814 2850 patris
2844 2779 3025 2833 facere
3058 2787 3104 2831 κ.

2225 2879 2420 2933 lterum
2450 2876 2695 2931 dicamus
2731 2888 2901 2944 pauca
2945 2871 3207 2927 adversus
3243 2869 3659 2925 Macedonianos
3690 2866 3745 2938 ιι,

451 2967 609 3022 Patre
639 2977 693 3022 et
738 2968 987 3035 jubente,
1018 2982 1119 3037 ego
1141 2969 1318 3023 creavi
1348 2980 1369 3005 ε
1406 2987 1420 3023 :
1453 2979 1506 3024 ct
1537 2969 1679 3023 nulla
1711 2969 1811 3023 fuit
1841 2970 2046 3025 disere—
2072 2954 2115 3016 C
2151 2975 2241 3044 qui
2273 2972 2461 3026 dicunt
2489 2970 2687 3024 Filium
2715 2969 2953 3033 similem,
2986 2983 3082 3037 per
3116 2966 3298 3021 omnia
3329 2974 3383 3021 et
3416 2966 3466 3021 in
3499 2966 3751 3021 omnibus

452 3059 631 3130 pantia
665 3060 804 3115 inter
830 3060 1046 3117 Patrem
1070 3059 1348 3131 jubentem
1374 3072 1424 3117 et
1450 3077 1537 3118 me
1579 3063 1947 3133 perticientem
1980 3064 1999 3095 ³
2032 3080 2044 3117 :

525 3242 539 3271 ¹
576 3241 733 3296 Deest
757 3240 859 3296 hoc
889 3241 1230 3298 vocabulum.

524 3315 544 3343 ³
573 3311 646 3366 Ita
677 3313 799 3368 cod.

525 3383 547 3414 ⁸
572 3384 730 3439 Deest
754 3401 874 3439 non.

526 3455 547 3485 "
566 3453 700 3510 Cod.
734 3458 1088 3524 sempiternos.
1593 3475 1615 3499 ο

528 3526 548 3557 ⁵
577 3527 708 3583 Cod.
739 3528 871 3582 inter
895 3528 1262 3599 patrejubente
1287 3544 1366 3583 me
1386 3531 1698 3602 perﬁciente.

530 3665 744 3741 °_Sec_ta
793 3667 919 3741 hoc
946 3668 1065 3723 loco
1095 3667 1290 3741 dicitur
1321 3684 1417 3738 pro
1445 3670 1699 3736 quntale.
1732 3670 1797 3725 Et
1823 3669 2038 3741 quidem

456 3738 529 3793 ita
559 3738 794 3811 loqujtur
828 3739 1082 3811 Didymus
1113 3740 1179 3794 de
1203 3740 1486 3805 Trinitate,
1521 3738 1853 3811 Hieronymo
1881 3742 2044 3795 inter-

460 3816 631 3877 prete,
656 3807 711 3861 11⁸.
746 3811 799 3866 5.
824 3807 942 3876 21(
964 3812 1055 3865 57.
1091 3811 1308 3878 Legesis
1339 3812 1536 3866 ibidem
1570 3807 1946 3868 adnot'ationes
1977 3813 2043 3867 ad

457 3880 513 3933 Π.
546 3880 599 3945 5,
628 3890 683 3951 et
710 3880 915 3935 confer.
950 3880 1007 3937 if.
1041 3882 1129 3935 52.
1162 3882 1300 3949 Quin
1351 3883 1487 3937 adeo
1521 3882 1598 3937 sic
1648 3884 1790 3951 loqui
1834 3884 2048 3939 videtur

458 3951 618 4023 etiam
650 3950 821 4023 Julius
867 3952 1015 4007 Paris
1044 3968 1091 4023 a7
1123 3969 1206 4007 me
1248 3969 1423 4023 nuper
1452 3954 1647 4016 editus,
1677 3950 1768 4008 lib.
1806 3971 1864 4020 ti,
1899 3956 1953 4020 2,
1986 3955 2040 4009 2.

460 4022 755 4098 l_\‘utn_erg_o_
782 4022 965 4098 Ariani
997 4040 1025 4077 a
1055 4022 1344 4080 Catltolicis
1374 4026 1586 4096 triginta
1621 4027 1735 4081 fere
1774 4027 2045 4098 dogmati-

464 4092 564 4146 bus
592 4092 959 4148 dissidebant?

534 4162 560 4237 ft
590 4164 1011 4237 Spuriamltanc
1034 4166 1350 4221 Arianorum
1378 4167 1881 4237 interpretationem
1908 4171 2060 4224 novit

464 4235 823 4309 refutavitque
854 4236 1179 4309 Hilarinsde
1224 4238 1375 4292 Trin.
1435 4235 1556 4303 vni,
1590 4240 1623 4294 5
1663 4255 1784 4309 sqq.
1832 4240 1902 4294 At
1953 4257 2057 4295 non

464 4307 954 4380 itagintellcxerunt
996 4307 1176 4380 Judaei
1229 4310 1330 4379 ipsi
1375 4310 1648 4364 Christum
1702 4307 2057 4380 loquentem:

465 4378 592 4447 quin
636 4378 741 4430 itno
766 4378 963 4453 auditis
993 4379 1076 4453 Itis
1105 4378 1282 4436 verbis
1318 4422 1344 4453 ,_
1367 4380 1479 4453 Ego
1510 4391 1554 4435 et
1588 4380 1746 4453 Pater
1768 4378 1925 4436 unum
1972 4400 2062 4435 su-

466 4465 609 4523 mus,
640 4449 978 4523 sustulerunt
1010 4450 1214 4519 lapides
1242 4464 1299 4505 ut
1321 4449 1504 4506 Jesitm
1553 4452 1884 4517 occiderent,
1935 4455 2059 4523 quia

468 4535 528 4594 se
554 4522 725 4594 _I)eum
756 4520 1013 4594 faciebat;
1046 4538 1147 4591 qua
1175 4538 1340 4593 super
1365 4539 1423 4579 re
1452 4524 1647 4594 legesis
1685 4526 1934 4580 eumdem
1955 4520 2061 4579 lli-

469 4590 660 4644 larium
696 4607 785 4656 vn,
813 4592 884 4645 25
912 4608 1029 4661 sqq.

547 4672 567 4698 ε
611 4661 723 4735 lt_no
772 4662 988 4719 Nicetas
1018 4680 1162 4735 aime
1207 4664 1383 4719 editus
1413 4665 1480 4721 de
1505 4665 1624 4720 Rat.
1651 4666 1742 4720 ﬁd.
1773 4682 1825 4735 p.
1854 4666 1908 4734 6,
1942 4668 2017 4721 ait
2045 4684 2058 4723 :

472 4731 599 4786 Cum
630 4731 787 4787 Pater
817 4735 975 4798 dicat,
1025 4734 1129 4789 Hic
1170 4746 1244 4790 est
1292 4737 1454 4805 ﬁlius,
1502 4738 1635 4791 hunc
1666 4731 1904 4804 auditef
1927 4740 2063 4803 ﬁlius

471 4805 627 4880 dicat,
659 4815 713 4857 ut
748 4823 921 4861 omnes
952 4807 1286 4880 honorificam
1314 4806 1532 4874 Filium,
1558 4810 1687 4862 sicut
1720 4811 2063 4880 Itonoriﬂcant

474 4874 721 4947 Patrem;
747 4893 863 4947 qua:
912 4879 1111 4933 cwcitas
1136 4874 1383 4934 mentium
1411 4890 1506 4943 est,
1532 4880 1823 4935 intermissa
1850 4874 2063 4934 honori-

473 4946 699 5022 ﬁceittia,
730 4946 1063 5004 contumelias
1090 4952 1436 5004 concinnare?
1457 4966 1571 5022 qua:
1615 4951 1798 5004 oblivio
1828 4953 1936 5022 spei
1965 4963 2062 5017 est,

472 5018 736 5140 inﬁrgtum
761 5029 809 5073 et
835 5023 1078 5075 minorem
1095 5031 1141 5075 et
1163 5018 1591 5092 contemptibilem
1612 5018 1864 5077 wstimaré
1887 5020 2065 5077 Chris-

496 5105 577 5140 um
648 5101 750 5140 etc.

473 5096 577 5140 Iunt
594 5096 619 5140 ΣΙ
648 5101 750 5143 etc.

547 5157 573 5194 ιι
628 5160 705 5213 En
756 5170 813 5215 ut
861 5162 1046 5235 Ariani
1092 5164 1360 5235 negabant
1413 5165 1743 5219 nativitatem
1781 5175 2062 5232 teter-nam,

475 5234 971 5307 quain__ortltodoxi
1022 5234 1210 5307 Patres
1258 5236 1666 5305 prteclarissime
1711 5237 2068 5307 comprobant

476 5300 841 5374 Tertullianus
883 5314 1068 5359 contra
1098 5300 1270 5360 Praxf
1300 5322 1419 5374 cap.
1446 5307 1511 5373 5;
1545 5308 1717 5363 llilar.
1760 5300 1996 5363 de'Trin
2024 5324 2064 5371 ι,

473 5370 669 5450 gitti,
700 5373 1342 5450 20;_m,_5;‘tv,6;_xn,
1370 5370 1433 5433 Ἦ
1483 5370 1627 5450 sqq..
1662 5380 1761 5450 5i;
1808 5370 2062 5434 Ambros.

476 5441 542 5525 de
575 5441 692 5525 Fid.
722 5460 759 5512 ι,
801 5447 865 5525 8;_
885 5447 1051 5519 Cyril.
1082 5446 1149 5502 de
1185 5441 1346 5525 Tri_n.;
1383 5441 1579 5525 dialogi
1604 5449 1669 5515 2;
1716 5449 1965 5525 Fulgeut.
1999 5451 2066 5505 ad

474 5512 709 5595 Trasim.
744 5532 801 5582 ιι,
837 5522 899 5583 7;
931 5512 983 5573 et
1035 5529 1221 5573 contra
1256 5519 1386 5576 Fab.
1422 5512 1555 5591 irag'.
1588 5512 1701 5589 xui,
1731 5512 1847 5587 xx;'
1870 5521 2069 5592 aliique

476 5598 697 5654 passm.

555 5665 577 5692 θ
620 5656 735 5734 Non
765 5674 897 5734 esse,
916 5669 1218 5734 creaturam
1241 5663 1501 5734 Spiritum
1530 5672 1776 5734 sanctum
1813 5662 2069 5721 demons-

482 5734 590 5781 trat
618 5727 839 5800 (prieter
879 5732 991 5803 jam
1030 5732 1170 5791 dicta
1201 5750 1255 5806 p.
1283 5727 1434 5807 '215,
1465 5752 1519 5791 n.
1552 5737 1608 5806 5)
1653 5733 1971 5792 Ambrosius
2000 5735 2069 5792 de

2154 3066 2321 3131 Patri,
2354 3074 2407 3120 et
2464 3063 2663 3119 nullam
2720 3076 2842 3116 esse
2872 3058 3231 3115 dill'erentiam
3280 3058 3423 3114 inter
3452 3056 3668 3113 Patrem
3699 3064 3755 3111 et

2227 3247 2247 3277 °
2279 3247 2351 3300 Ila
2377 3247 2497 3302 cod.

2226 3320 2245 3347 ⁷
2278 3318 2409 3372 Cod.
2443 3318 2657 3372 dixisse.

2227 3392 2248 3492 ξ
2276 3390 2410 3513 80:}.
2442 3390 2819 3473 dif/iduerunt;
2853 3389 2948 3444 sed
2982 3388 3127 3459 prior
3152 3405 3185 3441 u
3217 3386 3449 3443 lortasse
3478 3385 3679 3445 deleta.

2321 3476 2353 3511 0
2397 3500 2409 3512 .
2439 3477 2595 3514 10880.

2231 3481 2246 3492 "
2276 3481 2595 3532 uouqosxo.

2231 3531 2273 3561 ¹⁰
2300 3530 2436 3586 Cod.
2468 3532 2521 3585 in
2547 3532 2711 3603 ignis;
2744 3530 2837 3587 sed
2866 3531 2918 3586 in
2942 3532 3169 3588 fortasse
3200 3530 3394 3587 deleta.

2153 3669 2248 3737 Sp.
2283 3668 2481 3741 S.lib.i
2517 3668 2641 3741 t,5,
2680 3670 2729 3724 7.
2769 3669 3040 3725 Praeterea
3096 3672 3291 3741 legesis
3344 3672 3519 3726 locum
3554 3670 3758 3727 Nicette

2153 3740 2515 3813 Aquileiensis
2551 3740 2661 3808 jam
2690 3757 2716 3792 a
2751 3757 2836 3797 tne
2867 3742 3094 3796 relatum
3128 3740 3177 3809 p7.
3215 3742 3347 3806 2P2,
3374 3752 3429 3796 et
3462 3742 3745 3813 Didymum

2154 3812 2221 3867 dc
2268 3811 2362 3882 Sp.
2393 3812 2450 3865 S.
2476 3826 2597 3881 cap.
2626 3813 2710 3878 14,
2745 3827 2864 3881 sqq.
2893 3824 2945 3867 et
2972 3813 3040 3867 de
3067 3814 3217 3867 Trin.
3248 3829 3307 3878 tl,
3336 3814 3388 3866 G.
3438 3811 3576 3866 Tum
3620 3828 3752 3867 vero

2157 3884 2235 3937 sic
2264 3883 2487 3952 Basilius
2510 3883 2576 3937 de
2600 3882 2696 3950 Sp.
2727 3885 2778 3939 S.
2815 3899 2933 3952 cap.
2958 3884 3050 3949 24,
3080 3885 3151 3939 56
3182 3904 3194 3938 :
3222 3888 3309 3945 Τίς
3343 3883 3506 3944 οὕτως
3547 3884 3761 3940 ἐλπίδων

2158 3957 2369 4041 αἱφνὶων
2392 3951 2603 4043 ἄμοιρος
2620 3998 2632 4018 ,
2658 3959 2727 4016 ὡς
2756 3963 2822 4043 τῇ
2848 3951 3007 4043 κτίσει.
3036 3958 3286 4022 συντάξαι
3315 3958 3374 4011 τὸ
3408 3960 3609 4026 Πνεῦμα
3626 3996 3640 4021 ,
3666 3971 3759 4017 τίς

2156 4027 2388 4086 θεότητος
2416 4015 2751 4092 inmania-us;
2779 4015 2906 4093 Quis
2934 4028 3060 4081 adeo
3086 4030 3191 4095 spei
3212 4015 3422 4081 aeterna:
3450 4015 3638 4094 expers,
3663 4015 3758 4094 est,

2163 4108 2216 4150 ut
2249 4098 2501 4167 Spiritum
2526 4116 2557 4150 a
2584 4100 2769 4153 deitnte
2797 4101 3118 4166 distractum,
3146 4110 3395 4152 creaturw
3416 4098 3663 4164 capulet?

2241 4167 2258 4205 τ
2306 4169 2477 4223 Aliter
2508 4169 2746 4239 loquitur
2787 4170 3121 4225 orthodoxus
3155 4170 3391 4225 Hilarius
3423 4170 3492 4224 de
3522 4169 3647 4222 Trin
3679 4185 3757 4236 ιιι,

2166 4239 2253 4311 12.
2310 4241 2399 4306 qtti
2458 4241 2688 4311 recitato
2731 4242 3041 4311 evangelii-0
3093 4250 3264 4304 textu,
3311 4241 3484 4309 pergit
3531 4240 3761 4294 dicere:

2166 4309 2302 4362 Dant
2331 4310 2520 4382 nona_b
2549 4328 2603 4365 se
2629 4314 2773 4382 facit,
2798 4314 2867 4365 ad
2877 4309 2942 4364 id
2963 4313 3098 4377 quod
3128 4314 3232 4381 agit
3260 4314 3537 4365 secundum
3569 4310 3761 4364 nativi-

2165 4389 2320 4433 tatem
2348 4381 2444 4433 sibi
2472 4380 2637 4436 Pater’
2658 4394 2837 4437 auctor
2884 4393 2958 4436 est
2982 4399 3000 4435 :
3026 4392 3070 4435 et
3104 4380 3271 4436 tamen
3300 4399 3416 4434 cum
3438 4396 3767 4449 qua’cumque

2168 4452 2294 4523 facit
2322 4450 2499 4515 Pater,
2526 4453 2704 4523 eadem
2734 4465 2779 4508 et
2808 4454 2853 4506 F
2856 4454 2977 4506 ilius
3002 4456 3128 4523 facit
3155 4452 3410 4523 similiter,
3452 4453 3631 4523 nonin
3662 4453 3765 4505 ali-

2164 4522 2287 4584 quid
2317 4538 2471 4591 quam
2500 4522 2553 4575 in
2584 4522 2747 4578 Deum
2776 4524 3031 4586 subsistit,
3060 4525 3126 4576 ad
3162 4522 3401 4591 facienda
3437 4522 3609 4575 omnia
3652 4538 3767 4592 qua:

2166 4593 2306 4647 Deus
2336 4592 2491 4646 Pater
2523 4594 2700 4665 faciat,
2729 4605 2956 4664 paterna:
3005 4594 3387 4665 amnipotentia:
3417 4594 3470 4647 in
3497 4609 3563 4665 se
3590 4594 3764 4647 subsi-

2164 4674 2324 4720 stente
2353 4663 2562 4729 natura,
2611 4663 3001 4721 etc.Eamdcm
3044 4663 3403 4733 objectionem
3432 4663 3640 4735 prolixe
3666 4666 3765 4719 ad-

2168 4736 2384 4791 modum
2439 4735 2689 4807 dissolvit
2717 4738 3035 4793 Ambrosius
3084 4737 3152 4791 de
3184 4735 3315 4790 Fide
3359 4752 3432 4801 tv,
3466 4737 3501 4791 4
3536 4751 3656 4807 sqq.
3686 4738 3767 4791 sic

2169 4807 2281 4861 fere
2303 4806 2666 4863 concludens:
2691 4809 2842 4876 Quod
2865 4809 2992 4862 dixit
3018 4809 3293 4878 Scriptura
3323 4809 3444 4878 quia
3472 4806 3765 4877 non’potest

2167 4895 2217 4951 a_
2247 4895 2311 4951 se,
2328 4881 2497 4947 facere
2542 4881 2843 4949 quidquam,
2890 4880 2958 4934 ad
2994 4880 3352 4951 inseparabilis
3393 4890 3438 4935 et
3485 4879 3768 4934 individua:

2168 4948 2437 5003 c/taritatis
2462 4948 2634 5004 retulit
2657 4948 2923 5005 unitatem.

2244 5030 2268 5067 ε
2300 5020 2608 5093 Objectioni
2626 5022 2949 5078 Arianorum
2973 5039 3133 5093 quam
3156 5038 3223 5079 ex
3241 5023 3545 5079 obedientia
3565 5020 3767 5093 Christi

2169 5092 2446 5161 petebant,
2489 5094 2780 5163 respondet
2811 5092 3129 5149 Ambrosius
3157 5095 3224 5150 de
3274 5094 3401 5148 Fide
3430 5111 3489 5161 tt,
3542 5093 3631 5155 10,
3656 5092 3769 5163 qui

2170 5164 2247 5217 sic
2275 5161 2551 5235 concludit
2574 5161 2595 5235 εξ
2621 5162 2687 5218 In
2712 5168 2879 5235 forma
2900 5165 3124 5221 hominis
3168 5167 3497 5229 constitutus,
3531 5162 3771 5235 subditus

2169 5244 2277 5309 erat
2289 5231 2484 5309 Ioseph
2504 5244 2548 5288 et
2560 5231 2775 5309 Maria).
2800 5236 3069 5309 Numquid
3079 5253 3197 5309 ergo
3215 5238 3380 5289 minor
3392 5247 3437 5309 et
3452 5233 3770 5309 hominibus,

2170 5307 2291 5376 quia
2308 5305 2574 5362 subditus?
2587 5308 2745 5363 Aliud
2762 5305 2983 5379 pietatis,
3002 5305 3148 5362 aliud
3166 5308 3431 5378 potestatis
3446 5316 3553 5361 est:
3568 5305 3771 5379 sednon

2169 5379 2476 5448 pra’judicat
2506 5380 2667 5447 pietas
2700 5376 2956 5450 potestati.
2978 5380 3043 5432 In
3068 5376 3173 5449 qua
3197 5395 3316 5449 ergo
3356 5379 3481 5446 legis
3511 5376 3773 5450 subditum

2172 5451 2343 5520 patri?
2368 5450 2420 5501 in
2445 5464 2659 5515 corpore
2683 5448 2896 5513 scilicet,
2927 5451 2980 5503 in
3002 5466 3104 5520 quo
3135 5448 3502 5503 eratisubditus
3526 5448 3698 5501 matri.

2244 5517 2271 5556 ¹ι
2299 5520 2540 5573 Damnati
2558 5529 2681 5573 sunt
2703 5517 3069 5575 Macedoniam
3088 5521 3139 5573 in
3159 5522 3390 5575 Concilio
3416 5520 3438 5575 1
3464 5518 3777 5574 Constanti-

2174 5591 2486 5660 nopolitanu
2531 5606 2673 5645 anno
2698 5589 2895 5646 Christi
2919 5606 3207 5647 cccuxxr.
3238 5591 3420 5662 Neque
3444 5591 3555 5647 fere
3576 5591 3645 5646 ab
3673 5590 3775 5646 hac

2174 5662 2287 5732 ipsa
2318 5672 2479 5717 aetate
2506 5662 2707 5719 distare
2730 5662 2941 5718 videtur
2969 5672 3155 5720 noster
3184 5664 3271 5722 hic
3299 5673 3487 5720 auctor
3518 5663 3773 5720 Arianus.
