4194 6184
476 309 574 366 fill

967 306 1397 367 MONUMEN‘I‘A
1438 305 1721 366 verum
1759 303 1852 362 an
1893 297 2301 360 Anluonun
2343 274 2745 358 uocantum
2786 283 3282 359 PERTINENTIA.

3677 304 3786 359 (il!

433 483 437 487 _
479 424 678 486 Filium
715 433 737 461 η
775 442 788 479 :
822 435 877 480 et
905 424 1173 481 adversus
1203 439 1298 480 eos
1319 425 1410 496 qui
1439 439 1497 478 se
1523 423 1712 480 dicunt
1741 417 2074 484 orthodnxos
2107 419 2148 476 A
2180 433 2287 469 cem
2316 415 2336 448 ³
2364 419 2556 488 facere,
2605 415 3039 486 sacriﬁcgtionem
3077 416 3099 448 ‘
3127 416 3217 472 tibi
3267 415 3457 486 offerre
3507 419 3783 490 possimus,

481 531 626 577 esse.
662 516 752 584 qui
781 515 978 572 Filium
1011 517 1274 587 a'qualem
1308 516 1418 571 Deo
1446 513 1593 570 Patri
1622 529 1714 586 per
1739 511 1916 568 omnia
1949 519 2004 566 et
2026 510 2077 563 in

478 609 731 665 omnibus
765 610 1044 668 mortifere
1073 610 1370 666 defendunt
1403 628 1415 664 :
1449 607 1664 680 quia/de
1679 607 1840 662 Patre
1866 613 1920 660 et
1941 603 2080 659 Filio

477 703 734 758 convenit
762 703 891 772 illis,
930 714 983 760 et
1014 703 1084 759 de
1103 703 1316 774 Spiritu
1351 711 1537 758 sancto
1561 699 1924 763 dissentiunt;
1955 697 2077 767 quia

476 793 566 855 isti
600 804 652 848 et
682 793 946 865 Spiritum
998 804 1247 852 sanctum
1280 809 1378 863 per
1419 794 1595 850 omnia
1627 803 1682 847 et
1732 792 1784 846 in
1825 789 2079 845 omnibus

477 897 764 956 comquaut
796 886 939 946 Patri
970 896 1025 942 et
1054 885 1226 956 Filio;
1272 885 1643 944 Macedoniani
1685 894 1866 944 autem
1900 881 2076 950 Spiri-

476 985 589 1034 tttm
615 986 864 1038 sanctum
888 977 1043 1047 jussu
1077 979 1252 1034 Patris
1279 993 1374 1050 per
1405 977 1597 1034 Filium
1626 984 1863 1038 creatum
1887 974 2077 1029 defen-

475 1071 631 1136 dunt,
671 1080 728 1126 et
780 1072 1024 1126 nuntium
1079 1081 1133 1128 et
1179 1072 1484 1132 ministrum
1516 1067 1746 1138 Patrisb
1784 1084 1906 1122 eum
1957 1081 2079 1123 esse

475 1163 794 1242 prmdicnnt,
818 1163 956 1221 sicut
979 1172 1035 1219 et
1056 1177 1155 1219 nos
1182 1174 1226 1216 ε.
1245 1161 1503 1235 (Explicit
1527 1172 1775 1216 tractatus
1797 1169 1851 1216 ut
1873 1158 2079 1234 pagina:

473 1272 691 1314 vacuum
719 1259 945 1329 spatium
969 1256 1337 1330 demonstrat.)

959 1347 1440 1406 FRAGMENTUM
1487 1347 1594 1404 VII.

553 1483 566 1497 .
612 1479 626 1496 .
674 1479 688 1494 .
733 1481 746 1494 .
794 1481 806 1494 .
837 1441 1360 1511 manupositionihus
1383 1440 1495 1500 suis
1513 1439 2076 1511 prmponuntPatrcm

476 1531 638 1598 Filio,
663 1532 790 1590 dum
819 1532 1040 1588 dicunt:
1066 1533 1210 1588 Dens
1241 1533 1496 1596 maxime,
1525 1531 1709 1586 mundi
1743 1528 1998 1586 conditor
2025 1537 2080 1585 et

475 1625 722 1692 eﬂector,
773 1627 914 1680 Deus
942 1634 996 1680 ct
1049 1626 1206 1681 Pater
1237 1624 1450 1680 Domini
1483 1625 1650 1680 nostri
1680 1623 1808 1680 Jesu
1851 1621 2072 1678 Christi.

475 1715 633 1786 Item,
667 1718 814 1774 Deus
841 1718 1165 1774 clarioribus
1198 1709 1416 1787 clarior,
1441 1717 1606 1772 celsis
1633 1715 1854 1780 celsior,
1883 1723 2074 1787 poten-

2183 511 2284 564 nisi
2313 527 2404 581 per
2433 527 2580 579 quem
2612 521 2666 565 tu
2697 509 2841 564 nobis
2880 511 3095 577 misisti,
3119 521 3172 565 et
3201 521 3419 566 cmtera.
3445 511 3580 567 Item
3615 531 3628 565 :
3659 510 3790 585 Dig-

2181 618 2303 656 num
2329 614 2374 658 et
2411 607 2613 676 justum
2646 615 2744 670 est,
2783 621 2985 674 aequum
3014 615 3062 660 et
3079 607 3276 678 justum
3299 617 3392 676 est,
3434 625 3531 661 nos
3575 607 3666 661 tibi
3698 624 3787 660 stt—

2182 711 2273 763 per
2299 698 2475 750 omnia
2501 697 2698 770 gratias
2719 712 2894 767 agere,
2923 695 3142 751 Domine
3167 707 3339 752 sancte
3363 708 3512 769 pater
3550 699 3788 770 omnipoo

2182 797 2292 841 tens
2331 797 2520 846 (uterne
2568 785 2709 841 Deus
2743 828 2757 852 ,
2807 787 2895 859 qui
2953 788 3349 858 incomparabili
3410 799 3513 844 tua:
3551 788 3789 850 bonitatis

2181 881 2445 934 honestate
2474 881 2638 933 lucem
2667 880 2687 910 ⁸
2709 880 2761 942 in
2791 879 3012 936 tenebris
3043 880 3244 952 fulgere
3285 881 3528 955 dignatus
3566 898 3640 947 es,
3671 883 3791 936 mit-

2181 983 2291 1027 tens
2319 971 2463 1026 nobis
2505 970 2688 1028 Jesunt
2733 971 2995 1027 Christum
3040 974 3406 1042 suspitatorem
3437 975 3457 1005 ⁶
3496 976 3792 1030 animarum

2181 1074 2501 1131 nostrarum,
2527 1065 2614 1133 qui
2637 1074 2824 1118 nostra:
2855 1064 3037 1118 salutis
3073 1081 3232 1120 causa
3278 1065 3601 1120 httmiliaudo
3631 1083 3688 1120 se
3722 1065 3794 1118 ad

2178 1169 2394 1214 mortem
2422 1161 2441 1192 "
2472 1176 2634 1234 usque
2685 1160 2925 1231 subjecit,
2955 1169 3010 1214 ut
3042 1176 3135 1214 nos
3164 1159 3213 1214 ei
3237 1175 3389 1230 quam
3422 1158 3444 1189 ⁸
3467 1158 3632 1212 Adam
3655 1158 3795 1213 ami—

2179 1262 2314 1308 serat
2344 1252 2719 1308 immortalitati
2740 1254 2761 1285 °
2779 1253 3066 1319 restitutos,
3109 1253 3337 1323 efﬁceret
3361 1251 3404 1282 ¹⁰
3431 1251 3524 1306 sibi
3554 1249 3788 1305 heredes

2134 1409 2139 1415 ,
2179 1360 2226 1404 et
2252 1348 2390 1418 ﬁlios
2418 1363 2430 1400 :
2473 1348 2621 1418 cujus
2645 1347 2949 1418 benignitati
2977 1347 3018 1380 “
3046 1362 3198 1420 agere
3243 1346 3461 1424 gratias,
3494 1355 3595 1399 tua:
3632 1355 3788 1398 tanta:

2179 1440 2590 1514 magnanimitati
2634 1441 2675 1471 ¹²
2719 1439 3008 1512 quibusque
3052 1437 3096 1470 ¹³
3135 1437 3375 1492 laudibus
3415 1453 3507 1492 nec
3549 1437 3790 1505 sufﬁcere

2181 1549 2474 1604 possumus.
2524 1541 2748 1604 petentes
2778 1531 2841 1585 de
2896 1542 2985 1586 tua
3025 1547 3214 1600 magna
3263 1540 3309 1584 et
3349 1528 3570 1599 ﬂexibili
3600 1529 3791 1598 pietate

2178 1636 2384 1692 accepto
2433 1626 2568 1693 [erre
2615 1623 2930 1692 sacriﬁcium
2973 1621 3134 1686 istud,
3182 1620 3322 1694 quod
3373 1619 3466 1672 tibi
3524 1617 3792 1686 o/Ierimus

2180 1727 2371 1772 stantes
2405 1715 2448 1746 “
2475 1725 2594 1768 aute
2637 1724 2963 1784 conspectum
2989 1725 3090 1768 tua:
3109 1714 3296 1768 divime
3319 1713 3542 1783 pietatis,
3580 1729 3670 1782 per
3695 1710 3791 1765 Je-

473 1811 609 1865 tium
642 1811 810 1864 virtus
842 1810 1254 1879 praepotentium
1280 1811 1418 1866 Deus
1444 1812 1496 1863 in
1517 1809 1825 1878 praecipuis,
1852 1807 1903 1861 in
1932 1821 2075 1862 sum-
2109 1801 2158 1864 Β
2182 1827 2294 1865 sunt
2323 1808 2582 1865 Christum
2607 1807 2886 1863 Dominum
2936 1818 2983 1862 et
3025 1803 3194 1862 Deunt
3227 1817 3483 1873 nostrum,
3525 1823 3615 1878 per
3642 1823 3791 1878 queat

472 1903 578 1959 mis
609 1918 876 1970 summus,
903 1903 953 1957 in
983 1902 1208 1972 singulis
1238 1901 1548 1974 singularis.
1579 1901 1709 1958 Item
1739 1899 1884 1955 nullo
1912 1900 2074 1952 modo

473 2006 794 2069 praeponunt
816 1997 870 2056 in
896 1996 1115 2066 scriptis
1145 1995 1256 2050 suis
1289 1995 1502 2050 Patrem
1554 1992 1731 2059 Filio;
1774 1993 1994 2062 insuper
2021 2003 2076 2047 et

472 2089 752 2154 damnant,
784 2089 874 2159 qui
910 2098 1231 2160 prmponnnt
1261 2087 1476 2142 Patrem
1504 2099 1519 2140 :
1545 2095 1599 2141 et
1630 2097 1737 2140 tam
1764 2087 1778 2117 ί
1809 2085 1909 2156 ipsi
1941 2100 2076 2156 prte-

468 2191 678 2252 ponunt
713 2181 930 2236 Patrem
958 2179 1096 2234 Filio
1123 2179 1176 2233 in
1199 2178 1471 2248 symbolo,
1497 2177 1624 2231 dum
1649 2177 1838 2233 dicunt
1861 2195 1872 2228 :
1907 2176 2076 2231 credis

478 2273 532 2324 in
596 2269 766 2324 Deum
812 2269 1023 2324 Patrem
1075 2271 1492 2340 omnipotentem,
1547 2280 1825 2325 creatorem
1876 2270 1990 2345 caeli
2032 2278 2077 2324 et

470 2363 654 2418 terrae?
709 2361 876 2420 credis
907 2372 956 2415 et
1017 2361 1070 2415 in
1115 2359 1241 2416 Iesu
1288 2359 1493 2416 Christo
1526 2360 1664 2416 Filio
1715 2364 1826 2429 eius
1860 2363 1914 2415 ’?
1945 2363 2076 2418 [tem

473 2455 624 2514 nullo
652 2455 814 2512 modo
843 2467 1163 2526 praeponam
1194 2455 1334 2510 Filio
1367 2455 1580 2511 Patrem
1603 2455 1656 2510 in
1682 2456 1900 2526 scriptis
1923 2457 2035 2514 suis
2061 2475 2074 2510 :

471 2549 699 2618 insuper
751 2549 1014 2607 damnant
1064 2564 1290 2617 omnes,
1339 2551 1430 2621 qui
1484 2559 1804 2621 prteponunt
1858 2545 2077 2606 Patrem

471 2642 614 2698 Filio
643 2661 654 2696 :
688 2651 744 2699 et
771 2652 950 2699 tamen
980 2642 1085 2715 ipsi
1124 2646 1176 2700 in
1211 2643 1680 2700 benediCtionibus
1718 2645 1829 2702 suis
1867 2661 2078 2716 pra’po—

473 2747 609 2790 nunt
632 2735 846 2790 Patrem
895 2735 1057 2802 Filio,
1099 2736 1226 2792 dum
1260 2737 1446 2794 dicunt
1479 2755 1492 2792 :
1536 2736 1676 2792 Deus
1703 2748 1749 2792 et
1780 2737 1936 2794 Pater
1968 2737 2074 2793 Do-

471 2830 599 2885 mini
625 2833 789 2884 nostri
823 2830 951 2886 Jesu
979 2829 1195 2898 Christi,
1227 2832 1316 2904 qui
1368 2841 1415 2886 te
1456 2833 1774 2908 regeneravit
1813 2848 1876 2886 ea:
1915 2849 2071 2905 aqua,

470 2923 584 2988 ipse
635 2932 682 2977 te
722 2923 845 2978 liuet
873 2923 1079 2994 Spiritu
1122 2935 1322 2992 sancto,
1374 2935 1428 2980 et
1454 2937 1673 2981 caetera.
1710 2924 1871 2982 Nullo
1910 2926 2074 2982 modo

470 3027 790 3088 praeponam
815 3017 1026 3072 Patrem
1052 3017 1190 3072 Filio
1210 3018 1261 3072 in
1279 3020 1498 3088 scriptis
1525 3020 1672 3086 suis;
1704 3021 1930 3090 insuper
1957 3036 2073 3076 om-

471 3124 588 3172 nes,
625 3109 716 3179 qui
750 3120 1077 3180 prteponunt
1100 3108 1314 3164 Patrem
1351 3109 1488 3164 Filio
1509 3108 1558 3175 t1,
1592 3110 1984 3178 condemnant;
2017 3121 2074 3168 et

469 3210 649 3256 tamen
679 3201 784 3270 ipsi
813 3211 1132 3272 pratponunt
1165 3203 1380 3256 Patrem
1430 3202 1572 3256 Filio
1619 3203 1670 3256 itt
1707 3203 2081 3259 oblationibus

468 3296 580 3350 suis
607 3295 851 3350 dicentes
882 3305 904 3332 θ
941 3313 953 3349 :
991 3295 1219 3368 Dignum
1257 3306 1307 3349 et
1336 3299 1536 3367 justum
1580 3306 1654 3350 est
1681 3312 1772 3351 nos
1795 3296 1887 3350 tibi
1912 3297 1997 3350 hic
2019 3306 2067 3350 et

467 3387 650 3456 ubique
671 3389 867 3459 gratias
893 3404 1062 3459 agere,
1097 3386 1320 3441 Domine
1344 3397 1521 3441 sancte
1540 3388 1862 3458 omnipotens
1886 3388 2028 3443 Deus
2052 3405 2072 3444 :

465 3494 629 3549 neque
659 3489 730 3533 est
757 3481 916 3548 alius,
941 3497 1032 3550 per
1063 3497 1212 3552 quem
1257 3479 1326 3534 ad
1365 3489 1412 3536 te
1462 3481 1661 3535 aditum
1704 3481 1909 3550 habere,
1951 3501 2070 3556 pre-

539 3642 556 3672 ¹
589 3641 664 3695 lta
695 3641 816 3698 cod.
848 3658 942 3712 pro
969 3651 1160 3707 tanten,
1196 3648 1254 3696 nt
1294 3649 1452 3712 recte
1481 3640 1738 3696 scribitur
1775 3640 1938 3698 "infra.
1967 3640 2056 3698 Ni-
2087 3641 2132 3704 C

461 3711 755 3786 hilominus
787 3710 861 3770 ita
889 3715 946 3769 lit
973 3713 1135 3769 etiam
1166 3711 1306 3786 apud
1338 3710 1668 3767 Frontonem
1700 3729 1752 3783 p.
1779 3712 1900 3780 175,
1927 3712 2052 3770 v.5.

457 3801 490 3840 a
523 3784 651 3840 line.
1203 3784 1206 3786 ’

466 3845 470 3848 ’
531 3857 554 3958 ς
582 3857 940 3958 ξίρλωηιειιιτ
965 3870 1124 3912 casus
1148 3856 1200 3911 in
1231 3853 1357 3912 cod.

532 3926 553 3958 ³
594 3926 729 3984 Cod.
757 3944 996 4000 praecem.

532 3996 555 4069 ξ
591 3998 725 4069 Cod.
767 3998 1100 4069 sacriﬁcatio.

535 4065 556 4099 ⁵
593 4068 726 4124 Cod.
758 4070 896 4124 luce.

465 4151 468 4154 '
535 4137 556 4169 ⁸
591 4137 667 4195 Ita
697 4141 821 4196 cod.

455 4285 469 4294 '
530 4291 557 4320 α
598 4279 1010 4337 Macedonianos
1035 4279 1382 4337 consensisse
1402 4295 1524 4336 cum
1546 4280 1844 4338 Catholicis
1865 4281 1930 4337 de
1949 4281 2051 4337 Pa-

455 4363 541 4409 tre
569 4353 850 4425 Ftlioque.
881 4369 945 4409 ac
991 4353 1057 4409 de
1088 4352 1295 4421 Spiritu
1323 4365 1513 4416 sancto
1536 4353 1910 4425 tantummodo
1937 4354 2047 4409 dis-

450 4427 709 4490 sensisse,
729 4423 1028 4482 dicitetiam
1049 4425 1377 4494 Augustinus
1389 4435 1574 4480 contra
1591 4423 1864 4482 Maximin.
1880 4442 1939 4490 ll,
1955 4425 2045 4480 25.

523 4496 551 4535 δ
596 4498 852 4570 Didymus
880 4497 1213 4552 orthodoxus
1241 4497 1308 4554 de
1335 4495 1429 4565 Sp.
1455 4513 1501 4552 s.
1539 4495 1595 4560 η’.
1637 4497 1707 4570 50
1748 4514 1760 4550 :
1789 4496 1978 4570 Missus
2017 4514 2049 4549 a

455 4563 614 4624 Patre
639 4563 868 4639 Spiritus
891 4579 1120 4634 sanctus,
1145 4585 1247 4622 non
1276 4563 1471 4635 seruus,
1497 4586 1600 4624 non
1627 4569 1786 4636 alius,
1819 4584 1912 4624 nec
1939 4567 2050 4623 dis-

444 4643 663 4708 jmtctus
687 4638 723 4693 tt
766 4638 924 4704 Filia,
956 4640 1292 4710 intelligatur.

527 4721 548 4748 ε
580 4710 693 4768 lmo
735 4712 1072 4779 exploratum
1122 4708 1204 4766 est
1240 4708 1682 4768 Macedoniaitam
1712 4708 1959 4764 haeresim
1983 4725 2049 4766 ex

2183 1903 2402 1976 petimus
2424 1911 2469 1956 et
2499 1916 2766 1972 rogamus.
2784 1900 2946 1955 Nullo
2974 1899 3138 1956 modo
3168 1907 3503 1970 pra-ponunt.

2233 2063 2238 2066 ί
2648 1991 3130 2048 ριιΑωιΕΝτυΜ
3170 1989 3309 2047 VIII.

2263 2129 2274 2140 .
2325 2130 2333 2140 .
2383 2126 2397 2141 .
2441 2085 2660 2142 Patrem
2687 2096 2740 2142 et
2769 2085 2996 2154 Filium,
3027 2084 3132 2140 hoc
3170 2092 3255 2144 est
3284 2085 3424 2139 inter
3461 2083 3644 2140 lumen
3685 2101 3788 2140 na-

2185 2191 2297 2238 tum
2328 2191 2380 2237 et
2413 2181 2552 2238 inter
2583 2182 2762 2238 lumen
2795 2195 2900 2235 non
2931 2187 3138 2234 natum.
3168 2177 3277 2234 Nos
3307 2193 3438 2234 vero
3465 2177 3788 2248 Christiani,

2185 2277 2382 2347 quibus
2425 2277 2737 2348 impositum
2770 2284 2854 2330 est
2897 2275 3092 2330 falsum
3138 2291 3338 2330 nomen
3367 2275 3600 2336 Arianos
3632 2274 3674 2342 ι’,
3712 2277 3795 2332 sic

2183 2369 2458 2424 credimus
2484 2381 2538 2423 et
2585 2367 3034 2434 bonot-ilicamus,
3079 2375 3139 2422 ut
3174 2383 3335 2438 supra
3365 2367 3627 2436 scriptum
3655 2377 3742 2424 est
3773 2387 3788 2422 :

2183 2464 2307 2534 quia
2372 2462 2512 2517 Deus
2565 2461 2724 2516 Pater
2778 2461 3123 2530 omnipotens
3175 2459 3351 2528 ipsum
3409 2458 3606 2515 Filium
3661 2471 3792 2516 ante

2183 2556 2364 2611 omnia
2396 2565 2420 2603 ις
2455 2556 2624 2611 voluit
2668 2570 2821 2624 esse,
2871 2564 2926 2610 et
2964 2563 3044 2609 est
3079 2563 3133 2609 et
3182 2562 3470 2624 permanet
3511 2571 3524 2606 :
3563 2563 3620 2610 et
3663 2556 3790 2626 quia

2184 2648 2326 2702 Deus
2365 2646 2525 2702 Pater
2551 2647 2734 2702 omnia
2773 2657 2827 2702 et
2860 2661 2959 2701 nos
2991 2646 3196 2701 creavit
3237 2660 3330 2716 per
3376 2644 3613 2712 Filium,
3660 2647 3792 2718 quia

2180 2748 2334 2811 pater
2357 2739 2519 2812 jussit
2547 2739 2724 2806 Filio,
2756 2749 2812 2795 et
2850 2739 3029 2794 statim
3070 2737 3241 2793 Filius
3270 2739 3396 2795 fecit
3426 2755 3439 2792 :
3472 2739 3712 2810 regimur
3757 2755 3789 2794 a

2181 2831 2339 2888 Patre
2385 2848 2479 2902 per
2506 2831 2702 2888 Filium
2723 2873 2739 2899 ,
2773 2833 2898 2906 quia
2931 2842 3087 2904 pater
3109 2815 3275 2909 jussit
3312 2830 3488 2900 Filio,
3520 2839 3576 2888 et
3619 2832 3791 2890 Filius

2179 2928 2317 2996 regit
2349 2942 2466 2981 nos.
2497 2926 2657 2986 Pater
2687 2927 2832 2982 dedit
2865 2927 3040 2999 legem
3070 2926 3237 2999 Moysi
3267 2942 3364 2998 per
3395 2925 3590 2983 Filium
3619 2969 3633 2996 ,
3663 2943 3792 2998 pro-

2178 3021 2372 3090 phetas
2396 3022 2651 3077 instruxit
2675 3036 2772 3093 per
2793 3020 3010 3086 Filium,
3037 3021 3160 3092 quia
3176 3021 3336 3076 Pater
3355 3019 3511 3094 jussit
3536 3020 3698 3088 Filio,
3726 3030 3785 3076 et

2179 3112 2353 3182 legent
2385 3113 2533 3167 dedit
2561 3124 2614 3169 et
2648 3114 2939 3184 pmphetas
2968 3114 3228 3168 insmtxit
3257 3131 3270 3169 :
3303 3114 3535 3169 redemit
3563 3128 3662 3170 nos
3687 3113 3789 3169 Pa-

2178 3211 2280 3268 ter,
2314 3215 2368 3260 et
2397 3205 2606 3259 remisit
2637 3206 2796 3262 nobis
2826 3215 3050 3277 peccata
3083 3221 3180 3280 per
3208 3205 3426 3274 Filium,
3458 3206 3584 3280 quia
3615 3205 3786 3262 Filius

2174 3295 2326 3366 jussu
2357 3297 2532 3351 Patris
2555 3307 2610 3352 et
2635 3299 2869 3353 redemit
2896 3313 2997 3353 nos
3024 3309 3079 3354 et
3106 3298 3315 3353 remisit
3339 3299 3498 3356 nobis
3519 3310 3737 3369 peccata
3767 3317 3780 3352 :

2177 3387 2326 3442 dedit
2353 3388 2512 3442 nobis
2539 3388 2702 3444 Pater
2725 3388 2986 3460 Spiritum
3015 3397 3262 3444 sanctum
3288 3404 3390 3461 per
3413 3389 3628 3456 Filium,
3654 3389 3783 3460 quia

2178 3485 2339 3541 Pater
2364 3485 2528 3556 jussit
2572 3485 2744 3556 Filio,
2777 3497 2832 3544 et
2861 3487 3043 3544 statim
3075 3485 3248 3542 Filius
3278 3485 3427 3543 dedit
3459 3486 3614 3542 nobis
3657 3485 3783 3556 Spi-

2239 3643 2258 3674 ⁷
2299 3641 2434 3697 Cod.
2466 3661 2497 3697 a
2526 3653 2708 3702 morte.

2241 3713 2262 3787 β
2299 3712 2411 3787 Cod
2424 3756 2435 3768 .
2467 3733 2586 3787 que.

2242 3786 2262 3818 ’
2300 3785 2435 3840 Cod.
2457 3785 2862 3844 immortalitate.

2243 3856 2286 3890 ‘°
2324 3857 2456 3929 Cod.
2488 3859 2698 3929 efﬁcere.

2242 3929 2287 4000 ’γι
2328 3927 2462 4000 Cod.
2496 3927 2852 4000 benignitates.

2323 3999 2455 4075 Cod.
2483 3999 2928 4075 magnanimitate.

2241 4069 2285 4101 ¹³
2323 4069 2400 4124 Ita
2430 4071 2556 4126 cod.

2242 4141 2282 4172 "'
2323 4140 2457 4198 Cod.
2487 4153 2678 4200 stante.

2155 4283 2227 4338 lio
2270 4283 2442 4353 pleno.
2483 4281 2592 4339 Sed
2639 4282 2810 4353 multo
2852 4282 3053 4353 justius
3100 4279 3325 4353 dicitur_
3345 4279 3414 4334 an
3463 4279 3770 4353 orthodoxo

2153 4350 2295 4421 apud
2330 4353 2590 4410 Hilarium
2619 4355 2684 4410 ad
2718 4350 2909 4409 Conslt.
2943 4351 3081 4422 Aug.
3114 4368 3152 4414 ι,
3181 4352 3217 4406 2
3243 4370 3254 4404 :
3286 4350 3590 4414 Cat/totiens
3619 4369 3732 4410 sum
3752 4393 3766 4414 ,

2153 4427 2275 4480 uolo
2301 4443 2407 4481 esse
2430 4427 2733 4493 hmeticus;
2762 4424 3085 4480 Christianus
3109 4440 3224 4484 sum
3245 4465 3260 4488 .
3289 4441 3395 4480 non
3428 4424 3674 4477 Arianus.
3705 4425 3770 4476 lit

2153 4496 2210 4569 ΠΖ
2242 4497 2274 4553 6
2311 4515 2324 4552 ε
2377 4496 2576 4569 Cogunt
2614 4513 2714 4554 non
2745 4506 2799 4550 ut
2835 4493 3344 4569 Christiaui‘omnes
3394 4497 3531 4562 sint,
3574 4497 3667 4569 sed
3692 4507 3766 4569 ut

2153 4568 2356 4622 Ariani.
2402 4564 2493 4624 Sic
2537 4569 2778 4636 loquitur
2824 4581 2970 4634 saepe
3013 4564 3231 4620 Lucifer
3273 4575 3388 4636 tum
3441 4566 3765 4624 nominatim

2162 4649 2352 4694 contra
2379 4641 2567 4694 Const.
2603 4635 2690 4692 ed.
2720 4636 2893 4693 Coleti
2925 4637 2993 4692 47
3016 4643 3071 4691 et
3098 4636 3206 4692 225
3233 4656 3246 4692 :
3277 4635 3404 4694 Cum
3427 4642 3497 4690 sis
3519 4637 3763 4704 Arianus,

2155 4719 2201 4766 le
2250 4711 2404 4784 ﬁngis
2448 4709 2830 4784 ζζΙιμ-ξέςιὶαηῃηι.⁸
2872 4708 2932 4763 Ει
2984 4706 3130 4784 ρηθῖ
3161 4726 3173 4760 :
3207 4705 3340 4764 Cum
3384 4707 3761 4784 sit_is_4r_iaui,

455 4780 650 4862 ériana
694 4777 859 4862 fuisse
897 4781 1337 4862 progenitaml'ut
1383 4781 1456 4834 ait
1488 4781 1748 4862 Damasus
1788 4781 2049 4862 epist._ad
2153 4777 2831 4862 quomodo-diciChristiani
2853 4779 3126 4862 poteritis
3147 4795 3264 4862 cum
3287 4780 3481 4862 negetis
3502 4777 3765 4862 Christum

453 4850 665 4906 Paulin.
696 4850 964 4905 Praeterea
997 4850 1180 4907 narrat
1230 4851 1486 4921 Didymus
1540 4852 1606 4907 de
1653 4850 1807 4908 Trin.
1863 4869 1923 4919 tt,
1961 4853 2048 4916 10.

2156 4850 2386 4924 unicum
2410 4851 2506 4913 Dei
2542 4853 2739 4924 ﬁlium,
2779 4861 2885 4924 etc_.
2923 4850 3050 4924 item
3073 4850 3406 4924 Ambrosius
3447 4851 3517 4924 d‘e
3546 4850 3758 4924 l_nc_arn_.

453 4903 834 5002 λμίεραίηίίίιί...
851 4903 2050 5002 saginasaginam“;pinguissima;
2079 4903 2133 4962 D
2157 4903 2442 5002 ςιε
2455 4903 2952 5002 “institisti
2971 4903 3428 5002 ignauiam.
3453 4903 3758 5002 enatant,

453 4995 523 5050 ab
569 4994 669 5049 hoc
711 5001 892 5051 autem
921 4993 1117 5049 factum
1163 4995 1476 5063 episcopum
1507 4995 1904 5051 Marathoniam
1955 4996 2054 5050 bo-

447 5067 694 5123 mmusiaa
717 5066 1090 5136 coryphaeum.
1364 5121 1368 5126 ,

523 5137 552 5214 _d_
590 5140 768 5214 Quare
790 5135 840 5194 in
866 5135 1248 5214 ecl-lesiastieis
1276 5137 1492 5214 scriptis
1523 5148 1868 5214 praeponatur
1891 5137 2056 5193 Pater

449 5208 624 5275 Filio,
647 5211 908 5266 rationem
965 5208 1137 5264 reddit
1179 5208 1400 5263 Pltotitts
1447 5211 1498 5263 in
1525 5208 1694 5265 edita
1723 5225 1752 5262 a
1785 5225 1872 5263 me
1909 5225 2057 5278 qutu-

445 5286 626 5340 stione
657 5280 1098 5351 Ampltilocbiana
1115 5280 1238 5335 £90.
1256 5280 1317 5336 Et
1342 5279 1559 5351 quidem
1583 5295 1612 5333 a
1636 5280 1692 5334 S.
1717 5279 1884 5351 Paulo
1912 5279 2055 5347 prio-

445 5356 728 5414 remPatre
755 5349 1041 5423 aliquando
1071 5353 1334 5412 nominari
1357 5349 1551 5410 Filium
1575 5351 1826 5406 observat
1855 5349 2051 5406 Cerea-

450 5427 520 5480 lis
542 5437 717 5483 contr.
748 5426 883 5486 Max.
915 5440 1036 5491 cap.
1069 5423 1157 5478 i9.

2157 5006 2206 5050 et
2228 4990 2460 5067 quadam
2501 4995 2846 5064 nuncupatim
2874 4993 2997 5067 ﬁdei
3026 4994 3382 5064 germanitate,
3408 4990 3765 5062 parricidiali—

2159 5064 2255 5120 bus
2273 5067 2464 5139 gladiis
2491 5083 2583 5120 nos
2607 5067 2818 5139 cupiunt
2843 5064 3129 5118 vulnerare.

2233 5148 2257 5183 ε
2275 5135 2502 5206 ’Νθιηρε
2523 5145 2648 5192 ante
2669 5135 2850 5206 Omnia
2874 5145 3080 5201 creata,
3102 5136 3182 5190 vel
3209 5146 3334 5206 ante
3349 5135 3529 5198 omnia
3553 5142 3756 5202 cmpla-

2159 5224 2279 5263 rum
2309 5205 2486 5264 rerum
2529 5208 2748 5262 ssecnla.
2794 5205 2890 5260 llic
2931 5208 3074 5260 enim
3117 5217 3232 5261 erat
3263 5205 3496 5262 Arianns
3527 5220 3754 5270 sensus;

2160 5280 2230 5334 ita
2265 5290 2322 5333 ut
2365 5280 2505 5336 tilius
2542 5279 2754 5336 nonnisi
2799 5277 3258 5332 excellentissima
3285 5288 3339 5333 et
3382 5275 3756 5347 antiquissima

2160 5360 2305 5405 esset
2336 5362 2602 5404 creatura.
2635 5349 2836 5404 Contra
2863 5347 3002 5403 hunc
3025 5363 3266 5404 errorem
3288 5391 3302 5414 ,
3333 5348 3404 5408 ab
3432 5349 3553 5404 aliis
3592 5347 3760 5415 patri-

2155 5419 2258 5475 bus
2307 5421 2502 5490 passim
2548 5420 2874 5485 refutatum,
2931 5419 3188 5491 Claudius
3238 5419 3422 5480 Piceni
3469 5423 3758 5491 episcopus

525 5510 547 5534 υ
588 5499 847 5553 Notemus
869 5488 1149 5562 sequentia
1173 5510 1238 5549 ex
1259 5491 1575 5566 praefatione
1596 5491 1968 5566 antiquissima
1992 5502 2048 5549 et
2079 5511 2084 5516 ·
2151 5488 2317 5563 apud
2339 5493 2485 5548 Hier.
2529 5493 2659 5566 dial.
2711 5492 2833 5566 a‘dv.
2864 5489 3042 5566 Lucil.
3084 5490 3143 5566 ﬂ,
3185 5492 3282 5566 18,
3314 5488 3588 5566 aiebat—in
3633 5488 3758 5566 Ari-

445 5581 656 5624 canoite
690 5569 866 5622 miSsm
900 5566 1223 5636 fragmenta.

526 5636 545 5675 ί
596 5641 687 5694 Dic
718 5639 899 5694 Ariani
929 5633 1012 5692 rei
1049 5636 1275 5694 Arionis.
1306 5635 1398 5693 Sic
1433 5643 1613 5694 autem
1659 5635 1896 5706 loquitur
1922 5633 2045 5689 Pal-

444 5709 622 5766 ladius
651 5710 881 5763 Arianus
907 5707 1047 5776 apud
1078 5707 1239 5776 Vigil.
1263 5706 1640 5776 Taps.concil.
1667 5705 1848 5776 Aquil.
1875 5706 1966 5760 lib.
2000 5721 2041 5772 ι,

2151 5559 2380 5619 ttiinensi
2410 5565 2638 5619 concilio
2666 5583 2680 5617 :
2718 5562 2776 5618 Si
2807 5564 2919 5633 quis
2961 5562 3145 5615 dixerit
3179 5559 3370 5615 Filium
3397 5559 3494 5615 Dei
3519 5577 3627 5617 esse
3642 5559 3757 5633 qui-

2148 5636 2264 5689 dem
2303 5645 2420 5692 ante
2462 5636 2635 5692 omnia
2676 5632 2897 5696 sa’cula.
2929 5633 3018 5690 sed
3061 5649 3161 5686 non
3203 5642 3321 5693 ante
3366 5648 3516 5688 omne
3544 5632 3754 5686 omnino

2146 5716 2367 5780 tenuius,
2392 5715 2444 5760 ut
2465 5708 2511 5760 ei
2531 5706 2726 5780 aliquid
2753 5707 3007 5780 anteferat
3035 5705 3184 5780 (puta
3206 5701 3452 5772 Patrem)
3475 5702 3747 5762 anathema

447 5797 502 5854 p.
533 5781 674 5838 488:
709 5774 956 5833 Diximus
989 5774 1298 5847 probaluros
1329 5774 1422 5833 nos
1444 5774 1764 5833 Christianos
1790 5777 1846 5832 in
1869 5778 2042 5832 conci-
2142 5778 2230 5832 sit.
2254 5776 2511 5832 Dixerunt
2537 5774 2731 5844 cuncti,
2760 5774 3139 5831 anathema's'it.
