  <div class='ocr_page' id='page_1' title='image "/cluster/home/n/w/nwhite01/storage/ocr_20150623/13/hvd.32044096580428/312.png"; bbox 0 0 4194 6184; ppageno 0'>
   <div class='ocr_carea' id='block_1_1' title="bbox 361 372 467 436">
    <p class='ocr_par' dir='ltr' id='par_1_1' title="bbox 361 372 467 436">
     <span class='ocr_line' id='line_1_1' title="bbox 361 372 467 436; baseline -0.019 0"><span class='ocrx_word' id='word_1_1' title='bbox 361 372 467 436; x_wconf 66' lang='grc'><strong>(313</strong></span> 
     </span>
    </p>
   </div>
   <div class='ocr_carea' id='block_1_2' title="bbox 862 369 3193 450">
    <p class='ocr_par' dir='ltr' id='par_1_2' title="bbox 862 369 3193 450">
     <span class='ocr_line' id='line_1_2' title="bbox 862 369 3193 450; baseline 0.006 -15"><span class='ocrx_word' id='word_1_2' title='bbox 862 376 1286 437; x_wconf 81' lang='lat' dir='ltr'><strong>MONUMENTA</strong></span> <span class='ocrx_word' id='word_1_3' title='bbox 1327 369 1610 434; x_wconf 78' lang='lat' dir='ltr'><strong>VETERA</strong></span> <span class='ocrx_word' id='word_1_4' title='bbox 1648 379 1739 434; x_wconf 85' lang='lat' dir='ltr'><strong>AD</strong></span> <span class='ocrx_word' id='word_1_5' title='bbox 1779 379 2182 439; x_wconf 74' lang='lat' dir='ltr'><strong>ARIANOHUM</strong></span> <span class='ocrx_word' id='word_1_6' title='bbox 2223 383 2620 444; x_wconf 63' lang='lat' dir='ltr'><strong>DOCTRINAM</strong></span> <span class='ocrx_word' id='word_1_7' title='bbox 2661 388 3148 450; x_wconf 79' lang='lat' dir='ltr'><strong>PERTINENTIA.</strong></span> <span class='ocrx_word' id='word_1_8' title='bbox 3176 397 3193 418; x_wconf 82' lang='grc'><strong>·’</strong></span> 
     </span>
    </p>
   </div>
   <div class='ocr_carea' id='block_1_3' title="bbox 3552 399 3656 452">
    <p class='ocr_par' dir='ltr' id='par_1_3' title="bbox 3552 399 3656 452">
     <span class='ocr_line' id='line_1_3' title="bbox 3552 399 3656 452; baseline -0.01 0"><span class='ocrx_word' id='word_1_9' title='bbox 3552 399 3656 452; x_wconf 81' lang='lat' dir='ltr'>6H</span> 
     </span>
    </p>
   </div>
   <div class='ocr_carea' id='block_1_4' title="bbox 359 493 3657 580">
    <p class='ocr_par' dir='ltr' id='par_1_4' title="bbox 359 493 3657 580">
     <span class='ocr_line' id='line_1_4' title="bbox 359 493 3657 580; baseline 0.005 -30"><span class='ocrx_word' id='word_1_10' title='bbox 359 493 520 550; x_wconf 89' lang='lat' dir='ltr'><strong>ritum</strong></span> <span class='ocrx_word' id='word_1_11' title='bbox 563 504 816 572; x_wconf 83' lang='lat' dir='ltr'><strong>sanctum</strong></span> <span class='ocrx_word' id='word_1_12' title='bbox 843 512 855 546; x_wconf 89' lang='lat'><strong>:</strong></span> <span class='ocrx_word' id='word_1_13' title='bbox 887 494 1160 548; x_wconf 82' lang='lat' dir='ltr'><strong>exaudivit</strong></span> <span class='ocrx_word' id='word_1_14' title='bbox 1193 495 1207 525; x_wconf 87' lang='grc'>¹</span> <span class='ocrx_word' id='word_1_15' title='bbox 1243 511 1339 547; x_wconf 85' lang='lat' dir='ltr'><strong>nos</strong></span> <span class='ocrx_word' id='word_1_16' title='bbox 1388 494 1548 548; x_wconf 88' lang='lat' dir='ltr'><strong>Pater</strong></span> <span class='ocrx_word' id='word_1_17' title='bbox 1573 501 1628 547; x_wconf 91' lang='lat' dir='ltr'><strong>et</strong></span> <span class='ocrx_word' id='word_1_18' title='bbox 1673 495 1961 548; x_wconf 73' lang='lat' dir='ltr'><strong>miseretur</strong></span> <span class='ocrx_word' id='word_1_19' title='bbox 1991 498 2042 556; x_wconf 83' lang='grc' dir='ltr'><strong>Α</strong></span> <span class='ocrx_word' id='word_1_20' title='bbox 2068 495 2283 565; x_wconf 59' lang='lat' dir='ltr'><strong>sijussu</strong></span> <span class='ocrx_word' id='word_1_21' title='bbox 2306 499 2423 554; x_wconf 78' lang='lat' dir='ltr'><strong>Filii</strong></span> <span class='ocrx_word' id='word_1_22' title='bbox 2449 501 2610 558; x_wconf 83' lang='lat' dir='ltr'><strong>Pater</strong></span> <span class='ocrx_word' id='word_1_23' title='bbox 2632 508 3657 580; x_wconf 75' lang='lat' dir='ltr'><strong>corpusexrirgineacct-pit,deposuit,</strong></span> 
     </span>
    </p>
   </div>
   <div class='ocr_carea' id='block_1_5' title="bbox 361 585 1960 658">
    <p class='ocr_par' dir='ltr' id='par_1_5' title="bbox 361 585 1960 658">
     <span class='ocr_line' id='line_1_5' title="bbox 361 585 1960 658; baseline -0.001 -16"><span class='ocrx_word' id='word_1_24' title='bbox 361 602 458 658; x_wconf 88' lang='lat' dir='ltr'><strong>per</strong></span> <span class='ocrx_word' id='word_1_25' title='bbox 483 585 706 656; x_wconf 80' lang='lat' dir='ltr'><strong>Filium,</strong></span> <span class='ocrx_word' id='word_1_26' title='bbox 732 587 856 656; x_wconf 90' lang='lat' dir='ltr'><strong>quia</strong></span> <span class='ocrx_word' id='word_1_27' title='bbox 895 602 1069 657; x_wconf 85' lang='lat' dir='ltr'><strong>genua</strong></span> <span class='ocrx_word' id='word_1_28' title='bbox 1103 595 1159 642; x_wconf 91' lang='lat' dir='ltr'><strong>et</strong></span> <span class='ocrx_word' id='word_1_29' title='bbox 1195 587 1462 641; x_wconf 80' lang='lat' dir='ltr'><strong>cervicem</strong></span> <span class='ocrx_word' id='word_1_30' title='bbox 1511 585 1781 641; x_wconf 80' lang='lat' dir='ltr'><strong>ﬂectimus</strong></span> <span class='ocrx_word' id='word_1_31' title='bbox 1814 585 1960 640; x_wconf 88' lang='lat' dir='ltr'><strong>Patri</strong></span> 
     </span>
    </p>
   </div>
   <div class='ocr_carea' id='block_1_6' title="bbox 361 678 1962 751">
    <p class='ocr_par' dir='ltr' id='par_1_6' title="bbox 361 678 1962 751">
     <span class='ocr_line' id='line_1_6' title="bbox 361 678 1962 751; baseline 0 -19"><span class='ocrx_word' id='word_1_32' title='bbox 361 694 460 749; x_wconf 88' lang='lat' dir='ltr'><strong>per</strong></span> <span class='ocrx_word' id='word_1_33' title='bbox 488 679 724 734; x_wconf 89' lang='lat' dir='ltr'><strong>Filium:</strong></span> <span class='ocrx_word' id='word_1_34' title='bbox 757 680 1042 734; x_wconf 74' lang='lat' dir='ltr'><strong>suscitavit</strong></span> <span class='ocrx_word' id='word_1_35' title='bbox 1076 679 1238 734; x_wconf 89' lang='lat' dir='ltr'><strong>Pater</strong></span> <span class='ocrx_word' id='word_1_36' title='bbox 1277 679 1534 750; x_wconf 86' lang='lat' dir='ltr'><strong>templqu</strong></span> <span class='ocrx_word' id='word_1_37' title='bbox 1578 678 1696 734; x_wconf 83' lang='lat' dir='ltr'><strong>Filii</strong></span> <span class='ocrx_word' id='word_1_38' title='bbox 1739 679 1821 733; x_wconf 86' lang='lat' dir='ltr'><strong>sui</strong></span> <span class='ocrx_word' id='word_1_39' title='bbox 1864 694 1962 751; x_wconf 89' lang='lat' dir='ltr'><strong>per</strong></span> 
     </span>
    </p>
   </div>
   <div class='ocr_carea' id='block_1_7' title="bbox 360 771 1957 842">
    <p class='ocr_par' dir='ltr' id='par_1_7' title="bbox 360 771 1957 842">
     <span class='ocr_line' id='line_1_7' title="bbox 360 771 1957 842; baseline 0 -15"><span class='ocrx_word' id='word_1_40' title='bbox 360 771 584 836; x_wconf 82' lang='lat' dir='ltr'><strong>Filium,</strong></span> <span class='ocrx_word' id='word_1_41' title='bbox 617 772 743 842; x_wconf 88' lang='lat' dir='ltr'><strong>quia</strong></span> <span class='ocrx_word' id='word_1_42' title='bbox 772 771 932 826; x_wconf 87' lang='lat' dir='ltr'><strong>Pater</strong></span> <span class='ocrx_word' id='word_1_43' title='bbox 954 771 1119 842; x_wconf 78' lang='lat' dir='ltr'><strong>jussit</strong></span> <span class='ocrx_word' id='word_1_44' title='bbox 1146 771 1285 826; x_wconf 83' lang='lat' dir='ltr'><strong>Filio</strong></span> <span class='ocrx_word' id='word_1_45' title='bbox 1324 784 1377 825; x_wconf 94' lang='lat' dir='ltr'><strong>ut</strong></span> <span class='ocrx_word' id='word_1_46' title='bbox 1411 777 1709 842; x_wconf 80' lang='lat' dir='ltr'><strong>suseiperet</strong></span> <span class='ocrx_word' id='word_1_47' title='bbox 1738 787 1957 840; x_wconf 85' lang='lat' dir='ltr'><strong>Corpus,</strong></span> 
     </span>
    </p>
   </div>
   <div class='ocr_carea' id='block_1_8' title="bbox 361 865 1957 935">
    <p class='ocr_par' dir='ltr' id='par_1_8' title="bbox 361 865 1957 935">
     <span class='ocr_line' id='line_1_8' title="bbox 361 865 1957 935; baseline -0.001 -15"><span class='ocrx_word' id='word_1_48' title='bbox 361 867 660 934; x_wconf 62' lang='lat' dir='ltr'><strong>deponeret</strong></span> <span class='ocrx_word' id='word_1_49' title='bbox 681 908 696 931; x_wconf 93' lang='lat'><strong>,</strong></span> <span class='ocrx_word' id='word_1_50' title='bbox 741 866 934 920; x_wconf 88' lang='lat' dir='ltr'><strong>iterum</strong></span> <span class='ocrx_word' id='word_1_51' title='bbox 979 865 1246 935; x_wconf 86' lang='lat' dir='ltr'><strong>reciperet</strong></span> <span class='ocrx_word' id='word_1_52' title='bbox 1278 867 1434 920; x_wconf 90' lang='lat' dir='ltr'><strong>tertia</strong></span> <span class='ocrx_word' id='word_1_53' title='bbox 1469 865 1555 920; x_wconf 90' lang='lat' dir='ltr'><strong>die</strong></span> <span class='ocrx_word' id='word_1_54' title='bbox 1582 874 1634 918; x_wconf 91' lang='lat' dir='ltr'><strong>et</strong></span> <span class='ocrx_word' id='word_1_55' title='bbox 1661 865 1865 920; x_wconf 90' lang='lat' dir='ltr'><strong>rediret</strong></span> <span class='ocrx_word' id='word_1_56' title='bbox 1894 865 1957 918; x_wconf 90' lang='lat' dir='ltr'><strong>ad</strong></span> 
     </span>
    </p>
   </div>
   <div class='ocr_carea' id='block_1_9' title="bbox 360 959 1962 1028">
    <p class='ocr_par' dir='ltr' id='par_1_9' title="bbox 360 959 1962 1028">
     <span class='ocr_line' id='line_1_9' title="bbox 360 959 1962 1028; baseline -0.002 -12"><span class='ocrx_word' id='word_1_57' title='bbox 360 959 599 1016; x_wconf 90' lang='lat' dir='ltr'><strong>Patrem.</strong></span> <span class='ocrx_word' id='word_1_58' title='bbox 646 959 1021 1014; x_wconf 88' lang='lat' dir='ltr'><strong>Suscitaturus</strong></span> <span class='ocrx_word' id='word_1_59' title='bbox 1061 968 1145 1013; x_wconf 88' lang='lat' dir='ltr'><strong>est</strong></span> <span class='ocrx_word' id='word_1_60' title='bbox 1172 959 1330 1014; x_wconf 87' lang='lat' dir='ltr'><strong>Pater</strong></span> <span class='ocrx_word' id='word_1_61' title='bbox 1359 974 1550 1014; x_wconf 89' lang='lat' dir='ltr'><strong>omnes</strong></span> <span class='ocrx_word' id='word_1_62' title='bbox 1590 968 1835 1013; x_wconf 83' lang='lat' dir='ltr'><strong>mortuos</strong></span> <span class='ocrx_word' id='word_1_63' title='bbox 1867 974 1962 1028; x_wconf 88' lang='lat' dir='ltr'><strong>per</strong></span> 
     </span>
    </p>
   </div>
   <div class='ocr_carea' id='block_1_10' title="bbox 362 1049 1962 1121">
    <p class='ocr_par' dir='ltr' id='par_1_10' title="bbox 362 1049 1962 1121">
     <span class='ocr_line' id='line_1_10' title="bbox 362 1049 1962 1121; baseline -0.002 -15"><span class='ocrx_word' id='word_1_64' title='bbox 362 1051 578 1116; x_wconf 88' lang='lat' dir='ltr'><strong>Filium,</strong></span> <span class='ocrx_word' id='word_1_65' title='bbox 633 1053 759 1121; x_wconf 93' lang='lat' dir='ltr'><strong>quia</strong></span> <span class='ocrx_word' id='word_1_66' title='bbox 805 1051 965 1105; x_wconf 90' lang='lat' dir='ltr'><strong>Pater</strong></span> <span class='ocrx_word' id='word_1_67' title='bbox 1005 1050 1260 1119; x_wconf 87' lang='lat' dir='ltr'><strong>jussurus</strong></span> <span class='ocrx_word' id='word_1_68' title='bbox 1311 1060 1394 1105; x_wconf 91' lang='lat' dir='ltr'><strong>est</strong></span> <span class='ocrx_word' id='word_1_69' title='bbox 1443 1049 1583 1104; x_wconf 86' lang='lat' dir='ltr'><strong>Filio</strong></span> <span class='ocrx_word' id='word_1_70' title='bbox 1632 1059 1690 1103; x_wconf 91' lang='lat' dir='ltr'><strong>ut</strong></span> <span class='ocrx_word' id='word_1_71' title='bbox 1739 1052 1962 1104; x_wconf 88' lang='lat' dir='ltr'><strong>suscitet</strong></span> 
     </span>
    </p>
   </div>
   <div class='ocr_carea' id='block_1_11' title="bbox 362 1143 1963 1214">
    <p class='ocr_par' dir='ltr' id='par_1_11' title="bbox 362 1143 1963 1214">
     <span class='ocr_line' id='line_1_11' title="bbox 362 1143 1963 1214; baseline -0.002 -14"><span class='ocrx_word' id='word_1_72' title='bbox 362 1160 551 1200; x_wconf 76' lang='lat' dir='ltr'><strong>omnes</strong></span> <span class='ocrx_word' id='word_1_73' title='bbox 585 1157 828 1199; x_wconf 91' lang='lat' dir='ltr'><strong>mortuos</strong></span> <span class='ocrx_word' id='word_1_74' title='bbox 857 1161 869 1197; x_wconf 91' lang='lat'>:</span> <span class='ocrx_word' id='word_1_75' title='bbox 897 1143 1236 1214; x_wconf 84' lang='lat' dir='ltr'><strong>judicaturus</strong></span> <span class='ocrx_word' id='word_1_76' title='bbox 1273 1153 1355 1198; x_wconf 89' lang='lat' dir='ltr'><strong>est</strong></span> <span class='ocrx_word' id='word_1_77' title='bbox 1403 1143 1564 1198; x_wconf 86' lang='lat' dir='ltr'><strong>Pater</strong></span> <span class='ocrx_word' id='word_1_78' title='bbox 1596 1159 1786 1199; x_wconf 85' lang='lat' dir='ltr'><strong>omnes</strong></span> <span class='ocrx_word' id='word_1_79' title='bbox 1813 1145 1963 1197; x_wconf 81' lang='lat' dir='ltr'><strong>vivos</strong></span> 
     </span>
    </p>
   </div>
   <div class='ocr_carea' id='block_1_12' title="bbox 361 1237 1965 1308">
    <p class='ocr_par' dir='ltr' id='par_1_12' title="bbox 361 1237 1965 1308">
     <span class='ocr_line' id='line_1_12' title="bbox 361 1237 1965 1308; baseline -0.002 -13"><span class='ocrx_word' id='word_1_80' title='bbox 361 1249 414 1296; x_wconf 90' lang='lat' dir='ltr'><strong>et</strong></span> <span class='ocrx_word' id='word_1_81' title='bbox 443 1250 690 1294; x_wconf 89' lang='lat' dir='ltr'><strong>mortuos</strong></span> <span class='ocrx_word' id='word_1_82' title='bbox 722 1255 814 1308; x_wconf 88' lang='lat' dir='ltr'><strong>per</strong></span> <span class='ocrx_word' id='word_1_83' title='bbox 845 1238 1069 1302; x_wconf 83' lang='lat' dir='ltr'><strong>Filium,</strong></span> <span class='ocrx_word' id='word_1_84' title='bbox 1104 1240 1207 1293; x_wconf 86' lang='lat' dir='ltr'><strong>hoc</strong></span> <span class='ocrx_word' id='word_1_85' title='bbox 1235 1247 1317 1293; x_wconf 89' lang='lat' dir='ltr'><strong>est</strong></span> <span class='ocrx_word' id='word_1_86' title='bbox 1349 1239 1519 1292; x_wconf 87' lang='lat' dir='ltr'><strong>bonos</strong></span> <span class='ocrx_word' id='word_1_87' title='bbox 1545 1246 1599 1292; x_wconf 89' lang='lat' dir='ltr'><strong>et</strong></span> <span class='ocrx_word' id='word_1_88' title='bbox 1630 1238 1824 1304; x_wconf 86' lang='lat' dir='ltr'><strong>malos,</strong></span> <span class='ocrx_word' id='word_1_89' title='bbox 1877 1237 1965 1305; x_wconf 89' lang='lat' dir='ltr'><strong>ju-</strong></span> 
     </span>
    </p>
   </div>
   <div class='ocr_carea' id='block_1_13' title="bbox 359 1329 1965 1399">
    <p class='ocr_par' dir='ltr' id='par_1_13' title="bbox 359 1329 1965 1399">
     <span class='ocr_line' id='line_1_13' title="bbox 359 1329 1965 1399; baseline -0.002 -11"><span class='ocrx_word' id='word_1_90' title='bbox 359 1341 476 1388; x_wconf 89' lang='lat' dir='ltr'><strong>stos</strong></span> <span class='ocrx_word' id='word_1_91' title='bbox 499 1341 552 1386; x_wconf 81' lang='lat' dir='ltr'><strong>et</strong></span> <span class='ocrx_word' id='word_1_92' title='bbox 577 1331 830 1398; x_wconf 78' lang='lat' dir='ltr'><strong>injustas,</strong></span> <span class='ocrx_word' id='word_1_93' title='bbox 848 1330 970 1399; x_wconf 88' lang='lat' dir='ltr'><strong>quia</strong></span> <span class='ocrx_word' id='word_1_94' title='bbox 995 1331 1418 1399; x_wconf 86' lang='lat' dir='ltr'><strong>Paterjussurus</strong></span> <span class='ocrx_word' id='word_1_95' title='bbox 1441 1339 1524 1385; x_wconf 88' lang='lat' dir='ltr'><strong>est</strong></span> <span class='ocrx_word' id='word_1_96' title='bbox 1552 1329 1689 1383; x_wconf 86' lang='lat' dir='ltr'><strong>Filio</strong></span> <span class='ocrx_word' id='word_1_97' title='bbox 1714 1338 1773 1384; x_wconf 92' lang='lat' dir='ltr'><strong>ut</strong></span> <span class='ocrx_word' id='word_1_98' title='bbox 1793 1329 1965 1384; x_wconf 86' lang='lat' dir='ltr'><strong>susci-</strong></span> 
     </span>
    </p>
   </div>
   <div class='ocr_carea' id='block_1_14' title="bbox 360 1425 1962 1495">
    <p class='ocr_par' dir='ltr' id='par_1_14' title="bbox 360 1425 1962 1495">
     <span class='ocr_line' id='line_1_14' title="bbox 360 1425 1962 1495; baseline -0.002 -13"><span class='ocrx_word' id='word_1_99' title='bbox 360 1435 440 1482; x_wconf 86' lang='lat' dir='ltr'><strong>tet</strong></span> <span class='ocrx_word' id='word_1_100' title='bbox 478 1441 670 1480; x_wconf 89' lang='lat' dir='ltr'><strong>omnes</strong></span> <span class='ocrx_word' id='word_1_101' title='bbox 720 1435 995 1489; x_wconf 89' lang='lat' dir='ltr'><strong>mortuus,</strong></span> <span class='ocrx_word' id='word_1_102' title='bbox 1046 1433 1101 1480; x_wconf 91' lang='lat' dir='ltr'><strong>et</strong></span> <span class='ocrx_word' id='word_1_103' title='bbox 1131 1425 1383 1495; x_wconf 79' lang='lat' dir='ltr'><strong>judicet’</strong></span> <span class='ocrx_word' id='word_1_104' title='bbox 1415 1426 1565 1480; x_wconf 85' lang='lat' dir='ltr'><strong>vivos</strong></span> <span class='ocrx_word' id='word_1_105' title='bbox 1601 1434 1654 1479; x_wconf 89' lang='lat' dir='ltr'><strong>et</strong></span> <span class='ocrx_word' id='word_1_106' title='bbox 1695 1434 1962 1492; x_wconf 90' lang='lat' dir='ltr'><strong>mortuos,</strong></span> 
     </span>
    </p>
   </div>
   <div class='ocr_carea' id='block_1_15' title="bbox 361 1518 1966 1587">
    <p class='ocr_par' dir='ltr' id='par_1_15' title="bbox 361 1518 1966 1587">
     <span class='ocr_line' id='line_1_15' title="bbox 361 1518 1966 1587; baseline -0.002 -12"><span class='ocrx_word' id='word_1_107' title='bbox 361 1518 468 1576; x_wconf 86' lang='lat' dir='ltr'><strong>hoc</strong></span> <span class='ocrx_word' id='word_1_108' title='bbox 492 1529 573 1574; x_wconf 88' lang='lat' dir='ltr'><strong>est</strong></span> <span class='ocrx_word' id='word_1_109' title='bbox 602 1519 773 1573; x_wconf 86' lang='lat' dir='ltr'><strong>bonos</strong></span> <span class='ocrx_word' id='word_1_110' title='bbox 805 1531 858 1573; x_wconf 89' lang='lat' dir='ltr'><strong>et</strong></span> <span class='ocrx_word' id='word_1_111' title='bbox 888 1519 1090 1582; x_wconf 89' lang='lat' dir='ltr'><strong>malos,</strong></span> <span class='ocrx_word' id='word_1_112' title='bbox 1128 1521 1306 1587; x_wconf 83' lang='lat' dir='ltr'><strong>justas</strong></span> <span class='ocrx_word' id='word_1_113' title='bbox 1332 1529 1384 1573; x_wconf 90' lang='lat' dir='ltr'><strong>et</strong></span> <span class='ocrx_word' id='word_1_114' title='bbox 1427 1519 1658 1586; x_wconf 84' lang='lat' dir='ltr'><strong>injustas</strong></span> <span class='ocrx_word' id='word_1_115' title='bbox 1685 1535 1699 1576; x_wconf 88' lang='lat'><strong>:</strong></span> <span class='ocrx_word' id='word_1_116' title='bbox 1742 1518 1966 1573; x_wconf 87' lang='lat' dir='ltr'><strong>daturus</strong></span> 
     </span>
    </p>
   </div>
   <div class='ocr_carea' id='block_1_16' title="bbox 361 1612 1966 1683">
    <p class='ocr_par' dir='ltr' id='par_1_16' title="bbox 361 1612 1966 1683">
     <span class='ocr_line' id='line_1_16' title="bbox 361 1612 1966 1683; baseline -0.002 -13"><span class='ocrx_word' id='word_1_117' title='bbox 361 1622 446 1670; x_wconf 89' lang='lat' dir='ltr'><strong>est</strong></span> <span class='ocrx_word' id='word_1_118' title='bbox 474 1613 620 1668; x_wconf 89' lang='lat' dir='ltr'><strong>Deus</strong></span> <span class='ocrx_word' id='word_1_119' title='bbox 640 1613 800 1667; x_wconf 86' lang='lat' dir='ltr'><strong>Pater</strong></span> <span class='ocrx_word' id='word_1_120' title='bbox 821 1612 984 1683; x_wconf 59' lang='lat' dir='ltr'><strong>jus-tis</strong></span> <span class='ocrx_word' id='word_1_121' title='bbox 1011 1613 1172 1667; x_wconf 81' lang='lat' dir='ltr'><strong>vitam</strong></span> <span class='ocrx_word' id='word_1_122' title='bbox 1201 1625 1486 1680; x_wconf 83' lang='lat' dir='ltr'><strong>aeternam,</strong></span> <span class='ocrx_word' id='word_1_123' title='bbox 1511 1613 1728 1681; x_wconf 89' lang='lat' dir='ltr'><strong>injustis</strong></span> <span class='ocrx_word' id='word_1_124' title='bbox 1752 1627 1966 1682; x_wconf 76' lang='lat' dir='ltr'><strong>ptenam</strong></span> 
     </span>
    </p>
   </div>
   <div class='ocr_carea' id='block_1_17' title="bbox 362 1703 1969 1778">
    <p class='ocr_par' dir='ltr' id='par_1_17' title="bbox 362 1703 1969 1778">
     <span class='ocr_line' id='line_1_17' title="bbox 362 1703 1969 1778; baseline -0.001 -18"><span class='ocrx_word' id='word_1_125' title='bbox 362 1717 678 1778; x_wconf 86' lang='lat' dir='ltr'><strong>perpetuam</strong></span> <span class='ocrx_word' id='word_1_126' title='bbox 709 1722 802 1775; x_wconf 88' lang='lat' dir='ltr'><strong>per</strong></span> <span class='ocrx_word' id='word_1_127' title='bbox 833 1703 1050 1771; x_wconf 80' lang='lat' dir='ltr'><strong>Filium,</strong></span> <span class='ocrx_word' id='word_1_128' title='bbox 1085 1705 1206 1775; x_wconf 82' lang='lat' dir='ltr'><strong>quia</strong></span> <span class='ocrx_word' id='word_1_129' title='bbox 1238 1705 1406 1762; x_wconf 80' lang='lat' dir='ltr'><strong>Filius</strong></span> <span class='ocrx_word' id='word_1_130' title='bbox 1430 1707 1582 1775; x_wconf 89' lang='lat' dir='ltr'><strong>jussu</strong></span> <span class='ocrx_word' id='word_1_131' title='bbox 1615 1705 1791 1760; x_wconf 86' lang='lat' dir='ltr'><strong>Patris</strong></span> <span class='ocrx_word' id='word_1_132' title='bbox 1820 1704 1969 1759; x_wconf 82' lang='lat' dir='ltr'><strong>dabit</strong></span> 
     </span>
    </p>
   </div>
   <div class='ocr_carea' id='block_1_18' title="bbox 364 1795 1970 1868">
    <p class='ocr_par' dir='ltr' id='par_1_18' title="bbox 364 1795 1970 1868">
     <span class='ocr_line' id='line_1_18' title="bbox 364 1795 1970 1868; baseline -0.001 -17"><span class='ocrx_word' id='word_1_133' title='bbox 364 1799 528 1853; x_wconf 84' lang='lat' dir='ltr'><strong>vitam</strong></span> <span class='ocrx_word' id='word_1_134' title='bbox 562 1808 820 1854; x_wconf 81' lang='lat' dir='ltr'><strong>:eteruam</strong></span> <span class='ocrx_word' id='word_1_135' title='bbox 845 1797 1030 1868; x_wconf 87' lang='lat' dir='ltr'><strong>justis,</strong></span> <span class='ocrx_word' id='word_1_136' title='bbox 1060 1813 1274 1868; x_wconf 76' lang='lat' dir='ltr'><strong>ptenam</strong></span> <span class='ocrx_word' id='word_1_137' title='bbox 1298 1808 1612 1867; x_wconf 81' lang='lat' dir='ltr'><strong>perpetuam</strong></span> <span class='ocrx_word' id='word_1_138' title='bbox 1636 1796 1870 1862; x_wconf 74' lang='lat' dir='ltr'><strong>iniustis.</strong></span> <span class='ocrx_word' id='word_1_139' title='bbox 1903 1795 1970 1851; x_wconf 87' lang='lat' dir='ltr'><strong>Et</strong></span> 
     </span>
    </p>
   </div>
   <div class='ocr_carea' id='block_1_19' title="bbox 2065 593 3660 670">
    <p class='ocr_par' dir='ltr' id='par_1_19' title="bbox 2065 593 3660 670">
     <span class='ocr_line' id='line_1_19' title="bbox 2065 593 3660 670; baseline 0.009 -29"><span class='ocrx_word' id='word_1_140' title='bbox 2065 598 2114 641; x_wconf 90' lang='lat' dir='ltr'><strong>et</strong></span> <span class='ocrx_word' id='word_1_141' title='bbox 2143 593 2344 659; x_wconf 85' lang='lat' dir='ltr'><strong>recepit</strong></span> <span class='ocrx_word' id='word_1_142' title='bbox 2379 610 2391 644; x_wconf 93' lang='lat'>:</span> <span class='ocrx_word' id='word_1_143' title='bbox 2432 603 2520 646; x_wconf 90' lang='lat' dir='ltr'><strong>aut</strong></span> <span class='ocrx_word' id='word_1_144' title='bbox 2551 593 2594 647; x_wconf 88' lang='lat' dir='ltr'><strong>si</strong></span> <span class='ocrx_word' id='word_1_145' title='bbox 2627 594 2766 648; x_wconf 87' lang='lat' dir='ltr'><strong>Dens</strong></span> <span class='ocrx_word' id='word_1_146' title='bbox 2793 596 2952 651; x_wconf 90' lang='lat' dir='ltr'><strong>Pater</strong></span> <span class='ocrx_word' id='word_1_147' title='bbox 2982 601 3188 670; x_wconf 75' lang='lat' dir='ltr'><strong>rogarit</strong></span> <span class='ocrx_word' id='word_1_148' title='bbox 3219 601 3448 664; x_wconf 84' lang='lat' dir='ltr'><strong>Filium,</strong></span> <span class='ocrx_word' id='word_1_149' title='bbox 3484 614 3535 655; x_wconf 85' lang='lat' dir='ltr'><strong>et</strong></span> <span class='ocrx_word' id='word_1_150' title='bbox 3566 617 3660 656; x_wconf 87' lang='lat' dir='ltr'><strong>ac-</strong></span> 
     </span>
    </p>
   </div>
   <div class='ocr_carea' id='block_1_20' title="bbox 2063 680 3658 766">
    <p class='ocr_par' dir='ltr' id='par_1_20' title="bbox 2063 680 3658 766">
     <span class='ocr_line' id='line_1_20' title="bbox 2063 680 3658 766; baseline 0.011 -34"><span class='ocrx_word' id='word_1_151' title='bbox 2063 682 2202 748; x_wconf 85' lang='lat' dir='ltr'><strong>cepit</strong></span> <span class='ocrx_word' id='word_1_152' title='bbox 2231 680 2490 751; x_wconf 85' lang='lat' dir='ltr'><strong>Spiritum</strong></span> <span class='ocrx_word' id='word_1_153' title='bbox 2523 695 2790 754; x_wconf 82' lang='lat' dir='ltr'><strong>sauctum,</strong></span> <span class='ocrx_word' id='word_1_154' title='bbox 2821 697 2874 742; x_wconf 87' lang='lat' dir='ltr'><strong>et</strong></span> <span class='ocrx_word' id='word_1_155' title='bbox 2898 689 3065 756; x_wconf 85' lang='lat' dir='ltr'><strong>dedit,</strong></span> <span class='ocrx_word' id='word_1_156' title='bbox 3095 690 3336 756; x_wconf 69' lang='lat' dir='ltr'><strong>donatit,</strong></span> <span class='ocrx_word' id='word_1_157' title='bbox 3367 693 3514 747; x_wconf 80' lang='lat' dir='ltr'><strong>misit</strong></span> <span class='ocrx_word' id='word_1_158' title='bbox 3537 692 3658 766; x_wconf 61' lang='lat' dir='ltr'><strong>Spiv</strong></span> 
     </span>
    </p>
   </div>
   <div class='ocr_carea' id='block_1_21' title="bbox 2062 774 3657 852">
    <p class='ocr_par' dir='ltr' id='par_1_21' title="bbox 2062 774 3657 852">
     <span class='ocr_line' id='line_1_21' title="bbox 2062 774 3657 852; baseline 0.01 -27"><span class='ocrx_word' id='word_1_159' title='bbox 2062 774 2224 827; x_wconf 91' lang='lat' dir='ltr'><strong>ritum</strong></span> <span class='ocrx_word' id='word_1_160' title='bbox 2253 787 2496 831; x_wconf 91' lang='lat' dir='ltr'><strong>sanctum</strong></span> <span class='ocrx_word' id='word_1_161' title='bbox 2526 781 2802 850; x_wconf 85' lang='lat' dir='ltr'><strong>Apostolis</strong></span> <span class='ocrx_word' id='word_1_162' title='bbox 2835 797 2848 834; x_wconf 90' lang='lat'><strong>:</strong></span> <span class='ocrx_word' id='word_1_163' title='bbox 2881 793 2973 835; x_wconf 88' lang='lat' dir='ltr'><strong>aut</strong></span> <span class='ocrx_word' id='word_1_164' title='bbox 3002 784 3044 837; x_wconf 90' lang='lat' dir='ltr'><strong>si</strong></span> <span class='ocrx_word' id='word_1_165' title='bbox 3071 785 3293 852; x_wconf 86' lang='lat' dir='ltr'><strong>jubenle</strong></span> <span class='ocrx_word' id='word_1_166' title='bbox 3325 785 3463 841; x_wconf 80' lang='lat' dir='ltr'><strong>Filio</strong></span> <span class='ocrx_word' id='word_1_167' title='bbox 3483 787 3657 840; x_wconf 89' lang='lat' dir='ltr'><strong>susci-</strong></span> 
     </span>
    </p>
   </div>
   <div class='ocr_carea' id='block_1_22' title="bbox 2065 872 3666 949">
    <p class='ocr_par' dir='ltr' id='par_1_22' title="bbox 2065 872 3666 949">
     <span class='ocr_line' id='line_1_22' title="bbox 2065 872 3666 949; baseline 0.01 -27"><span class='ocrx_word' id='word_1_168' title='bbox 2065 875 2276 924; x_wconf 78' lang='lat' dir='ltr'><strong>taturus</strong></span> <span class='ocrx_word' id='word_1_169' title='bbox 2319 881 2400 926; x_wconf 90' lang='lat' dir='ltr'><strong>est</strong></span> <span class='ocrx_word' id='word_1_170' title='bbox 2427 872 2587 928; x_wconf 90' lang='lat' dir='ltr'><strong>Pater</strong></span> <span class='ocrx_word' id='word_1_171' title='bbox 2620 890 2810 930; x_wconf 91' lang='lat' dir='ltr'><strong>omnes</strong></span> <span class='ocrx_word' id='word_1_172' title='bbox 2837 886 3109 944; x_wconf 88' lang='lat' dir='ltr'><strong>mortuos,</strong></span> <span class='ocrx_word' id='word_1_173' title='bbox 3143 892 3192 934; x_wconf 92' lang='lat' dir='ltr'><strong>et</strong></span> <span class='ocrx_word' id='word_1_174' title='bbox 3221 879 3559 949; x_wconf 88' lang='lat' dir='ltr'><strong>judicaturus</strong></span> <span class='ocrx_word' id='word_1_175' title='bbox 3582 891 3666 938; x_wconf 87' lang='lat' dir='ltr'><strong>est</strong></span> 
     </span>
    </p>
   </div>
   <div class='ocr_carea' id='block_1_23' title="bbox 2065 963 3666 1042">
    <p class='ocr_par' dir='ltr' id='par_1_23' title="bbox 2065 963 3666 1042">
     <span class='ocr_line' id='line_1_23' title="bbox 2065 963 3666 1042; baseline 0.011 -30"><span class='ocrx_word' id='word_1_176' title='bbox 2065 963 2216 1014; x_wconf 87' lang='lat' dir='ltr'><strong>vivos</strong></span> <span class='ocrx_word' id='word_1_177' title='bbox 2246 971 2301 1016; x_wconf 91' lang='lat' dir='ltr'><strong>et</strong></span> <span class='ocrx_word' id='word_1_178' title='bbox 2330 974 2572 1018; x_wconf 90' lang='lat' dir='ltr'><strong>mortuos</strong></span> <span class='ocrx_word' id='word_1_179' title='bbox 2594 1007 2606 1028; x_wconf 92' lang='lat'><strong>,</strong></span> <span class='ocrx_word' id='word_1_180' title='bbox 2640 965 2744 1020; x_wconf 88' lang='lat' dir='ltr'><strong>hoc</strong></span> <span class='ocrx_word' id='word_1_181' title='bbox 2773 976 2858 1022; x_wconf 75' lang='lat' dir='ltr'><strong>est</strong></span> <span class='ocrx_word' id='word_1_182' title='bbox 2890 970 3056 1024; x_wconf 86' lang='lat' dir='ltr'><strong>bonos</strong></span> <span class='ocrx_word' id='word_1_183' title='bbox 3086 979 3140 1024; x_wconf 92' lang='lat' dir='ltr'><strong>et</strong></span> <span class='ocrx_word' id='word_1_184' title='bbox 3173 973 3370 1032; x_wconf 84' lang='lat' dir='ltr'><strong>malos.</strong></span> <span class='ocrx_word' id='word_1_185' title='bbox 3399 973 3574 1042; x_wconf 82' lang='lat' dir='ltr'><strong>justos</strong></span> <span class='ocrx_word' id='word_1_186' title='bbox 3611 986 3666 1030; x_wconf 91' lang='lat' dir='ltr'><strong>et</strong></span> 
     </span>
    </p>
   </div>
   <div class='ocr_carea' id='block_1_24' title="bbox 2069 1056 3665 1134">
    <p class='ocr_par' dir='ltr' id='par_1_24' title="bbox 2069 1056 3665 1134">
     <span class='ocr_line' id='line_1_24' title="bbox 2069 1056 3665 1134; baseline 0.009 -26"><span class='ocrx_word' id='word_1_187' title='bbox 2069 1056 2317 1123; x_wconf 71' lang='lat' dir='ltr'><strong>injustas.</strong></span> <span class='ocrx_word' id='word_1_188' title='bbox 2353 1058 2627 1128; x_wconf 74' lang='lat' dir='ltr'><strong>Scriptum</strong></span> <span class='ocrx_word' id='word_1_189' title='bbox 2652 1071 2731 1114; x_wconf 87' lang='lat' dir='ltr'><strong>est</strong></span> <span class='ocrx_word' id='word_1_190' title='bbox 2761 1061 2812 1115; x_wconf 88' lang='lat' dir='ltr'><strong>in</strong></span> <span class='ocrx_word' id='word_1_191' title='bbox 2844 1061 3177 1134; x_wconf 73' lang='lat' dir='ltr'><strong>Evangelia:</strong></span> <span class='ocrx_word' id='word_1_192' title='bbox 3211 1065 3299 1122; x_wconf 86' lang='lat' dir='ltr'><strong>Sic</strong></span> <span class='ocrx_word' id='word_1_193' title='bbox 3325 1068 3457 1120; x_wconf 85' lang='lat' dir='ltr'><strong>enim</strong></span> <span class='ocrx_word' id='word_1_194' title='bbox 3484 1069 3665 1123; x_wconf 72' lang='lat' dir='ltr'><strong>dilexit</strong></span> 
     </span>
    </p>
   </div>
   <div class='ocr_carea' id='block_1_25' title="bbox 2068 1148 3666 1225">
    <p class='ocr_par' dir='ltr' id='par_1_25' title="bbox 2068 1148 3666 1225">
     <span class='ocr_line' id='line_1_25' title="bbox 2068 1148 3666 1225; baseline 0.008 -23"><span class='ocrx_word' id='word_1_195' title='bbox 2068 1148 2207 1203; x_wconf 86' lang='lat' dir='ltr'><strong>Deus</strong></span> <span class='ocrx_word' id='word_1_196' title='bbox 2236 1150 2374 1206; x_wconf 82' lang='lat' dir='ltr'><strong>hunc</strong></span> <span class='ocrx_word' id='word_1_197' title='bbox 2396 1153 2667 1220; x_wconf 87' lang='lat' dir='ltr'><strong>mundum,</strong></span> <span class='ocrx_word' id='word_1_198' title='bbox 2704 1163 2758 1207; x_wconf 86' lang='lat' dir='ltr'><strong>ut</strong></span> <span class='ocrx_word' id='word_1_199' title='bbox 2789 1153 2985 1210; x_wconf 84' lang='lat' dir='ltr'><strong>Filium</strong></span> <span class='ocrx_word' id='word_1_200' title='bbox 3012 1174 3159 1211; x_wconf 88' lang='lat' dir='ltr'><strong>suum</strong></span> <span class='ocrx_word' id='word_1_201' title='bbox 3191 1161 3400 1214; x_wconf 85' lang='lat' dir='ltr'><strong>unicum</strong></span> <span class='ocrx_word' id='word_1_202' title='bbox 3428 1161 3666 1225; x_wconf 87' lang='lat' dir='ltr'><strong>mitteret,</strong></span> 
     </span>
    </p>
   </div>
   <div class='ocr_carea' id='block_1_26' title="bbox 2067 1244 3669 1322">
    <p class='ocr_par' dir='ltr' id='par_1_26' title="bbox 2067 1244 3669 1322">
     <span class='ocr_line' id='line_1_26' title="bbox 2067 1244 3669 1322; baseline 0.007 -26"><span class='ocrx_word' id='word_1_203' title='bbox 2067 1253 2122 1298; x_wconf 87' lang='lat' dir='ltr'><strong>ut</strong></span> <span class='ocrx_word' id='word_1_204' title='bbox 2167 1244 2249 1298; x_wconf 90' lang='lat' dir='ltr'><strong>det</strong></span> <span class='ocrx_word' id='word_1_205' title='bbox 2279 1248 2502 1300; x_wconf 85' lang='lat' dir='ltr'><strong>animam</strong></span> <span class='ocrx_word' id='word_1_206' title='bbox 2547 1264 2693 1301; x_wconf 88' lang='lat' dir='ltr'><strong>suam</strong></span> <span class='ocrx_word' id='word_1_207' title='bbox 2741 1266 2834 1320; x_wconf 88' lang='lat' dir='ltr'><strong>pro</strong></span> <span class='ocrx_word' id='word_1_208' title='bbox 2865 1252 3042 1304; x_wconf 68' lang='lat' dir='ltr'><strong>surculi</strong></span> <span class='ocrx_word' id='word_1_209' title='bbox 3081 1254 3182 1306; x_wconf 80' lang='lat' dir='ltr'><strong>vita</strong></span> <span class='ocrx_word' id='word_1_210' title='bbox 3208 1252 3258 1319; x_wconf 82' lang='grc'><strong>⁶;</strong></span> <span class='ocrx_word' id='word_1_211' title='bbox 3292 1262 3344 1305; x_wconf 81' lang='grc' dir='ltr'><strong>ιιι</strong></span> <span class='ocrx_word' id='word_1_212' title='bbox 3376 1255 3539 1306; x_wconf 89' lang='lat' dir='ltr'><strong>omnis</strong></span> <span class='ocrx_word' id='word_1_213' title='bbox 3579 1255 3669 1322; x_wconf 93' lang='lat' dir='ltr'><strong>qui</strong></span> 
     </span>
    </p>
   </div>
   <div class='ocr_carea' id='block_1_27' title="bbox 2069 1335 3669 1409">
    <p class='ocr_par' dir='ltr' id='par_1_27' title="bbox 2069 1335 3669 1409">
     <span class='ocr_line' id='line_1_27' title="bbox 2069 1335 3669 1409; baseline 0.007 -21"><span class='ocrx_word' id='word_1_214' title='bbox 2069 1335 2341 1390; x_wconf 75' lang='lat' dir='ltr'><strong>crediderit</strong></span> <span class='ocrx_word' id='word_1_215' title='bbox 2371 1338 2421 1390; x_wconf 87' lang='lat' dir='ltr'><strong>in</strong></span> <span class='ocrx_word' id='word_1_216' title='bbox 2461 1356 2572 1392; x_wconf 90' lang='lat' dir='ltr'><strong>eum</strong></span> <span class='ocrx_word' id='word_1_217' title='bbox 2593 1381 2607 1405; x_wconf 96' lang='lat'><strong>,</strong></span> <span class='ocrx_word' id='word_1_218' title='bbox 2638 1357 2738 1393; x_wconf 86' lang='lat' dir='ltr'><strong>non</strong></span> <span class='ocrx_word' id='word_1_219' title='bbox 2767 1353 2964 1409; x_wconf 88' lang='lat' dir='ltr'><strong>pereat,</strong></span> <span class='ocrx_word' id='word_1_220' title='bbox 3001 1343 3090 1396; x_wconf 87' lang='lat' dir='ltr'><strong>sed</strong></span> <span class='ocrx_word' id='word_1_221' title='bbox 3125 1343 3305 1398; x_wconf 81' lang='lat' dir='ltr'><strong>[iubeat</strong></span> <span class='ocrx_word' id='word_1_222' title='bbox 3334 1347 3488 1400; x_wconf 71' lang='lat' dir='ltr'><strong>vitam</strong></span> <span class='ocrx_word' id='word_1_223' title='bbox 3519 1359 3669 1402; x_wconf 75' lang='lat' dir='ltr'><strong>teter-</strong></span> 
     </span>
    </p>
   </div>
   <div class='ocr_carea' id='block_1_28' title="bbox 2069 1427 3666 1492">
    <p class='ocr_par' dir='ltr' id='par_1_28' title="bbox 2069 1427 3666 1492">
     <span class='ocr_line' id='line_1_28' title="bbox 2069 1427 3666 1492; baseline 0.007 -12"><span class='ocrx_word' id='word_1_224' title='bbox 2069 1444 2210 1482; x_wconf 85' lang='lat' dir='ltr'><strong>nam.</strong></span> <span class='ocrx_word' id='word_1_225' title='bbox 2243 1427 2356 1482; x_wconf 87' lang='lat' dir='ltr'><strong>Nec</strong></span> <span class='ocrx_word' id='word_1_226' title='bbox 2384 1431 2516 1483; x_wconf 83' lang='lat' dir='ltr'><strong>enim</strong></span> <span class='ocrx_word' id='word_1_227' title='bbox 2551 1433 2688 1485; x_wconf 84' lang='lat' dir='ltr'><strong>misit</strong></span> <span class='ocrx_word' id='word_1_228' title='bbox 2710 1432 2842 1485; x_wconf 83' lang='lat' dir='ltr'><strong>Deus</strong></span> <span class='ocrx_word' id='word_1_229' title='bbox 2869 1433 3064 1487; x_wconf 84' lang='lat' dir='ltr'><strong>Filium</strong></span> <span class='ocrx_word' id='word_1_230' title='bbox 3094 1453 3244 1489; x_wconf 87' lang='lat' dir='ltr'><strong>suum</strong></span> <span class='ocrx_word' id='word_1_231' title='bbox 3271 1436 3323 1490; x_wconf 90' lang='lat' dir='ltr'><strong>in</strong></span> <span class='ocrx_word' id='word_1_232' title='bbox 3355 1439 3491 1491; x_wconf 80' lang='lat' dir='ltr'><strong>hunc</strong></span> <span class='ocrx_word' id='word_1_233' title='bbox 3518 1455 3666 1492; x_wconf 90' lang='lat' dir='ltr'><strong>mun-</strong></span> 
     </span>
    </p>
   </div>
   <div class='ocr_carea' id='block_1_29' title="bbox 2071 1519 3670 1602">
    <p class='ocr_par' dir='ltr' id='par_1_29' title="bbox 2071 1519 3670 1602">
     <span class='ocr_line' id='line_1_29' title="bbox 2071 1519 3670 1602; baseline 0.008 -31"><span class='ocrx_word' id='word_1_234' title='bbox 2071 1519 2193 1572; x_wconf 88' lang='lat' dir='ltr'><strong>dum</strong></span> <span class='ocrx_word' id='word_1_235' title='bbox 2238 1531 2289 1574; x_wconf 88' lang='lat' dir='ltr'><strong>ut</strong></span> <span class='ocrx_word' id='word_1_236' title='bbox 2309 1523 2510 1593; x_wconf 75' lang='lat' dir='ltr'><strong>judice!</strong></span> <span class='ocrx_word' id='word_1_237' title='bbox 2539 1523 2811 1589; x_wconf 87' lang='lat' dir='ltr'><strong>mundum,</strong></span> <span class='ocrx_word' id='word_1_238' title='bbox 2842 1525 2932 1598; x_wconf 86' lang='lat' dir='ltr'><strong>sed</strong></span> <span class='ocrx_word' id='word_1_239' title='bbox 2972 1537 3024 1580; x_wconf 89' lang='lat' dir='ltr'><strong>ut</strong></span> <span class='ocrx_word' id='word_1_240' title='bbox 3055 1528 3278 1581; x_wconf 79' lang='lat' dir='ltr'><strong>salvetur</strong></span> <span class='ocrx_word' id='word_1_241' title='bbox 3318 1531 3538 1584; x_wconf 86' lang='lat' dir='ltr'><strong>mundus</strong></span> <span class='ocrx_word' id='word_1_242' title='bbox 3579 1548 3670 1602; x_wconf 81' lang='lat' dir='ltr'><strong>per</strong></span> 
     </span>
    </p>
   </div>
   <div class='ocr_carea' id='block_1_30' title="bbox 2069 1612 3670 1690">
    <p class='ocr_par' dir='ltr' id='par_1_30' title="bbox 2069 1612 3670 1690">
     <span class='ocr_line' id='line_1_30' title="bbox 2069 1612 3670 1690; baseline 0.005 -24"><span class='ocrx_word' id='word_1_243' title='bbox 2069 1627 2206 1666; x_wconf 88' lang='lat' dir='ltr'><strong>emn.</strong></span> <span class='ocrx_word' id='word_1_244' title='bbox 2233 1612 2362 1667; x_wconf 92' lang='lat' dir='ltr'><strong>Item</strong></span> <span class='ocrx_word' id='word_1_245' title='bbox 2389 1618 2438 1667; x_wconf 91' lang='lat' dir='ltr'><strong>in</strong></span> <span class='ocrx_word' id='word_1_246' title='bbox 2466 1613 2759 1684; x_wconf 83' lang='lat' dir='ltr'><strong>Evangelio</strong></span> <span class='ocrx_word' id='word_1_247' title='bbox 2786 1634 2798 1669; x_wconf 92' lang='lat'><strong>:</strong></span> <span class='ocrx_word' id='word_1_248' title='bbox 2835 1615 2993 1671; x_wconf 88' lang='lat' dir='ltr'><strong>Pater</strong></span> <span class='ocrx_word' id='word_1_249' title='bbox 3014 1619 3181 1690; x_wconf 87' lang='lat' dir='ltr'><strong>diligit</strong></span> <span class='ocrx_word' id='word_1_250' title='bbox 3197 1618 3476 1688; x_wconf 86' lang='lat' dir='ltr'><strong>Filium,et</strong></span> <span class='ocrx_word' id='word_1_251' title='bbox 3498 1622 3670 1674; x_wconf 83' lang='lat' dir='ltr'><strong>omnia</strong></span> 
     </span>
    </p>
   </div>
   <div class='ocr_carea' id='block_1_31' title="bbox 2073 1705 3669 1782">
    <p class='ocr_par' dir='ltr' id='par_1_31' title="bbox 2073 1705 3669 1782">
     <span class='ocr_line' id='line_1_31' title="bbox 2073 1705 3669 1782; baseline 0.009 -26"><span class='ocrx_word' id='word_1_252' title='bbox 2073 1705 2210 1758; x_wconf 84' lang='lat' dir='ltr'><strong>dedit</strong></span> <span class='ocrx_word' id='word_1_253' title='bbox 2239 1708 2289 1759; x_wconf 84' lang='lat' dir='ltr'><strong>in</strong></span> <span class='ocrx_word' id='word_1_254' title='bbox 2322 1724 2502 1762; x_wconf 88' lang='lat' dir='ltr'><strong>manus</strong></span> <span class='ocrx_word' id='word_1_255' title='bbox 2547 1713 2676 1782; x_wconf 70' lang='lat' dir='ltr'><strong>ejus.</strong></span> <span class='ocrx_word' id='word_1_256' title='bbox 2707 1710 2837 1764; x_wconf 78' lang='lat' dir='ltr'><strong>Item</strong></span> <span class='ocrx_word' id='word_1_257' title='bbox 2883 1711 2936 1766; x_wconf 90' lang='lat' dir='ltr'><strong>in</strong></span> <span class='ocrx_word' id='word_1_258' title='bbox 2975 1713 3265 1782; x_wconf 80' lang='lat' dir='ltr'><strong>Evangelio</strong></span> <span class='ocrx_word' id='word_1_259' title='bbox 3299 1735 3310 1767; x_wconf 87' lang='lat'>:</span> <span class='ocrx_word' id='word_1_260' title='bbox 3343 1715 3495 1770; x_wconf 81' lang='lat' dir='ltr'><strong>Sicut</strong></span> <span class='ocrx_word' id='word_1_261' title='bbox 3535 1718 3669 1771; x_wconf 87' lang='lat' dir='ltr'><strong>enim</strong></span> 
     </span>
    </p>
   </div>
   <div class='ocr_carea' id='block_1_32' title="bbox 2079 1795 3666 1875">
    <p class='ocr_par' dir='ltr' id='par_1_32' title="bbox 2079 1795 3666 1875">
     <span class='ocr_line' id='line_1_32' title="bbox 2079 1795 3666 1875; baseline 0.008 -26"><span class='ocrx_word' id='word_1_262' title='bbox 2079 1795 2236 1853; x_wconf 88' lang='lat' dir='ltr'><strong>Pater</strong></span> <span class='ocrx_word' id='word_1_263' title='bbox 2262 1798 2411 1854; x_wconf 81' lang='lat' dir='ltr'><strong>habet</strong></span> <span class='ocrx_word' id='word_1_264' title='bbox 2438 1801 2591 1855; x_wconf 88' lang='lat' dir='ltr'><strong>vitam</strong></span> <span class='ocrx_word' id='word_1_265' title='bbox 2621 1803 2674 1855; x_wconf 89' lang='lat' dir='ltr'><strong>in</strong></span> <span class='ocrx_word' id='word_1_266' title='bbox 2697 1805 2988 1875; x_wconf 86' lang='lat' dir='ltr'><strong>semetipso,</strong></span> <span class='ocrx_word' id='word_1_267' title='bbox 3012 1806 3085 1859; x_wconf 87' lang='lat' dir='ltr'><strong>sic</strong></span> <span class='ocrx_word' id='word_1_268' title='bbox 3114 1805 3256 1861; x_wconf 83' lang='lat' dir='ltr'><strong>dedit</strong></span> <span class='ocrx_word' id='word_1_269' title='bbox 3283 1818 3328 1860; x_wconf 93' lang='lat' dir='ltr'><strong>et</strong></span> <span class='ocrx_word' id='word_1_270' title='bbox 3345 1806 3482 1862; x_wconf 83' lang='lat' dir='ltr'><strong>Filio</strong></span> <span class='ocrx_word' id='word_1_271' title='bbox 3512 1813 3666 1862; x_wconf 88' lang='lat' dir='ltr'><strong>vitam</strong></span> 
     </span>
    </p>
   </div>
   <div class='ocr_carea' id='block_1_33' title="bbox 363 1886 3669 1970">
    <p class='ocr_par' dir='ltr' id='par_1_33' title="bbox 363 1886 3669 1970">
     <span class='ocr_line' id='line_1_33' title="bbox 363 1886 3669 1970; baseline 0.002 -23"><span class='ocrx_word' id='word_1_272' title='bbox 363 1891 490 1947; x_wconf 86' lang='lat' dir='ltr'><strong>ideo</strong></span> <span class='ocrx_word' id='word_1_273' title='bbox 535 1907 633 1946; x_wconf 91' lang='lat' dir='ltr'><strong>nos</strong></span> <span class='ocrx_word' id='word_1_274' title='bbox 689 1891 934 1946; x_wconf 84' lang='lat' dir='ltr'><strong>Ecclesia</strong></span> <span class='ocrx_word' id='word_1_275' title='bbox 965 1891 1061 1945; x_wconf 90' lang='lat' dir='ltr'><strong>Dei</strong></span> <span class='ocrx_word' id='word_1_276' title='bbox 1110 1900 1290 1945; x_wconf 82' lang='lat' dir='ltr'><strong>sancta</strong></span> <span class='ocrx_word' id='word_1_277' title='bbox 1323 1902 1374 1945; x_wconf 90' lang='lat' dir='ltr'><strong>et</strong></span> <span class='ocrx_word' id='word_1_278' title='bbox 1403 1889 1601 1944; x_wconf 83' lang='lat' dir='ltr'><strong>Christi</strong></span> <span class='ocrx_word' id='word_1_279' title='bbox 1634 1889 1752 1962; x_wconf 88' lang='lat' dir='ltr'><strong>ejus</strong></span> <span class='ocrx_word' id='word_1_280' title='bbox 1779 1905 1968 1943; x_wconf 85' lang='lat' dir='ltr'><strong>omnes</strong></span> <span class='ocrx_word' id='word_1_281' title='bbox 2000 1886 2047 1946; x_wconf 87' lang='grc' dir='ltr'><strong>Β</strong></span> <span class='ocrx_word' id='word_1_282' title='bbox 2073 1889 2260 1946; x_wconf 83' lang='lat' dir='ltr'><strong>habere</strong></span> <span class='ocrx_word' id='word_1_283' title='bbox 2290 1894 2340 1946; x_wconf 88' lang='lat' dir='ltr'><strong>in</strong></span> <span class='ocrx_word' id='word_1_284' title='bbox 2369 1901 2726 1967; x_wconf 80' lang='lat' dir='ltr'><strong>semetipsum,</strong></span> <span class='ocrx_word' id='word_1_285' title='bbox 2759 1907 2804 1950; x_wconf 88' lang='lat' dir='ltr'><strong>et</strong></span> <span class='ocrx_word' id='word_1_286' title='bbox 2842 1909 3139 1969; x_wconf 78' lang='lat' dir='ltr'><strong>potestatem</strong></span> <span class='ocrx_word' id='word_1_287' title='bbox 3167 1901 3304 1952; x_wconf 87' lang='lat' dir='ltr'><strong>dedit</strong></span> <span class='ocrx_word' id='word_1_288' title='bbox 3331 1903 3377 1953; x_wconf 84' lang='lat' dir='ltr'><strong>ei</strong></span> <span class='ocrx_word' id='word_1_289' title='bbox 3407 1903 3669 1970; x_wconf 83' lang='lat' dir='ltr'><strong>judicium</strong></span> 
     </span>
    </p>
   </div>
   <div class='ocr_carea' id='block_1_34' title="bbox 362 1981 1966 2056">
    <p class='ocr_par' dir='ltr' id='par_1_34' title="bbox 362 1981 1966 2056">
     <span class='ocr_line' id='line_1_34' title="bbox 362 1981 1966 2056; baseline -0.001 -16"><span class='ocrx_word' id='word_1_290' title='bbox 362 1985 631 2056; x_wconf 85' lang='lat' dir='ltr'><strong>primitias</strong></span> <span class='ocrx_word' id='word_1_291' title='bbox 663 1983 808 2039; x_wconf 81' lang='lat' dir='ltr'><strong>Patri</strong></span> <span class='ocrx_word' id='word_1_292' title='bbox 853 1984 1077 2050; x_wconf 90' lang='lat' dir='ltr'><strong>damus,</strong></span> <span class='ocrx_word' id='word_1_293' title='bbox 1115 1986 1427 2055; x_wconf 82' lang='lat' dir='ltr'><strong>sequentias</strong></span> <span class='ocrx_word' id='word_1_294' title='bbox 1458 2001 1588 2037; x_wconf 86' lang='lat' dir='ltr'><strong>vero</strong></span> <span class='ocrx_word' id='word_1_295' title='bbox 1625 1981 1794 2044; x_wconf 85' lang='lat' dir='ltr'><strong>Filio;</strong></span> <span class='ocrx_word' id='word_1_296' title='bbox 1828 1985 1966 2038; x_wconf 89' lang='lat' dir='ltr'><strong>sicut</strong></span> 
     </span>
    </p>
   </div>
   <div class='ocr_carea' id='block_1_35' title="bbox 361 2076 1965 2148">
    <p class='ocr_par' dir='ltr' id='par_1_35' title="bbox 361 2076 1965 2148">
     <span class='ocr_line' id='line_1_35' title="bbox 361 2076 1965 2148; baseline -0.002 -15"><span class='ocrx_word' id='word_1_297' title='bbox 361 2079 524 2133; x_wconf 88' lang='lat' dir='ltr'><strong>etiam</strong></span> <span class='ocrx_word' id='word_1_298' title='bbox 548 2077 746 2132; x_wconf 88' lang='lat' dir='ltr'><strong>Paulus</strong></span> <span class='ocrx_word' id='word_1_299' title='bbox 772 2078 1048 2148; x_wconf 76' lang='lat' dir='ltr'><strong>apostolus</strong></span> <span class='ocrx_word' id='word_1_300' title='bbox 1082 2077 1199 2130; x_wconf 65' lang='lat' dir='ltr'><strong>hazc</strong></span> <span class='ocrx_word' id='word_1_301' title='bbox 1226 2078 1406 2130; x_wconf 82' lang='lat' dir='ltr'><strong>omnia</strong></span> <span class='ocrx_word' id='word_1_302' title='bbox 1453 2076 1694 2130; x_wconf 86' lang='lat' dir='ltr'><strong>breviter</strong></span> <span class='ocrx_word' id='word_1_303' title='bbox 1721 2076 1965 2131; x_wconf 88' lang='lat' dir='ltr'><strong>delinivit</strong></span> 
     </span>
    </p>
   </div>
   <div class='ocr_carea' id='block_1_36' title="bbox 362 2167 1967 2223">
    <p class='ocr_par' dir='ltr' id='par_1_36' title="bbox 362 2167 1967 2223">
     <span class='ocr_line' id='line_1_36' title="bbox 362 2167 1967 2223; baseline -0.001 -1"><span class='ocrx_word' id='word_1_304' title='bbox 362 2168 551 2223; x_wconf 85' lang='lat' dir='ltr'><strong>dicens</strong></span> <span class='ocrx_word' id='word_1_305' title='bbox 578 2187 590 2222; x_wconf 91' lang='lat'>:</span> <span class='ocrx_word' id='word_1_306' title='bbox 624 2167 737 2223; x_wconf 82' lang='lat' dir='ltr'><strong>Etsi</strong></span> <span class='ocrx_word' id='word_1_307' title='bbox 775 2179 892 2223; x_wconf 88' lang='lat' dir='ltr'><strong>sunt</strong></span> <span class='ocrx_word' id='word_1_308' title='bbox 923 2169 996 2222; x_wconf 90' lang='lat' dir='ltr'><strong>dii</strong></span> <span class='ocrx_word' id='word_1_309' title='bbox 1025 2178 1114 2222; x_wconf 90' lang='lat' dir='ltr'><strong>aut</strong></span> <span class='ocrx_word' id='word_1_310' title='bbox 1143 2168 1338 2222; x_wconf 85' lang='lat' dir='ltr'><strong>domini</strong></span> <span class='ocrx_word' id='word_1_311' title='bbox 1383 2168 1490 2222; x_wconf 83' lang='lat' dir='ltr'><strong>sive</strong></span> <span class='ocrx_word' id='word_1_312' title='bbox 1532 2169 1584 2222; x_wconf 89' lang='lat' dir='ltr'><strong>in</strong></span> <span class='ocrx_word' id='word_1_313' title='bbox 1631 2170 1754 2222; x_wconf 76' lang='lat' dir='ltr'><strong>caelo</strong></span> <span class='ocrx_word' id='word_1_314' title='bbox 1782 2169 1887 2221; x_wconf 83' lang='lat' dir='ltr'><strong>sive</strong></span> <span class='ocrx_word' id='word_1_315' title='bbox 1914 2169 1967 2220; x_wconf 85' lang='lat' dir='ltr'><strong>in</strong></span> 
     </span>
    </p>
   </div>
   <div class='ocr_carea' id='block_1_37' title="bbox 364 2259 1969 2330">
    <p class='ocr_par' dir='ltr' id='par_1_37' title="bbox 364 2259 1969 2330">
     <span class='ocr_line' id='line_1_37' title="bbox 364 2259 1969 2330; baseline 0.001 -18"><span class='ocrx_word' id='word_1_316' title='bbox 364 2267 527 2325; x_wconf 88' lang='lat' dir='ltr'><strong>terra,</strong></span> <span class='ocrx_word' id='word_1_317' title='bbox 558 2260 700 2313; x_wconf 87' lang='lat' dir='ltr'><strong>nobis</strong></span> <span class='ocrx_word' id='word_1_318' title='bbox 732 2277 863 2314; x_wconf 85' lang='lat' dir='ltr'><strong>unus</strong></span> <span class='ocrx_word' id='word_1_319' title='bbox 891 2269 965 2313; x_wconf 87' lang='lat' dir='ltr'><strong>est</strong></span> <span class='ocrx_word' id='word_1_320' title='bbox 996 2259 1135 2314; x_wconf 86' lang='lat' dir='ltr'><strong>Deus</strong></span> <span class='ocrx_word' id='word_1_321' title='bbox 1167 2270 1333 2330; x_wconf 87' lang='lat' dir='ltr'><strong>pater,</strong></span> <span class='ocrx_word' id='word_1_322' title='bbox 1366 2275 1429 2313; x_wconf 78' lang='lat' dir='ltr'><strong>ex</strong></span> <span class='ocrx_word' id='word_1_323' title='bbox 1448 2276 1548 2325; x_wconf 86' lang='lat' dir='ltr'><strong>quo</strong></span> <span class='ocrx_word' id='word_1_324' title='bbox 1579 2262 1768 2325; x_wconf 88' lang='lat' dir='ltr'><strong>omnia,</strong></span> <span class='ocrx_word' id='word_1_325' title='bbox 1803 2270 1848 2312; x_wconf 90' lang='lat' dir='ltr'><strong>et</strong></span> <span class='ocrx_word' id='word_1_326' title='bbox 1878 2275 1969 2313; x_wconf 89' lang='lat' dir='ltr'><strong>nos</strong></span> 
     </span>
    </p>
   </div>
   <div class='ocr_carea' id='block_1_38' title="bbox 364 2350 1966 2422">
    <p class='ocr_par' dir='ltr' id='par_1_38' title="bbox 364 2350 1966 2422">
     <span class='ocr_line' id='line_1_38' title="bbox 364 2350 1966 2422; baseline 0 -16"><span class='ocrx_word' id='word_1_327' title='bbox 364 2367 429 2406; x_wconf 75' lang='lat' dir='ltr'><strong>ea:</strong></span> <span class='ocrx_word' id='word_1_328' title='bbox 453 2354 566 2422; x_wconf 86' lang='lat' dir='ltr'><strong>ipso</strong></span> <span class='ocrx_word' id='word_1_329' title='bbox 595 2367 613 2406; x_wconf 93' lang='lat'><strong><em>:</em></strong></span> <span class='ocrx_word' id='word_1_330' title='bbox 649 2363 696 2406; x_wconf 91' lang='lat' dir='ltr'><strong>et</strong></span> <span class='ocrx_word' id='word_1_331' title='bbox 731 2351 980 2416; x_wconf 83' lang='lat' dir='ltr'><strong>Dominus</strong></span> <span class='ocrx_word' id='word_1_332' title='bbox 1009 2350 1193 2418; x_wconf 83' lang='lat' dir='ltr'><strong>Jesus,</strong></span> <span class='ocrx_word' id='word_1_333' title='bbox 1242 2369 1332 2420; x_wconf 89' lang='lat' dir='ltr'><strong>per</strong></span> <span class='ocrx_word' id='word_1_334' title='bbox 1366 2368 1513 2422; x_wconf 80' lang='lat' dir='ltr'><strong>quem</strong></span> <span class='ocrx_word' id='word_1_335' title='bbox 1553 2352 1760 2417; x_wconf 88' lang='lat' dir='ltr'><strong>onmia,</strong></span> <span class='ocrx_word' id='word_1_336' title='bbox 1793 2361 1838 2405; x_wconf 83' lang='lat' dir='ltr'><strong>et</strong></span> <span class='ocrx_word' id='word_1_337' title='bbox 1876 2367 1966 2406; x_wconf 83' lang='lat' dir='ltr'><strong>nos</strong></span> 
     </span>
    </p>
   </div>
   <div class='ocr_carea' id='block_1_39' title="bbox 364 2444 1967 2518">
    <p class='ocr_par' dir='ltr' id='par_1_39' title="bbox 364 2444 1967 2518">
     <span class='ocr_line' id='line_1_39' title="bbox 364 2444 1967 2518; baseline 0.001 -18"><span class='ocrx_word' id='word_1_338' title='bbox 364 2462 454 2518; x_wconf 90' lang='lat' dir='ltr'><strong>per</strong></span> <span class='ocrx_word' id='word_1_339' title='bbox 477 2447 648 2514; x_wconf 85' lang='lat' dir='ltr'><strong>ipsum</strong></span> <span class='ocrx_word' id='word_1_340' title='bbox 675 2454 720 2498; x_wconf 73' lang='grc'><strong>³.</strong></span> <span class='ocrx_word' id='word_1_341' title='bbox 752 2444 886 2500; x_wconf 85' lang='lat' dir='ltr'><strong>Nam</strong></span> <span class='ocrx_word' id='word_1_342' title='bbox 931 2445 1002 2499; x_wconf 92' lang='lat' dir='ltr'><strong>de</strong></span> <span class='ocrx_word' id='word_1_343' title='bbox 1040 2445 1156 2512; x_wconf 91' lang='lat' dir='ltr'><strong>his,</strong></span> <span class='ocrx_word' id='word_1_344' title='bbox 1186 2444 1280 2516; x_wconf 89' lang='lat' dir='ltr'><strong>qui</strong></span> <span class='ocrx_word' id='word_1_345' title='bbox 1325 2461 1384 2500; x_wconf 83' lang='lat' dir='ltr'><strong>se</strong></span> <span class='ocrx_word' id='word_1_346' title='bbox 1425 2445 1607 2500; x_wconf 82' lang='lat' dir='ltr'><strong>dicunt</strong></span> <span class='ocrx_word' id='word_1_347' title='bbox 1635 2445 1967 2501; x_wconf 70' lang='lat' dir='ltr'><strong>orthodoxae</strong></span> 
     </span>
    </p>
   </div>
   <div class='ocr_carea' id='block_1_40' title="bbox 365 2539 1968 2611">
    <p class='ocr_par' dir='ltr' id='par_1_40' title="bbox 365 2539 1968 2611">
     <span class='ocr_line' id='line_1_40' title="bbox 365 2539 1968 2611; baseline -0.001 -15"><span class='ocrx_word' id='word_1_348' title='bbox 365 2556 506 2608; x_wconf 89' lang='lat' dir='ltr'><strong>esse,</strong></span> <span class='ocrx_word' id='word_1_349' title='bbox 541 2541 629 2611; x_wconf 91' lang='lat' dir='ltr'><strong>qtti</strong></span> <span class='ocrx_word' id='word_1_350' title='bbox 662 2539 854 2595; x_wconf 81' lang='lat' dir='ltr'><strong>Filium</strong></span> <span class='ocrx_word' id='word_1_351' title='bbox 882 2555 974 2610; x_wconf 88' lang='lat' dir='ltr'><strong>per</strong></span> <span class='ocrx_word' id='word_1_352' title='bbox 999 2540 1176 2595; x_wconf 80' lang='lat' dir='ltr'><strong>omnia</strong></span> <span class='ocrx_word' id='word_1_353' title='bbox 1205 2547 1262 2594; x_wconf 88' lang='lat' dir='ltr'><strong>et</strong></span> <span class='ocrx_word' id='word_1_354' title='bbox 1291 2541 1341 2594; x_wconf 89' lang='lat' dir='ltr'><strong>in</strong></span> <span class='ocrx_word' id='word_1_355' title='bbox 1365 2541 1618 2595; x_wconf 91' lang='lat' dir='ltr'><strong>omnibus</strong></span> <span class='ocrx_word' id='word_1_356' title='bbox 1642 2550 1926 2610; x_wconf 68' lang='lat' dir='ltr'><strong>COwtlualll</strong></span> <span class='ocrx_word' id='word_1_357' title='bbox 1947 2540 1968 2570; x_wconf 87' lang='grc'>⁸</span> 
     </span>
    </p>
   </div>
   <div class='ocr_carea' id='block_1_41' title="bbox 365 2632 1608 2704">
    <p class='ocr_par' dir='ltr' id='par_1_41' title="bbox 365 2632 1608 2704">
     <span class='ocr_line' id='line_1_41' title="bbox 365 2632 1608 2704; baseline -0.002 -16"><span class='ocrx_word' id='word_1_358' title='bbox 365 2633 478 2690; x_wconf 88' lang='lat' dir='ltr'><strong>Deo</strong></span> <span class='ocrx_word' id='word_1_359' title='bbox 511 2639 670 2704; x_wconf 85' lang='lat' dir='ltr'><strong>patri,</strong></span> <span class='ocrx_word' id='word_1_360' title='bbox 701 2644 756 2688; x_wconf 90' lang='lat' dir='ltr'><strong>et</strong></span> <span class='ocrx_word' id='word_1_361' title='bbox 780 2632 1042 2704; x_wconf 86' lang='lat' dir='ltr'><strong>Spiritum</strong></span> <span class='ocrx_word' id='word_1_362' title='bbox 1070 2642 1316 2688; x_wconf 90' lang='lat' dir='ltr'><strong>sanctum</strong></span> <span class='ocrx_word' id='word_1_363' title='bbox 1347 2649 1608 2702; x_wconf 87' lang='lat' dir='ltr'><strong>per.......</strong></span> 
     </span>
    </p>
   </div>
   <div class='ocr_carea' id='block_1_42' title="bbox 848 2745 1470 2803">
    <p class='ocr_par' dir='ltr' id='par_1_42' title="bbox 848 2745 1470 2803">
     <span class='ocr_line' id='line_1_42' title="bbox 848 2745 1470 2803; baseline -0.003 -2"><span class='ocrx_word' id='word_1_364' title='bbox 848 2745 1336 2803; x_wconf 76' lang='lat' dir='ltr'><strong>FRAGMENTUM</strong></span> <span class='ocrx_word' id='word_1_365' title='bbox 1376 2745 1470 2802; x_wconf 85' lang='lat' dir='ltr'><strong>IX.</strong></span> 
     </span>
    </p>
   </div>
   <div class='ocr_carea' id='block_1_43' title="bbox 567 2839 1972 2912">
    <p class='ocr_par' dir='ltr' id='par_1_43' title="bbox 567 2839 1972 2912">
     <span class='ocr_line' id='line_1_43' title="bbox 567 2839 1972 2912; baseline 0 -16"><span class='ocrx_word' id='word_1_366' title='bbox 567 2883 580 2896; x_wconf 97' lang='lat'><strong>.</strong></span> <span class='ocrx_word' id='word_1_367' title='bbox 625 2843 700 2897; x_wconf 90' lang='lat' dir='ltr'><strong>ria</strong></span> <span class='ocrx_word' id='word_1_368' title='bbox 735 2857 834 2896; x_wconf 90' lang='lat' dir='ltr'><strong>nos</strong></span> <span class='ocrx_word' id='word_1_369' title='bbox 860 2840 1139 2897; x_wconf 81' lang='lat' dir='ltr'><strong>infamant.</strong></span> <span class='ocrx_word' id='word_1_370' title='bbox 1174 2842 1276 2897; x_wconf 84' lang='lat' dir='ltr'><strong>Sed</strong></span> <span class='ocrx_word' id='word_1_371' title='bbox 1309 2839 1676 2898; x_wconf 75' lang='lat' dir='ltr'><strong>Macedoniam</strong></span> <span class='ocrx_word' id='word_1_372' title='bbox 1706 2849 1821 2912; x_wconf 88' lang='lat' dir='ltr'><strong>post</strong></span> <span class='ocrx_word' id='word_1_373' title='bbox 1854 2839 1972 2896; x_wconf 73' lang='lat' dir='ltr'><strong>lucc</strong></span> 
     </span>
    </p>
   </div>
   <div class='ocr_carea' id='block_1_44' title="bbox 366 2935 1972 3004">
    <p class='ocr_par' dir='ltr' id='par_1_44' title="bbox 366 2935 1972 3004">
     <span class='ocr_line' id='line_1_44' title="bbox 366 2935 1972 3004; baseline -0.002 -12"><span class='ocrx_word' id='word_1_374' title='bbox 366 2937 546 2992; x_wconf 85' lang='lat' dir='ltr'><strong>omnia</strong></span> <span class='ocrx_word' id='word_1_375' title='bbox 574 2937 850 3004; x_wconf 69' lang='lat' dir='ltr'><strong>corrigunt</strong></span> <span class='ocrx_word' id='word_1_376' title='bbox 887 2951 978 3001; x_wconf 86' lang='lat' dir='ltr'><strong>se,</strong></span> <span class='ocrx_word' id='word_1_377' title='bbox 1017 2945 1070 2991; x_wconf 90' lang='lat' dir='ltr'><strong>et</strong></span> <span class='ocrx_word' id='word_1_378' title='bbox 1112 2935 1338 2991; x_wconf 88' lang='lat' dir='ltr'><strong>dicunt:</strong></span> <span class='ocrx_word' id='word_1_379' title='bbox 1372 2935 1568 2990; x_wconf 88' lang='lat' dir='ltr'><strong>Filium</strong></span> <span class='ocrx_word' id='word_1_380' title='bbox 1611 2935 1846 2990; x_wconf 87' lang='lat' dir='ltr'><strong>similem</strong></span> <span class='ocrx_word' id='word_1_381' title='bbox 1877 2950 1972 3004; x_wconf 84' lang='lat' dir='ltr'><strong>per</strong></span> 
     </span>
    </p>
   </div>
   <div class='ocr_carea' id='block_1_45' title="bbox 365 3026 1967 3092">
    <p class='ocr_par' dir='ltr' id='par_1_45' title="bbox 365 3026 1967 3092">
     <span class='ocr_line' id='line_1_45' title="bbox 365 3026 1967 3092; baseline -0.001 -8"><span class='ocrx_word' id='word_1_382' title='bbox 365 3029 546 3084; x_wconf 81' lang='lat' dir='ltr'><strong>Omnia</strong></span> <span class='ocrx_word' id='word_1_383' title='bbox 575 3039 629 3082; x_wconf 90' lang='lat' dir='ltr'><strong>et.</strong></span> <span class='ocrx_word' id='word_1_384' title='bbox 661 3029 714 3082; x_wconf 90' lang='lat' dir='ltr'><strong>in</strong></span> <span class='ocrx_word' id='word_1_385' title='bbox 747 3027 1000 3084; x_wconf 90' lang='lat' dir='ltr'><strong>omnibus</strong></span> <span class='ocrx_word' id='word_1_386' title='bbox 1035 3029 1148 3082; x_wconf 84' lang='lat' dir='ltr'><strong>Deo</strong></span> <span class='ocrx_word' id='word_1_387' title='bbox 1181 3029 1322 3082; x_wconf 86' lang='lat' dir='ltr'><strong>Patri</strong></span> <span class='ocrx_word' id='word_1_388' title='bbox 1354 3043 1477 3082; x_wconf 87' lang='lat' dir='ltr'><strong>esse</strong></span> <span class='ocrx_word' id='word_1_389' title='bbox 1506 3027 1735 3082; x_wconf 90' lang='lat' dir='ltr'><strong>dicimus</strong></span> <span class='ocrx_word' id='word_1_390' title='bbox 1757 3026 1784 3064; x_wconf 71' lang='grc' dir='ltr'><strong>ι)</strong></span> <span class='ocrx_word' id='word_1_391' title='bbox 1813 3044 1826 3080; x_wconf 88' lang='lat'><strong>:</strong></span> <span class='ocrx_word' id='word_1_392' title='bbox 1863 3027 1967 3092; x_wconf 89' lang='lat' dir='ltr'><strong>his,</strong></span> 
     </span>
    </p>
   </div>
   <div class='ocr_carea' id='block_1_46' title="bbox 367 3119 1973 3190">
    <p class='ocr_par' dir='ltr' id='par_1_46' title="bbox 367 3119 1973 3190">
     <span class='ocr_line' id='line_1_46' title="bbox 367 3119 1973 3190; baseline -0.002 -16"><span class='ocrx_word' id='word_1_393' title='bbox 367 3130 545 3175; x_wconf 88' lang='lat' dir='ltr'><strong>autem</strong></span> <span class='ocrx_word' id='word_1_394' title='bbox 578 3122 665 3190; x_wconf 88' lang='lat' dir='ltr'><strong>qui</strong></span> <span class='ocrx_word' id='word_1_395' title='bbox 705 3121 895 3175; x_wconf 90' lang='lat' dir='ltr'><strong>dicunt</strong></span> <span class='ocrx_word' id='word_1_396' title='bbox 922 3135 1044 3176; x_wconf 90' lang='lat' dir='ltr'><strong>esse</strong></span> <span class='ocrx_word' id='word_1_397' title='bbox 1073 3119 1431 3175; x_wconf 63' lang='lat' dir='ltr'><strong>din‘erentiam</strong></span> <span class='ocrx_word' id='word_1_398' title='bbox 1474 3121 1614 3174; x_wconf 81' lang='lat' dir='ltr'><strong>inter</strong></span> <span class='ocrx_word' id='word_1_399' title='bbox 1647 3121 1824 3175; x_wconf 90' lang='lat' dir='ltr'><strong>lumen</strong></span> <span class='ocrx_word' id='word_1_400' title='bbox 1881 3138 1973 3173; x_wconf 86' lang='lat' dir='ltr'><strong>tta-</strong></span> 
     </span>
    </p>
   </div>
   <div class='ocr_carea' id='block_1_47' title="bbox 369 3216 1962 3300">
    <p class='ocr_par' dir='ltr' id='par_1_47' title="bbox 369 3216 1962 3300">
     <span class='ocr_line' id='line_1_47' title="bbox 369 3216 1962 3300; baseline -0.001 -30"><span class='ocrx_word' id='word_1_401' title='bbox 369 3226 480 3270; x_wconf 89' lang='lat' dir='ltr'><strong>tum</strong></span> <span class='ocrx_word' id='word_1_402' title='bbox 513 3227 567 3270; x_wconf 91' lang='lat' dir='ltr'><strong>et</strong></span> <span class='ocrx_word' id='word_1_403' title='bbox 599 3216 742 3271; x_wconf 89' lang='lat' dir='ltr'><strong>inter</strong></span> <span class='ocrx_word' id='word_1_404' title='bbox 770 3217 952 3300; x_wconf 71' lang='lat' dir='ltr'><strong>lumen</strong></span> <span class='ocrx_word' id='word_1_405' title='bbox 975 3233 1078 3269; x_wconf 89' lang='lat' dir='ltr'><strong>non</strong></span> <span class='ocrx_word' id='word_1_406' title='bbox 1109 3227 1314 3283; x_wconf 87' lang='lat' dir='ltr'><strong>natum,</strong></span> <span class='ocrx_word' id='word_1_407' title='bbox 1349 3233 1454 3271; x_wconf 83' lang='lat' dir='ltr'><strong>non</strong></span> <span class='ocrx_word' id='word_1_408' title='bbox 1479 3218 1962 3282; x_wconf 89' lang='lat' dir='ltr'><strong>eommunieamus,</strong></span> 
     </span>
    </p>
   </div>
   <div class='ocr_carea' id='block_1_48' title="bbox 2071 1985 3663 2064">
    <p class='ocr_par' dir='ltr' id='par_1_48' title="bbox 2071 1985 3663 2064">
     <span class='ocr_line' id='line_1_48' title="bbox 2071 1985 3663 2064; baseline 0.008 -27"><span class='ocrx_word' id='word_1_409' title='bbox 2071 1985 2314 2053; x_wconf 81' lang='lat' dir='ltr'><strong>faciendi.</strong></span> <span class='ocrx_word' id='word_1_410' title='bbox 2349 1988 2477 2042; x_wconf 88' lang='lat' dir='ltr'><strong>Item</strong></span> <span class='ocrx_word' id='word_1_411' title='bbox 2507 1989 2558 2042; x_wconf 89' lang='lat' dir='ltr'><strong>itt</strong></span> <span class='ocrx_word' id='word_1_412' title='bbox 2593 1991 2881 2061; x_wconf 80' lang='lat' dir='ltr'><strong>Evangelia</strong></span> <span class='ocrx_word' id='word_1_413' title='bbox 2909 2010 2920 2045; x_wconf 88' lang='lat'><strong>:</strong></span> <span class='ocrx_word' id='word_1_414' title='bbox 2957 1993 3092 2057; x_wconf 83' lang='lat' dir='ltr'><strong>Quia</strong></span> <span class='ocrx_word' id='word_1_415' title='bbox 3119 1992 3351 2047; x_wconf 71' lang='lat' dir='ltr'><strong>discendi</strong></span> <span class='ocrx_word' id='word_1_416' title='bbox 3377 1995 3396 2024; x_wconf 83' lang='lat'><strong><em>&quot;</em></strong></span> <span class='ocrx_word' id='word_1_417' title='bbox 3429 1994 3663 2064; x_wconf 5' lang='lat' dir='ltr'><strong>depcwlo,</strong></span> 
     </span>
    </p>
   </div>
   <div class='ocr_carea' id='block_1_49' title="bbox 2071 2081 3664 2160">
    <p class='ocr_par' dir='ltr' id='par_1_49' title="bbox 2071 2081 3664 2160">
     <span class='ocr_line' id='line_1_49' title="bbox 2071 2081 3664 2160; baseline 0.009 -31"><span class='ocrx_word' id='word_1_418' title='bbox 2071 2092 2172 2130; x_wconf 81' lang='lat' dir='ltr'><strong>non</strong></span> <span class='ocrx_word' id='word_1_419' title='bbox 2208 2087 2266 2132; x_wconf 85' lang='lat' dir='ltr'><strong>ut</strong></span> <span class='ocrx_word' id='word_1_420' title='bbox 2291 2081 2477 2149; x_wconf 77' lang='lat' dir='ltr'><strong>faciam</strong></span> <span class='ocrx_word' id='word_1_421' title='bbox 2506 2081 2814 2137; x_wconf 83' lang='lat' dir='ltr'><strong>voluntatem</strong></span> <span class='ocrx_word' id='word_1_422' title='bbox 2852 2101 3048 2149; x_wconf 83' lang='lat' dir='ltr'><strong>meum,</strong></span> <span class='ocrx_word' id='word_1_423' title='bbox 3084 2085 3174 2138; x_wconf 86' lang='lat' dir='ltr'><strong>sed</strong></span> <span class='ocrx_word' id='word_1_424' title='bbox 3198 2087 3508 2143; x_wconf 81' lang='lat' dir='ltr'><strong>voluntatem</strong></span> <span class='ocrx_word' id='word_1_425' title='bbox 3531 2091 3664 2160; x_wconf 79' lang='lat' dir='ltr'><strong>ejus,</strong></span> 
     </span>
    </p>
   </div>
   <div class='ocr_carea' id='block_1_50' title="bbox 2070 2170 3668 2253">
    <p class='ocr_par' dir='ltr' id='par_1_50' title="bbox 2070 2170 3668 2253">
     <span class='ocr_line' id='line_1_50' title="bbox 2070 2170 3668 2253; baseline 0.008 -32"><span class='ocrx_word' id='word_1_426' title='bbox 2070 2170 2158 2239; x_wconf 82' lang='lat' dir='ltr'><strong>qui</strong></span> <span class='ocrx_word' id='word_1_427' title='bbox 2184 2188 2262 2225; x_wconf 91' lang='lat' dir='ltr'><strong>me</strong></span> <span class='ocrx_word' id='word_1_428' title='bbox 2296 2173 2454 2237; x_wconf 85' lang='lat' dir='ltr'><strong>misit,</strong></span> <span class='ocrx_word' id='word_1_429' title='bbox 2492 2174 2664 2228; x_wconf 83' lang='lat' dir='ltr'><strong>Patris</strong></span> <span class='ocrx_word' id='word_1_430' title='bbox 2701 2186 2723 2211; x_wconf 80' lang='grc' dir='ltr'><strong>ε’</strong></span> <span class='ocrx_word' id='word_1_431' title='bbox 2752 2193 2764 2228; x_wconf 92' lang='lat'>:</span> <span class='ocrx_word' id='word_1_432' title='bbox 2797 2174 2927 2230; x_wconf 78' lang='lat' dir='ltr'><strong>&quot;(ec</strong></span> <span class='ocrx_word' id='word_1_433' title='bbox 2963 2188 3036 2230; x_wconf 85' lang='lat' dir='ltr'><strong>est</strong></span> <span class='ocrx_word' id='word_1_434' title='bbox 3064 2188 3231 2230; x_wconf 87' lang='lat' dir='ltr'><strong>autent</strong></span> <span class='ocrx_word' id='word_1_435' title='bbox 3259 2179 3494 2233; x_wconf 85' lang='lat' dir='ltr'><strong>voluntas</strong></span> <span class='ocrx_word' id='word_1_436' title='bbox 3522 2183 3668 2253; x_wconf 83' lang='lat' dir='ltr'><strong>ejus,</strong></span> 
     </span>
    </p>
   </div>
   <div class='ocr_carea' id='block_1_51' title="bbox 2071 2267 3664 2340">
    <p class='ocr_par' dir='ltr' id='par_1_51' title="bbox 2071 2267 3664 2340">
     <span class='ocr_line' id='line_1_51' title="bbox 2071 2267 3664 2340; baseline 0.009 -27"><span class='ocrx_word' id='word_1_437' title='bbox 2071 2272 2126 2314; x_wconf 88' lang='lat' dir='ltr'><strong>ut</strong></span> <span class='ocrx_word' id='word_1_438' title='bbox 2153 2279 2302 2317; x_wconf 87' lang='lat' dir='ltr'><strong>omne</strong></span> <span class='ocrx_word' id='word_1_439' title='bbox 2317 2268 2454 2332; x_wconf 88' lang='lat' dir='ltr'><strong>quod</strong></span> <span class='ocrx_word' id='word_1_440' title='bbox 2467 2267 2744 2320; x_wconf 86' lang='lat' dir='ltr'><strong>deditmihi</strong></span> <span class='ocrx_word' id='word_1_441' title='bbox 2774 2267 2952 2333; x_wconf 87' lang='lat' dir='ltr'><strong>Pater,</strong></span> <span class='ocrx_word' id='word_1_442' title='bbox 2981 2286 3082 2324; x_wconf 87' lang='lat' dir='ltr'><strong>non</strong></span> <span class='ocrx_word' id='word_1_443' title='bbox 3107 2271 3317 2339; x_wconf 82' lang='lat' dir='ltr'><strong>perdam</strong></span> <span class='ocrx_word' id='word_1_444' title='bbox 3342 2271 3471 2326; x_wconf 82' lang='lat' dir='ltr'><strong>nihil</strong></span> <span class='ocrx_word' id='word_1_445' title='bbox 3503 2290 3564 2326; x_wconf 78' lang='lat' dir='ltr'><strong>ex</strong></span> <span class='ocrx_word' id='word_1_446' title='bbox 3589 2290 3664 2340; x_wconf 90' lang='lat' dir='ltr'><strong>eo,</strong></span> 
     </span>
    </p>
   </div>
   <div class='ocr_carea' id='block_1_52' title="bbox 2069 2356 3669 2435">
    <p class='ocr_par' dir='ltr' id='par_1_52' title="bbox 2069 2356 3669 2435">
     <span class='ocr_line' id='line_1_52' title="bbox 2069 2356 3669 2435; baseline 0.008 -27"><span class='ocrx_word' id='word_1_447' title='bbox 2069 2356 2162 2408; x_wconf 82' lang='lat' dir='ltr'><strong>sed</strong></span> <span class='ocrx_word' id='word_1_448' title='bbox 2200 2358 2498 2412; x_wconf 87' lang='lat' dir='ltr'><strong>resuscitem</strong></span> <span class='ocrx_word' id='word_1_449' title='bbox 2527 2360 2548 2390; x_wconf 80' lang='grc'><strong><em>⁸</em></strong></span> <span class='ocrx_word' id='word_1_450' title='bbox 2590 2361 2868 2414; x_wconf 85' lang='lat' dir='ltr'><strong>novissima</strong></span> <span class='ocrx_word' id='word_1_451' title='bbox 2909 2363 3009 2414; x_wconf 87' lang='lat' dir='ltr'><strong>die.</strong></span> <span class='ocrx_word' id='word_1_452' title='bbox 3056 2361 3184 2416; x_wconf 85' lang='lat' dir='ltr'><strong>item</strong></span> <span class='ocrx_word' id='word_1_453' title='bbox 3226 2365 3276 2418; x_wconf 91' lang='lat' dir='ltr'><strong>in</strong></span> <span class='ocrx_word' id='word_1_454' title='bbox 3325 2363 3621 2435; x_wconf 78' lang='lat' dir='ltr'><strong>Evangelio</strong></span> <span class='ocrx_word' id='word_1_455' title='bbox 3656 2386 3669 2420; x_wconf 90' lang='lat'><strong>:</strong></span> 
     </span>
    </p>
   </div>
   <div class='ocr_carea' id='block_1_53' title="bbox 2075 2444 3674 2524">
    <p class='ocr_par' dir='ltr' id='par_1_53' title="bbox 2075 2444 3674 2524">
     <span class='ocr_line' id='line_1_53' title="bbox 2075 2444 3674 2524; baseline 0.008 -26"><span class='ocrx_word' id='word_1_456' title='bbox 2075 2444 2204 2500; x_wconf 81' lang='lat' dir='ltr'><strong>lltvc</strong></span> <span class='ocrx_word' id='word_1_457' title='bbox 2234 2458 2309 2500; x_wconf 88' lang='lat' dir='ltr'><strong>est</strong></span> <span class='ocrx_word' id='word_1_458' title='bbox 2349 2451 2484 2502; x_wconf 87' lang='lat' dir='ltr'><strong>enim</strong></span> <span class='ocrx_word' id='word_1_459' title='bbox 2521 2451 2758 2506; x_wconf 86' lang='lat' dir='ltr'><strong>voluntas</strong></span> <span class='ocrx_word' id='word_1_460' title='bbox 2805 2450 2976 2506; x_wconf 89' lang='lat' dir='ltr'><strong>Patris</strong></span> <span class='ocrx_word' id='word_1_461' title='bbox 3018 2454 3150 2520; x_wconf 88' lang='lat' dir='ltr'><strong>mei,</strong></span> <span class='ocrx_word' id='word_1_462' title='bbox 3180 2455 3268 2524; x_wconf 87' lang='lat' dir='ltr'><strong>qui</strong></span> <span class='ocrx_word' id='word_1_463' title='bbox 3298 2472 3377 2510; x_wconf 87' lang='lat' dir='ltr'><strong>me</strong></span> <span class='ocrx_word' id='word_1_464' title='bbox 3403 2457 3574 2524; x_wconf 87' lang='lat' dir='ltr'><strong>misit,</strong></span> <span class='ocrx_word' id='word_1_465' title='bbox 3621 2465 3674 2510; x_wconf 89' lang='lat' dir='ltr'><strong>ut</strong></span> 
     </span>
    </p>
   </div>
   <div class='ocr_carea' id='block_1_54' title="bbox 2073 2541 3668 2614">
    <p class='ocr_par' dir='ltr' id='par_1_54' title="bbox 2073 2541 3668 2614">
     <span class='ocr_line' id='line_1_54' title="bbox 2073 2541 3668 2614; baseline 0.008 -23"><span class='ocrx_word' id='word_1_466' title='bbox 2073 2541 2239 2593; x_wconf 88' lang='lat' dir='ltr'><strong>onmis</strong></span> <span class='ocrx_word' id='word_1_467' title='bbox 2265 2542 2352 2610; x_wconf 87' lang='lat' dir='ltr'><strong>qui</strong></span> <span class='ocrx_word' id='word_1_468' title='bbox 2378 2543 2510 2596; x_wconf 89' lang='lat' dir='ltr'><strong>videt</strong></span> <span class='ocrx_word' id='word_1_469' title='bbox 2541 2542 2758 2609; x_wconf 86' lang='lat' dir='ltr'><strong>Filium,</strong></span> <span class='ocrx_word' id='word_1_470' title='bbox 2791 2555 2837 2598; x_wconf 89' lang='lat' dir='ltr'><strong>et</strong></span> <span class='ocrx_word' id='word_1_471' title='bbox 2869 2546 3031 2599; x_wconf 84' lang='lat' dir='ltr'><strong>credit</strong></span> <span class='ocrx_word' id='word_1_472' title='bbox 3060 2547 3112 2600; x_wconf 88' lang='lat' dir='ltr'><strong>in</strong></span> <span class='ocrx_word' id='word_1_473' title='bbox 3142 2563 3276 2614; x_wconf 86' lang='lat' dir='ltr'><strong>eum,</strong></span> <span class='ocrx_word' id='word_1_474' title='bbox 3309 2547 3489 2604; x_wconf 81' lang='lat' dir='ltr'><strong>habeat</strong></span> <span class='ocrx_word' id='word_1_475' title='bbox 3511 2551 3668 2604; x_wconf 86' lang='lat' dir='ltr'><strong>vitam</strong></span> 
     </span>
    </p>
   </div>
   <div class='ocr_carea' id='block_1_55' title="bbox 2073 2637 3210 2708">
    <p class='ocr_par' dir='ltr' id='par_1_55' title="bbox 2073 2637 3210 2708">
     <span class='ocr_line' id='line_1_55' title="bbox 2073 2637 3210 2708; baseline 0.008 -22"><span class='ocrx_word' id='word_1_476' title='bbox 2073 2642 2319 2688; x_wconf 73' lang='lat' dir='ltr'><strong>cateruam</strong></span> <span class='ocrx_word' id='word_1_477' title='bbox 2347 2651 2366 2690; x_wconf 93' lang='lat'><strong><em>:</em></strong></span> <span class='ocrx_word' id='word_1_478' title='bbox 2394 2645 2440 2690; x_wconf 82' lang='lat' dir='ltr'><strong>et</strong></span> <span class='ocrx_word' id='word_1_479' title='bbox 2462 2637 2776 2692; x_wconf 83' lang='lat' dir='ltr'><strong>resuscitabo</strong></span> <span class='ocrx_word' id='word_1_480' title='bbox 2803 2654 2895 2708; x_wconf 87' lang='lat' dir='ltr'><strong>ego</strong></span> <span class='ocrx_word' id='word_1_481' title='bbox 2923 2654 3210 2695; x_wconf 87' lang='lat' dir='ltr'><strong>eum.......</strong></span> 
     </span>
    </p>
   </div>
   <div class='ocr_carea' id='block_1_56' title="bbox 2571 2751 3162 2810">
    <p class='ocr_par' dir='ltr' id='par_1_56' title="bbox 2571 2751 3162 2810">
     <span class='ocr_line' id='line_1_56' title="bbox 2571 2751 3162 2810; baseline 0.007 -4"><span class='ocrx_word' id='word_1_482' title='bbox 2571 2751 3048 2810; x_wconf 77' lang='lat' dir='ltr'><strong>FRAGMENTUM</strong></span> <span class='ocrx_word' id='word_1_483' title='bbox 3093 2753 3162 2810; x_wconf 80' lang='grc' dir='ltr'><strong>Χ.</strong></span> 
     </span>
    </p>
   </div>
   <div class='ocr_carea' id='block_1_57' title="bbox 2151 2842 3674 2904">
    <p class='ocr_par' dir='ltr' id='par_1_57' title="bbox 2151 2842 3674 2904">
     <span class='ocr_line' id='line_1_57' title="bbox 2151 2842 3674 2904; baseline 0.008 -12"><span class='ocrx_word' id='word_1_484' title='bbox 2151 2879 2162 2892; x_wconf 95' lang='grc'><strong>.</strong></span> <span class='ocrx_word' id='word_1_485' title='bbox 2210 2881 2224 2894; x_wconf 93' lang='grc'><strong>.</strong></span> <span class='ocrx_word' id='word_1_486' title='bbox 2271 2881 2283 2892; x_wconf 94' lang='grc'><strong>.</strong></span> <span class='ocrx_word' id='word_1_487' title='bbox 2331 2879 2344 2892; x_wconf 94' lang='grc'><strong>.</strong></span> <span class='ocrx_word' id='word_1_488' title='bbox 2391 2882 2402 2894; x_wconf 93' lang='grc'><strong>.</strong></span> <span class='ocrx_word' id='word_1_489' title='bbox 2450 2881 2464 2896; x_wconf 93' lang='grc'><strong>.</strong></span> <span class='ocrx_word' id='word_1_490' title='bbox 2511 2881 2525 2894; x_wconf 96' lang='grc'><strong>.</strong></span> <span class='ocrx_word' id='word_1_491' title='bbox 2572 2842 2712 2899; x_wconf 89' lang='lat' dir='ltr'><strong>Deus</strong></span> <span class='ocrx_word' id='word_1_492' title='bbox 2742 2843 2936 2900; x_wconf 84' lang='lat' dir='ltr'><strong>Filiqu</strong></span> <span class='ocrx_word' id='word_1_493' title='bbox 2983 2861 3138 2900; x_wconf 88' lang='lat' dir='ltr'><strong>suum</strong></span> <span class='ocrx_word' id='word_1_494' title='bbox 3170 2848 3392 2904; x_wconf 86' lang='lat' dir='ltr'><strong>mittens</strong></span> <span class='ocrx_word' id='word_1_495' title='bbox 3431 2848 3484 2904; x_wconf 91' lang='lat' dir='ltr'><strong>in</strong></span> <span class='ocrx_word' id='word_1_496' title='bbox 3524 2850 3674 2904; x_wconf 88' lang='lat' dir='ltr'><strong>simi-</strong></span> 
     </span>
    </p>
   </div>
   <div class='ocr_carea' id='block_1_58' title="bbox 2076 2932 3677 3011">
    <p class='ocr_par' dir='ltr' id='par_1_58' title="bbox 2076 2932 3677 3011">
     <span class='ocr_line' id='line_1_58' title="bbox 2076 2932 3677 3011; baseline 0.007 -25"><span class='ocrx_word' id='word_1_497' title='bbox 2076 2932 2355 2989; x_wconf 91' lang='lat' dir='ltr'><strong>litudiuem</strong></span> <span class='ocrx_word' id='word_1_498' title='bbox 2405 2937 2585 2992; x_wconf 79' lang='lat' dir='ltr'><strong>carnis</strong></span> <span class='ocrx_word' id='word_1_499' title='bbox 2631 2939 2840 3008; x_wconf 90' lang='lat' dir='ltr'><strong>peccati</strong></span> <span class='ocrx_word' id='word_1_500' title='bbox 2867 2979 2883 3005; x_wconf 88' lang='lat'><strong>,</strong></span> <span class='ocrx_word' id='word_1_501' title='bbox 2927 2950 2982 2994; x_wconf 87' lang='lat' dir='ltr'><strong>et</strong></span> <span class='ocrx_word' id='word_1_502' title='bbox 3021 2940 3087 2995; x_wconf 87' lang='lat' dir='ltr'><strong>de</strong></span> <span class='ocrx_word' id='word_1_503' title='bbox 3130 2951 3350 3011; x_wconf 80' lang='lat' dir='ltr'><strong>peccato</strong></span> <span class='ocrx_word' id='word_1_504' title='bbox 3400 2943 3677 2998; x_wconf 86' lang='lat' dir='ltr'><strong>damnavit</strong></span> 
     </span>
    </p>
   </div>
   <div class='ocr_carea' id='block_1_59' title="bbox 2079 3029 3673 3104">
    <p class='ocr_par' dir='ltr' id='par_1_59' title="bbox 2079 3029 3673 3104">
     <span class='ocr_line' id='line_1_59' title="bbox 2079 3029 3673 3104; baseline 0.003 -20"><span class='ocrx_word' id='word_1_505' title='bbox 2079 3039 2375 3098; x_wconf 78' lang='lat' dir='ltr'><strong>peccaturo.</strong></span> <span class='ocrx_word' id='word_1_506' title='bbox 2409 3029 2538 3088; x_wconf 87' lang='lat' dir='ltr'><strong>Item</strong></span> <span class='ocrx_word' id='word_1_507' title='bbox 2567 3031 2765 3087; x_wconf 84' lang='lat' dir='ltr'><strong>Paulus</strong></span> <span class='ocrx_word' id='word_1_508' title='bbox 2792 3034 3070 3102; x_wconf 79' lang='lat' dir='ltr'><strong>apostolus</strong></span> <span class='ocrx_word' id='word_1_509' title='bbox 3097 3052 3110 3088; x_wconf 89' lang='lat'><strong>:</strong></span> <span class='ocrx_word' id='word_1_510' title='bbox 3143 3035 3221 3090; x_wconf 76' lang='lat' dir='ltr'><strong>Ad</strong></span> <span class='ocrx_word' id='word_1_511' title='bbox 3245 3039 3265 3070; x_wconf 75' lang='grc' dir='ltr'><strong>ο</strong></span> <span class='ocrx_word' id='word_1_512' title='bbox 3293 3038 3377 3092; x_wconf 83' lang='lat' dir='ltr'><strong>ubi</strong></span> <span class='ocrx_word' id='word_1_513' title='bbox 3407 3037 3537 3091; x_wconf 87' lang='lat' dir='ltr'><strong>venit</strong></span> <span class='ocrx_word' id='word_1_514' title='bbox 3561 3039 3673 3104; x_wconf 85' lang='lat' dir='ltr'><strong>pte-</strong></span> 
     </span>
    </p>
   </div>
   <div class='ocr_carea' id='block_1_60' title="bbox 2076 3121 3678 3199">
    <p class='ocr_par' dir='ltr' id='par_1_60' title="bbox 2076 3121 3678 3199">
     <span class='ocr_line' id='line_1_60' title="bbox 2076 3121 3678 3199; baseline 0.006 -26"><span class='ocrx_word' id='word_1_515' title='bbox 2076 3121 2255 3178; x_wconf 85' lang='lat' dir='ltr'><strong>nituda</strong></span> <span class='ocrx_word' id='word_1_516' title='bbox 2286 3124 2561 3194; x_wconf 87' lang='lat' dir='ltr'><strong>temporis,</strong></span> <span class='ocrx_word' id='word_1_517' title='bbox 2605 3127 2739 3180; x_wconf 85' lang='lat' dir='ltr'><strong>misit</strong></span> <span class='ocrx_word' id='word_1_518' title='bbox 2770 3125 2908 3181; x_wconf 83' lang='lat' dir='ltr'><strong>Deus</strong></span> <span class='ocrx_word' id='word_1_519' title='bbox 2938 3125 2988 3182; x_wconf 87' lang='lat' dir='ltr'><strong><em>F</em></strong></span> <span class='ocrx_word' id='word_1_520' title='bbox 2991 3129 3136 3181; x_wconf 88' lang='lat' dir='ltr'><strong>ilium</strong></span> <span class='ocrx_word' id='word_1_521' title='bbox 3181 3144 3332 3182; x_wconf 85' lang='lat' dir='ltr'><strong>suum</strong></span> <span class='ocrx_word' id='word_1_522' title='bbox 3357 3129 3554 3199; x_wconf 73' lang='lat' dir='ltr'><strong>factum</strong></span> <span class='ocrx_word' id='word_1_523' title='bbox 3587 3146 3678 3199; x_wconf 83' lang='lat' dir='ltr'><strong>per</strong></span> 
     </span>
    </p>
   </div>
   <div class='ocr_carea' id='block_1_61' title="bbox 2075 3214 3669 3290">
    <p class='ocr_par' dir='ltr' id='par_1_61' title="bbox 2075 3214 3669 3290">
     <span class='ocr_line' id='line_1_61' title="bbox 2075 3214 3669 3290; baseline 0.006 -23"><span class='ocrx_word' id='word_1_524' title='bbox 2075 3214 2356 3269; x_wconf 86' lang='lat' dir='ltr'><strong>mulierem.</strong></span> <span class='ocrx_word' id='word_1_525' title='bbox 2398 3217 2464 3272; x_wconf 87' lang='lat' dir='ltr'><strong>Et</strong></span> <span class='ocrx_word' id='word_1_526' title='bbox 2504 3218 2605 3272; x_wconf 90' lang='lat' dir='ltr'><strong>alia</strong></span> <span class='ocrx_word' id='word_1_527' title='bbox 2638 3218 2805 3274; x_wconf 78' lang='lat' dir='ltr'><strong>millia</strong></span> <span class='ocrx_word' id='word_1_528' title='bbox 2833 3220 2957 3275; x_wconf 81' lang='lat' dir='ltr'><strong>talia</strong></span> <span class='ocrx_word' id='word_1_529' title='bbox 2993 3221 3266 3290; x_wconf 84' lang='lat' dir='ltr'><strong>Scriptura</strong></span> <span class='ocrx_word' id='word_1_530' title='bbox 3299 3221 3478 3276; x_wconf 89' lang='lat' dir='ltr'><strong>divina</strong></span> <span class='ocrx_word' id='word_1_531' title='bbox 3514 3222 3669 3276; x_wconf 85' lang='lat' dir='ltr'><strong>nobis</strong></span> 
     </span>
    </p>
   </div>
   <div class='ocr_carea' id='block_1_62' title="bbox 370 3275 3678 3381">
    <p class='ocr_par' dir='ltr' id='par_1_62' title="bbox 370 3275 3678 3381">
     <span class='ocr_line' id='line_1_62' title="bbox 370 3275 3678 3381; baseline 0.002 -22"><span class='ocrx_word' id='word_1_532' title='bbox 370 3308 494 3376; x_wconf 86' lang='lat' dir='ltr'><strong>quia</strong></span> <span class='ocrx_word' id='word_1_533' title='bbox 530 3308 732 3361; x_wconf 90' lang='lat' dir='ltr'><strong>nullam</strong></span> <span class='ocrx_word' id='word_1_534' title='bbox 764 3281 1126 3363; x_wconf 69' lang='lat' dir='ltr'><strong>dilfei&#39;eutiam</strong></span> <span class='ocrx_word' id='word_1_535' title='bbox 1159 3325 1279 3364; x_wconf 82' lang='lat' dir='ltr'><strong>esse</strong></span> <span class='ocrx_word' id='word_1_536' title='bbox 1322 3309 1460 3362; x_wconf 91' lang='lat' dir='ltr'><strong>inter</strong></span> <span class='ocrx_word' id='word_1_537' title='bbox 1493 3309 1658 3362; x_wconf 89' lang='lat' dir='ltr'><strong>Demn</strong></span> <span class='ocrx_word' id='word_1_538' title='bbox 1701 3319 1882 3363; x_wconf 89' lang='lat' dir='ltr'><strong>natutn</strong></span> <span class='ocrx_word' id='word_1_539' title='bbox 1918 3317 1972 3365; x_wconf 89' lang='lat' dir='ltr'><strong>et</strong></span> <span class='ocrx_word' id='word_1_540' title='bbox 1997 3275 2042 3338; x_wconf 66' lang='grc' dir='ltr'>Ο</span> <span class='ocrx_word' id='word_1_541' title='bbox 2082 3307 2320 3362; x_wconf 89' lang='lat' dir='ltr'><strong>tradidit.</strong></span> <span class='ocrx_word' id='word_1_542' title='bbox 2352 3307 2652 3365; x_wconf 82' lang='lat' dir='ltr'><strong>Ostendant</strong></span> <span class='ocrx_word' id='word_1_543' title='bbox 2675 3312 2831 3368; x_wconf 88' lang='lat' dir='ltr'><strong>nobis</strong></span> <span class='ocrx_word' id='word_1_544' title='bbox 2861 3311 2878 3348; x_wconf 67' lang='grc' dir='ltr'><strong>ί</strong></span> <span class='ocrx_word' id='word_1_545' title='bbox 2904 3327 3035 3381; x_wconf 77' lang='lat' dir='ltr'><strong>ergo</strong></span> <span class='ocrx_word' id='word_1_546' title='bbox 3065 3275 3462 3380; x_wconf 70' lang='lat' dir='ltr'><strong>Macedoniani,</strong></span> <span class='ocrx_word' id='word_1_547' title='bbox 3489 3313 3678 3368; x_wconf 89' lang='lat' dir='ltr'><strong>dicunt</strong></span> 
     </span>
    </p>
   </div>
   <div class='ocr_carea' id='block_1_63' title="bbox 371 3397 1968 3474">
    <p class='ocr_par' dir='ltr' id='par_1_63' title="bbox 371 3397 1968 3474">
     <span class='ocr_line' id='line_1_63' title="bbox 371 3397 1968 3474; baseline 0.003 -20"><span class='ocrx_word' id='word_1_548' title='bbox 371 3397 516 3455; x_wconf 90' lang='lat' dir='ltr'><strong>inter</strong></span> <span class='ocrx_word' id='word_1_549' title='bbox 542 3400 710 3455; x_wconf 89' lang='lat' dir='ltr'><strong>Demn</strong></span> <span class='ocrx_word' id='word_1_550' title='bbox 745 3416 849 3455; x_wconf 90' lang='lat' dir='ltr'><strong>non</strong></span> <span class='ocrx_word' id='word_1_551' title='bbox 895 3413 1078 3455; x_wconf 89' lang='lat' dir='ltr'><strong>natum</strong></span> <span class='ocrx_word' id='word_1_552' title='bbox 1123 3402 1350 3457; x_wconf 89' lang='lat' dir='ltr'><strong>dicimus</strong></span> <span class='ocrx_word' id='word_1_553' title='bbox 1384 3419 1396 3455; x_wconf 85' lang='lat'><strong>:</strong></span> <span class='ocrx_word' id='word_1_554' title='bbox 1429 3402 1654 3474; x_wconf 77' lang='lat' dir='ltr'><strong>:equalis</strong></span> <span class='ocrx_word' id='word_1_555' title='bbox 1680 3401 1702 3432; x_wconf 72' lang='grc' dir='ltr'><strong>’δ</strong></span> <span class='ocrx_word' id='word_1_556' title='bbox 1731 3403 1968 3470; x_wconf 88' lang='lat' dir='ltr'><strong>honore,</strong></span> 
     </span>
    </p>
   </div>
   <div class='ocr_carea' id='block_1_64' title="bbox 377 3495 1968 3566">
    <p class='ocr_par' dir='ltr' id='par_1_64' title="bbox 377 3495 1968 3566">
     <span class='ocr_line' id='line_1_64' title="bbox 377 3495 1968 3566; baseline -0.001 -17"><span class='ocrx_word' id='word_1_557' title='bbox 377 3495 615 3565; x_wconf 77' lang='lat' dir='ltr'><strong>:cquales</strong></span> <span class='ocrx_word' id='word_1_558' title='bbox 643 3499 843 3550; x_wconf 88' lang='lat' dir='ltr'><strong>virtute</strong></span> <span class='ocrx_word' id='word_1_559' title='bbox 873 3495 1206 3565; x_wconf 85' lang='lat' dir='ltr'><strong>Soziphanes</strong></span> <span class='ocrx_word' id='word_1_560' title='bbox 1241 3506 1262 3534; x_wconf 79' lang='grc' dir='ltr'><strong>ο</strong></span> <span class='ocrx_word' id='word_1_561' title='bbox 1295 3496 1548 3566; x_wconf 84' lang='lat' dir='ltr'><strong>princeps</strong></span> <span class='ocrx_word' id='word_1_562' title='bbox 1573 3509 1765 3552; x_wconf 85' lang='lat' dir='ltr'><strong>eorum</strong></span> <span class='ocrx_word' id='word_1_563' title='bbox 1797 3495 1968 3565; x_wconf 83' lang='lat' dir='ltr'><strong>scrip-</strong></span> 
     </span>
    </p>
   </div>
   <div class='ocr_carea' id='block_1_65' title="bbox 371 3587 1971 3659">
    <p class='ocr_par' dir='ltr' id='par_1_65' title="bbox 371 3587 1971 3659">
     <span class='ocr_line' id='line_1_65' title="bbox 371 3587 1971 3659; baseline 0.001 -17"><span class='ocrx_word' id='word_1_564' title='bbox 371 3589 461 3642; x_wconf 87' lang='lat' dir='ltr'><strong>sit.</strong></span> <span class='ocrx_word' id='word_1_565' title='bbox 493 3587 574 3642; x_wconf 84' lang='lat' dir='ltr'><strong>0b</strong></span> <span class='ocrx_word' id='word_1_566' title='bbox 601 3589 704 3642; x_wconf 91' lang='lat' dir='ltr'><strong>hoc</strong></span> <span class='ocrx_word' id='word_1_567' title='bbox 729 3589 891 3642; x_wconf 88' lang='lat' dir='ltr'><strong>etiam</strong></span> <span class='ocrx_word' id='word_1_568' title='bbox 922 3599 1187 3659; x_wconf 84' lang='lat' dir='ltr'><strong>coguntur</strong></span> <span class='ocrx_word' id='word_1_569' title='bbox 1207 3603 1235 3642; x_wconf 90' lang='lat' dir='ltr'><strong>a</strong></span> <span class='ocrx_word' id='word_1_570' title='bbox 1263 3588 1441 3652; x_wconf 87' lang='lat' dir='ltr'><strong>nobis,</strong></span> <span class='ocrx_word' id='word_1_571' title='bbox 1473 3595 1531 3641; x_wconf 93' lang='lat' dir='ltr'><strong>ut</strong></span> <span class='ocrx_word' id='word_1_572' title='bbox 1557 3587 1844 3642; x_wconf 84' lang='lat' dir='ltr'><strong>ostendant</strong></span> <span class='ocrx_word' id='word_1_573' title='bbox 1875 3603 1971 3643; x_wconf 93' lang='lat' dir='ltr'><strong>no-</strong></span> 
     </span>
    </p>
   </div>
   <div class='ocr_carea' id='block_1_66' title="bbox 372 3679 1972 3751">
    <p class='ocr_par' dir='ltr' id='par_1_66' title="bbox 372 3679 1972 3751">
     <span class='ocr_line' id='line_1_66' title="bbox 372 3679 1972 3751; baseline 0.002 -16"><span class='ocrx_word' id='word_1_574' title='bbox 372 3679 457 3735; x_wconf 88' lang='lat' dir='ltr'><strong>bis</strong></span> <span class='ocrx_word' id='word_1_575' title='bbox 487 3682 530 3733; x_wconf 91' lang='lat' dir='ltr'><strong>si</strong></span> <span class='ocrx_word' id='word_1_576' title='bbox 574 3681 773 3750; x_wconf 90' lang='lat' dir='ltr'><strong>scripta</strong></span> <span class='ocrx_word' id='word_1_577' title='bbox 802 3692 926 3735; x_wconf 91' lang='lat' dir='ltr'><strong>sunt</strong></span> <span class='ocrx_word' id='word_1_578' title='bbox 954 3681 1023 3736; x_wconf 92' lang='lat' dir='ltr'><strong>de</strong></span> <span class='ocrx_word' id='word_1_579' title='bbox 1066 3681 1226 3736; x_wconf 87' lang='lat' dir='ltr'><strong>Patre</strong></span> <span class='ocrx_word' id='word_1_580' title='bbox 1255 3697 1315 3737; x_wconf 89' lang='lat' dir='ltr'><strong>ea</strong></span> <span class='ocrx_word' id='word_1_581' title='bbox 1348 3697 1470 3751; x_wconf 70' lang='lat' dir='ltr'><strong>qua:</strong></span> <span class='ocrx_word' id='word_1_582' title='bbox 1496 3681 1698 3750; x_wconf 85' lang='lat' dir='ltr'><strong>scripta</strong></span> <span class='ocrx_word' id='word_1_583' title='bbox 1741 3690 1868 3737; x_wconf 89' lang='lat' dir='ltr'><strong>sunt</strong></span> <span class='ocrx_word' id='word_1_584' title='bbox 1906 3682 1972 3738; x_wconf 89' lang='lat' dir='ltr'><strong>de</strong></span> 
     </span>
    </p>
   </div>
   <div class='ocr_carea' id='block_1_67' title="bbox 372 3769 1969 3843">
    <p class='ocr_par' dir='ltr' id='par_1_67' title="bbox 372 3769 1969 3843">
     <span class='ocr_line' id='line_1_67' title="bbox 372 3769 1969 3843; baseline 0.001 -17"><span class='ocrx_word' id='word_1_585' title='bbox 372 3769 514 3826; x_wconf 85' lang='lat' dir='ltr'><strong>Filio</strong></span> <span class='ocrx_word' id='word_1_586' title='bbox 541 3769 566 3807; x_wconf 75' lang='grc' dir='ltr'>ἀ</span> <span class='ocrx_word' id='word_1_587' title='bbox 597 3789 610 3825; x_wconf 92' lang='lat'>:</span> <span class='ocrx_word' id='word_1_588' title='bbox 645 3772 824 3827; x_wconf 90' lang='lat' dir='ltr'><strong>dicant</strong></span> <span class='ocrx_word' id='word_1_589' title='bbox 846 3782 894 3828; x_wconf 86' lang='lat' dir='ltr'><strong>et</strong></span> <span class='ocrx_word' id='word_1_590' title='bbox 937 3772 1225 3827; x_wconf 89' lang='lat' dir='ltr'><strong>ostendant</strong></span> <span class='ocrx_word' id='word_1_591' title='bbox 1249 3773 1316 3827; x_wconf 90' lang='lat' dir='ltr'><strong>de</strong></span> <span class='ocrx_word' id='word_1_592' title='bbox 1345 3773 1636 3843; x_wconf 89' lang='lat' dir='ltr'><strong>Scripturis</strong></span> <span class='ocrx_word' id='word_1_593' title='bbox 1663 3773 1705 3828; x_wconf 91' lang='lat' dir='ltr'><strong>si</strong></span> <span class='ocrx_word' id='word_1_594' title='bbox 1750 3773 1910 3828; x_wconf 87' lang='lat' dir='ltr'><strong>Pater</strong></span> <span class='ocrx_word' id='word_1_595' title='bbox 1940 3789 1969 3828; x_wconf 90' lang='lat' dir='ltr'><strong>a</strong></span> 
     </span>
    </p>
   </div>
   <div class='ocr_carea' id='block_1_68' title="bbox 372 3863 1971 3935">
    <p class='ocr_par' dir='ltr' id='par_1_68' title="bbox 372 3863 1971 3935">
     <span class='ocr_line' id='line_1_68' title="bbox 372 3863 1971 3935; baseline -0.001 -15"><span class='ocrx_word' id='word_1_596' title='bbox 372 3863 510 3920; x_wconf 88' lang='lat' dir='ltr'><strong>Filio</strong></span> <span class='ocrx_word' id='word_1_597' title='bbox 537 3873 662 3920; x_wconf 89' lang='lat' dir='ltr'><strong>ante</strong></span> <span class='ocrx_word' id='word_1_598' title='bbox 687 3866 883 3920; x_wconf 68' lang='lat' dir='ltr'><strong>smcula</strong></span> <span class='ocrx_word' id='word_1_599' title='bbox 914 3877 1071 3920; x_wconf 90' lang='lat' dir='ltr'><strong>natus</strong></span> <span class='ocrx_word' id='word_1_600' title='bbox 1097 3865 1188 3931; x_wconf 87' lang='lat' dir='ltr'><strong>sit,</strong></span> <span class='ocrx_word' id='word_1_601' title='bbox 1212 3875 1266 3921; x_wconf 90' lang='lat' dir='ltr'><strong>et</strong></span> <span class='ocrx_word' id='word_1_602' title='bbox 1288 3866 1466 3921; x_wconf 88' lang='lat' dir='ltr'><strong>omnia</strong></span> <span class='ocrx_word' id='word_1_603' title='bbox 1488 3865 1644 3935; x_wconf 83' lang='lat' dir='ltr'><strong>jussu</strong></span> <span class='ocrx_word' id='word_1_604' title='bbox 1674 3866 1695 3896; x_wconf 81' lang='grc'><strong><em>⁵</em></strong></span> <span class='ocrx_word' id='word_1_605' title='bbox 1722 3864 1843 3919; x_wconf 84' lang='lat' dir='ltr'><strong>Filii</strong></span> <span class='ocrx_word' id='word_1_606' title='bbox 1874 3865 1971 3920; x_wconf 86' lang='lat' dir='ltr'><strong>Pa-</strong></span> 
     </span>
    </p>
   </div>
   <div class='ocr_carea' id='block_1_69' title="bbox 375 3958 1973 4031">
    <p class='ocr_par' dir='ltr' id='par_1_69' title="bbox 375 3958 1973 4031">
     <span class='ocr_line' id='line_1_69' title="bbox 375 3958 1973 4031; baseline -0.001 -17"><span class='ocrx_word' id='word_1_607' title='bbox 375 3967 457 4014; x_wconf 87' lang='lat' dir='ltr'><strong>ter</strong></span> <span class='ocrx_word' id='word_1_608' title='bbox 488 3959 704 4022; x_wconf 84' lang='lat' dir='ltr'><strong>fecerit,</strong></span> <span class='ocrx_word' id='word_1_609' title='bbox 732 3959 912 4015; x_wconf 91' lang='lat' dir='ltr'><strong>omnia</strong></span> <span class='ocrx_word' id='word_1_610' title='bbox 940 3970 993 4015; x_wconf 92' lang='lat' dir='ltr'><strong>et</strong></span> <span class='ocrx_word' id='word_1_611' title='bbox 1021 3970 1204 4031; x_wconf 78' lang='lat' dir='ltr'><strong>regat:</strong></span> <span class='ocrx_word' id='word_1_612' title='bbox 1237 3970 1328 4014; x_wconf 89' lang='lat' dir='ltr'><strong>aut</strong></span> <span class='ocrx_word' id='word_1_613' title='bbox 1359 3960 1401 4014; x_wconf 91' lang='lat' dir='ltr'><strong>si</strong></span> <span class='ocrx_word' id='word_1_614' title='bbox 1430 3958 1569 4014; x_wconf 91' lang='lat' dir='ltr'><strong>Deus</strong></span> <span class='ocrx_word' id='word_1_615' title='bbox 1597 3958 1756 4014; x_wconf 85' lang='lat' dir='ltr'><strong>Pater</strong></span> <span class='ocrx_word' id='word_1_616' title='bbox 1797 3958 1973 4014; x_wconf 77' lang='lat' dir='ltr'><strong>omni-</strong></span> 
     </span>
    </p>
   </div>
   <div class='ocr_carea' id='block_1_70' title="bbox 372 4049 1970 4123">
    <p class='ocr_par' dir='ltr' id='par_1_70' title="bbox 372 4049 1970 4123">
     <span class='ocr_line' id='line_1_70' title="bbox 372 4049 1970 4123; baseline 0 -16"><span class='ocrx_word' id='word_1_617' title='bbox 372 4063 565 4123; x_wconf 84' lang='lat' dir='ltr'><strong>potens</strong></span> <span class='ocrx_word' id='word_1_618' title='bbox 592 4052 835 4107; x_wconf 88' lang='lat' dir='ltr'><strong>minister</strong></span> <span class='ocrx_word' id='word_1_619' title='bbox 861 4052 1078 4108; x_wconf 90' lang='lat' dir='ltr'><strong>nuntius</strong></span> <span class='ocrx_word' id='word_1_620' title='bbox 1109 4060 1166 4110; x_wconf 85' lang='lat' dir='ltr'><strong>et</strong></span> <span class='ocrx_word' id='word_1_621' title='bbox 1191 4054 1446 4108; x_wconf 87' lang='lat' dir='ltr'><strong>sacerdos</strong></span> <span class='ocrx_word' id='word_1_622' title='bbox 1473 4052 1544 4107; x_wconf 87' lang='lat' dir='ltr'><strong>sit</strong></span> <span class='ocrx_word' id='word_1_623' title='bbox 1574 4049 1698 4106; x_wconf 80' lang='lat' dir='ltr'><strong>Filii</strong></span> <span class='ocrx_word' id='word_1_624' title='bbox 1728 4049 1810 4106; x_wconf 91' lang='lat' dir='ltr'><strong>sui</strong></span> <span class='ocrx_word' id='word_1_625' title='bbox 1839 4068 1852 4106; x_wconf 91' lang='lat'>:</span> <span class='ocrx_word' id='word_1_626' title='bbox 1877 4059 1970 4108; x_wconf 88' lang='lat' dir='ltr'><strong>aut</strong></span> 
     </span>
    </p>
   </div>
   <div class='ocr_carea' id='block_1_71' title="bbox 448 4169 878 4225">
    <p class='ocr_par' dir='ltr' id='par_1_71' title="bbox 448 4169 878 4225">
     <span class='ocr_line' id='line_1_71' title="bbox 448 4169 878 4225; baseline 0 -1"><span class='ocrx_word' id='word_1_627' title='bbox 448 4170 461 4199; x_wconf 85' lang='grc'><strong><em>³</em></strong></span> <span class='ocrx_word' id='word_1_628' title='bbox 503 4169 637 4224; x_wconf 86' lang='lat' dir='ltr'><strong>Cod.</strong></span> <span class='ocrx_word' id='word_1_629' title='bbox 669 4171 878 4225; x_wconf 67' lang='lat' dir='ltr'><strong>exaudi.</strong></span> 
     </span>
    </p>
   </div>
   <div class='ocr_carea' id='block_1_72' title="bbox 443 4238 888 4296">
    <p class='ocr_par' dir='ltr' id='par_1_72' title="bbox 443 4238 888 4296">
     <span class='ocr_line' id='line_1_72' title="bbox 443 4238 888 4296; baseline -0.002 -1"><span class='ocrx_word' id='word_1_630' title='bbox 443 4241 464 4271; x_wconf 82' lang='grc'><strong><em>²</em></strong></span> <span class='ocrx_word' id='word_1_631' title='bbox 503 4238 636 4295; x_wconf 89' lang='lat' dir='ltr'><strong>Cod.</strong></span> <span class='ocrx_word' id='word_1_632' title='bbox 669 4240 888 4296; x_wconf 85' lang='lat' dir='ltr'><strong>indicat.</strong></span> 
     </span>
    </p>
   </div>
   <div class='ocr_carea' id='block_1_73' title="bbox 445 4310 953 4383">
    <p class='ocr_par' dir='ltr' id='par_1_73' title="bbox 445 4310 953 4383">
     <span class='ocr_line' id='line_1_73' title="bbox 445 4310 953 4383; baseline 0.002 -18"><span class='ocrx_word' id='word_1_633' title='bbox 445 4310 467 4383; x_wconf 50' lang='grc' dir='ltr'>ἕ</span> <span class='ocrx_word' id='word_1_634' title='bbox 504 4311 637 4366; x_wconf 81' lang='lat' dir='ltr'><strong>Cod.</strong></span> <span class='ocrx_word' id='word_1_635' title='bbox 669 4322 953 4383; x_wconf 75' lang='lat' dir='ltr'><strong>cowquant.</strong></span> 
     </span>
    </p>
   </div>
   <div class='ocr_carea' id='block_1_74' title="bbox 445 4382 1131 4453">
    <p class='ocr_par' dir='ltr' id='par_1_74' title="bbox 445 4382 1131 4453">
     <span class='ocr_line' id='line_1_74' title="bbox 445 4382 1131 4453; baseline 0 -15"><span class='ocrx_word' id='word_1_636' title='bbox 445 4382 468 4412; x_wconf 74' lang='lat'><strong>‘</strong></span> <span class='ocrx_word' id='word_1_637' title='bbox 507 4383 582 4438; x_wconf 87' lang='lat' dir='ltr'><strong>Ita</strong></span> <span class='ocrx_word' id='word_1_638' title='bbox 605 4383 728 4438; x_wconf 90' lang='lat' dir='ltr'><strong>cod.</strong></span> <span class='ocrx_word' id='word_1_639' title='bbox 762 4382 856 4452; x_wconf 85' lang='lat' dir='ltr'><strong>pro</strong></span> <span class='ocrx_word' id='word_1_640' title='bbox 886 4385 1131 4453; x_wconf 68' lang='lat' dir='ltr'><strong>arquates.</strong></span> 
     </span>
    </p>
   </div>
   <div class='ocr_carea' id='block_1_75' title="bbox 447 4453 1195 4528">
    <p class='ocr_par' dir='ltr' id='par_1_75' title="bbox 447 4453 1195 4528">
     <span class='ocr_line' id='line_1_75' title="bbox 447 4453 1195 4528; baseline 0 -21"><span class='ocrx_word' id='word_1_641' title='bbox 447 4453 469 4528; x_wconf 57' lang='grc' dir='ltr'>ξ</span> <span class='ocrx_word' id='word_1_642' title='bbox 508 4453 583 4528; x_wconf 84' lang='lat' dir='ltr'><strong>l_ta</strong></span> <span class='ocrx_word' id='word_1_643' title='bbox 606 4454 730 4528; x_wconf 91' lang='lat' dir='ltr'><strong>_cod.</strong></span> <span class='ocrx_word' id='word_1_644' title='bbox 762 4459 827 4508; x_wconf 85' lang='lat' dir='ltr'><strong>At</strong></span> <span class='ocrx_word' id='word_1_645' title='bbox 855 4454 996 4512; x_wconf 72' lang='lat' dir='ltr'><strong>intra</strong></span> <span class='ocrx_word' id='word_1_646' title='bbox 1013 4458 1195 4528; x_wconf 82' lang='lat' dir='ltr'><strong>jussu.</strong></span> 
     </span>
    </p>
   </div>
   <div class='ocr_carea' id='block_1_76' title="bbox 451 4524 851 4580">
    <p class='ocr_par' dir='ltr' id='par_1_76' title="bbox 451 4524 851 4580">
     <span class='ocr_line' id='line_1_76' title="bbox 451 4524 851 4580; baseline -0.003 0"><span class='ocrx_word' id='word_1_647' title='bbox 451 4524 472 4554; x_wconf 79' lang='grc'><strong>⁸</strong></span> <span class='ocrx_word' id='word_1_648' title='bbox 509 4525 643 4580; x_wconf 86' lang='lat' dir='ltr'><strong>Cod.</strong></span> <span class='ocrx_word' id='word_1_649' title='bbox 678 4529 851 4579; x_wconf 86' lang='lat' dir='ltr'><strong>vitam.</strong></span> 
     </span>
    </p>
   </div>
   <div class='ocr_carea' id='block_1_77' title="bbox 450 4637 1961 4710">
    <p class='ocr_par' dir='ltr' id='par_1_77' title="bbox 450 4637 1961 4710">
     <span class='ocr_line' id='line_1_77' title="bbox 450 4637 1961 4710; baseline 0.003 -20"><span class='ocrx_word' id='word_1_650' title='bbox 450 4646 476 4672; x_wconf 69' lang='grc' dir='ltr'><strong><em>η</em></strong></span> <span class='ocrx_word' id='word_1_651' title='bbox 503 4637 736 4710; x_wconf 76' lang='lat' dir='ltr'><strong>Rectam</strong></span> <span class='ocrx_word' id='word_1_652' title='bbox 765 4640 921 4710; x_wconf 84' lang='lat' dir='ltr'><strong>hujus</strong></span> <span class='ocrx_word' id='word_1_653' title='bbox 944 4641 1048 4694; x_wconf 86' lang='lat' dir='ltr'><strong>loci</strong></span> <span class='ocrx_word' id='word_1_654' title='bbox 1077 4641 1484 4710; x_wconf 74' lang='lat' dir='ltr'><strong>intelligentiam</strong></span> <span class='ocrx_word' id='word_1_655' title='bbox 1515 4642 1673 4696; x_wconf 78' lang='lat' dir='ltr'><strong>decet</strong></span> <span class='ocrx_word' id='word_1_656' title='bbox 1703 4655 1800 4698; x_wconf 85' lang='lat' dir='ltr'><strong>nos</strong></span> <span class='ocrx_word' id='word_1_657' title='bbox 1830 4639 1961 4698; x_wconf 82' lang='lat' dir='ltr'><strong>Fer-</strong></span> 
     </span>
    </p>
   </div>
   <div class='ocr_carea' id='block_1_78' title="bbox 377 4709 1604 4781">
    <p class='ocr_par' dir='ltr' id='par_1_78' title="bbox 377 4709 1604 4781">
     <span class='ocr_line' id='line_1_78' title="bbox 377 4709 1604 4781; baseline -0.001 -17"><span class='ocrx_word' id='word_1_658' title='bbox 377 4709 581 4781; x_wconf 73' lang='lat' dir='ltr'><strong>rartdtrs</strong></span> <span class='ocrx_word' id='word_1_659' title='bbox 611 4712 766 4778; x_wconf 77' lang='lat' dir='ltr'><strong>epist.</strong></span> <span class='ocrx_word' id='word_1_660' title='bbox 795 4709 976 4764; x_wconf 85' lang='lat' dir='ltr'><strong>Casio.</strong></span> <span class='ocrx_word' id='word_1_661' title='bbox 1009 4711 1064 4765; x_wconf 79' lang='lat' dir='ltr'><strong>ff.</strong></span> <span class='ocrx_word' id='word_1_662' title='bbox 1097 4713 1149 4777; x_wconf 84' lang='grc'><strong>6,</strong></span> <span class='ocrx_word' id='word_1_663' title='bbox 1184 4709 1368 4781; x_wconf 64' lang='lat' dir='ltr'><strong>p.174</strong></span> <span class='ocrx_word' id='word_1_664' title='bbox 1391 4743 1460 4751; x_wconf 91' lang='lat'><strong>—</strong></span> <span class='ocrx_word' id='word_1_665' title='bbox 1485 4713 1604 4766; x_wconf 81' lang='grc'><strong>175.</strong></span> 
     </span>
    </p>
   </div>
   <div class='ocr_carea' id='block_1_79' title="bbox 449 4779 1967 4848">
    <p class='ocr_par' dir='ltr' id='par_1_79' title="bbox 449 4779 1967 4848">
     <span class='ocr_line' id='line_1_79' title="bbox 449 4779 1967 4848; baseline 0.004 -16"><span class='ocrx_word' id='word_1_666' title='bbox 449 4779 475 4816; x_wconf 73' lang='lat' dir='ltr'><strong>b</strong></span> <span class='ocrx_word' id='word_1_667' title='bbox 515 4779 696 4848; x_wconf 83' lang='lat' dir='ltr'><strong>Neque</strong></span> <span class='ocrx_word' id='word_1_668' title='bbox 718 4781 916 4836; x_wconf 74' lang='lat' dir='ltr'><strong>idCil‘Ct)</strong></span> <span class='ocrx_word' id='word_1_669' title='bbox 941 4779 1310 4836; x_wconf 76' lang='lat' dir='ltr'><strong>Macedoniani</strong></span> <span class='ocrx_word' id='word_1_670' title='bbox 1339 4793 1535 4836; x_wconf 85' lang='lat' dir='ltr'><strong>rectam</strong></span> <span class='ocrx_word' id='word_1_671' title='bbox 1559 4783 1625 4837; x_wconf 88' lang='lat' dir='ltr'><strong>de</strong></span> <span class='ocrx_word' id='word_1_672' title='bbox 1645 4781 1784 4836; x_wconf 68' lang='lat' dir='ltr'><strong>Filio</strong></span> <span class='ocrx_word' id='word_1_673' title='bbox 1809 4782 1967 4838; x_wconf 80' lang='lat' dir='ltr'><strong>tidem</strong></span> 
     </span>
    </p>
   </div>
   <div class='ocr_carea' id='block_1_80' title="bbox 376 4849 1970 4920">
    <p class='ocr_par' dir='ltr' id='par_1_80' title="bbox 376 4849 1970 4920">
     <span class='ocr_line' id='line_1_80' title="bbox 376 4849 1970 4920; baseline 0.001 -16"><span class='ocrx_word' id='word_1_674' title='bbox 376 4849 678 4908; x_wconf 87' lang='lat' dir='ltr'><strong>habebant.</strong></span> <span class='ocrx_word' id='word_1_675' title='bbox 705 4869 861 4920; x_wconf 90' lang='lat' dir='ltr'><strong>quem</strong></span> <span class='ocrx_word' id='word_1_676' title='bbox 887 4854 1138 4907; x_wconf 85' lang='lat' dir='ltr'><strong>dicebant</strong></span> <span class='ocrx_word' id='word_1_677' title='bbox 1165 4855 1503 4917; x_wconf 74' lang='lat' dir='ltr'><strong>hotnteusion,</strong></span> <span class='ocrx_word' id='word_1_678' title='bbox 1524 4855 1708 4907; x_wconf 84' lang='lat' dir='ltr'><strong>similis</strong></span> <span class='ocrx_word' id='word_1_679' title='bbox 1729 4854 1970 4908; x_wconf 70' lang='lat' dir='ltr'><strong>substan-</strong></span> 
     </span>
    </p>
   </div>
   <div class='ocr_carea' id='block_1_81' title="bbox 376 4922 1968 4996">
    <p class='ocr_par' dir='ltr' id='par_1_81' title="bbox 376 4922 1968 4996">
     <span class='ocr_line' id='line_1_81' title="bbox 376 4922 1968 4996; baseline 0.003 -22"><span class='ocrx_word' id='word_1_680' title='bbox 376 4922 463 4996; x_wconf 71' lang='lat' dir='ltr'><strong>tia:</strong></span> <span class='ocrx_word' id='word_1_681' title='bbox 476 4939 514 4996; x_wconf 78' lang='lat'><strong>,&#39;_</strong></span> <span class='ocrx_word' id='word_1_682' title='bbox 524 4939 628 4975; x_wconf 90' lang='lat' dir='ltr'><strong>non</strong></span> <span class='ocrx_word' id='word_1_683' title='bbox 657 4922 989 4996; x_wconf 83' lang='lat' dir='ltr'><strong>homoousion</strong></span> <span class='ocrx_word' id='word_1_684' title='bbox 1010 4967 1023 4986; x_wconf 86' lang='lat'><em>.</em></span> <span class='ocrx_word' id='word_1_685' title='bbox 1057 4926 1557 4996; x_wconf 73' lang='lat' dir='ltr'><strong>consubstantialem.</strong></span> <span class='ocrx_word' id='word_1_686' title='bbox 1594 4925 1664 4977; x_wconf 83' lang='lat' dir='ltr'><strong>lta</strong></span> <span class='ocrx_word' id='word_1_687' title='bbox 1709 4926 1968 4996; x_wconf 78' lang='lat' dir='ltr'><strong>Didymus</strong></span> 
     </span>
    </p>
   </div>
   <div class='ocr_carea' id='block_1_82' title="bbox 376 4992 1968 5070">
    <p class='ocr_par' dir='ltr' id='par_1_82' title="bbox 376 4992 1968 5070">
     <span class='ocr_line' id='line_1_82' title="bbox 376 4992 1968 5070; baseline 0.003 -24"><span class='ocrx_word' id='word_1_688' title='bbox 376 4993 447 5047; x_wconf 91' lang='lat' dir='ltr'><strong>de</strong></span> <span class='ocrx_word' id='word_1_689' title='bbox 473 4992 622 5070; x_wconf 63' lang='lat' dir='ltr'><strong>Trin.</strong></span> <span class='ocrx_word' id='word_1_690' title='bbox 657 5013 691 5058; x_wconf 86' lang='grc' dir='ltr'><strong>ι,</strong></span> <span class='ocrx_word' id='word_1_691' title='bbox 723 4995 818 5070; x_wconf 64' lang='grc' dir='ltr'><strong>5ρε</strong></span> <span class='ocrx_word' id='word_1_692' title='bbox 837 5001 926 5050; x_wconf 78' lang='grc' dir='ltr'><strong>Καὶ</strong></span> <span class='ocrx_word' id='word_1_693' title='bbox 951 4998 1257 5053; x_wconf 78' lang='grc' dir='ltr'>Μακεδονίου</span> <span class='ocrx_word' id='word_1_694' title='bbox 1283 4998 1335 5054; x_wconf 69' lang='grc' dir='ltr'><strong>δὲ</strong></span> <span class='ocrx_word' id='word_1_695' title='bbox 1361 4995 1641 5070; x_wconf 49' lang='grc' dir='ltr'><strong>παῖδας·ῗὼς</strong></span> <span class='ocrx_word' id='word_1_696' title='bbox 1671 5002 1762 5052; x_wconf 80' lang='grc' dir='ltr'>τοῦ</span> <span class='ocrx_word' id='word_1_697' title='bbox 1813 4992 1968 5070; x_wconf 48' lang='lat' dir='ltr'><strong>ita/iw</strong></span> 
     </span>
    </p>
   </div>
   <div class='ocr_carea' id='block_1_83' title="bbox 377 5067 1973 5144">
    <p class='ocr_par' dir='ltr' id='par_1_83' title="bbox 377 5067 1973 5144">
     <span class='ocr_line' id='line_1_83' title="bbox 377 5067 1973 5144; baseline 0.002 -25"><span class='ocrx_word' id='word_1_698' title='bbox 377 5067 689 5144; x_wconf 68' lang='grc' dir='ltr'><strong>πνεύμᾳτος,</strong></span> <span class='ocrx_word' id='word_1_699' title='bbox 715 5067 848 5121; x_wconf 66' lang='grc' dir='ltr'><strong>οὕτω</strong></span> <span class='ocrx_word' id='word_1_700' title='bbox 875 5073 959 5122; x_wconf 81' lang='grc' dir='ltr'><strong>καὶ</strong></span> <span class='ocrx_word' id='word_1_701' title='bbox 983 5077 1074 5124; x_wconf 82' lang='grc' dir='ltr'><strong>τοῦ</strong></span> <span class='ocrx_word' id='word_1_702' title='bbox 1096 5078 1396 5144; x_wconf 66' lang='grc' dir='ltr'><strong>μονογενοῦς</strong></span> <span class='ocrx_word' id='word_1_703' title='bbox 1420 5075 1509 5128; x_wconf 77' lang='grc' dir='ltr'><strong>τὴν</strong></span> <span class='ocrx_word' id='word_1_704' title='bbox 1538 5069 1680 5133; x_wconf 70' lang='grc' dir='ltr'>δόξαν</span> <span class='ocrx_word' id='word_1_705' title='bbox 1701 5071 1755 5122; x_wconf 82' lang='grc' dir='ltr'><strong>οὐ</strong></span> <span class='ocrx_word' id='word_1_706' title='bbox 1780 5067 1973 5144; x_wconf 63' lang='grc' dir='ltr'>σὼξρυ·</span> 
     </span>
    </p>
   </div>
   <div class='ocr_carea' id='block_1_84' title="bbox 378 5137 1976 5217">
    <p class='ocr_par' dir='ltr' id='par_1_84' title="bbox 378 5137 1976 5217">
     <span class='ocr_line' id='line_1_84' title="bbox 378 5137 1976 5217; baseline 0.003 -27"><span class='ocrx_word' id='word_1_707' title='bbox 378 5157 496 5200; x_wconf 78' lang='grc' dir='ltr'><strong>σιν,</strong></span> <span class='ocrx_word' id='word_1_708' title='bbox 543 5137 912 5217; x_wconf 69' lang='grc' dir='ltr'><strong>ὁμριούσιον</strong></span> <span class='ocrx_word' id='word_1_709' title='bbox 951 5151 1022 5213; x_wconf 82' lang='grc' dir='ltr'><strong>τῷ</strong></span> <span class='ocrx_word' id='word_1_710' title='bbox 1059 5137 1340 5217; x_wconf 23' lang='lat' dir='ltr'><strong>uagitu-cati</strong></span> <span class='ocrx_word' id='word_1_711' title='bbox 1381 5146 1486 5212; x_wconf 77' lang='grc' dir='ltr'><strong>οὐχ</strong></span> <span class='ocrx_word' id='word_1_712' title='bbox 1528 5141 1863 5213; x_wconf 75' lang='grc' dir='ltr'><strong>ὀμοούσιον</strong></span> <span class='ocrx_word' id='word_1_713' title='bbox 1896 5140 1976 5195; x_wconf 78' lang='grc' dir='ltr'><strong>λέ-</strong></span> 
     </span>
    </p>
   </div>
   <div class='ocr_carea' id='block_1_85' title="bbox 377 5211 1968 5285">
    <p class='ocr_par' dir='ltr' id='par_1_85' title="bbox 377 5211 1968 5285">
     <span class='ocr_line' id='line_1_85' title="bbox 377 5211 1968 5285; baseline 0.003 -25"><span class='ocrx_word' id='word_1_714' title='bbox 377 5228 554 5285; x_wconf 63' lang='grc' dir='ltr'><strong>γοντεξ</strong></span> <span class='ocrx_word' id='word_1_715' title='bbox 583 5212 752 5285; x_wconf 58' lang='lat' dir='ltr'><strong>«miror.</strong></span> <span class='ocrx_word' id='word_1_716' title='bbox 789 5214 856 5272; x_wconf 81' lang='grc' dir='ltr'><em>ὡς</em></span> <span class='ocrx_word' id='word_1_717' title='bbox 886 5211 1104 5285; x_wconf 58' lang='lat' dir='ltr'><strong>resideat</strong></span> <span class='ocrx_word' id='word_1_718' title='bbox 1129 5211 1205 5269; x_wconf 55' lang='lat' dir='ltr'><strong>ait</strong></span> <span class='ocrx_word' id='word_1_719' title='bbox 1227 5211 1377 5274; x_wconf 74' lang='grc' dir='ltr'><strong>ἄλλης</strong></span> <span class='ocrx_word' id='word_1_720' title='bbox 1405 5211 1582 5285; x_wconf 49' lang='lat' dir='ltr'><strong>eiiciat</strong></span> <span class='ocrx_word' id='word_1_721' title='bbox 1610 5215 1790 5285; x_wconf 68' lang='grc' dir='ltr'><strong>ρύσίας</strong></span> <span class='ocrx_word' id='word_1_722' title='bbox 1811 5214 1968 5285; x_wconf 74' lang='grc' dir='ltr'><strong>ἐστίν.</strong></span> 
     </span>
    </p>
   </div>
   <div class='ocr_carea' id='block_1_86' title="bbox 457 5279 1972 5352">
    <p class='ocr_par' dir='ltr' id='par_1_86' title="bbox 457 5279 1972 5352">
     <span class='ocr_line' id='line_1_86' title="bbox 457 5279 1972 5352; baseline 0.001 -18"><span class='ocrx_word' id='word_1_723' title='bbox 457 5289 477 5314; x_wconf 67' lang='grc' dir='ltr'><strong>θ</strong></span> <span class='ocrx_word' id='word_1_724' title='bbox 522 5279 842 5348; x_wconf 67' lang='grc' dir='ltr'><strong>ὃοῑίριιεηιίς</strong></span> <span class='ocrx_word' id='word_1_725' title='bbox 887 5284 1394 5339; x_wconf 82' lang='lat' dir='ltr'><strong>MacedOuianorum</strong></span> <span class='ocrx_word' id='word_1_726' title='bbox 1433 5279 1713 5352; x_wconf 60' lang='lat' dir='ltr'><strong>praecipui</strong></span> <span class='ocrx_word' id='word_1_727' title='bbox 1768 5284 1972 5337; x_wconf 92' lang='lat' dir='ltr'><strong>nullum</strong></span> 
     </span>
    </p>
   </div>
   <div class='ocr_carea' id='block_1_87' title="bbox 378 5355 1864 5426">
    <p class='ocr_par' dir='ltr' id='par_1_87' title="bbox 378 5355 1864 5426">
     <span class='ocr_line' id='line_1_87' title="bbox 378 5355 1864 5426; baseline 0.002 -23"><span class='ocrx_word' id='word_1_728' title='bbox 378 5355 868 5426; x_wconf 69' lang='lat' dir='ltr'><strong>exstatscriptum,</strong></span> <span class='ocrx_word' id='word_1_729' title='bbox 899 5370 960 5407; x_wconf 90' lang='lat' dir='ltr'><strong>ac</strong></span> <span class='ocrx_word' id='word_1_730' title='bbox 989 5372 1054 5408; x_wconf 86' lang='lat' dir='ltr'><strong>ne</strong></span> <span class='ocrx_word' id='word_1_731' title='bbox 1086 5358 1341 5410; x_wconf 88' lang='lat' dir='ltr'><strong>memoria</strong></span> <span class='ocrx_word' id='word_1_732' title='bbox 1362 5355 1600 5426; x_wconf 88' lang='lat' dir='ltr'><strong>quidem.</strong></span> <span class='ocrx_word' id='word_1_733' title='bbox 1633 5362 1692 5407; x_wconf 90' lang='lat' dir='ltr'><strong>ut</strong></span> <span class='ocrx_word' id='word_1_734' title='bbox 1720 5370 1864 5426; x_wconf 76' lang='lat' dir='ltr'><strong>reor.</strong></span> 
     </span>
    </p>
   </div>
   <div class='ocr_carea' id='block_1_88' title="bbox 413 5417 1973 5500">
    <p class='ocr_par' dir='ltr' id='par_1_88' title="bbox 413 5417 1973 5500">
     <span class='ocr_line' id='line_1_88' title="bbox 413 5417 1973 5500; baseline 0.004 -26"><span class='ocrx_word' id='word_1_735' title='bbox 413 5491 423 5500; x_wconf 37' lang='grc' dir='ltr'>ι</span> <span class='ocrx_word' id='word_1_736' title='bbox 453 5417 479 5454; x_wconf 69' lang='grc' dir='ltr'><em>δ</em></span> <span class='ocrx_word' id='word_1_737' title='bbox 521 5422 771 5500; x_wconf 55' lang='lat' dir='ltr'><strong>filrtttitur</strong></span> <span class='ocrx_word' id='word_1_738' title='bbox 804 5425 855 5476; x_wconf 92' lang='lat' dir='ltr'><strong>iu</strong></span> <span class='ocrx_word' id='word_1_739' title='bbox 887 5428 1238 5500; x_wconf 83' lang='lat' dir='ltr'><strong>sequentibus</strong></span> <span class='ocrx_word' id='word_1_740' title='bbox 1259 5417 1492 5500; x_wconf 49' lang='lat' dir='ltr'><strong>Aria-nus</strong></span> <span class='ocrx_word' id='word_1_741' title='bbox 1518 5433 1705 5500; x_wconf 77' lang='lat' dir='ltr'><strong>aut-tor</strong></span> <span class='ocrx_word' id='word_1_742' title='bbox 1734 5425 1973 5500; x_wconf 76' lang='lat' dir='ltr'><strong>Scriptu—</strong></span> 
     </span>
    </p>
   </div>
   <div class='ocr_carea' id='block_1_89' title="bbox 379 5491 1973 5566">
    <p class='ocr_par' dir='ltr' id='par_1_89' title="bbox 379 5491 1973 5566">
     <span class='ocr_line' id='line_1_89' title="bbox 379 5491 1973 5566; baseline -0.011 -2"><span class='ocrx_word' id='word_1_743' title='bbox 379 5491 460 5566; x_wconf 70' lang='grc' dir='ltr'><strong>¹ῘῘ³</strong></span> <span class='ocrx_word' id='word_1_744' title='bbox 495 5491 730 5566; x_wconf 53' lang='lat' dir='ltr'><strong>lminis.</strong></span> <span class='ocrx_word' id='word_1_745' title='bbox 765 5511 882 5562; x_wconf 78' lang='lat' dir='ltr'><strong>qme</strong></span> <span class='ocrx_word' id='word_1_746' title='bbox 914 5491 1073 5550; x_wconf 86' lang='lat' dir='ltr'><strong>modo</strong></span> <span class='ocrx_word' id='word_1_747' title='bbox 1117 5513 1374 5566; x_wconf 83' lang='lat' dir='ltr'><strong>personas</strong></span> <span class='ocrx_word' id='word_1_748' title='bbox 1405 5497 1774 5562; x_wconf 64' lang='lat' dir='ltr'><strong>dis‘ti-nguunt,</strong></span> <span class='ocrx_word' id='word_1_749' title='bbox 1811 5491 1973 5549; x_wconf 76' lang='lat' dir='ltr'><strong>utado</strong></span> 
     </span>
    </p>
   </div>
   <div class='ocr_carea' id='block_1_90' title="bbox 380 5561 1975 5635">
    <p class='ocr_par' dir='ltr' id='par_1_90' title="bbox 380 5561 1975 5635">
     <span class='ocr_line' id='line_1_90' title="bbox 380 5561 1975 5635; baseline 0.003 -20"><span class='ocrx_word' id='word_1_750' title='bbox 380 5562 452 5616; x_wconf 87' lang='lat' dir='ltr'><strong>de</strong></span> <span class='ocrx_word' id='word_1_751' title='bbox 485 5561 702 5635; x_wconf 77' lang='lat' dir='ltr'><strong>Chrism</strong></span> <span class='ocrx_word' id='word_1_752' title='bbox 736 5561 875 5632; x_wconf 71' lang='lat' dir='ltr'><strong>Dea,</strong></span> <span class='ocrx_word' id='word_1_753' title='bbox 911 5568 1069 5622; x_wconf 91' lang='lat' dir='ltr'><strong>modo</strong></span> <span class='ocrx_word' id='word_1_754' title='bbox 1105 5561 1172 5623; x_wconf 83' lang='lat' dir='ltr'><strong>de</strong></span> <span class='ocrx_word' id='word_1_755' title='bbox 1215 5571 1433 5622; x_wconf 88' lang='lat' dir='ltr'><strong>homine</strong></span> <span class='ocrx_word' id='word_1_756' title='bbox 1467 5568 1778 5635; x_wconf 84' lang='lat' dir='ltr'><strong>loquuntur,</strong></span> <span class='ocrx_word' id='word_1_757' title='bbox 1816 5566 1975 5618; x_wconf 90' lang='lat' dir='ltr'><strong>modo</strong></span> 
     </span>
    </p>
   </div>
   <div class='ocr_carea' id='block_1_91' title="bbox 380 5634 1974 5694">
    <p class='ocr_par' dir='ltr' id='par_1_91' title="bbox 380 5634 1974 5694">
     <span class='ocr_line' id='line_1_91' title="bbox 380 5634 1974 5694; baseline 0.002 -9"><span class='ocrx_word' id='word_1_758' title='bbox 380 5634 634 5689; x_wconf 87' lang='lat' dir='ltr'><strong>attributa</strong></span> <span class='ocrx_word' id='word_1_759' title='bbox 667 5635 879 5694; x_wconf 88' lang='lat' dir='ltr'><strong>diversa</strong></span> <span class='ocrx_word' id='word_1_760' title='bbox 915 5650 1152 5693; x_wconf 83' lang='lat' dir='ltr'><strong>narrant.</strong></span> <span class='ocrx_word' id='word_1_761' title='bbox 1186 5641 1284 5693; x_wconf 83' lang='lat' dir='ltr'><strong>Adi</strong></span> <span class='ocrx_word' id='word_1_762' title='bbox 1322 5634 1566 5693; x_wconf 88' lang='lat' dir='ltr'><strong>Photium</strong></span> <span class='ocrx_word' id='word_1_763' title='bbox 1599 5654 1628 5691; x_wconf 91' lang='lat' dir='ltr'><strong>a</strong></span> <span class='ocrx_word' id='word_1_764' title='bbox 1659 5652 1741 5694; x_wconf 83' lang='lat' dir='ltr'><strong>me</strong></span> <span class='ocrx_word' id='word_1_765' title='bbox 1773 5637 1974 5692; x_wconf 86' lang='lat' dir='ltr'><strong>editum</strong></span> 
     </span>
    </p>
   </div>
   <div class='ocr_carea' id='block_1_92' title="bbox 381 5704 1980 5777">
    <p class='ocr_par' dir='ltr' id='par_1_92' title="bbox 381 5704 1980 5777">
     <span class='ocr_line' id='line_1_92' title="bbox 381 5704 1980 5777; baseline 0.013 -19"><span class='ocrx_word' id='word_1_766' title='bbox 381 5704 727 5772; x_wconf 85' lang='lat' dir='ltr'><strong>Amphiloch.</strong></span> <span class='ocrx_word' id='word_1_767' title='bbox 761 5723 1048 5766; x_wconf 75' lang='lat' dir='ltr'><strong>cuxxvttt.</strong></span> <span class='ocrx_word' id='word_1_768' title='bbox 1091 5709 1340 5766; x_wconf 86' lang='lat' dir='ltr'><strong>Breviter</strong></span> <span class='ocrx_word' id='word_1_769' title='bbox 1371 5712 1612 5770; x_wconf 82' lang='lat' dir='ltr'><strong>Nicetas.</strong></span> <span class='ocrx_word' id='word_1_770' title='bbox 1653 5723 1710 5777; x_wconf 78' lang='grc' dir='ltr'><strong>Ρ·</strong></span> <span class='ocrx_word' id='word_1_771' title='bbox 1747 5705 1819 5764; x_wconf 73' lang='grc' dir='ltr'><strong>θί</strong></span> <span class='ocrx_word' id='word_1_772' title='bbox 1854 5705 1980 5777; x_wconf 72' lang='grc' dir='ltr'><strong>Ηωε</strong></span> 
     </span>
    </p>
   </div>
   <div class='ocr_carea' id='block_1_93' title="bbox 385 5776 1982 5850">
    <p class='ocr_par' dir='ltr' id='par_1_93' title="bbox 385 5776 1982 5850">
     <span class='ocr_line' id='line_1_93' title="bbox 385 5776 1982 5850; baseline 0.007 -25"><span class='ocrx_word' id='word_1_773' title='bbox 385 5777 561 5850; x_wconf 66' lang='lat' dir='ltr'><strong>omnia</strong></span> <span class='ocrx_word' id='word_1_774' title='bbox 595 5779 991 5850; x_wconf 69' lang='lat' dir='ltr'><strong>nonin/irritant</strong></span> <span class='ocrx_word' id='word_1_775' title='bbox 1036 5779 1265 5840; x_wconf 73' lang='lat' dir='ltr'><strong>Filium.</strong></span> <span class='ocrx_word' id='word_1_776' title='bbox 1293 5798 1454 5850; x_wconf 86' lang='lat' dir='ltr'><strong>neque</strong></span> <span class='ocrx_word' id='word_1_777' title='bbox 1480 5776 1792 5850; x_wconf 80' lang='lat' dir='ltr'><strong>depretiant,</strong></span> <span class='ocrx_word' id='word_1_778' title='bbox 1835 5776 1924 5850; x_wconf 77' lang='lat' dir='ltr'><strong>sed</strong></span> <span class='ocrx_word' id='word_1_779' title='bbox 1949 5795 1982 5834; x_wconf 82' lang='grc' dir='ltr'><em>α</em></span> 
     </span>
    </p>
   </div>
   <div class='ocr_carea' id='block_1_94' title="bbox 389 5843 1979 5920">
    <p class='ocr_par' dir='ltr' id='par_1_94' title="bbox 389 5843 1979 5920">
     <span class='ocr_line' id='line_1_94' title="bbox 389 5843 1979 5920; baseline 0.002 -20"><span class='ocrx_word' id='word_1_780' title='bbox 389 5843 553 5902; x_wconf 83' lang='lat' dir='ltr'><strong>Patre</strong></span> <span class='ocrx_word' id='word_1_781' title='bbox 593 5843 936 5920; x_wconf 80' lang='lat' dir='ltr'><strong>distinguunt.</strong></span> <span class='ocrx_word' id='word_1_782' title='bbox 980 5850 1055 5908; x_wconf 89' lang='lat' dir='ltr'><strong>De</strong></span> <span class='ocrx_word' id='word_1_783' title='bbox 1089 5851 1174 5906; x_wconf 61' lang='lat' dir='ltr'><strong>bis</strong></span> <span class='ocrx_word' id='word_1_784' title='bbox 1221 5843 1556 5906; x_wconf 59' lang='lat' dir='ltr'><strong>Ariatiorum&#39;</strong></span> <span class='ocrx_word' id='word_1_785' title='bbox 1584 5843 1857 5906; x_wconf 80' lang='lat' dir='ltr'><strong>fraudibus</strong></span> <span class='ocrx_word' id='word_1_786' title='bbox 1896 5847 1979 5904; x_wconf 86' lang='lat' dir='ltr'><strong>lo-</strong></span> 
     </span>
    </p>
   </div>
   <div class='ocr_carea' id='block_1_95' title="bbox 2003 4514 2058 4573">
    <p class='ocr_par' dir='ltr' id='par_1_95' title="bbox 2003 4514 2058 4573">
     <span class='ocr_line' id='line_1_95' title="bbox 2003 4514 2058 4573; baseline 0 0"><span class='ocrx_word' id='word_1_787' title='bbox 2003 4514 2058 4573; x_wconf 92' lang='lat' dir='ltr'><strong>D</strong></span> 
     </span>
    </p>
   </div>
   <div class='ocr_carea' id='block_1_96' title="bbox 2069 4635 3672 4708">
    <p class='ocr_par' dir='ltr' id='par_1_96' title="bbox 2069 4635 3672 4708">
     <span class='ocr_line' id='line_1_96' title="bbox 2069 4635 3672 4708; baseline 0.004 -18"><span class='ocrx_word' id='word_1_788' title='bbox 2069 4638 2253 4708; x_wconf 85' lang='lat' dir='ltr'><strong>quitur</strong></span> <span class='ocrx_word' id='word_1_789' title='bbox 2281 4635 2706 4694; x_wconf 87' lang='lat' dir='ltr'><strong>etiam&#39;Hilarius</strong></span> <span class='ocrx_word' id='word_1_790' title='bbox 2731 4636 2799 4691; x_wconf 93' lang='lat' dir='ltr'><strong>de</strong></span> <span class='ocrx_word' id='word_1_791' title='bbox 2829 4635 2978 4708; x_wconf 79' lang='lat' dir='ltr'><strong>Trin.</strong></span> <span class='ocrx_word' id='word_1_792' title='bbox 3013 4651 3090 4708; x_wconf 64' lang='lat' dir='ltr'><strong>rt,</strong></span> <span class='ocrx_word' id='word_1_793' title='bbox 3123 4635 3175 4690; x_wconf 87' lang='lat'><strong>6.</strong></span> <span class='ocrx_word' id='word_1_794' title='bbox 3203 4637 3550 4707; x_wconf 80' lang='lat' dir='ltr'><strong>Objectiones</strong></span> <span class='ocrx_word' id='word_1_795' title='bbox 3577 4656 3672 4696; x_wconf 83' lang='lat' dir='ltr'><strong>au-</strong></span> 
     </span>
    </p>
   </div>
   <div class='ocr_carea' id='block_1_97' title="bbox 2072 4707 3673 4766">
    <p class='ocr_par' dir='ltr' id='par_1_97' title="bbox 2072 4707 3673 4766">
     <span class='ocr_line' id='line_1_97' title="bbox 2072 4707 3673 4766; baseline -0.001 -2"><span class='ocrx_word' id='word_1_796' title='bbox 2072 4707 2179 4764; x_wconf 87' lang='lat' dir='ltr'><strong>tent</strong></span> <span class='ocrx_word' id='word_1_797' title='bbox 2210 4708 2584 4762; x_wconf 65' lang='lat' dir='ltr'><strong>hereticorum</strong></span> <span class='ocrx_word' id='word_1_798' title='bbox 2613 4709 2877 4762; x_wconf 88' lang='lat' dir='ltr'><strong>adversus</strong></span> <span class='ocrx_word' id='word_1_799' title='bbox 2909 4707 3030 4762; x_wconf 86' lang='lat' dir='ltr'><strong>Filii</strong></span> <span class='ocrx_word' id='word_1_800' title='bbox 3055 4707 3394 4763; x_wconf 62' lang='lat' dir='ltr'><strong>divinitatem</strong></span> <span class='ocrx_word' id='word_1_801' title='bbox 3417 4725 3482 4765; x_wconf 83' lang='lat' dir='ltr'><strong>ex</strong></span> <span class='ocrx_word' id='word_1_802' title='bbox 3507 4712 3673 4766; x_wconf 86' lang='lat' dir='ltr'><strong>hihli-</strong></span> 
     </span>
    </p>
   </div>
   <div class='ocr_carea' id='block_1_98' title="bbox 2071 4779 3665 4853">
    <p class='ocr_par' dir='ltr' id='par_1_98' title="bbox 2071 4779 3665 4853">
     <span class='ocr_line' id='line_1_98' title="bbox 2071 4779 3665 4853; baseline 0.004 -19"><span class='ocrx_word' id='word_1_803' title='bbox 2071 4783 2149 4853; x_wconf 90' lang='lat' dir='ltr'><strong>eis</strong></span> <span class='ocrx_word' id='word_1_804' title='bbox 2178 4781 2782 4853; x_wconf 36' lang='lat' dir='ltr'><strong>locutiouitntipetitas,</strong></span> <span class='ocrx_word' id='word_1_805' title='bbox 2815 4780 3023 4848; x_wconf 78' lang='lat' dir='ltr'><strong>prolixe</strong></span> <span class='ocrx_word' id='word_1_806' title='bbox 3050 4779 3245 4835; x_wconf 72' lang='lat' dir='ltr'><strong>rel‘otrt</strong></span> <span class='ocrx_word' id='word_1_807' title='bbox 3271 4779 3526 4853; x_wconf 81' lang='lat' dir='ltr'><strong>Didymus</strong></span> <span class='ocrx_word' id='word_1_808' title='bbox 3551 4795 3665 4840; x_wconf 86' lang='lat' dir='ltr'><strong>toto</strong></span> 
     </span>
    </p>
   </div>
   <div class='ocr_carea' id='block_1_99' title="bbox 2081 3399 3677 3474">
    <p class='ocr_par' dir='ltr' id='par_1_99' title="bbox 2081 3399 3677 3474">
     <span class='ocr_line' id='line_1_99' title="bbox 2081 3399 3677 3474; baseline 0.006 -22"><span class='ocrx_word' id='word_1_809' title='bbox 2081 3399 2277 3453; x_wconf 83' lang='lat' dir='ltr'><strong>Filiqu</strong></span> <span class='ocrx_word' id='word_1_810' title='bbox 2313 3417 2408 3470; x_wconf 86' lang='lat' dir='ltr'><strong>per</strong></span> <span class='ocrx_word' id='word_1_811' title='bbox 2435 3405 2614 3456; x_wconf 90' lang='lat' dir='ltr'><strong>omnia</strong></span> <span class='ocrx_word' id='word_1_812' title='bbox 2643 3413 2697 3458; x_wconf 87' lang='lat' dir='ltr'><strong>et</strong></span> <span class='ocrx_word' id='word_1_813' title='bbox 2729 3405 2779 3458; x_wconf 93' lang='lat' dir='ltr'><strong>in</strong></span> <span class='ocrx_word' id='word_1_814' title='bbox 2827 3405 3078 3459; x_wconf 88' lang='lat' dir='ltr'><strong>omnibus</strong></span> <span class='ocrx_word' id='word_1_815' title='bbox 3112 3404 3375 3474; x_wconf 71' lang='lat' dir='ltr'><strong>tequalcm</strong></span> <span class='ocrx_word' id='word_1_816' title='bbox 3417 3420 3538 3462; x_wconf 83' lang='lat' dir='ltr'><strong>esse</strong></span> <span class='ocrx_word' id='word_1_817' title='bbox 3564 3405 3677 3462; x_wconf 86' lang='lat' dir='ltr'><strong>Deo</strong></span> 
     </span>
    </p>
   </div>
   <div class='ocr_carea' id='block_1_100' title="bbox 2080 3490 3675 3566">
    <p class='ocr_par' dir='ltr' id='par_1_100' title="bbox 2080 3490 3675 3566">
     <span class='ocr_line' id='line_1_100' title="bbox 2080 3490 3675 3566; baseline 0.005 -21"><span class='ocrx_word' id='word_1_818' title='bbox 2080 3490 2247 3558; x_wconf 90' lang='lat' dir='ltr'><strong>Patri,</strong></span> <span class='ocrx_word' id='word_1_819' title='bbox 2272 3501 2327 3547; x_wconf 92' lang='lat' dir='ltr'><strong>et</strong></span> <span class='ocrx_word' id='word_1_820' title='bbox 2353 3492 2405 3546; x_wconf 89' lang='lat' dir='ltr'><strong>hi</strong></span> <span class='ocrx_word' id='word_1_821' title='bbox 2434 3495 2594 3548; x_wconf 89' lang='lat' dir='ltr'><strong>etiam</strong></span> <span class='ocrx_word' id='word_1_822' title='bbox 2627 3496 2716 3564; x_wconf 92' lang='lat' dir='ltr'><strong>qui</strong></span> <span class='ocrx_word' id='word_1_823' title='bbox 2749 3510 2807 3549; x_wconf 88' lang='lat' dir='ltr'><strong>se</strong></span> <span class='ocrx_word' id='word_1_824' title='bbox 2839 3496 3023 3552; x_wconf 89' lang='lat' dir='ltr'><strong>dicunt</strong></span> <span class='ocrx_word' id='word_1_825' title='bbox 3047 3511 3169 3551; x_wconf 90' lang='lat' dir='ltr'><strong>esse</strong></span> <span class='ocrx_word' id='word_1_826' title='bbox 3200 3497 3557 3563; x_wconf 84' lang='lat' dir='ltr'><strong>orthodoxos,</strong></span> <span class='ocrx_word' id='word_1_827' title='bbox 3586 3498 3675 3566; x_wconf 91' lang='lat' dir='ltr'><strong>qui</strong></span> 
     </span>
    </p>
   </div>
   <div class='ocr_carea' id='block_1_101' title="bbox 2082 3585 3677 3662">
    <p class='ocr_par' dir='ltr' id='par_1_101' title="bbox 2082 3585 3677 3662">
     <span class='ocr_line' id='line_1_101' title="bbox 2082 3585 3677 3662; baseline 0.002 -23"><span class='ocrx_word' id='word_1_828' title='bbox 2082 3601 2188 3639; x_wconf 89' lang='lat' dir='ltr'><strong>non</strong></span> <span class='ocrx_word' id='word_1_829' title='bbox 2222 3586 2394 3639; x_wconf 85' lang='lat' dir='ltr'><strong>solum</strong></span> <span class='ocrx_word' id='word_1_830' title='bbox 2437 3585 2630 3640; x_wconf 84' lang='lat' dir='ltr'><strong>Filium</strong></span> <span class='ocrx_word' id='word_1_831' title='bbox 2655 3597 2937 3658; x_wconf 75' lang='lat' dir='ltr'><strong>cmequaot</strong></span> <span class='ocrx_word' id='word_1_832' title='bbox 2989 3588 3157 3657; x_wconf 82' lang='lat' dir='ltr'><strong>Patri,</strong></span> <span class='ocrx_word' id='word_1_833' title='bbox 3191 3589 3284 3644; x_wconf 89' lang='lat' dir='ltr'><strong>sed</strong></span> <span class='ocrx_word' id='word_1_834' title='bbox 3337 3589 3502 3643; x_wconf 72' lang='lat' dir='ltr'><strong>etiam</strong></span> <span class='ocrx_word' id='word_1_835' title='bbox 3555 3589 3677 3662; x_wconf 78' lang='lat' dir='ltr'><strong>Spi-</strong></span> 
     </span>
    </p>
   </div>
   <div class='ocr_carea' id='block_1_102' title="bbox 2080 3677 3678 3754">
    <p class='ocr_par' dir='ltr' id='par_1_102' title="bbox 2080 3677 3678 3754">
     <span class='ocr_line' id='line_1_102' title="bbox 2080 3677 3678 3754; baseline 0.002 -22"><span class='ocrx_word' id='word_1_836' title='bbox 2080 3677 2241 3732; x_wconf 91' lang='lat' dir='ltr'><strong>ritum</strong></span> <span class='ocrx_word' id='word_1_837' title='bbox 2288 3690 2533 3734; x_wconf 81' lang='lat' dir='ltr'><strong>sanctum</strong></span> <span class='ocrx_word' id='word_1_838' title='bbox 2561 3697 2656 3752; x_wconf 90' lang='lat' dir='ltr'><strong>per</strong></span> <span class='ocrx_word' id='word_1_839' title='bbox 2696 3681 2876 3736; x_wconf 88' lang='lat' dir='ltr'><strong>omnia</strong></span> <span class='ocrx_word' id='word_1_840' title='bbox 2922 3694 2971 3737; x_wconf 92' lang='lat' dir='ltr'><strong>et</strong></span> <span class='ocrx_word' id='word_1_841' title='bbox 3003 3681 3057 3736; x_wconf 89' lang='lat' dir='ltr'><strong>in</strong></span> <span class='ocrx_word' id='word_1_842' title='bbox 3105 3683 3356 3737; x_wconf 88' lang='lat' dir='ltr'><strong>omnibus</strong></span> <span class='ocrx_word' id='word_1_843' title='bbox 3393 3690 3678 3754; x_wconf 64' lang='lat' dir='ltr'><strong>coaequant</strong></span> 
     </span>
    </p>
   </div>
   <div class='ocr_carea' id='block_1_103' title="bbox 2077 3769 3671 3842">
    <p class='ocr_par' dir='ltr' id='par_1_103' title="bbox 2077 3769 3671 3842">
     <span class='ocr_line' id='line_1_103' title="bbox 2077 3769 3671 3842; baseline 0.002 -18"><span class='ocrx_word' id='word_1_844' title='bbox 2077 3769 2221 3825; x_wconf 88' lang='lat' dir='ltr'><strong>Patri</strong></span> <span class='ocrx_word' id='word_1_845' title='bbox 2253 3780 2306 3825; x_wconf 91' lang='lat' dir='ltr'><strong>et</strong></span> <span class='ocrx_word' id='word_1_846' title='bbox 2336 3770 2506 3836; x_wconf 81' lang='lat' dir='ltr'><strong>Filio,</strong></span> <span class='ocrx_word' id='word_1_847' title='bbox 2540 3772 2584 3826; x_wconf 93' lang='lat' dir='ltr'><strong>si</strong></span> <span class='ocrx_word' id='word_1_848' title='bbox 2614 3773 2810 3827; x_wconf 91' lang='lat' dir='ltr'><strong>alicubi</strong></span> <span class='ocrx_word' id='word_1_849' title='bbox 2853 3776 3117 3842; x_wconf 86' lang='lat' dir='ltr'><strong>scriptum</strong></span> <span class='ocrx_word' id='word_1_850' title='bbox 3151 3785 3234 3827; x_wconf 85' lang='lat' dir='ltr'><strong>est</strong></span> <span class='ocrx_word' id='word_1_851' title='bbox 3261 3791 3273 3826; x_wconf 93' lang='lat'>:</span> <span class='ocrx_word' id='word_1_852' title='bbox 3305 3774 3395 3832; x_wconf 87' lang='lat' dir='ltr'><strong>Sic</strong></span> <span class='ocrx_word' id='word_1_853' title='bbox 3423 3776 3568 3828; x_wconf 89' lang='lat' dir='ltr'><strong>enim</strong></span> <span class='ocrx_word' id='word_1_854' title='bbox 3596 3772 3671 3828; x_wconf 88' lang='lat' dir='ltr'><strong>di-</strong></span> 
     </span>
    </p>
   </div>
   <div class='ocr_carea' id='block_1_104' title="bbox 2074 3862 3680 3930">
    <p class='ocr_par' dir='ltr' id='par_1_104' title="bbox 2074 3862 3680 3930">
     <span class='ocr_line' id='line_1_104' title="bbox 2074 3862 3680 3930; baseline 0.002 -12"><span class='ocrx_word' id='word_1_855' title='bbox 2074 3862 2372 3918; x_wconf 83' lang='lat' dir='ltr'><strong>!exitDeus</strong></span> <span class='ocrx_word' id='word_1_856' title='bbox 2419 3863 2560 3918; x_wconf 92' lang='lat' dir='ltr'><strong>hunc</strong></span> <span class='ocrx_word' id='word_1_857' title='bbox 2608 3864 2902 3930; x_wconf 90' lang='lat' dir='ltr'><strong>mundum,</strong></span> <span class='ocrx_word' id='word_1_858' title='bbox 2943 3875 3001 3919; x_wconf 89' lang='lat' dir='ltr'><strong>ut</strong></span> <span class='ocrx_word' id='word_1_859' title='bbox 3043 3865 3254 3920; x_wconf 86' lang='lat' dir='ltr'><strong>Patrem</strong></span> <span class='ocrx_word' id='word_1_860' title='bbox 3296 3881 3452 3920; x_wconf 90' lang='lat' dir='ltr'><strong>suum</strong></span> <span class='ocrx_word' id='word_1_861' title='bbox 3500 3866 3680 3922; x_wconf 83' lang='lat' dir='ltr'><strong>mitte-</strong></span> 
     </span>
    </p>
   </div>
   <div class='ocr_carea' id='block_1_105' title="bbox 2073 3955 3675 4030">
    <p class='ocr_par' dir='ltr' id='par_1_105' title="bbox 2073 3955 3675 4030">
     <span class='ocr_line' id='line_1_105' title="bbox 2073 3955 3675 4030; baseline 0.001 -19"><span class='ocrx_word' id='word_1_862' title='bbox 2073 3964 2158 4011; x_wconf 91' lang='lat' dir='ltr'><strong>ret</strong></span> <span class='ocrx_word' id='word_1_863' title='bbox 2190 3965 2238 4022; x_wconf 72' lang='grc' dir='ltr'><em>ε,</em></span> <span class='ocrx_word' id='word_1_864' title='bbox 2288 3963 2347 4010; x_wconf 87' lang='lat' dir='ltr'><strong>ut</strong></span> <span class='ocrx_word' id='word_1_865' title='bbox 2391 3955 2482 4011; x_wconf 89' lang='lat' dir='ltr'><strong>det</strong></span> <span class='ocrx_word' id='word_1_866' title='bbox 2527 3956 2764 4011; x_wconf 88' lang='lat' dir='ltr'><strong>animam</strong></span> <span class='ocrx_word' id='word_1_867' title='bbox 2815 3971 2966 4012; x_wconf 88' lang='lat' dir='ltr'><strong>suam</strong></span> <span class='ocrx_word' id='word_1_868' title='bbox 3013 3974 3111 4030; x_wconf 88' lang='lat' dir='ltr'><strong>pro</strong></span> <span class='ocrx_word' id='word_1_869' title='bbox 3160 3959 3344 4013; x_wconf 84' lang='lat' dir='ltr'><strong>saeculi</strong></span> <span class='ocrx_word' id='word_1_870' title='bbox 3396 3958 3505 4012; x_wconf 87' lang='lat' dir='ltr'><strong>vita</strong></span> <span class='ocrx_word' id='word_1_871' title='bbox 3551 3957 3592 3988; x_wconf 80' lang='grc'>¹⁰</span> <span class='ocrx_word' id='word_1_872' title='bbox 3617 3965 3675 4014; x_wconf 84' lang='grc' dir='ltr'><strong>ιιι</strong></span> 
     </span>
    </p>
   </div>
   <div class='ocr_carea' id='block_1_106' title="bbox 2073 4043 3672 4126">
    <p class='ocr_par' dir='ltr' id='par_1_106' title="bbox 2073 4043 3672 4126">
     <span class='ocr_line' id='line_1_106' title="bbox 2073 4043 3672 4126; baseline 0.002 -24"><span class='ocrx_word' id='word_1_873' title='bbox 2073 4050 2252 4102; x_wconf 91' lang='lat' dir='ltr'><strong>omnis</strong></span> <span class='ocrx_word' id='word_1_874' title='bbox 2283 4049 2348 4112; x_wconf 84' lang='grc'><strong>¹¹,</strong></span> <span class='ocrx_word' id='word_1_875' title='bbox 2381 4049 2470 4124; x_wconf 88' lang='lat' dir='ltr'><strong>qui</strong></span> <span class='ocrx_word' id='word_1_876' title='bbox 2498 4048 2793 4105; x_wconf 88' lang='lat' dir='ltr'><strong>crediderit</strong></span> <span class='ocrx_word' id='word_1_877' title='bbox 2823 4049 2874 4104; x_wconf 89' lang='lat' dir='ltr'><strong>in</strong></span> <span class='ocrx_word' id='word_1_878' title='bbox 2907 4066 3052 4117; x_wconf 89' lang='lat' dir='ltr'><strong>eum,</strong></span> <span class='ocrx_word' id='word_1_879' title='bbox 3089 4067 3194 4106; x_wconf 90' lang='lat' dir='ltr'><strong>non</strong></span> <span class='ocrx_word' id='word_1_880' title='bbox 3225 4043 3432 4124; x_wconf 86' lang='lat' dir='ltr'><strong>pereat,</strong></span> <span class='ocrx_word' id='word_1_881' title='bbox 3449 4051 3544 4108; x_wconf 84' lang='lat' dir='ltr'><strong>sed</strong></span> <span class='ocrx_word' id='word_1_882' title='bbox 3572 4049 3672 4126; x_wconf 76' lang='lat' dir='ltr'><strong>Ita-</strong></span> 
     </span>
    </p>
   </div>
   <div class='ocr_carea' id='block_1_107' title="bbox 2151 4166 3042 4236">
    <p class='ocr_par' dir='ltr' id='par_1_107' title="bbox 2151 4166 3042 4236">
     <span class='ocr_line' id='line_1_107' title="bbox 2151 4166 3042 4236; baseline 0 -14"><span class='ocrx_word' id='word_1_883' title='bbox 2151 4167 2172 4198; x_wconf 90' lang='lat'>&quot;</span> <span class='ocrx_word' id='word_1_884' title='bbox 2210 4167 2286 4223; x_wconf 84' lang='lat' dir='ltr'><strong>lta</strong></span> <span class='ocrx_word' id='word_1_885' title='bbox 2311 4166 2436 4222; x_wconf 88' lang='lat' dir='ltr'><strong>cod.</strong></span> <span class='ocrx_word' id='word_1_886' title='bbox 2466 4167 2521 4224; x_wconf 83' lang='lat' dir='ltr'><strong>di</strong></span> <span class='ocrx_word' id='word_1_887' title='bbox 2549 4181 2647 4236; x_wconf 91' lang='lat' dir='ltr'><strong>pro</strong></span> <span class='ocrx_word' id='word_1_888' title='bbox 2673 4167 2757 4233; x_wconf 82' lang='lat' dir='ltr'><strong>de,</strong></span> <span class='ocrx_word' id='word_1_889' title='bbox 2790 4176 2848 4223; x_wconf 90' lang='lat' dir='ltr'><strong>ut</strong></span> <span class='ocrx_word' id='word_1_890' title='bbox 2875 4166 3042 4225; x_wconf 76' lang='lat' dir='ltr'><strong>intra.</strong></span> 
     </span>
    </p>
   </div>
   <div class='ocr_carea' id='block_1_108' title="bbox 2153 4237 2674 4294">
    <p class='ocr_par' dir='ltr' id='par_1_108' title="bbox 2153 4237 2674 4294">
     <span class='ocr_line' id='line_1_108' title="bbox 2153 4237 2674 4294; baseline -0.004 0"><span class='ocrx_word' id='word_1_891' title='bbox 2153 4238 2176 4269; x_wconf 82' lang='grc'>⁸</span> <span class='ocrx_word' id='word_1_892' title='bbox 2212 4239 2346 4294; x_wconf 87' lang='lat' dir='ltr'><strong>Cod.</strong></span> <span class='ocrx_word' id='word_1_893' title='bbox 2389 4237 2674 4294; x_wconf 86' lang='lat' dir='ltr'><strong>resuscitet.</strong></span> 
     </span>
    </p>
   </div>
   <div class='ocr_carea' id='block_1_109' title="bbox 2152 4309 2662 4377">
    <p class='ocr_par' dir='ltr' id='par_1_109' title="bbox 2152 4309 2662 4377">
     <span class='ocr_line' id='line_1_109' title="bbox 2152 4309 2662 4377; baseline -0.002 -14"><span class='ocrx_word' id='word_1_894' title='bbox 2152 4311 2173 4342; x_wconf 74' lang='grc' dir='ltr'><strong>ο</strong></span> <span class='ocrx_word' id='word_1_895' title='bbox 2212 4309 2284 4363; x_wconf 89' lang='lat' dir='ltr'><strong>lta</strong></span> <span class='ocrx_word' id='word_1_896' title='bbox 2314 4310 2436 4364; x_wconf 93' lang='lat' dir='ltr'><strong>cod.</strong></span> <span class='ocrx_word' id='word_1_897' title='bbox 2471 4325 2567 4377; x_wconf 88' lang='lat' dir='ltr'><strong>pro</strong></span> <span class='ocrx_word' id='word_1_898' title='bbox 2588 4319 2662 4364; x_wconf 87' lang='lat' dir='ltr'><strong>at.</strong></span> 
     </span>
    </p>
   </div>
   <div class='ocr_carea' id='block_1_110' title="bbox 2153 4380 3223 4446">
    <p class='ocr_par' dir='ltr' id='par_1_110' title="bbox 2153 4380 3223 4446">
     <span class='ocr_line' id='line_1_110' title="bbox 2153 4380 3223 4446; baseline 0 -11"><span class='ocrx_word' id='word_1_899' title='bbox 2153 4380 2196 4411; x_wconf 85' lang='lat'><strong>‘°</strong></span> <span class='ocrx_word' id='word_1_900' title='bbox 2233 4381 2367 4435; x_wconf 87' lang='lat' dir='ltr'><strong>Cod.</strong></span> <span class='ocrx_word' id='word_1_901' title='bbox 2396 4382 2570 4446; x_wconf 83' lang='lat' dir='ltr'><strong>vitam,</strong></span> <span class='ocrx_word' id='word_1_902' title='bbox 2596 4381 2690 4436; x_wconf 87' lang='lat' dir='ltr'><strong>sed</strong></span> <span class='ocrx_word' id='word_1_903' title='bbox 2719 4397 2768 4435; x_wconf 80' lang='lat' dir='ltr'><strong>in</strong></span> <span class='ocrx_word' id='word_1_904' title='bbox 2787 4380 3004 4437; x_wconf 85' lang='lat' dir='ltr'><strong>videtur</strong></span> <span class='ocrx_word' id='word_1_905' title='bbox 3025 4381 3223 4437; x_wconf 85' lang='lat' dir='ltr'><strong>deleta.</strong></span> 
     </span>
    </p>
   </div>
   <div class='ocr_carea' id='block_1_111' title="bbox 2156 4451 2591 4507">
    <p class='ocr_par' dir='ltr' id='par_1_111' title="bbox 2156 4451 2591 4507">
     <span class='ocr_line' id='line_1_111' title="bbox 2156 4451 2591 4507; baseline -0.007 -1"><span class='ocrx_word' id='word_1_906' title='bbox 2156 4451 2197 4483; x_wconf 82' lang='lat'>“</span> <span class='ocrx_word' id='word_1_907' title='bbox 2239 4451 2372 4506; x_wconf 80' lang='lat' dir='ltr'><strong>Cod.</strong></span> <span class='ocrx_word' id='word_1_908' title='bbox 2397 4467 2591 4507; x_wconf 71' lang='lat' dir='ltr'><strong>carnes.</strong></span> 
     </span>
    </p>
   </div>
   <div class='ocr_carea' id='block_1_112' title="bbox 2074 4851 2813 4906">
    <p class='ocr_par' dir='ltr' id='par_1_112' title="bbox 2074 4851 2813 4906">
     <span class='ocr_line' id='line_1_112' title="bbox 2074 4851 2813 4906; baseline 0 -1"><span class='ocrx_word' id='word_1_909' title='bbox 2074 4852 2211 4906; x_wconf 89' lang='lat' dir='ltr'><strong>libro</strong></span> <span class='ocrx_word' id='word_1_910' title='bbox 2242 4853 2405 4904; x_wconf 86' lang='lat' dir='ltr'><strong>tertio</strong></span> <span class='ocrx_word' id='word_1_911' title='bbox 2436 4851 2504 4905; x_wconf 91' lang='lat' dir='ltr'><strong>de</strong></span> <span class='ocrx_word' id='word_1_912' title='bbox 2528 4851 2813 4905; x_wconf 81' lang='lat' dir='ltr'><strong>Trinitate.</strong></span> 
     </span>
    </p>
   </div>
   <div class='ocr_carea' id='block_1_113' title="bbox 2149 4921 3676 4990">
    <p class='ocr_par' dir='ltr' id='par_1_113' title="bbox 2149 4921 3676 4990">
     <span class='ocr_line' id='line_1_113' title="bbox 2149 4921 3676 4990; baseline 0.003 -14"><span class='ocrx_word' id='word_1_913' title='bbox 2149 4936 2171 4959; x_wconf 75' lang='grc' dir='ltr'>υ</span> <span class='ocrx_word' id='word_1_914' title='bbox 2211 4922 2542 4990; x_wconf 67' lang='lat' dir='ltr'><strong>Augustinus</strong></span> <span class='ocrx_word' id='word_1_915' title='bbox 2588 4931 2775 4977; x_wconf 86' lang='lat' dir='ltr'><strong>contra</strong></span> <span class='ocrx_word' id='word_1_916' title='bbox 2825 4921 3101 4976; x_wconf 81' lang='lat' dir='ltr'><strong>Maximin.</strong></span> <span class='ocrx_word' id='word_1_917' title='bbox 3138 4939 3206 4987; x_wconf 85' lang='lat' dir='ltr'><strong>tt,</strong></span> <span class='ocrx_word' id='word_1_918' title='bbox 3238 4923 3328 4985; x_wconf 54' lang='grc' dir='ltr'><strong>(ὶο.</strong></span> <span class='ocrx_word' id='word_1_919' title='bbox 3361 4926 3549 4981; x_wconf 88' lang='lat' dir='ltr'><strong>relatis</strong></span> <span class='ocrx_word' id='word_1_920' title='bbox 3594 4927 3676 4980; x_wconf 90' lang='lat' dir='ltr'><strong>his</strong></span> 
     </span>
    </p>
   </div>
   <div class='ocr_carea' id='block_1_114' title="bbox 2077 4994 3674 5065">
    <p class='ocr_par' dir='ltr' id='par_1_114' title="bbox 2077 4994 3674 5065">
     <span class='ocr_line' id='line_1_114' title="bbox 2077 4994 3674 5065; baseline 0.001 -16"><span class='ocrx_word' id='word_1_921' title='bbox 2077 4997 2261 5050; x_wconf 86' lang='lat' dir='ltr'><strong>verbis</strong></span> <span class='ocrx_word' id='word_1_922' title='bbox 2289 4996 2362 5065; x_wconf 80' lang='lat' dir='ltr'><strong>ait</strong></span> <span class='ocrx_word' id='word_1_923' title='bbox 2391 5011 2403 5065; x_wconf 66' lang='grc' dir='ltr'><strong><em>ς</em></strong></span> <span class='ocrx_word' id='word_1_924' title='bbox 2443 4994 2618 5049; x_wconf 85' lang='lat' dir='ltr'><strong>Potest</strong></span> <span class='ocrx_word' id='word_1_925' title='bbox 2643 4996 2809 5065; x_wconf 81' lang='lat' dir='ltr'><strong>accipi</strong></span> <span class='ocrx_word' id='word_1_926' title='bbox 2838 4995 3121 5048; x_wconf 73' lang='lat' dir='ltr'><strong>secundum</strong></span> <span class='ocrx_word' id='word_1_927' title='bbox 3149 4996 3201 5048; x_wconf 88' lang='lat' dir='ltr'><strong>id</strong></span> <span class='ocrx_word' id='word_1_928' title='bbox 3225 4998 3365 5063; x_wconf 84' lang='lat' dir='ltr'><strong>quod</strong></span> <span class='ocrx_word' id='word_1_929' title='bbox 3392 5008 3466 5051; x_wconf 81' lang='lat' dir='ltr'><strong>est</strong></span> <span class='ocrx_word' id='word_1_930' title='bbox 3491 4999 3674 5065; x_wconf 76' lang='lat' dir='ltr'><strong>unige-</strong></span> 
     </span>
    </p>
   </div>
   <div class='ocr_carea' id='block_1_115' title="bbox 2083 5064 3675 5128">
    <p class='ocr_par' dir='ltr' id='par_1_115' title="bbox 2083 5064 3675 5128">
     <span class='ocr_line' id='line_1_115' title="bbox 2083 5064 3675 5128; baseline 0.001 -10"><span class='ocrx_word' id='word_1_931' title='bbox 2083 5067 2249 5119; x_wconf 87' lang='lat' dir='ltr'><strong>nitum</strong></span> <span class='ocrx_word' id='word_1_932' title='bbox 2284 5064 2615 5128; x_wconf 62' lang='lat' dir='ltr'><strong>Vertacum</strong></span> <span class='ocrx_word' id='word_1_933' title='bbox 2652 5064 2769 5119; x_wconf 84' lang='lat' dir='ltr'><strong>ideo</strong></span> <span class='ocrx_word' id='word_1_934' title='bbox 2808 5065 3118 5120; x_wconf 80' lang='lat' dir='ltr'><strong>voluntatem</strong></span> <span class='ocrx_word' id='word_1_935' title='bbox 3151 5084 3254 5121; x_wconf 78' lang='lat' dir='ltr'><strong>non</strong></span> <span class='ocrx_word' id='word_1_936' title='bbox 3293 5085 3439 5120; x_wconf 70' lang='lat' dir='ltr'><strong>suam</strong></span> <span class='ocrx_word' id='word_1_937' title='bbox 3483 5064 3675 5120; x_wconf 74' lang='lat' dir='ltr'><strong>dixerit</strong></span> 
     </span>
    </p>
   </div>
   <div class='ocr_carea' id='block_1_116' title="bbox 2080 5135 3680 5206">
    <p class='ocr_par' dir='ltr' id='par_1_116' title="bbox 2080 5135 3680 5206">
     <span class='ocr_line' id='line_1_116' title="bbox 2080 5135 3680 5206; baseline 0 -15"><span class='ocrx_word' id='word_1_938' title='bbox 2080 5154 2212 5204; x_wconf 88' lang='lat' dir='ltr'><strong>esse,</strong></span> <span class='ocrx_word' id='word_1_939' title='bbox 2229 5136 2319 5190; x_wconf 89' lang='lat' dir='ltr'><strong>sed</strong></span> <span class='ocrx_word' id='word_1_940' title='bbox 2354 5135 2544 5203; x_wconf 80' lang='lat' dir='ltr'><strong>Patris,</strong></span> <span class='ocrx_word' id='word_1_941' title='bbox 2574 5137 2815 5201; x_wconf 89' lang='lat' dir='ltr'><strong>quoniam</strong></span> <span class='ocrx_word' id='word_1_942' title='bbox 2837 5136 2900 5190; x_wconf 88' lang='lat' dir='ltr'><strong>de</strong></span> <span class='ocrx_word' id='word_1_943' title='bbox 2931 5137 3088 5192; x_wconf 86' lang='lat' dir='ltr'><strong>Patre</strong></span> <span class='ocrx_word' id='word_1_944' title='bbox 3117 5151 3187 5192; x_wconf 83' lang='lat' dir='ltr'><strong>est</strong></span> <span class='ocrx_word' id='word_1_945' title='bbox 3215 5138 3463 5206; x_wconf 79' lang='lat' dir='ltr'><strong>quidquid</strong></span> <span class='ocrx_word' id='word_1_946' title='bbox 3482 5148 3559 5191; x_wconf 90' lang='lat' dir='ltr'><strong>est</strong></span> <span class='ocrx_word' id='word_1_947' title='bbox 3585 5137 3680 5191; x_wconf 65' lang='grc' dir='ltr'><strong>Εἱ-</strong></span> 
     </span>
    </p>
   </div>
   <div class='ocr_carea' id='block_1_117' title="bbox 2079 5207 3672 5279">
    <p class='ocr_par' dir='ltr' id='par_1_117' title="bbox 2079 5207 3672 5279">
     <span class='ocr_line' id='line_1_117' title="bbox 2079 5207 3672 5279; baseline -0.001 -17"><span class='ocrx_word' id='word_1_948' title='bbox 2079 5209 2216 5279; x_wconf 80' lang='lat' dir='ltr'><strong>lius;</strong></span> <span class='ocrx_word' id='word_1_949' title='bbox 2249 5226 2346 5261; x_wconf 90' lang='lat' dir='ltr'><strong>non</strong></span> <span class='ocrx_word' id='word_1_950' title='bbox 2372 5218 2541 5261; x_wconf 86' lang='lat' dir='ltr'><strong>autem</strong></span> <span class='ocrx_word' id='word_1_951' title='bbox 2565 5219 2636 5262; x_wconf 87' lang='lat' dir='ltr'><strong>est</strong></span> <span class='ocrx_word' id='word_1_952' title='bbox 2659 5211 2722 5261; x_wconf 89' lang='lat' dir='ltr'><strong>de</strong></span> <span class='ocrx_word' id='word_1_953' title='bbox 2755 5207 2893 5262; x_wconf 86' lang='lat' dir='ltr'><strong>Filio</strong></span> <span class='ocrx_word' id='word_1_954' title='bbox 2914 5210 3165 5279; x_wconf 83' lang='lat' dir='ltr'><strong>quidquid</strong></span> <span class='ocrx_word' id='word_1_955' title='bbox 3204 5219 3278 5262; x_wconf 84' lang='lat' dir='ltr'><strong>est</strong></span> <span class='ocrx_word' id='word_1_956' title='bbox 3323 5208 3478 5261; x_wconf 79' lang='lat' dir='ltr'><strong>Pater</strong></span> <span class='ocrx_word' id='word_1_957' title='bbox 3502 5252 3514 5270; x_wconf 93' lang='lat'><strong>,</strong></span> <span class='ocrx_word' id='word_1_958' title='bbox 3567 5222 3672 5263; x_wconf 85' lang='lat' dir='ltr'><strong>etc.</strong></span> 
     </span>
    </p>
   </div>
   <div class='ocr_carea' id='block_1_118' title="bbox 2080 5277 3679 5339">
    <p class='ocr_par' dir='ltr' id='par_1_118' title="bbox 2080 5277 3679 5339">
     <span class='ocr_line' id='line_1_118' title="bbox 2080 5277 3679 5339; baseline 0 -7"><span class='ocrx_word' id='word_1_959' title='bbox 2080 5277 2204 5332; x_wconf 86' lang='lat' dir='ltr'><strong>Non</strong></span> <span class='ocrx_word' id='word_1_960' title='bbox 2243 5280 2522 5333; x_wconf 86' lang='lat' dir='ltr'><strong>absurdum</strong></span> <span class='ocrx_word' id='word_1_961' title='bbox 2561 5291 2632 5333; x_wconf 88' lang='lat' dir='ltr'><strong>est</strong></span> <span class='ocrx_word' id='word_1_962' title='bbox 2666 5292 2864 5339; x_wconf 86' lang='lat' dir='ltr'><strong>tamen.</strong></span> <span class='ocrx_word' id='word_1_963' title='bbox 2897 5290 2954 5333; x_wconf 89' lang='lat' dir='ltr'><strong>ut</strong></span> <span class='ocrx_word' id='word_1_964' title='bbox 2994 5277 3144 5333; x_wconf 82' lang='lat' dir='ltr'><strong>etiam</strong></span> <span class='ocrx_word' id='word_1_965' title='bbox 3171 5279 3269 5333; x_wconf 75' lang='lat' dir='ltr'><strong>hoc</strong></span> <span class='ocrx_word' id='word_1_966' title='bbox 3306 5279 3584 5332; x_wconf 84' lang='lat' dir='ltr'><strong>secundum</strong></span> <span class='ocrx_word' id='word_1_967' title='bbox 3626 5281 3679 5332; x_wconf 91' lang='lat' dir='ltr'><strong>id</strong></span> 
     </span>
    </p>
   </div>
   <div class='ocr_carea' id='block_1_119' title="bbox 2113 5349 3679 5418">
    <p class='ocr_par' dir='ltr' id='par_1_119' title="bbox 2113 5349 3679 5418">
     <span class='ocr_line' id='line_1_119' title="bbox 2113 5349 3679 5418; baseline 0.001 -14"><span class='ocrx_word' id='word_1_968' title='bbox 2113 5350 2214 5404; x_wconf 84' lang='lat' dir='ltr'><strong>uad</strong></span> <span class='ocrx_word' id='word_1_969' title='bbox 2244 5354 2393 5404; x_wconf 87' lang='lat' dir='ltr'><strong>homo</strong></span> <span class='ocrx_word' id='word_1_970' title='bbox 2426 5354 2591 5418; x_wconf 82' lang='lat' dir='ltr'><strong>factus</strong></span> <span class='ocrx_word' id='word_1_971' title='bbox 2623 5362 2727 5412; x_wconf 85' lang='lat' dir='ltr'><strong>est,</strong></span> <span class='ocrx_word' id='word_1_972' title='bbox 2761 5352 2952 5405; x_wconf 71' lang='lat' dir='ltr'><strong>dixisse</strong></span> <span class='ocrx_word' id='word_1_973' title='bbox 2980 5350 3288 5415; x_wconf 78' lang='lat' dir='ltr'><strong>accipiatur.</strong></span> <span class='ocrx_word' id='word_1_974' title='bbox 3329 5349 3461 5403; x_wconf 75' lang='lat' dir='ltr'><strong>Cum</strong></span> <span class='ocrx_word' id='word_1_975' title='bbox 3498 5353 3679 5418; x_wconf 87' lang='lat' dir='ltr'><strong>priore</strong></span> 
     </span>
    </p>
   </div>
   <div class='ocr_carea' id='block_1_120' title="bbox 2077 5368 3677 5492">
    <p class='ocr_par' dir='ltr' id='par_1_120' title="bbox 2077 5368 3677 5492">
     <span class='ocr_line' id='line_1_120' title="bbox 2113 5368 3677 5418; baseline 0.001 -14"><span class='ocrx_word' id='word_1_976' title='bbox 2113 5368 2213 5404; x_wconf 87' lang='lat' dir='ltr'><strong>uoa</strong></span> <span class='ocrx_word' id='word_1_977' title='bbox 2244 5368 2393 5404; x_wconf 87' lang='lat' dir='ltr'><strong>nomo</strong></span> <span class='ocrx_word' id='word_1_978' title='bbox 2426 5368 2591 5418; x_wconf 80' lang='lat' dir='ltr'><strong>[actus</strong></span> <span class='ocrx_word' id='word_1_979' title='bbox 2623 5368 2727 5412; x_wconf 85' lang='lat' dir='ltr'><strong>est,</strong></span> <span class='ocrx_word' id='word_1_980' title='bbox 2761 5368 2952 5405; x_wconf 70' lang='lat' dir='ltr'><strong>atxtsse</strong></span> <span class='ocrx_word' id='word_1_981' title='bbox 2980 5368 3288 5415; x_wconf 76' lang='lat' dir='ltr'><strong>accipiatur.</strong></span> <span class='ocrx_word' id='word_1_982' title='bbox 3329 5368 3461 5403; x_wconf 61' lang='lat' dir='ltr'><strong>bum</strong></span> <span class='ocrx_word' id='word_1_983' title='bbox 3498 5368 3677 5418; x_wconf 82' lang='lat' dir='ltr'><strong>priore</strong></span> 
     </span>
     <span class='ocr_line' id='line_1_121' title="bbox 2077 5368 3677 5492; baseline 0 -16"><span class='ocrx_word' id='word_1_984' title='bbox 2077 5368 2364 5492; x_wconf 53' lang='lat' dir='ltr'><strong>Zttgustiui</strong></span> <span class='ocrx_word' id='word_1_985' title='bbox 2407 5422 2672 5476; x_wconf 76' lang='lat' dir='ltr'><strong>sententia</strong></span> <span class='ocrx_word' id='word_1_986' title='bbox 2703 5421 2978 5488; x_wconf 84' lang='lat' dir='ltr'><strong>conspirat</strong></span> <span class='ocrx_word' id='word_1_987' title='bbox 3025 5421 3280 5474; x_wconf 90' lang='lat' dir='ltr'><strong>Paulinus</strong></span> <span class='ocrx_word' id='word_1_988' title='bbox 3311 5421 3677 5492; x_wconf 85' lang='lat' dir='ltr'><strong>Aquileiensis</strong></span> 
     </span>
    </p>
   </div>
   <div class='ocr_carea' id='block_1_121' title="bbox 2087 5491 3606 5559">
    <p class='ocr_par' dir='ltr' id='par_1_121' title="bbox 2087 5491 3606 5559">
     <span class='ocr_line' id='line_1_122' title="bbox 2087 5491 3606 5559; baseline 0.001 -14"><span class='ocrx_word' id='word_1_989' title='bbox 2087 5491 2274 5550; x_wconf 87' lang='lat' dir='ltr'><strong>contra</strong></span> <span class='ocrx_word' id='word_1_990' title='bbox 2310 5492 2575 5555; x_wconf 83' lang='lat' dir='ltr'><strong>Felicem,</strong></span> <span class='ocrx_word' id='word_1_991' title='bbox 2607 5508 2685 5552; x_wconf 83' lang='grc' dir='ltr'><strong>ιιι.</strong></span> <span class='ocrx_word' id='word_1_992' title='bbox 2722 5493 2783 5554; x_wconf 86' lang='lat'><strong>7;</strong></span> <span class='ocrx_word' id='word_1_993' title='bbox 2817 5491 2909 5544; x_wconf 88' lang='lat' dir='ltr'><strong>sed</strong></span> <span class='ocrx_word' id='word_1_994' title='bbox 2939 5492 3193 5545; x_wconf 71' lang='lat' dir='ltr'><strong>dissentit</strong></span> <span class='ocrx_word' id='word_1_995' title='bbox 3220 5506 3250 5544; x_wconf 88' lang='lat' dir='ltr'><strong>a</strong></span> <span class='ocrx_word' id='word_1_996' title='bbox 3283 5491 3606 5559; x_wconf 72' lang='lat' dir='ltr'><strong>posteriore.</strong></span> 
     </span>
    </p>
   </div>
   <div class='ocr_carea' id='block_1_122' title="bbox 2166 5561 3682 5630">
    <p class='ocr_par' dir='ltr' id='par_1_122' title="bbox 2166 5561 3682 5630">
     <span class='ocr_line' id='line_1_123' title="bbox 2166 5561 3682 5630; baseline 0.002 -14"><span class='ocrx_word' id='word_1_997' title='bbox 2166 5562 2184 5599; x_wconf 71' lang='grc' dir='ltr'><strong>ί</strong></span> <span class='ocrx_word' id='word_1_998' title='bbox 2228 5563 2425 5616; x_wconf 80' lang='lat' dir='ltr'><strong>Morem</strong></span> <span class='ocrx_word' id='word_1_999' title='bbox 2463 5567 2602 5614; x_wconf 89' lang='lat' dir='ltr'><strong>hunc</strong></span> <span class='ocrx_word' id='word_1_1000' title='bbox 2634 5564 2960 5615; x_wconf 84' lang='lat' dir='ltr'><strong>Arianorum</strong></span> <span class='ocrx_word' id='word_1_1001' title='bbox 3003 5561 3308 5630; x_wconf 75' lang='lat' dir='ltr'><strong>exagitandi</strong></span> <span class='ocrx_word' id='word_1_1002' title='bbox 3341 5563 3682 5619; x_wconf 75' lang='lat' dir='ltr'><strong>adversarios</strong></span> 
     </span>
    </p>
   </div>
   <div class='ocr_carea' id='block_1_123' title="bbox 2090 5632 3681 5702">
    <p class='ocr_par' dir='ltr' id='par_1_123' title="bbox 2090 5632 3681 5702">
     <span class='ocr_line' id='line_1_124' title="bbox 2090 5632 3681 5702; baseline 0.003 -16"><span class='ocrx_word' id='word_1_1003' title='bbox 2090 5635 2253 5690; x_wconf 87' lang='lat' dir='ltr'><strong>variis</strong></span> <span class='ocrx_word' id='word_1_1004' title='bbox 2279 5632 2793 5702; x_wconf 81' lang='lat' dir='ltr'><strong>interrogationibus</strong></span> <span class='ocrx_word' id='word_1_1005' title='bbox 2833 5632 3058 5688; x_wconf 79' lang='lat' dir='ltr'><strong>exhibet</strong></span> <span class='ocrx_word' id='word_1_1006' title='bbox 3097 5633 3250 5688; x_wconf 87' lang='lat' dir='ltr'><strong>nobis</strong></span> <span class='ocrx_word' id='word_1_1007' title='bbox 3281 5635 3488 5702; x_wconf 78' lang='lat' dir='ltr'><strong>prolixe</strong></span> <span class='ocrx_word' id='word_1_1008' title='bbox 3516 5638 3681 5700; x_wconf 67' lang='lat' dir='ltr'><strong>etiam</strong></span> 
     </span>
    </p>
   </div>
   <div class='ocr_carea' id='block_1_124' title="bbox 2089 5701 3683 5777">
    <p class='ocr_par' dir='ltr' id='par_1_124' title="bbox 2089 5701 3683 5777">
     <span class='ocr_line' id='line_1_125' title="bbox 2089 5701 3683 5777; baseline 0.003 -17"><span class='ocrx_word' id='word_1_1009' title='bbox 2089 5705 2314 5777; x_wconf 81' lang='lat' dir='ltr'><strong>Ruﬁnus</strong></span> <span class='ocrx_word' id='word_1_1010' title='bbox 2355 5705 2422 5761; x_wconf 84' lang='lat' dir='ltr'><strong>de</strong></span> <span class='ocrx_word' id='word_1_1011' title='bbox 2466 5701 2564 5777; x_wconf 67' lang='lat' dir='ltr'><strong>(id.</strong></span> <span class='ocrx_word' id='word_1_1012' title='bbox 2590 5718 2708 5772; x_wconf 86' lang='lat' dir='ltr'><strong>cap.</strong></span> <span class='ocrx_word' id='word_1_1013' title='bbox 2740 5701 2953 5777; x_wconf 77' lang='lat' dir='ltr'><strong>52._sq.</strong></span> <span class='ocrx_word' id='word_1_1014' title='bbox 2987 5703 3076 5773; x_wconf 93' lang='lat' dir='ltr'><strong>qui</strong></span> <span class='ocrx_word' id='word_1_1015' title='bbox 3115 5715 3168 5761; x_wconf 91' lang='lat' dir='ltr'><strong>et</strong></span> <span class='ocrx_word' id='word_1_1016' title='bbox 3201 5701 3392 5764; x_wconf 76' lang='lat' dir='ltr'><strong>eorum</strong></span> <span class='ocrx_word' id='word_1_1017' title='bbox 3427 5719 3683 5777; x_wconf 73' lang='lat' dir='ltr'><strong>pes-aettur</strong></span> 
     </span>
    </p>
   </div>
   <div class='ocr_carea' id='block_1_125' title="bbox 2090 5773 2913 5856">
    <p class='ocr_par' dir='ltr' id='par_1_125' title="bbox 2090 5773 2913 5856">
     <span class='ocr_line' id='line_1_126' title="bbox 2090 5773 2913 5856; baseline -0.009 -22"><span class='ocrx_word' id='word_1_1018' title='bbox 2090 5776 2424 5856; x_wconf 49' lang='lat' dir='ltr'><strong>Sophijmtata</strong></span> <span class='ocrx_word' id='word_1_1019' title='bbox 2444 5773 2624 5856; x_wconf 57' lang='lat' dir='ltr'><strong>inulta</strong></span> <span class='ocrx_word' id='word_1_1020' title='bbox 2651 5775 2913 5856; x_wconf 57' lang='lat' dir='ltr'><strong>coarguit:</strong></span> 
     </span>
    </p>
   </div>
   <div class='ocr_carea' id='block_1_126' title="bbox 2170 5844 3688 5917">
    <p class='ocr_par' dir='ltr' id='par_1_126' title="bbox 2170 5844 3688 5917">
     <span class='ocr_line' id='line_1_127' title="bbox 2170 5844 3688 5917; baseline 0.008 -23"><span class='ocrx_word' id='word_1_1021' title='bbox 2170 5855 2195 5894; x_wconf 82' lang='lat' dir='ltr'><strong>tt</strong></span> <span class='ocrx_word' id='word_1_1022' title='bbox 2235 5844 2352 5900; x_wconf 80' lang='lat' dir='ltr'><strong>Jam</strong></span> <span class='ocrx_word' id='word_1_1023' title='bbox 2425 5844 2821 5899; x_wconf 82' lang='lat' dir='ltr'><strong>demonstravit</strong></span> <span class='ocrx_word' id='word_1_1024' title='bbox 2889 5846 3219 5917; x_wconf 69' lang='lat' dir='ltr'><strong>Augustinus</strong></span> <span class='ocrx_word' id='word_1_1025' title='bbox 3285 5859 3462 5909; x_wconf 91' lang='lat' dir='ltr'><strong>contr.</strong></span> <span class='ocrx_word' id='word_1_1026' title='bbox 3525 5864 3688 5906; x_wconf 87' lang='lat' dir='ltr'><strong>scrm.</strong></span> 
     </span>
    </p>
   </div>
  </div>
