4194 6184
558 295 665 352 615

1048 292 1479 352 MONUMENTA
1524 294 1806 352 VETERA
1845 293 1939 350 AD
1980 293 2385 352 ABIANORUSI
2425 249 2821 352 DOCTRINAM
2861 295 3344 354 PERTINENTIA.

3752 293 3863 352 616

555 413 681 469 beat
706 413 868 468 vitam
895 421 1154 466 :nternam
1188 429 1202 466 :
1233 421 1342 467 non
1379 412 1524 468 enim
1556 411 1705 465 misit
1733 411 1905 466 Filius
1934 410 2149 465 Patrem
2181 414 2232 476 Α
2259 429 2367 480 sus,
2405 411 2586 480 Amen,
2628 429 2776 467 amen
2807 413 2923 468 dico
2963 414 3138 482 vobis,
3183 431 3286 470 non
3313 411 3518 484 Moyses
3548 411 3687 466 dedit
3723 411 3862 467 vobis

555 521 745 570 suum,
781 514 838 559 ut
863 503 1068 574 judicet
1099 504 1358 560 mundum
1382 547 1396 569 ,
1439 503 1535 559 sed
1565 512 1625 559 ut
1653 504 1890 559 salvetur
1921 504 2156 560 mundus

555 617 652 671 per
679 615 822 655 eum.
853 597 1156 654 Ostendam.
1197 599 1356 656 nobis
1385 600 1644 668 scriptum
1675 613 1796 654 esse
1829 616 1842 651 :
1883 597 2156 674 Conﬁteor

554 693 671 759 tibi,
699 691 821 759 Fili,
846 691 1065 748 domine
1093 693 1217 750 caeli
1247 702 1299 748 et
1329 693 1653 763 terrac,quia
1682 693 2012 752 abscondisti
2038 692 2155 748 haec

552 804 582 842 a
611 788 952 858 sapientibus
979 797 1033 843 et
1059 787 1413 857 prudentibus
1440 798 1494 842 et
1522 787 1773 842 revelasti
1799 802 1862 843 ea
1891 786 2150 858 parvulis.

552 881 654 949 Ita,
680 882 812 949 Fili,
840 883 964 953 quia
993 883 1072 939 sic
1111 884 1312 954 placuit
1341 884 1480 940 bona
1509 883 1757 938 voluntas
1801 893 1888 938 tua
1920 892 2044 939 ante
2080 894 2150 938 te.

552 974 760 1045 Legant
789 975 835 1029 si
859 975 1018 1031 nobis
1046 975 1306 1045 scriptum
1340 984 1424 1031 est
1457 993 1469 1028 :
1501 975 1669 1031 Filius
1693 975 1868 1046 diligit
1912 975 2151 1041 Patrem,

554 1075 610 1123 et
637 1067 818 1122 omnia
853 1066 1004 1122 dedit
1041 1065 1096 1122 in
1125 1066 1492 1136 manus-ejus.
1521 1067 1760 1122 Probent
1796 1067 1951 1122 nobis
1971 1109 1985 1132 ,
2017 1067 2154 1122 scri-

555 1168 706 1230 ptum
738 1169 820 1216 est
852 1178 864 1214 :
897 1159 1044 1216 Sicut
1077 1160 1221 1215 enim
1251 1159 1422 1215 Filius
1463 1159 1627 1216 habet
1666 1161 1829 1215 vitam
1862 1159 1916 1216 in
1953 1169 2155 1216 semet-

555 1249 762 1321 ipsum,
807 1251 886 1308 sic
933 1251 1084 1308 dedit
1111 1253 1258 1308 Patri
1304 1269 1402 1309 suo
1441 1252 1642 1309 habere
1680 1253 1842 1307 vitam
1871 1252 1925 1307 in
1954 1263 2154 1310 semet-

554 1347 731 1418 ipsum
764 1348 786 1401 ε’
808 1357 862 1402 et
882 1355 1204 1417 potestatem
1232 1347 1381 1402 dedit
1408 1349 1456 1403 ei
1481 1348 1743 1418 judicium
1770 1349 2020 1404 faciendi.
2047 1351 2156 1405 Aut

552 1440 598 1495 si
642 1442 880 1510 poterint
909 1441 1196 1497 ostendere
1234 1442 1530 1512 scriptum,
1579 1442 1711 1510 Quia
1761 1442 2002 1498 discendi
2037 1445 2052 1474 ¹
2084 1443 2152 1499 de

552 1533 729 1599 caelo,
782 1551 888 1589 non
925 1543 984 1589 ut
1010 1533 1201 1589 faciam
1228 1535 1560 1590 voluntatem
1595 1551 1804 1603 meam,
1833 1536 1926 1591 sed
1961 1536 2152 1591 volun-

559 1634 722 1681 tatem
755 1625 872 1696 ejus
899 1626 991 1698 qui
1018 1641 1106 1682 me
1136 1626 1282 1681 misit
1315 1627 1408 1680 ﬁlii
1445 1627 1589 1683 mei:
1622 1627 1736 1682 hare
1767 1637 1848 1683 est
1875 1628 2019 1682 enim
2057 1642 2152 1683 νο⁴

561 1719 742 1776 Iuntas
766 1721 903 1792 ejus,
931 1732 984 1775 ut
1002 1736 1165 1777 omne
1185 1723 1206 1752 '
1233 1721 1376 1792 quod
1394 1721 1541 1776 dedit
1558 1722 1687 1776 mihi
1713 1720 1876 1789 ﬁlius,
1896 1737 2002 1777 non
2029 1739 2151 1793 per-

2253 522 2442 574 panem
2483 506 2544 560 de
2574 507 2740 574 caelo;
2771 507 2860 562 scd
2898 505 3058 561 Pater
3085 523 3226 562 meus
3263 507 3350 561 dat
3387 505 3529 562 vobis
3573 522 3758 575 panem
3800 505 3864 559 de

2255 599 2379 653 coelo
2400 598 2546 652 illum
2573 615 2768 653 verum.
2797 596 2899 653 Ille
2931 608 3005 653 est
3033 600 3167 654 enim
3186 599 3334 670 panis
3358 600 3445 664 qui
3481 597 3736 652 discendit
3759 599 3778 630 ⁸
3801 597 3864 651 de

2255 691 2399 756 ctelo,
2426 701 2470 744 et
2493 693 2646 745 vitam
2675 690 2764 745 dat
2791 690 2911 746 huic
2937 691 3151 747 mundo.
3182 693 3444 746 Dixerunt
3473 707 3596 762 ergo
3619 690 3690 744 ad
3711 702 3866 764 eum;

2255 783 2498 848 Domine,
2524 785 2592 838 da
2618 785 2762 840 nobis
2783 784 2921 839 hunc
2951 802 3159 856 panem.
3191 784 3258 840 Et
3287 785 3420 841 dixit
3447 787 3521 841 eis
3549 784 3706 841 Iesus
3730 803 3748 840 :
3772 801 3862 856 ego

2255 893 2368 932 sum
2399 878 2545 947 panis
2585 878 2734 942 viae;
2760 878 2845 947 qui
2888 879 3022 932 venit
3049 878 3118 933 ad
3163 895 3269 946 me,
3313 895 3417 933 non
3441 879 3670 946 esuriet;
3697 887 3747 933 et
3775 877 3863 948 qui

2253 971 2416 1024 credit
2444 972 2496 1025 in
2528 988 2628 1038 nte,
2655 987 2759 1025 non
2785 973 2921 1026 sitiet
2948 988 3211 1043 umquam.

2327 1061 2457 1117 Item
2496 1063 2547 1116 in
2577 1062 2891 1132 evangelio:
2946 1061 3072 1118 liazc
3101 1073 3174 1118 est
3203 1073 3376 1118 autent
3405 1065 3640 1119 voluntas
3673 1063 3860 1120 Patris

2255 1156 2353 1210 mei
2380 1157 2467 1226 qui
2489 1173 2570 1213 me
2594 1158 2754 1223 misit,
2805 1167 2857 1210 ut
2890 1158 3056 1212 omnis
3081 1158 3170 1224 qui
3199 1158 3323 1212 vidit
3352 1158 3520 1227 ﬁlium
3543 1168 3590 1212 et
3619 1160 3781 1213 credit
3801 1161 3861 1214 in

2254 1266 2390 1315 eum,
2411 1249 2593 1304 habeat
2624 1251 2778 1304 vitam
2805 1259 3079 1316 cateruam;
3111 1259 3158 1304 et
3188 1265 3278 1321 ego
3291 1250 3604 1304 resuscitabo
3656 1268 3770 1306 eum
3798 1251 3859 1305 in

2256 1345 2528 1400 novissima
2541 1344 2778 1400 die.ltcm
2800 1343 2851 1398 in
2871 1343 3159 1413 Evangelia
3171 1360 3190 1397 :
3211 1344 3544 1408 Amen,amen
3561 1344 3678 1398 dico
3693 1344 3853 1412 vobis,

2254 1437 2344 1506 qui
2385 1435 2546 1490 credit
2588 1437 2639 1490 iu
2670 1453 2748 1490 me
2773 1434 2919 1490 habet
2945 1436 3102 1489 vitam
3132 1446 3396 1490 (sternam.
3425 1433 3555 1490 Item
3583 1435 3637 1489 iu
3677 1436 3856 1490 Evan-

2253 1529 2395 1599 gelia
2420 1547 2432 1582 :
2468 1528 2576 1600 Ego
2603 1545 2717 1582 sum
2736 1529 2884 1598 panis
2910 1529 3071 1595 vivus,
3103 1529 3190 1599 qui
3215 1528 3445 1584 discendi
3469 1529 3510 1559 ¹⁰
3533 1528 3596 1582 de
3615 1529 3764 1592 caelo,
3797 1539 3854 1583 ut

2253 1623 2298 1676 si
2343 1625 2456 1693 quis
2502 1623 2884 1676 manducauerit
2922 1639 2986 1676 ex
3013 1622 3111 1676 hoc
3141 1639 3293 1692 pane,
3329 1623 3464 1676 vivat
3486 1622 3540 1676 in
3577 1633 3849 1678 talentum.

2253 1715 2383 1770 Item
2413 1717 2463 1769 in
2495 1715 2781 1786 Evangelia
2804 1731 2822 1768 :
2855 1715 2958 1782 Qui
3004 1715 3280 1770 umnducat
3312 1714 3448 1769 hunc
3495 1733 3698 1786 panem,
3730 1716 3852 1772 vit-it

549 1815 671 1871 dam
703 1815 835 1870 nihil
872 1832 936 1871 ex
974 1831 1064 1882 eo,
1103 1815 1200 1871 sed
1248 1818 1565 1871 resusciicm
1607 1831 1731 1872 eum
1765 1820 1816 1871 in
1849 1817 2145 1874 novissima
2177 1802 2221 1862 B
2250 1808 2302 1861 in
2331 1815 2598 1861 cateruam.
2628 1807 2758 1862 Item
2791 1807 2841 1861 in
2877 1806 3167 1879 Evangelia
3199 1825 3212 1861 :
3248 1808 3351 1876 Qui
3380 1811 3658 1863 manducat
3684 1825 3850 1863 meam

548 1907 655 1963 die.
699 1906 831 1963 Item
866 1907 1049 1979 legant
1089 1908 1246 1963 nobis
1278 1909 1498 1963 :Omnis
1522 1907 1542 1939 ³
1568 1909 1659 1980 qui
1687 1908 1840 1964 audit
1869 1908 2065 1964 Filium
2093 1921 2146 1965 et

546 1997 757 2064 didicit,
781 2000 929 2056 venit
950 2000 1014 2054 ad
1040 2015 1157 2065 me;
1188 2000 1442 2070 nonquia
1465 2000 1664 2055 Filium
1686 2000 1816 2056 vidit
1837 2003 2143 2073 quisquam,

544 2094 648 2150 nisi
675 2093 767 2164 qui
798 2101 882 2148 est
911 2109 977 2149 ex
1008 2095 1147 2164 ipso,
1183 2093 1270 2148 hic
1300 2093 1436 2148 vidit
1465 2093 1683 2149 Filium.
1715 2094 2018 2151 Ostendam
2048 2111 2145 2152 no-

545 2186 659 2252 bis,
706 2188 966 2256 scriptum
1003 2194 1089 2241 est
1118 2204 1131 2239 :
1165 2187 1278 2241 Mea
1310 2186 1555 2241 doctrina
1599 2204 1705 2242 non
1752 2199 1834 2244 est
1863 2205 2015 2258 mea,
2047 2190 2142 2246 sed

541 2277 696 2347 ejus,
739 2276 830 2348 qui
873 2292 962 2332 me
1006 2279 1184 2342 misit,
1220 2277 1340 2334 Filii
1390 2279 1515 2334 mei.
1561 2280 1665 2334 Aut
1718 2283 1946 2350 probent
1986 2282 2143 2339 nobis

542 2369 804 2439 scriptum
852 2384 1018 2426 esse:
1054 2370 1350 2440 Propterea
1395 2371 1566 2426 Filius
1608 2388 1764 2428 meus
1807 2374 1980 2445 diligit
2023 2391 2138 2442 me,

541 2462 666 2532 quia
709 2478 852 2532 pano
892 2463 1126 2519 animam
1176 2479 1386 2531 meam,
1420 2473 1475 2520 et
1503 2465 1698 2521 iterum
1726 2482 1935 2521 sumam
1965 2466 2138 2524 illam.

538 2551 710 2611 Nemo
741 2556 878 2611 tollit
898 2555 1042 2611 illam
1065 2572 1093 2611 a
1119 2572 1224 2623 me,
1240 2556 1334 2613 sed
1353 2542 1452 2626 ego
1483 2573 1679 2628 ponam
1705 2575 1824 2614 eam
1851 2577 1879 2613 a
1906 2569 2136 2617 memet-

541 2649 660 2719 ipso
691 2667 704 2702 :
735 2659 1056 2720 potestatein
1084 2649 1261 2706 habeo
1287 2651 1522 2723 ponendi
1561 2666 1704 2719 eam,
1728 2663 1782 2708 et
1814 2662 2135 2723 potestatem

537 2739 712 2799 habeo
750 2742 994 2799 sumendi
1027 2757 1178 2810 eam;
1214 2744 1316 2799 11οο
1340 2744 1486 2800 enim
1529 2755 1858 2816 praeceptum
1891 2763 1919 2800 a
1954 2745 2131 2802 lilio...

1020 2835 1507 2893 FRAGMENTUM
1546 2837 1642 2894 XI.

609 2969 623 2984 .
673 2969 686 2983 .
732 2971 744 2983 .
791 2970 805 2984 .
850 2967 865 2984 .
915 2971 927 2983 .
975 2971 988 2984 .
1035 2970 1048 2984 .
1093 2970 1108 2984 .
1150 2929 1281 2985 Item
1314 2931 1366 2985 in
1409 2931 1657 3000 psalmo:
1689 2931 1840 2987 Beati
1867 2934 1954 3002 qui
1981 2933 2132 2988 hab-i-

537 3031 646 3077 tant
683 3023 738 3078 in
783 3021 1011 3102 domum.
1039 3031 1180 3077 tuam
1208 3022 1259 3077 ⁸1
1291 3025 1344 3077 in
1384 3024 1577 3078 saecula
1615 3027 1921 3079 sceculoram
1951 3025 2134 3079 lauda-

511 3116 659 3176 .bunt
687 3127 754 3173 te.
782 3116 914 3173 Item
945 3117 998 3172 itt
1028 3117 1325 3188 Evangelia
1355 3136 1368 3172 :
1406 3116 1472 3172 Ut
1499 3117 1518 3148 ⁵
1546 3118 1712 3171 omnis
1741 3119 1829 3188 qui
1854 3118 2133 3173 crediderit

531 3209 586 3264 in
617 3226 766 3278 eum,
808 3226 910 3265 non
956 3219 1158 3279 pereat,
1206 3211 1296 3264 sed
1335 3208 1518 3265 habeat
1548 3211 1704 3265 vitam
1733 3220 1994 3266 azternam.
2043 3213 2132 3268 Sic

532 3301 667 3355 enim
697 3301 878 3355 dilexit
901 3299 1042 3356 Deus
1065 3299 1206 3356 hunc
1231 3302 1503 3367 mundum,
1527 3313 1582 3356 ut
1613 3302 1811 3357 Filium
1837 3321 1985 3358 suunt
2017 3307 2132 3360 uni-

532 3406 650 3445 cum
687 3393 944 3460 mitteret;
990 3403 1046 3448 ut
1087 3395 1257 3449 omnis
1287 3395 1376 3464 qui
1415 3395 1688 3451 crediderit
1729 3397 1783 3450 in
1830 3414 1982 3468 eum,
2029 3410 2132 3454 nan

531 3493 724 3556 pereat,
754 3486 846 3540 sed
866 3484 1046 3541 habeat
1074 3488 1230 3541 vitam
1259 3496 1523 3543 aeternam.
1552 3488 1685 3543 Item
1715 3489 1768 3543 in
1800 3491 2088 3562 Evangelia
2116 3510 2128 3545 :

535 3577 639 3646 Qui
669 3579 821 3634 unico
848 3580 1008 3635 credit
1039 3580 1198 3650 Filio,
1233 3583 1380 3638 habet
1405 3585 1562 3638 vitam
1600 3594 1845 3639 cateruam
1875 3602 1893 3639 :
1921 3587 2008 3655 qui
2031 3601 2132 3639 non

530 3671 691 3727 credit
721 3671 881 3740 Filio,
909 3690 1010 3728 non
1035 3674 1223 3730 videbit
1246 3677 1422 3744 vitam,
1447 3678 1537 3731 sed
1558 3679 1638 3731 ira
1673 3677 1768 3732 Dei
1793 3679 2015 3733 manebit
2036 3696 2126 3733 su-

529 3780 620 3836 per
641 3780 774 3820 011111.
809 3765 941 3822 Item
975 3767 1028 3821 in
1060 3765 1354 3840 Evangelia
1380 3787 1392 3823 :
1429 3769 1714 3842 Respondit
1740 3769 1894 3824 Jesus
1925 3780 1972 3824 et
1993 3770 2124 3824 dixit

529 3859 574 3911 ei
597 3873 616 3912 :
647 3858 828 3912 Omnis
852 3860 940 3930 qui
967 3860 1095 3914 bibet
1117 3861 1180 3916 de
1205 3879 1340 3931 aqua
1368 3863 1486 3928 Itac,
1515 3863 1648 3916 sitiet
1670 3862 1856 3917 iterum
1881 3880 1899 3916 :
1928 3865 2014 3932 qui
2034 3880 2130 3918 au-

530 3959 629 4003 tem
661 3951 838 4004 biberit
864 3951 930 4006 de
955 3968 1110 4022 aqua,
1137 3970 1292 4022 quam
1315 3955 1336 3985 ⁶
1364 3971 1457 4024 ego
1487 3955 1618 4009 dabo
1640 3957 1708 4021 ei,
1740 3971 1843 4009 non
1871 3956 2003 4010 sitiet
2032 3958 2084 4010 in
2109 3958 2130 3987 τ

527 4048 754 4106 (eterna;
790 4043 880 4095 sed
910 4043 1004 4098 erit
1040 4052 1088 4097 et
1122 4046 1236 4115 fons
1279 4061 1427 4114 aqua:
1455 4045 1683 4100 salientis
1710 4047 1764 4100 in
1790 4049 1943 4102 vitam
1981 4058 2130 4103 teter-

528 4148 669 4187 nam.
703 4131 834 4189 Item
865 4133 919 4188 in
955 4133 1253 4206 Evangelia
1279 4153 1293 4190 :
1325 4137 1428 4205 Qui
1456 4147 1638 4207 metet,
1674 4139 1958 4194 mercedem
1990 4143 2130 4195 acci-

527 4225 602 4295 pit
619 4242 640 4292 ;
669 4235 717 4280 et
743 4227 830 4298 qui
857 4238 1130 4300 congeret,
1171 4229 1399 4300 fructum
1427 4230 1481 4284 in
1509 4231 1664 4285 vitam
1691 4240 1957 4288 aeternam.
1995 4232 2125 4289 Item

525 4321 578 4373 in
614 4318 906 4391 Evangelia
943 4339 957 4375 :
999 4322 1191 4392 Antea,
1223 4340 1372 4380 amen
1406 4324 1521 4380 dico
1550 4325 1690 4399 vobis
1714 4368 1728 4392 ,
1758 4329 2001 4398 quoniam
2041 4328 2127 4396 qui

523 4413 728 4468 verbum
754 4431 921 4469 uteum
951 4416 1118 4484 audit,
1151 4427 1196 4471 et
1218 4418 1382 4473 credit
1421 4420 1468 4474 ei
1513 4421 1601 4491 qui
1643 4437 1721 4476 me
1761 4421 1938 4489 misit,
1975 4421 2126 4476 habet

523 4509 675 4563 vitam
703 4519 980 4576 cateruam;
1017 4520 1062 4565 et
1080 4512 1345 4584 judicium
1380 4515 1402 4546 ⁸
1433 4531 1535 4569 non
1559 4516 1756 4581 veniet,
1786 4515 1876 4570 sed
1908 4516 2118 4571 transiet

2247 1917 2448 1954 carnem
2465 1911 2510 1954 et
2527 1901 2657 1954 bibet
2676 1901 2714 1932 ”
2734 1917 2903 1954 meum
2915 1901 3386 1972 sanguinem,habet
3405 1905 3558 1957 vitam
3578 1912 3843 1958 retentant.

2249 1995 2379 2050 Item
2406 1995 2459 2049 in
2489 1995 2781 2067 Evangelia
2806 2011 2825 2050 .·
2851 1995 2952 2062 Qui
2973 2005 3092 2050 sunt
3117 2013 3179 2051 ea:
3207 1997 3440 2052 omnibus
3467 1999 3509 2028 ¹²
3536 1999 3732 2053 meis...

2733 2087 3209 2145 FRAGMENTUM
3240 2087 3354 2145 XII.
3798 2122 3828 2145 ο

2488 2181 2682 2236 Tollite
2730 2191 2903 2254 portas
2945 2183 3200 2251 principes
3243 2183 3431 2251 vestri;
3479 2192 3529 2239 et
3570 2182 3846 2239 elevamiui

2246 2286 2406 2346 porta:
2431 2277 2718 2341 aeternules,
2750 2286 2797 2330 et
2830 2277 3057 2331 introivit
3090 2277 3132 2309 ¹³
3163 2294 3254 2332 rex
3277 2279 3475 2351 gloriaz.
3499 2279 3626 2346 Quis
3653 2291 3726 2333 est
3748 2280 3844 2334 iste

2241 2383 2334 2422 rex
2367 2368 2594 2438 glorias?
2621 2369 2857 2424 dominus
2883 2370 3034 2440 fortis
3076 2379 3122 2424 et
3150 2366 3622 2440 potens,’dominus
3655 2381 3840 2442 potens

2241 2462 2296 2515 in
2323 2464 2522 2532 prcelio.
2561 2462 2747 2518 Tollite
2783 2472 2960 2534 portas
2984 2464 3248 2535 principes
3277 2465 3450 2532 vestri,
3489 2475 3535 2520 et
3563 2465 3840 2520 elevantini

2241 2565 2403 2626 portw
2446 2557 2729 2623 azteruales,
2759 2568 2808 2612 et
2837 2558 3063 2612 introivit
3109 2574 3200 2612 rea:
3245 2559 3444 2630 gloriaz.
3481 2558 3609 2624 Quis
3638 2569 3711 2613 est
3740 2559 3838 2612 iste

2240 2661 2332 2700 rea:
2369 2648 2593 2718 gloriae?
2637 2649 2876 2703 dominus
2929 2650 3205 2716 virtutum,
3247 2651 3356 2721 ipse
3390 2660 3464 2706 est
3509 2668 3602 2706 rea:
3629 2652 3832 2722 gloriw.

2239 2735 2370 2791 Item
2405 2739 2600 2794 Paulus
2625 2741 2902 2812 apostolus
2927 2760 2938 2795 ε
2969 2742 3253 2797 imitatores
3286 2744 3385 2798 mei
3409 2753 3588 2811 estote,
3616 2745 3831 2812 fratres,

2239 2837 2285 2880 et
2312 2831 2591 2901 conspicite
2614 2848 2699 2886 eos
2720 2833 2808 2903 qui
2836 2833 2908 2886 ita
2939 2833 3245 2889 ambulant:
3275 2852 3402 2906 quos
3441 2852 3578 2906 sirpe
3603 2836 3833 2891 dicebam

2237 2921 2395 2989 vobis,
2421 2935 2466 2978 et
2490 2943 2625 2980 nunc
2655 2927 2814 2983 etiam
2846 2928 2979 2984 ﬂens
3007 2931 3141 2994 dico,
3163 2931 3396 2984 inimicos
3419 2932 3584 2986 crucis
3600 2929 3828 2987 Christi:

2234 3035 2452 3088 quarunt
2497 3019 2616 3087 ﬁnis
2664 3022 2760 3075 erit
2803 3023 3073 3091 interitus;
3121 3040 3337 3092 quorum
3366 3023 3504 3079 Deus
3545 3035 3739 3091 venter,
3785 3035 3832 3080 et

2234 3109 2401 3181 gloria
2429 3112 2481 3166 in
2521 3110 2873 3182 eortfttsioneitt
2899 3114 3126 3186 ipsoruut
3156 3130 3175 3170 :
3201 3117 3289 3186 qui
3334 3127 3538 3172 terrena
3577 3120 3786 3189 sapiunt
3812 3135 3831 3173 :

2158 3188 2204 3251 (ἶ
2237 3214 2410 3258 nostra
2434 3220 2549 3260 vero
2577 3208 2893 3262 conversatio
2923 3207 2976 3261 in
3003 3208 3142 3263 caelis
3168 3219 3238 3262 est
3258 3225 3278 3275 ;
3299 3210 3446 3264 unde
3471 3219 3521 3265 et
3553 3212 3832 3266 salutarent

2234 3309 2589 3370 exspectamus
2629 3301 2893 3356 domiuunt
2936 3313 3162 3358 nostrum
3197 3303 3690 3368 JesumChristunt.
3741 3308 3833 3377 qui

2236 3394 2620 3464 transfiguravit
2649 3393 2890 3466 1“corpus
2915 3397 3218 3451 humilitatis
3243 3408 3434 3453 nostra:
3464 3398 3511 3430 ¹⁵
3533 3402 3835 3472 conforma-

2236 3495 2340 3538 tum
2361 3487 2566 3557 corpori
2597 3487 2639 3517 ¹⁶
2669 3487 2847 3558 gloria:
2871 3505 2998 3553 sua},
3042 3491 3324 3544 secundum
3348 3493 3690 3562 Operationem
3715 3535 3728 3560 ,
3759 3495 3832 3547 ita

2234 3586 2290 3631 ut
2337 3579 2497 3649 possit
2542 3579 2620 3633 illi
2661 3580 2909 3652 subjicere
2954 3583 3145 3638 omnia.
3206 3582 3338 3638 Item
3383 3583 3434 3639 in
3484 3585 3778 3658 Evangelia
3814 3604 3828 3640 :

2235 3669 2363 3724 Cum
2392 3673 2582 3727 venerit
2611 3670 2783 3727 Filius
2807 3671 3031 3729 hominis
3062 3677 3114 3729 in
3144 3679 3413 3746 majestate
3442 3693 3555 3744 sua,
3581 3689 3628 3732 et
3654 3695 3832 3732 omnes

2233 3765 2400 3835 angeli
2427 3783 2539 3818 cum
2582 3783 2659 3835 eo,
2697 3777 2815 3821 tunc
2841 3769 3287 3842 congregabantur
3307 3787 3481 3826 omnes
3503 3782 3678 3846 gentes
3709 3785 3831 3829 ante

2233 3875 2379 3924 eum;
2407 3869 2455 3914 et
2477 3861 2756 3930 segregavit
2783 3879 2887 3929 eos,
2920 3864 3351 3934 quemadmodum
3391 3878 3567 3937 pastor
3595 3876 3830 3940 segregat

2233 3967 2346 4006 oves
2376 3950 2438 4005 ab
2471 3952 2512 3983 ⁸⁷
2558 3951 2702 4006 Itedis
2730 3954 2806 4022 ‘3;
2837 3964 2884 4008 et
2927 3967 3112 4012 statuet
3158 3974 3243 4012 eos
3272 3959 3341 4012 ad
3368 3960 3630 4016 dexteram
3657 3979 3826 4029 suam,

2233 4044 2407 4101 laedas
2433 4056 2603 4101 autem
2633 4046 2701 4102 ad
2728 4049 3009 4105 sinistram.
3053 4050 3199 4107 Tunc
3229 4054 3355 4110 dicit
3388 4073 3479 4112 rea:
3517 4058 3590 4111 eis
3635 4059 3724 4127 qui
3759 4060 3830 4114 ad

2231 4139 2493 4220 dexteram
2535 4151 2674 4208 sunt,
2707 4144 2870 4197 venite
2911 4146 3159 4201 benedicti
3207 4147 3381 4204 Patris
3410 4152 3548 4218 mei;
3577 4153 3826 4224 percipile

2229 4250 2444 4308 regnum
2469 4245 2709 4305 paratum
2729 4237 2868 4292 vobis
2888 4237 2952 4291 ab
2977 4240 3178 4312 origine
3205 4241 3401 4296 mundi.
3431 4240 3824 4314 Esuriviﬁ’nim,

2229 4337 2278 4382 el
2305 4329 2508 4384 cibastis
2535 4331 2576 4363 ¹⁹
2599 4330 2711 4396 me;
2739 4332 2874 4385 sitivi
2902 4333 2969 4399 ²⁰,
2994 4344 3038 4387 et
3080 4343 3258 4406 potum
3282 4334 3495 4390 dedistis
3537 4339 3661 4390 mihi
3682 4355 3700 4403 ;
3731 4356 3830 4393 nu-

2229 4419 2327 4475 dus
2348 4423 2445 4493 fui,
2476 4431 2522 4477 et
2543 4425 2879 4494 cooperuistis
2899 4426 2942 4456 ²¹
2972 4443 3050 4482 me
3068 4445 3086 4494 ;
3117 4429 3354 4496 inﬁrmus
3377 4431 3477 4502 fui,
3509 4442 3558 4486 et
3583 4433 3826 4488 visitastis

2229 4529 2345 4578 me;
2371 4514 2426 4568 in
2456 4531 2658 4569 carcere
2685 4515 2782 4586 fui,
2811 4526 2862 4571 et
2895 4519 3100 4573 venistis
3125 4520 3193 4572 ad
3223 4537 3320 4575 me.
3351 4520 3497 4577 Tunc
3539 4531 3820 4594 responde-

521 4600 584 4655 de
609 4611 770 4656 morte
795 4603 849 4658 in
881 4605 1053 4658 vitam.
1082 4582 1226 4662 Item
1255 4606 1307 4662 in
1343 4607 1636 4679 Evangelia
1665 4625 1679 4663 :
1714 4607 1854 4662 Dicit
1880 4625 2002 4680 ergo
2027 4609 2120 4664 Je-
2143 4582 2200 4644 Β
2223 4608 2348 4663 bunt
2385 4607 2601 4662 dicentis
2622 4609 2666 4638 ’³
2685 4582 2712 4661 τε
2746 4608 2978 4677 Domine,
3022 4614 3228 4682 quando
3259 4624 3307 4669 te
3336 4615 3558 4671 vidimus
3587 4582 3824 4673 eiurien-

593 4724 611 4753 ³
649 4723 727 4778 Ita
750 4725 875 4780 cod.

589 4795 610 4825 '
648 4793 782 4850 Cod.
813 4813 1035 4852 omnem.

588 4864 610 4895 ⁸
648 4863 781 4921 Cod.
815 4883 1008 4922 omnes.

586 4933 609 4966 ⁸
647 4935 723 5017 I_t_a
752 4939 988 5017 schedia,
1019 4953 1152 5009 quas
1167 4939 1381 5017 idcirco
1413 4945 1652 5017 appello,
1684 4945 1808 5017 quia
1842 4962 1968 5017 pars
1995 4948 2110 5004 Inec

515 5022 548 5065 e
577 5007 765 5134 qogiqe
794 5007 1178 5134 Mefiolanensi
1201 5023 1307 5081 est,
1338 5029 1368 5068 a
1395 5007 1502 5088 qud
1525 5007 1668 5074 nunc
1691 5007 1903 5075 absum.

685 5095 716 5134 (Σ
738 5097 775 5134 1.
804 5097 871 5134 att
902 5122 916 5134 .

685 5090 775 5135 CII.
804 5090 916 5135 aut.

586 5150 608 5235 ξ
801 5168 970 5235 quem.

585 5222 605 5296 ῖ
645 5221 771 5296 ξο11.
805 5221 909 5279 iten
936 5239 1035 5296 pro
1062 5227 1139 5280 in.

584 5294 606 5326 ⁸
643 5293 868 5366 Carrige
892 5293 951 5350 in
961 5297 1240 5365 judicium.

583 5367 605 5398 ’
645 5365 718 5420 Ita
751 5367 868 5421 sch.
916 5413 922 5421 .

751 5383 773 5410 ς

581 5435 624 5514 ff
751 5382 942 5514 ﬁlled.
972 5439 1027 5494 di
1048 5455 1146 5512 pro
1175 5443 1256 5511 de,
1274 5449 1528 5514 utsupra.

582 5506 623 5537 “
651 5507 725 5562 Ita
741 5509 873 5572 _sch.

507 5604 847 5685 Arian.__t_:_ap.
880 5610 937 5678 3,
969 5613 1213 5685 itemque
1245 5614 1314 5672 de
1339 5614 1494 5671 Trin.
1523 5632 1595 5682 tv,
1626 5616 1719 5684 27,
1757 5633 1866 5674 non
1893 5618 2093 5677 idcirco

506 5690 628 5756 esse
675 5676 867 5756 Filium
910 5676 1172 5756 minorem
1214 5697 1305 5741 aut
1349 5676 1620 5743 diversum
1664 5676 1852 5745 natura
1879 5676 2090 5756 Patris,

502 5749 626 5820 quia
666 5747 734 5804 ab
779 5748 883 5805 hoc
911 5754 1108 5810 missus
1137 5765 1239 5812 cst.
1289 5757 1441 5815 Adde
1477 5758 1718 5817 Nicetam
1759 5762 1826 5818 de
1854 5770 1956 5819 rat.
1997 5747 2089 5819 (id:

2291 4731 2332 4761 ¹²
2362 4729 2438 4784 Ita
2467 4730 2586 4785 sch.

2294 4801 2338 4874 ff
2359 4801 2434 4874 I_ta
2463 4801 2581 4874 sch.
2609 4801 2695 4874 hic
2725 4811 2780 4857 et.
2805 4802 2961 4869 infra,
2997 4819 3025 4857 v
3046 4820 3144 4874 pro
3166 4806 3215 4860 b.

2366 4871 2447 4948 Ita
2476 4873 2592 4927 sch.
2624 4873 2714 4929 Sic
2739 4874 2876 4930 infra
2905 4871 3206 4948 segregavit.

2291 4945 2336 4976 ¹⁸
2360 4943 2489 5000 Sclt.
2525 4955 2715 4998 nostre.

2292 5015 2335 5048 ¹⁶
2357 5015 2484 5088 Sch.
2514 5020 2832 5088 conformam
2859 5019 3108 5088 corporis.

2292 5088 2333 5118 l7

2292 5088 2333 5118 ¹⁷
2351 5087 2484 5145 Cod.
2507 5089 2595 5143 ad.
2616 5087 2619 5088 ⁷
2952 5087 2956 5088 ί

2361 5160 2586 5243 Euseb...
2613 5161 2732 5243 sine
2758 5160 2971 5233 dipltth.

2288 5230 2330 5263 ¹⁹
2360 5230 2490 5286 Sch.
2519 5231 2716 5285 cibasti.

2287 5301 2332 5332 ²⁰
2354 5300 2430 5356 Ita
2456 5303 2572 5357 sch.
2600 5303 2686 5358 hic
2716 5315 2770 5358 et
2798 5303 2955 5360 infra.

2287 5374 2331 5448 ff
2357 5373 2485 5448 ξο11.
2517 5376 2843 5448 cooperuisti.

2287 5446 2331 5476 ”
2361 5444 2438 5500 Ita
2469 5445 2583 5501 sch.
2611 5444 2718 5517 'pro
2747 5447 2994 5504 dicentes.

2207 5622 2295 5697 ubi
2339 5623 2615 5697 eleganter
2663 5623 3036 5692 demonstrat,
3087 5625 3272 5697 sicque
3316 5627 3635 5686 concludit:
3676 5628 3779 5684 lla:

2201 5694 2316 5750 ideo
2341 5705 2460 5751 sunt
2487 5695 2673 5766 posita,
2703 5704 2758 5749 ut
2784 5713 2900 5751 vera
2926 5699 3037 5768 ejus
3063 5694 3305 5768 divinitas
3334 5715 3434 5755 non
3462 5711 3688 5772 negetur.
