4194 6184
389 210 490 266 617

888 209 1318 269 ΜΟΝΗΜΕΝΤΛ
1362 210 1639 268 \‘ETEIlA
1683 210 1774 268 Al)
1816 213 2001 270 ΔΗΙᾹὲ

2105 212 2222 270 ιυιι
2263 214 2657 273 υΟΩΤΒΙΝΑΜ
2702 215 3186 274 PERTINENTIA.

3583 219 3688 274 618

387 336 505 388 tem,
554 335 598 379 et
627 324 908 381 cibavimus
931 328 957 381 ?
985 328 1062 382 vel
1091 329 1364 393 sitientem,
1398 338 1444 382 et
1478 339 1655 395 potum
1695 328 1984 383 dedimus?
2013 340 2063 399 Α
2094 339 2302 384 mortua
2325 371 2341 398 ,
2375 339 2468 385 aut
2495 332 2897 400 corruptionem
2939 332 3225 395 sustinuit;
3274 330 3368 386 sed
3421 333 3694 402 separatio

385 429 474 472 aut
502 417 707 486 quando
738 429 783 473 te
809 419 1030 474 vidimus
1055 420 1329 490 hospitem,
1363 431 1410 475 ct
1441 421 1745 493 collegimus
1774 432 1819 477 te
1842 423 1867 476 ?
1895 432 1985 478 aut

387 516 602 580 nudum,
636 522 681 568 et
707 515 1065 583 cooperuimus
1106 525 1153 570 te
1176 516 1201 568 ἱ)
1225 526 1312 570 aut
1351 517 1558 586 quando
1575 526 1622 572 te
1652 519 1873 572 vidimus
1900 518 1983 572 in-

386 607 614 676 firmum,
657 618 702 662 et
728 609 1044 662 visitavimus
1075 610 1166 663 te?
1195 620 1282 663 aut
1329 611 1381 665 in
1412 626 1637 677 carcere,
1669 620 1716 664 et
1757 611 1993 686 venimus

384 702 456 756 ad
481 701 574 756 te?
603 701 796 770 Quibus
819 703 1085 768 respondit
1113 719 1204 758 rex
1226 704 1349 758 dicit
1378 705 1393 734 ¹
1424 717 1442 758 :
1475 703 1640 758 Amen
1676 703 1792 758 dico
1820 703 1984 770 vobis,

383 794 627 865 quamdiu
673 795 866 866 fecistis
907 796 996 849 uni
1036 812 1098 850 ea:
1137 789 1217 850 his
1265 795 1514 865 fratribus
1555 796 1816 863 minimis,
1860 797 1987 850 mihi

387 889 597 961 fecistis.
628 886 775 942 Tunc
801 888 925 943 dicit
950 887 1032 943 his
1066 890 1153 959 qui
1178 889 1245 945 ad
1287 891 1552 945 sinistram
1582 892 1601 921 ’
1629 899 1748 945 sunt
1780 905 1797 944 :
1827 889 1989 945 Rece—

386 981 490 1037 dile
517 999 549 1035 a
571 998 666 1045 me,
693 983 976 1050 maledicti,
1005 983 1058 1037 in
1085 984 1253 1056 ignem
1281 993 1536 1038 tetet'num
1555 1027 1569 1052 ,
1613 1001 1762 1055 quem
1787 985 1990 1056 paravit

389 1073 547 1129 Pater
569 1091 708 1128 meus
739 1075 945 1130 diabolo
993 1087 1039 1131 et
1069 1078 1264 1148 angelis
1307 1081 1438 1149 ejus.
1491 1076 1695 1132 Esuriri
1739 1080 1899 1145 enim,
1945 1087 1991 1132 et

388 1183 488 1220 non
535 1166 749 1221 dedistis
794 1167 918 1221 mihi
967 1169 1318 1237 manducare;
1363 1171 1534 1235 sitivi,
1564 1181 1741 1224 etnon
1777 1171 1991 1224 dedistis

389 1258 512 1312 mihi
558 1270 772 1330 potum;
804 1261 988 1331 hospes
1018 1278 1177 1326 eram,
1229 1272 1275 1316 et
1325 1279 1425 1317 non
1474 1263 1772 1334 recepistis;
1820 1263 1992 1317 nudus

390 1352 489 1422 fui,
513 1361 559 1404 et
604 1369 704 1406 non
735 1353 954 1408 vestistis
985 1371 1099 1420 me;
1133 1355 1367 1424 inﬁrmus
1395 1357 1494 1426 fui,
1544 1367 1590 1410 et
1618 1373 1719 1410 non
1765 1373 1843 1410 nte
1871 1358 1994 1410 visi-

389 1444 572 1509 tastis;
601 1444 654 1496 in
689 1461 887 1500 carcere
914 1446 1014 1516 fui,
1045 1455 1093 1500 et
1119 1463 1220 1502 non
1248 1448 1453 1503 venistis
1487 1448 1555 1502 ad
1601 1465 1698 1504 me.
1740 1447 1888 1504 Tunc
1914 1465 1994 1504 re-

391 1535 788 1608 spondebunt...
802 1577 840 1594 ..

857 1652 1346 1710 FRAGMENTUM
1388 1653 1526 1709 XIII.

2089 421 2363 492 paulisper
2393 438 2421 476 a
2449 437 2680 494 corpore
2718 425 3009 492 dealitatis,
3038 425 3317 492 corruptio
3349 424 3466 493 ejus
3497 438 3692 493 corpo-

2090 514 2164 568 ris
2211 515 2572 586 cognoscitur.
2609 516 2844 572 Verbum
2887 528 3068 572 autem
3125 516 3270 572 Deus
3319 516 3452 572 nihil
3498 532 3690 587 passus

2091 615 2194 674 est,
2225 606 2325 661 nisi
2364 606 2615 678 iniuriam
2646 609 3018 665 tantummodo
3045 619 3264 680 propter
3291 625 3410 665 nos.
3455 609 3512 665 Si
3542 611 3686 665 enim

2090 702 2449 757 morientibus
2503 704 2658 758 nobis
2701 713 2901 759 nostra:
2943 704 3137 758 animae
3191 720 3297 758 non
3361 703 3686 769 moriantur,

2091 793 2187 850 sed
2227 796 2466 850 recessio
2510 796 2677 850 animi
2723 813 2753 850 a
2794 812 3026 865 corpore
3066 797 3368 866 corruptela
3401 797 3635 852 hominis
3667 800 3688 828 θ

2092 886 2263 941 nostri
2309 887 2402 951 ﬁt,
2449 887 2618 942 multo
2647 889 2817 958 magis
2861 887 3088 943 dealitas
3140 889 3399 960 unigeniti
3443 890 3538 945 Dei
3585 907 3691 946 non

2094 981 2350 1047 moritur;
2381 982 2475 1037 sed
2508 984 2721 1053 quando
2754 985 2953 1049 voluit,
2999 993 3129 1038 nutu
3164 985 3336 1038 Putris
3369 986 3510 1039 ultro
3548 1003 3691 1041 mor-

2097 1083 2218 1129 luus
2263 1085 2376 1138 est;
2429 1075 2530 1131 hoc
2560 1086 2643 1131 est
2687 1091 2718 1129 a
2763 1090 2994 1146 corpore
3026 1077 3279 1142 recessit,
3332 1087 3385 1130 et
3427 1080 3695 1146 separatio

2095 1169 2212 1240 ejus
2238 1185 2384 1224 mors
2424 1171 2541 1240 ejus
2568 1169 2809 1225 diciturb
2837 1173 2879 1222 ⁷.
2916 1171 3046 1224 Post
3080 1169 3298 1225 tertiam
3337 1179 3520 1226 autem
3553 1170 3692 1226 diem

2097 1265 2386 1336 resumpsit
2415 1265 2608 1320 iterum
2632 1273 2860 1335 paterna
2883 1263 3171 1318 voluntate
3189 1279 3416 1334 corpus;
3443 1272 3498 1318 et
3520 1280 3698 1319 resus-

2095 1356 2281 1411 citavit
2318 1371 2442 1411 eum
2475 1358 2496 1388 ⁸
2535 1356 2601 1410 ad
2649 1354 3143 1425 incorruptionem;
3197 1363 3252 1408 ct
3289 1355 3538 1410 ascendit
3575 1370 3698 1410 cum

2096 1464 2164 1505 eo
2203 1465 2367 1519 super
2395 1449 2592 1514 caelos;
2639 1457 2694 1504 et
2723 1448 2880 1504 habet
2929 1463 3049 1502 eum
3093 1447 3388 1518 gloriosum
3441 1449 3698 1518 templum

2097 1552 2342 1596 sanctum
2374 1541 2590 1606 vivum;
2630 1548 2685 1596 et
2724 1541 2775 1594 in
2813 1539 2930 1608 ipso
2959 1553 3207 1608 corpore,
3241 1538 3296 1593 in
3322 1554 3429 1610 quo
3468 1540 3704 1596 salvavit
3754 1551 3757 1553 ‘

2098 1651 2270 1709 genus
2304 1636 2619 1702 humanum,
2653 1637 2706 1690 in
2737 1636 2855 1705 ipso
2875 1633 3169 1689 indextera
3201 1633 3418 1689 virtutis
3447 1633 3543 1690 Dei
3574 1634 3706 1690 ado-

607 1745 898 1801 admodum
934 1748 1023 1817 qui
1061 1748 1113 1801 in
1145 1747 1408 1817 principio
1443 1746 1722 1817 Evangelii
1752 1746 1991 1802 Verbum
2023 1743 2072 1803 B
2097 1739 2246 1786 ratur
2276 1731 2345 1785 ab
2388 1733 2408 1763 θ
2457 1729 2731 1784 omnibus.
2781 1727 2980 1782 Eorum
3027 1725 3186 1796 igitur
3212 1735 3416 1781 certam
3451 1726 3699 1781 notitiam

392 1835 535 1892 Deus
567 1853 687 1894 esse
716 1838 1038 1909 praedicatur
1069 1839 1212 1909 apud
1243 1840 1429 1895 Deum.
1469 1840 1694 1909 Propter
1727 1838 1844 1894 hinc
1874 1853 1995 1909 quae

393 1931 646 1998 superius
677 1930 948 1985 antedicta
981 1940 1137 1999 sunt,
1184 1941 1240 1986 et
1278 1931 1492 2000 quando
1543 1932 1644 2002 piis
1678 1932 1820 2001 pium
1873 1945 1998 1985 sen-

394 2035 512 2076 sum
544 2035 764 2094 propter
791 2040 915 2080 eum
941 2024 1156 2080 tradidit
1175 2016 1346 2090 ,tunc
1375 2025 1672 2096 procedens
1701 2025 1994 2092 modicum,

395 2114 529 2170 dicit
562 2133 575 2170 :
633 2115 701 2170 Et
737 2117 964 2171 Verbum
991 2133 1112 2171 caro
1143 2119 1340 2187 factum
1368 2117 1389 2148 ³
1419 2128 1514 2184 est,
1579 2126 1623 2172 et
1668 2117 1913 2171 habitavit
1944 2119 2000 2170 in

396 2208 575 2273 nobis,
634 2219 678 2264 et
730 2209 950 2264 vidimus
1005 2209 1227 2281 gloriam
1274 2211 1416 2280 ejus,
1472 2210 1693 2282 gloriam
1743 2219 2001 2281 tamquam

397 2301 538 2354 unici
588 2317 621 2355 a
685 2301 884 2368 Patre,
937 2289 1150 2371 plenum
1197 2303 1379 2373 gloriae
1427 2314 1473 2358 et
1527 2304 1773 2358 veritatis.
1818 2303 2000 2374 Ipsum

398 2394 561 2466 igitur
597 2394 830 2452 Verbum
856 2396 1050 2463 Deum,
1079 2406 1140 2452 ut
1165 2412 1272 2453 non
1315 2397 1552 2455 aestimes
1584 2398 1727 2454 hunc
1757 2400 2000 2453 innatant

397 2486 439 2543 F
443 2488 592 2544 ilium
625 2489 958 2559 unigenitum
983 2489 1080 2546 Dei
1105 2531 1121 2559 ,
1153 2491 1454 2547 certissime
1482 2503 1538 2548 et
1564 2492 2005 2550 manifestissime

398 2581 636 2638 ostendit
662 2583 893 2654 Spiritus
922 2593 1139 2639 sanctus
1164 2599 1261 2654 per
1290 2583 1661 2641 beatissimum
1697 2585 1960 2643 Joannem
1987 2629 2002 2655 ,

399 2675 558 2731 simul
590 2686 646 2731 et
688 2675 909 2732 modum
939 2675 1293 2733 humanitatis
1321 2677 1762 2734 manifestissime
1791 2680 2003 2736 adnun-

400 2768 575 2835 tians,
618 2767 854 2824 obstruit
896 2783 958 2825 os
1006 2784 1194 2825 eorum
1227 2769 1316 2841 qui
1363 2768 1554 2825 dicunt
1599 2787 1722 2827 eum
1769 2773 2004 2828 animam

303 2934 308 2939 ι
400 2879 523 2918 cum
551 2878 783 2933 corpore
818 2865 1179 2934 assumpsisse
1209 2874 1254 2916 ει.
1289 2864 1381 2918 Ait
1415 2881 1428 2918 :
1468 2883 1486 2917 ι
1525 2865 1590 2920 Et
1611 2865 1848 2921 Verbum
1878 2881 2007 2924 caro

402 2957 602 3013 factum
653 2967 767 3026 est,
819 2969 874 3014 et
902 2958 1168 3016 habitavit
1198 2960 1251 3016 in
1281 2962 1437 3018 novis
1469 2961 1487 2992 ³
1518 2979 1531 3016 :
1569 2980 1588 3014 ι
1623 2963 1726 3020 hoc
1776 2972 1863 3020 est
1889 2979 2011 3020 car-

401 3067 526 3108 nem
549 3052 742 3121 induit,
770 3069 876 3108 non
899 3053 1022 3125 quia
1054 3053 1358 3109 immutavit
1387 3055 1503 3126 ipse
1531 3055 1762 3111 Verbum
1784 3057 1927 3113 Deus
1952 3057 2006 3112 in

2099 1822 2250 1879 disce
2273 1839 2301 1876 a
2326 1822 2640 1877 beatissimo
2666 1829 2722 1876 et
2746 1821 2918 1890 primo
2942 1829 3178 1889 martyre
3200 1819 3476 1874 dealitatis
3501 1818 3704 1873 Christi

2097 1915 2376 1985 Stephano
2419 1915 2680 1970 dicente:
2724 1910 2900 1978 Video,
2944 1911 3111 1983 inquit
3143 1910 3208 1977 ¹⁰,
3251 1911 3401 1965 caelos
3459 1921 3700 1982 apertos,

2071 2024 2148 2069 ret
2176 2013 2373 2068 Filium.
2403 2012 2623 2066 hominis
2669 2019 2886 2064 stantem
2914 2009 2983 2062 ad
3031 2007 3297 2062 dexteram
3345 2007 3548 2061 virtutis
3583 2004 3702 2060 Dei.

2103 2107 2299 2164 Filium
2328 2106 2562 2166 hominis
2587 2119 2783 2175 corpus
2811 2101 3074 2174 quod.....

2570 2214 3049 2274 FRAGMENTUM
3079 2214 3217 2269 XIV.

2180 2313 2579 2371 .....ministerii
2618 2312 2686 2368 ad
2721 2309 3136 2366 adiﬁcalionem
3183 2309 3430 2377 corporis
3473 2307 3706 2375 Christi,

2107 2407 2416 2464 videntibus
2444 2405 2726 2476 discipulis
2751 2401 3016 2458 ascendit.
3061 2400 3324 2456 Ascendit
3355 2408 3536 2455 autem
3585 2417 3709 2456 cum

2107 2515 2336 2571 corpore
2363 2499 2430 2555 ad
2461 2514 2618 2554 suum
2659 2497 2906 2562 Patrem,
2942 2495 3030 2549 ubi
3061 2505 3176 2548 erat
3206 2505 3401 2559 antea;
3435 2505 3490 2550 et
3515 2512 3713 2551 munus

2108 2593 2441 2667 acceptabile
2463 2592 2659 2648 obtulit
2681 2591 2824 2646 Patri
2856 2598 3100 2644 nostrum
3121 2603 3352 2659 corpus;
3377 2599 3432 2643 et
3447 2589 3714 2660 recipiens

2111 2690 2176 2746 ad
2198 2691 2476 2745 dexteram
2504 2687 2688 2743 sedem
2715 2699 2902 2748 suam;
2936 2693 3192 2738 venturus
3216 2683 3343 2737 inde
3365 2683 3556 2738 iterum
3586 2688 3710 2737 cum

2110 2784 2279 2855 gloria
2311 2792 2365 2838 et
2393 2782 2591 2836 virtute
2613 2778 2859 2850 judicare
2905 2777 3058 2830 vivos
3100 2785 3150 2830 et
3201 2784 3472 2842 mortuos,
3505 2785 3560 2830 et
3590 2775 3714 2830 red-

2111 2878 2244 2934 dere
2287 2873 2575 2945 unicuique
2620 2870 2914 2929 secundutu
2970 2884 3132 2940 opera
3185 2869 3322 2939 ejus.
3377 2870 3523 2925 Misit
3580 2879 3713 2924 nutu

2113 2973 2287 3029 Patris
2320 2971 2582 3042 Spiritum
2632 2979 2877 3024 sanctum
2911 2967 3190 3037 discipulis
3237 2967 3371 3032 suis,
3408 2966 3567 3020 sicuti
3594 2981 3717 3035 pro-

2115 3068 2264 3121 misit
2285 3066 2472 3119 diccns
2499 3081 2512 3116 :
2548 3061 2609 3118 Si
2637 3060 2857 3116 ascendo
2887 3058 2954 3112 ad
2983 3058 3215 3124 Patrem,
3250 3058 3395 3112 mitto
3426 3057 3566 3111 vobis
3589 3057 3715 3126 Spi-

404 3158 649 3203 mllﬂ'al“
679 3148 699 3178 ⁵
745 3149 944 3215 carnis»
995 3147 1091 3205 58d
1121 3163 1341 3204 carnem
1372 3150 1613 3219 suscepit
1641 3159 1697 3206 ει
1743 3151 2004 3208 [tabum/il
2031 3135 2078 3200 C
2109 3159 2266 3214 ritum
2294 3157 2538 3212 veritatis.
2575 3155 2671 3210 Set
2699 3155 2737 3185 “
2768 3157 2910 3207 hunc
2958 3151 3217 3221 Spiritum
3247 3158 3464 3220 oportet
3491 3165 3591 3204 nos
3619 3165 3718 3204 nc-

405 3239 460 3295 in
500 3241 678 3309 nobis,
711 3241 813 3297 hoc
841 3251 926 3298 est
952 3241 1006 3297 in
1035 3257 1200 3298 carne
1229 3251 1440 3308 nostra,
1473 3253 1529 3297 et
1573 3245 1625 3297 in
1657 3245 1771 3314 ipsa
1814 3259 2004 3314 passus

407 3343 489 3390 est
519 3333 866 3404 impassibilis
897 3333 1134 3390 Verbum
1168 3334 1340 3400 Deus;
1371 3343 1425 3390 et
1448 3335 1812 3406 corruptelam
1837 3339 2004 3392 susti-

406 3428 526 3484 nuit
554 3427 978 3500 incorruptibilis
1011 3429 1171 3496 Deus,
1208 3439 1267 3484 ut
1293 3445 1390 3485 nos
1419 3431 1486 3485 ad
1517 3431 2004 3502 incorruptibilita-

405 3529 515 3578 tem
558 3531 875 3579 commutet.
944 3521 1062 3579 Non
1112 3533 1290 3579 autem
1344 3522 1572 3580 dealitas
1624 3525 1794 3596 ipsius
1845 3525 2005 3583 Verbi

486 3661 500 3690 ¹
530 3660 757 3732 Corrige
788 3661 984 3716 dicens.
1023 3655 1051 3681 "

481 3734 501 3762 ²
531 3732 755 3788 ὃριιθόςε
784 3734 1019 3788 sinistra.

484 3802 752 3878 f‘Scheda:
783 3805 986 3875 factus;
1025 3803 1120 3862 sed
1150 3802 1293 3861 infra
1326 3809 1537 3878 factum.

484 3873 504 3904 ⁵
537 3875 612 3930 Ita
642 3877 764 3931 cod.

487 3946 507 3975 ⁵
533 3945 666 4002 Cod.
695 3948 750 4001 in
771 3956 978 4002 natura.

485 4016 506 4048 θ
532 4016 660 4073 Sch.
692 4021 909 4073 homini.

487 4090 506 4120 τ
533 4089 590 4144 In
634 4091 850 4146 schedis
877 4091 1202 4148 oblitterata:
1241 4101 1368 4147 sunt
1400 4103 1632 4162 quatuor
1659 4093 1876 4150 circiter
1923 4093 2011 4148 lil-

489 4235 516 4262 ει
559 4224 708 4281 Ilunc
755 4225 932 4296 ipsum
989 4226 1441 4281 Ariomanitarum
1497 4242 1741 4283 errorem
1813 4228 2012 4284 refutat

416 4298 750 4368 Augusunus
776 4309 952 4352 contr.
984 4311 1148 4370 serm.
1174 4297 1358 4352 Arian.
1392 4297 1448 4352 Π.
1479 4298 1509 4351 7
1538 4315 1550 4350 :
1584 4297 1716 4354 Ecce
1742 4301 1795 4353 in
1828 4302 2011 4370 quibus

415 4371 579 4425 verbis
605 4373 710 4422 suis
737 4370 942 4440 omnino
965 4369 1291 4440 manifestam
1322 4385 1511 4440 negare
1539 4385 1593 4422 se
1614 4371 1751 4433 quod
1781 4369 1848 4424 ad
1888 4372 1979 4424 uni
1990 4402 2008 4412 -

2111 3251 2351 3308 cessarie
2381 3250 2422 3280 ¹²
2447 3247 2716 3313 confiteri,
2748 3250 2839 3317 qui
2865 3259 3054 3298 sumus
3087 3242 3330 3297 veritatis
3371 3240 3713 3306 defensores,

2117 3343 2334 3398 tertium
2363 3350 2484 3412 post
2515 3341 2726 3395 Patrem
2757 3346 2812 3392 et
2841 3335 3035 3391 Filium
3058 3344 3251 3390 natura
3284 3344 3305 3372 ο
3337 3341 3394 3389 et
3418 3331 3633 3399 ordine,
3661 3340 3716 3386 et
3768 3380 3788 3400 ,

2115 3435 2365 3492 eumdem
2394 3435 2447 3488 in
2478 3441 2667 3488 natura
2695 3439 2752 3487 et
2773 3430 3086 3500 dignitatem
3117 3427 3160 3458 ¹³
3186 3426 3582 3498 possidentem.
3617 3427 3716 3482 llic

2115 3536 2200 3586 est
2229 3528 2461 3599 primum
2486 3537 2540 3583 et
2570 3525 2746 3595 majus
2774 3522 2951 3580 Patris
2979 3537 3074 3593 per
3099 3521 3292 3576 Filium
3323 3535 3460 3592 opus
3485 3517 3535 3588 ἀ,
3560 3536 3716 3577 crea-

2119 3673 2266 3720 terae.
2301 3661 2456 3718 Nulla
2507 3671 2686 3716 tamen
2713 3659 2926 3721 videtur
2973 3671 3094 3714 esse
3141 3655 3350 3712 lacuna.

2189 3737 2210 3768 ⁸
2237 3735 2313 3789 Ita
2343 3733 2460 3789 sch.
2496 3748 2593 3802 pro
2622 3731 2694 3786 id.

2189 3809 2208 3840 θ
2233 3805 2360 3862 Sch.
2387 3804 2474 3859 ad.

2190 3878 2232 3908 ¹⁰
2261 3876 2389 3933 Sch.
2412 3875 2611 3946 inquid.

2191 3951 2232 3981 ¹³
2264 3949 2339 4002 Ita
2373 3947 2488 4003 Scit.

2189 4023 2232 4052 ¹²
2259 4019 2388 4076 Sch.
2413 4017 2729 4074 necessariae.

2191 4092 2234 4123 ³⁸
2266 4092 2339 4146 Ita
2369 4091 2490 4147 cod.

2190 4226 2218 4266 δ
2257 4227 2370 4283 Imo
2414 4242 2544 4283 vero
2583 4227 2877 4282 christiana
2939 4223 3179 4280 doctrina
3228 4231 3336 4288 est,
3379 4221 3712 4279 divinitatem

2120 4299 2172 4354 in
2203 4298 2403 4354 Christi
2432 4310 2606 4355 morte
2632 4314 2804 4368 neque
2831 4311 3028 4366 corpus
3069 4296 3187 4364 ejus
3217 4293 3488 4368 exanime,
3541 4309 3714 4368 ungue

2119 4371 2347 4426 divisam
2385 4369 2453 4424 ab
2485 4385 2551 4424 eo
2574 4364 2834 4434 animam,
2864 4364 3193 4422 deseruisse.
3223 4365 3367 4435 Lege
3395 4365 3560 4417 etiam
3586 4364 3713 4417 Ful-

416 4451 566 4495 tatent
595 4456 822 4513 persona:
851 4439 1043 4495 Christi
1083 4425 1235 4494 etiam
1263 4425 1490 4513 Ιιιιηιῖιιια
1516 4425 1690 4495 anima
1717 4443 1967 4511 pertineat
1991 4425 2092 4508 ;'D
2117 4425 2354 4513 gentium
2383 4440 2448 4494 ad
2474 4439 2706 4513 Trasim.
2739 4425 2831 4504 tu,
2849 4438 2941 4513 25,
2971 4437 3058 4490 3L

415 4513 505 4567 sed
530 4513 582 4565 in
622 4511 824 4566 Christo
846 4527 1050 4564 carnem
1089 4520 1134 4565 et
1159 4511 1473 4565 divinitatem
1501 4515 1854 4567 tantummodo
1886 4530 2010 4566 con—

415 4584 571 4652 ﬁteri.
620 4581 1046 4653 Quandoquidem
1105 4599 1219 4635 cum
1267 4583 1503 4653 penderet
1548 4583 1602 4635 in
1651 4585 1828 4654 ligno,
1873 4584 2008 4639 illud

417 4655 504 4708 ubi
546 4655 873 4726 ait:7Pater,
923 4654 976 4707 in
1026 4669 1219 4708 manus
1265 4665 1383 4707 tuas
1411 4656 1733 4726 commendo
1760 4658 2006 4726 spiritum

416 4741 619 4786 meum,
650 4725 962 4779 divinitatem
981 4726 1148 4794 ipsum
1173 4726 1346 4778 volunt
1371 4740 1484 4797 eum
1511 4725 1731 4797 intelligi
1752 4743 2010 4782 commen-

417 4798 566 4852 dasse
596 4797 768 4860 Patri,
817 4813 918 4850 non
957 4797 1238 4850 humanum
1281 4796 1518 4863 spiritum
1547 4796 1690 4865 quod
1713 4807 1784 4852 est
1812 4800 2005 4863 anima,

417 4877 520 4923 etc.
553 4865 837 4922 Fateantur
866 4865 1124 4921 Christum
1152 4884 1253 4921 non
1281 4878 1480 4919 tantum
1505 4883 1741 4933 carnem,
1783 4871 1872 4924 sed
1897 4873 2011 4924 ani-

418 4956 551 4994 mam
578 4955 777 5010 quoque
803 4939 1078 5011 humanam
1094 4938 1365 5011 _unigenito
1401 4951 1688 5011 coeptasse.
1727 4949 1834 4996 etc.
1869 4942 2010 5011 Lege

418 5007 973 5083 etiatn'Ambrosium,
1001 5009 1074 5083 de
1092 5007 1326 5083 locat-n._,
1353 5024 1429 5083 c_._
1449 5007 1510 5073 7;
1557 5007 1921 5083 Fulgentium,
1942 5007 2008 5067 ad

419 5081 680 5147 'l‘rasim.,
710 5097 747 5144 ι,
781 5083 882 5146 18;
911 5096 990 5143 ιιι,
1021 5081 1110 5146 18,
1137 5083 1225 5143 i9,
1252 5080 1344 5145 9A,
1367 5078 1467 5145 24;
1499 5090 1553 5134 et
1578 5078 1760 5137 cutura
1778 5081 2008 5146 Fastid.,

419 5169 542 5224 (sap.
593 5153 694 5217 22;
728 5153 855 5207 item
899 5151 1258 5224 Ferrandum,
1288 5151 1445 5224 epist.
1498 5151 1680 5208 Casio.
1738 5154 1798 5208 if.
1849 5153 1901 5208 9.
1952 5153 2008 5208 In

419 5223 610 5280 eodem
666 5226 767 5277 hoc
810 5239 998 5279 errore
1044 5223 1456 5294 Macedonianos
1503 5237 1719 5294 qquue
1767 5237 2011 5280 ver5atos

417 5296 606 5360 fuisse,
637 5296 796 5349 docet
819 5309 916 5348 nos
939 5294 1311 5348 Theodoretus
1343 5299 1394 5347 in
1417 5293 1840 5364 dialogocontra
1868 5298 2007 5362 illos;

419 5382 528 5439 quo
553 5367 769 5439 quidem
797 5380 984 5439 errore
1008 5366 1141 5421 nilnl
1178 5366 1464 5439 absurdius
1489 5379 1612 5422 esse
1652 5370 1843 5437 potuit.
1875 5367 2009 5422 Nam

422 5436 546 5493 cum
571 5436 746 5492 w.Iesns
805 5436 1038 5491 triStiti-a:
1073 5443 1128 5492 et
1166 5436 1348 5507 pavori
1386 5437 1438 5490 in
1473 5436 1724 5504 passione
1747 5441 2012 5493 obnoxius

419 5509 612 5575 fuerit;
644 5509 726 5562 hae
750 5519 928 5563 autem
972 5507 1285 5564 affectiones
1328 5508 1382 5561 in
1411 5521 1609 5574 corpus
1641 5525 1747 5564 non
1779 5509 2008 5574 cadant;

421 5590 848 5652 consequeretur
871 5590 929 5634 ut
944 5580 1196 5652 divinitas
1228 5580 1418 5644 trisus,
1448 5588 1694 5652 metuens
1719 5581 2014 5650 dolensque

421 5652 579 5708 tuerit
598 5648 622 5718 ;’
641 5650 904 5723 siquidem
934 5650 1092 5707 Jesus
1123 5653 1303 5707 anima
1332 5648 1576 5722 carebat,
1619 5653 1841 5723 ejusque
1869 5648 2013 5707 vices

422 5724 722 5796 occupabat
745 5722 1016 5779 divinitas.

827 5817 1106 5881 PATROL.
1157 5816 1332 5881 XIII.

2189 4523 2210 4550 ο
2246 4512 2429 4578 Longe
2478 4510 2634 4564 aliter
2683 4501 3012 4578 Augustinus
3057 4501 3512 4578 ortliodoxus_de
3556 4504 3705 4578 Trin.

2111 4600 2186 4646 γι,
2222 4585 2252 4636 7
2282 4601 2294 4635 ε
2324 4575 2497 4635 Etiam
2544 4575 2790 4650 Spiritui
2809 4588 3015 4632 sanctus
3041 4579 3094 4631 iu
3123 4577 3305 4650 eadem
3349 4575 3545 4650 unitate
3584 4577 3704 4630 sub-

2109 4655 2312 4710 stantia:
2357 4663 2403 4708 et
2454 4646 2744 4720 (equalitate
2770 4651 3023 4706 consistit.
3048 4679 3118 4692 --
3153 4646 3238 4701 Ita
3268 4658 3385 4700 sunt
3414 4646 3525 4720 illa
3572 4651 3674 4720 tria
3693 4689 3708 4711 ,

2112 4726 2252 4780 Deus
2279 4716 2609 4790 unus,solus,
2637 4723 3116 4793 magnus.sapiens,
3145 4732 3374 4793 sanctus,
3405 4716 3602 4793 beatus.
3638 4719 3707 4793 Et

2113 4798 2392 4868 Didymus,
2530 4788 2602 4850 24
2641 4813 2653 4848 :
2687 4788 2912 4848 ludivisa
2952 4788 3028 4847 est
3081 4791 3364 4868 substantia
3413 4788 3701 4868 Trinitatis.

2111 4863 2279 4936 Quam
2305 4883 2417 4922 rem
2445 4867 2786 4921 deumnstrat
2818 4868 3088 4935 praecipue
3113 4873 3167 4919 et
3213 4863 3706 4936 baptistuaus‘for-

2113 4932 2284 5003 mula;
2316 4947 2625 5002 monetque,
2652 4936 2709 4991 ιι.
2737 4932 2828 5002 ‘27,
2849 4953 2911 4989 ne
2932 4932 3142 4990 velimus
3163 4951 3224 4988 ea:
3253 4933 3380 4987 Filii
3406 4942 3451 4985 et
3481 4932 3706 5002 Spiritus

2111 5012 2274 5079 sancti
2304 5020 2608 5079 operatione
2626 5009 2845 5073 diversa,
2877 5009 3049 5079 varias
3079 5007 3333 5079 testimare
3358 5017 3591 5079 naturas.

2183 5077 2209 5118 ά
2237 5072 2560 5136 Paschasius
2582 5078 2650 5133 de
2681 5080 2772 5148 Sp.
2805 5078 2886 5142 S.,
2923 5078 3018 5134 lib.
3054 5094 3111 5143 ll,
3137 5078 3190 5139 5,
3226 5079 3420 5148 refutat
3457 5072 3705 5148 Macedo-

2113 5153 2282 5214 nium,
2312 5154 2401 5222 qui
2434 5150 2694 5218 Spiritum
2723 5145 2968 5205 sanctum
3010 5148 3224 5203 diccbat
3245 5145 3698 5222 excellentiorem

2112 5213 2437 5280 creaturam.
2469 5213 2694 5278 Praestat
2718 5222 3108 5276 autem-audire
3147 5217 3577 5283 antiquissimum
3601 5213 3706 5268 Pa-

2115 5305 2248 5350 trem
2271 5294 2660 5350 Tortullianum
2679 5294 2744 5348 de
2772 5303 2884 5346 tota
2908 5291 3169 5346 Triuitate
3187 5289 3494 5356 loquentem
3517 5296 3703 5341 contra

2115 5365 2397 5432 Praxeam,
2425 5381 2544 5434 cap.
2569 5367 2636 5420 2:
2673 5363 2818 5418 Unus
2847 5373 2893 5416 et
2921 5363 3110 5425 omnia,
3141 5359 3354 5434 dantem
3380 5374 3480 5434 uno
3508 5359 3697 5421 omnia,

2116 5454 2205 5506 per
2233 5427 2532 5492 substantia:
2557 5437 2747 5489 scilicet
2774 5434 3057 5494 unitatem;
3094 5441 3140 5483 et
3171 5427 3504 5506 nihilominus
3533 5439 3704 5506 gusto-

2116 5497 2255 5562 ditur
2283 5508 2576 5562 oeconomia:
2604 5513 2997 5573 sacramentum.
3041 5515 3155 5573 qua:
3179 5502 3426 5573 unitatem
3452 5500 3503 5553 in
3532 5497 3708 5573 Trini-

2117 5588 2217 5633 tate
2241 5581 2484 5650 disponit,
2517 5590 2616 5650 tiles
2655 5573 2903 5647 dirigens,
2937 5567 3167 5635 Patrem,
3215 5567 3412 5650 Filium
3450 5580 3510 5650 et-
3534 5572 3708 5641 Spiri-

2117 5662 2225 5705 tum
2245 5643 2501 5706 sanctunt.
2540 5647 2668 5702 Tres
2707 5643 2881 5700 autem
2919 5661 3021 5698 non
3050 5653 3206 5710 statu,
3248 5643 3336 5696 sctl
3381 5644 3563 5714 gradu,
3618 5659 3707 5698 nec

2116 5721 2422 5790 substantia,
2457 5720 2546 5775 sed
2570 5720 2758 5790 forma,
2789 5732 2878 5773 nec
2905 5725 3172 5790 potestate,
3197 5715 3286 5770 sed
3326 5715 3533 5788 specie:
3561 5715 3713 5768 unius

3177 5806 3258 5872 20
