4194 6184
457 254 563 309 625

960 250 1389 311 MONUMENTA
1427 249 1706 309 VETERA
1748 251 1840 307 AD
1871 248 2277 309 ARIANORUM
2320 248 2721 309 DOCTRINAM
2761 249 3250 311 PERTINENTIA.

3656 251 3766 309 6‘24

460 372 543 440 pla
590 375 911 440 priestarent
944 370 960 399 ί
993 386 1006 422 :
1045 387 1063 419 ‹
1100 368 1207 424 Sed
1244 369 1368 439 quia
1416 368 1809 438 simpliciorum
1844 365 2004 421 fidem
2040 368 2058 396 ²
2091 370 2141 431 Α
2169 367 2361 422 Filium
2391 368 2725 438 unigenitum
2758 368 2925 422 Deum
2957 367 3219 436 Spiritum
3250 370 3527 431 sanctum,
3562 373 3764 418 cetera

461 464 615 517 furor
668 463 953 517 barretieus
1008 462 1274 527 turbaret,
1318 470 1377 516 ut
1422 462 1475 516 id
1516 462 1584 517 de
1619 462 1726 516 Deo
1772 461 1921 515 credi
1955 476 2059 515 non

460 554 781 626 oporteret’
805 595 820 621 ,
853 551 996 623 quod
1023 552 1270 619 difficile,
1316 554 1418 606 nisi
1447 569 1543 623 per
1566 568 1883 622 corpoream
1913 566 2062 607 com-

462 647 795 717 parationem
828 645 868 711 ⁵,
922 647 1096 714 possit
1143 644 1404 713 intelligi;
1470 645 1675 700 idcirco
1723 643 2061 698 secundum“

464 728 835 796 illud’Domini
873 737 1101 803 dictum,
1134 737 1290 803 Quod
1319 737 1387 791 de
1415 752 1581 792 carne
1624 738 1883 801 nascitur,
1936 752 2063 792 caro

461 826 571 896 est;
617 833 759 903 quod
786 840 965 887 autem
997 832 1064 886 de
1094 830 1319 900 Spiritu,
1351 831 1576 899 Spiritus
1608 839 1721 895 est;
1758 832 1881 899 quia
1915 830 2060 884 Deus

464 925 687 997 spiritus
711 936 795 980 est
824 936 871 992 ει,
901 933 955 980 et
982 925 1049 979 de
1080 924 1193 979 Deo
1222 934 1380 979 natus
1410 934 1512 979 est.
1554 944 1571 976 ι
1602 923 1940 977 Vanissimus
1964 923 2062 977 lli-

465 1022 634 1077 larius
662 1019 1017 1076 circumvenit
1042 1027 1251 1073 mentes
1281 1017 1645 1073 innocentium
1669 1035 1681 1082 ;
1708 1027 1762 1072 et
1788 1016 1933 1088 quod
1958 1017 2064 1071 Do-

463 1118 644 1172 niinus
687 1115 753 1170 de
785 1116 1071 1185 baptizatis
1100 1121 1155 1169 et
1184 1113 1249 1168 de
1292 1102 1375 1167 his
1418 1112 1511 1182 qui
1556 1112 1910 1181 spiritualiter
1941 1127 2066 1166 nas-

461 1218 659 1266 cuiitur
688 1210 936 1271 dixerat.
983 1209 1075 1263 ille
1120 1207 1187 1262 de
1231 1207 1514 1261 nativitate
1556 1206 1677 1260 Filii
1707 1206 1799 1261 Dei
1832 1206 2064 1261 asseruit

458 1304 722 1373 scriptum
752 1316 873 1355 esse
902 1300 951 1353 ι).
996 1300 1100 1355 Sed
1135 1302 1247 1370 ipsa
1281 1301 1440 1354 lectio
1468 1308 1625 1353 necat
1656 1298 1915 1352 Hilarium
1940 1339 1953 1361 ,
1985 1297 2066 1352 di-

458 1406 615 1451 cente
638 1396 918 1465 Scriptura
950 1394 1132 1448 divina
1162 1410 1175 1445 :
1214 1411 1232 1443 ‹
1268 1392 1389 1447 Noli
1416 1391 1622 1457 mirari,
1651 1390 1775 1459 quia
1800 1390 1909 1445 dixi
1944 1390 2061 1455 tibi,

462 1487 692 1558 Oportet
721 1502 816 1542 vos
854 1484 1006 1541 nasci
1047 1483 1246 1539 denuo.
1290 1503 1308 1535 ι
1347 1482 1575 1537 Videant
1602 1497 1732 1553 ergo
1765 1489 1819 1537 et
1862 1481 2065 1538 intelli-

460 1590 749 1727 gyglMUS
797 1668 1185 1725 CAPITULUS
1226 1669 1246 1698 ⁸
1288 1667 1469 1722 FIDEI
1518 1664 1934 1722 CATHOLICIE
1978 1677 2023 1719 ο.

2168 462 2344 515 omnia
2398 460 2643 515 emlestia
2671 472 2723 516 et
2756 461 3063 526 terrestria,
3111 459 3337 514 visibilia
3368 467 3423 513 et
3451 457 3763 519 invisibilia,

2166 564 2366 617 creata,
2395 555 2556 619 facta,
2592 563 2735 621 nata,
2762 555 3004 617 fundata,
3030 554 3347 620 constituta,
3372 554 3530 607 lincta
3558 557 3602 619 ν,
3634 566 3767 606 con-

2166 648 2299 712 dita,
2355 648 2732 702 subStiterunt.
2784 646 2852 701 Et
2896 646 3037 715 quod
3073 646 3212 701 filius
3259 647 3311 700 in
3372 645 3677 715 principio,
3712 652 3766 699 et

2166 751 2292 797 ante
2342 758 2503 813 quam
2545 741 2902 798 descenderet
2929 742 2982 796 in
3016 742 3181 796 Maria
3222 739 3428 812 virgine
3471 742 3512 772 ¹⁰
3548 756 3769 811 semper

2165 835 2424 891 obediens
2448 836 2547 890 fuit
2581 837 2689 890 Deo
2712 845 2765 889 et
2814 835 2961 890 Patri
2990 850 3090 890 suo
3121 844 3172 884 ε.
3206 835 3271 889 Ει
3296 835 3418 905 quia
3444 835 3769 904 disponente

2167 939 2221 985 et
2260 914 2553 985 deﬁniente
2605 930 2713 984 Deo
2740 928 2903 983 Patre
2930 928 2968 959 ¹¹
2999 928 3389 999 omnipotente,
3441 942 3535 998 per
3563 926 3765 981 Filium

2167 1037 2358 1077 omnes
2385 1021 2664 1093 propheta:
2690 1022 2947 1076 dixerunt
2966 1021 3210 1092 aspirati,
3239 1022 3383 1092 quod
3434 1022 3549 1097 ipse
3594 1020 3768 1075 Filius

2169 1124 2434 1170 venturus
2463 1124 2610 1170 esset
2642 1114 2934 1169 mittendus
2962 1130 2990 1167 a
3018 1115 3125 1169 Deo
3154 1113 3316 1169 Patre
3349 1114 3685 1169 illuminator
3712 1122 3770 1167 et

2168 1208 2417 1263 Salvator
2445 1207 2662 1278 generis
2687 1206 2936 1261 humanis
2968 1222 2980 1259 :
3014 1214 3067 1260 et
3087 1205 3231 1276 quod
3258 1220 3326 1260 ex
3353 1190 3577 1275 Virgine
3617 1213 3769 1259 esset

2168 1310 2509 1372 sumpturum
2543 1300 2826 1370 templum,
2876 1298 2925 1353 id
2956 1307 3038 1353 est
3087 1313 3331 1363 carnem,
3364 1309 3419 1352 ut
3453 1296 3621 1352 Filius
3670 1297 3767 1352 Dei

2169 1394 2557 1463 omnipotentis
2601 1393 2642 1422 ¹²
2675 1400 2898 1462 propter
2940 1389 3119 1445 carnis
3145 1389 3570 1460 assumptionem
3594 1389 3770 1446 Filius

2170 1484 2407 1539 hominis
2435 1493 2489 1539 et
2517 1484 2679 1538 homo
2703 1482 3136 1554 pronuntiantlus
3164 1493 3341 1547 esset,
3372 1478 3427 1537 id
3458 1493 3541 1537 est
3596 1483 3769 1538 Filius

2172 1576 2358 1641 David,
2384 1575 2505 1645 quia
2534 1590 2598 1629 ex
2624 1576 2833 1629 semine
2863 1574 2983 1643 ejus
3009 1589 3231 1628 carnem
3254 1574 3485 1643 accepit.
3526 1573 3595 1628 Et
3637 1573 3767 1645 quia

2171 1666 2420 1722 mittente
2452 1667 2559 1720 Deo
2587 1666 2746 1720 Patre
2771 1664 2943 1719 Filius
2963 1665 3013 1719 iu
3050 1664 3154 1721 hoc
3196 1665 3396 1719 mundo
3420 1665 3465 1696 ¹³
3494 1667 3662 1731 venit,
3709 1675 3771 1721 ut

526 1764 884 1829 Confitemur,
904 1762 1195 1826 credimus,
1222 1770 1488 1825 tenemus,
1515 1760 1686 1814 Deum
1712 1759 1925 1812 Patrem
1950 1772 2066 1811 om-
2096 1768 2144 1827 Β
2171 1776 2267 1831 per
2288 1776 2440 1813 suam
2470 1760 2770 1815 doctrinam
2802 1769 2856 1814 et
2885 1760 3189 1830 passionem
3220 1758 3263 1790 “
3291 1767 3348 1814 et
3381 1769 3611 1815 mortem
3644 1775 3772 1815 cru-

457 1860 801 1929 nipotentem
827 1858 945 1911 sine
976 1855 1131 1910 initio
1163 1855 1183 1884 "
1214 1870 1336 1909 esse
1365 1851 1393 1889 ἀ
1423 1852 1834 1917 innascibilein,
1860 1852 2061 1922 impar-

456 1955 688 2018 tihilem,
718 1950 1118 2015 iuvertibilem,
1164 1957 1220 2003 et
1260 1947 1652 2002 immutabilem
1708 1960 1867 2012 esse,
1917 1961 2062 1999 sum-

456 2063 642 2111 mutu,
708 2046 1079 2110 altissimum,
1155 2040 1637 2111 incomparabilem
1703 2050 1757 2094 et
1819 2040 2061 2094 omnium

459 2144 665 2205 Deum;
700 2138 925 2209 etquod
954 2138 1149 2201 sciens,
1182 2145 1395 2204 potens,
1440 2134 1652 2196 volens,
1700 2140 1827 2186 ante
1881 2130 2061 2186 omnia

461 2233 657 2289 saecula
689 2239 743 2286 et
769 2241 1011 2298 tempora
1039 2268 1054 2293 ,
1095 2234 1151 2281 et
1189 2236 1314 2280 ante
1354 2226 1536 2279 omnia
1590 2226 1812 2279 omnino
1862 2225 2058 2279 Filium

462 2325 567 2380 sibi
596 2322 801 2377 creavit
830 2331 877 2384 θ,
908 2318 1153 2373 fundavit
1186 2317 1231 2380 ί,
1260 2318 1485 2388 genuit,
1550 2316 1676 2371 fecit
1704 2336 1716 2371 :
1772 2325 1827 2371 ct
1880 2325 2063 2372 manet

461 2419 579 2488 ipse
610 2415 779 2470 Filius
808 2410 1177 2482 impartibilis,
1208 2408 1584 2473 immutabilis,
1613 2424 1736 2463 cum
1763 2410 1873 2463 Deo
1902 2410 2062 2463 Patre

456 2514 511 2568 in
540 2507 889 2579 sempiternis
917 2504 1134 2560 seculis
1164 2492 1285 2558 sine
1315 2502 1421 2556 fine
1455 2502 1495 2553 ⁸.
1548 2501 1615 2555 Et
1668 2502 1792 2571 quia
1845 2500 2061 2559 volente

456 2613 514 2661 et
542 2602 856 2667 definiente,
903 2598 1129 2669 jubente
1159 2597 1271 2651 Deo
1300 2596 1461 2651 Patre
1505 2596 1910 2665 uninipotente,
1966 2612 2060 2666 per

549 2747 561 2775 ¹
593 2744 728 2799 Cod.
763 2750 1067 2812 prestarent.
1091 2740 1262 2794 Immo
1284 2745 1339 2793 et
1370 2736 1420 2791 iu
1452 2734 1791 2808 prmced.dic
1820 2752 1881 2791 ne
1909 2753 2049 2792 men-

455 2818 563 2882 tiri,
594 2827 647 2870 et
670 2832 732 2869 ea:
759 2816 951 2884 aliqua.

551 2891 571 2918 ’
608 2888 767 2943 Deest
793 2887 947 2955 ﬁdem
977 2884 1029 2938 in
1052 2881 1175 2938 cod.
1203 2881 1336 2937 Item
1364 2894 1491 2936 mox
1519 2879 1677 2934 credi.

555 2960 576 2989 ³
607 2958 716 3013 Cod
728 2997 740 3010 .
772 2968 1025 3026 oportere.

550 3030 571 3060 δ
598 3028 732 3084 Cod.
759 3025 1004 3099 corporea
1021 3025 1427 3097 comparatione.

549 3103 570 3134 ⁸
600 3099 737 3157 Cod.
759 3117 981 3156 sensum.

550 3174 572 3204 °
600 3172 862 3227 Notemus
887 3170 1143 3240 capitulus
1172 3182 1270 3240 pro
1295 3168 1603 3239 capitulum.

549 3247 567 3277 ⁷
599 3244 731 3299 Cod.
757 3245 868 3297 sine
887 3243 1112 3297 initium.

554 3319 575 3348 ⁸
601 3315 735 3371 Cod.
769 3316 877 3368 sine
898 3316 1075 3384 linem.

553 3391 574 3420 θ
608 3386 682 3440 lta
713 3386 834 3440 cod.

535 3459 577 3490 ¹⁰
605 3456 687 3511 Ita
712 3457 835 3511 cod.

531 3531 570 3560 “
601 3527 733 3583 Cod.
759 3527 928 3581 Patri.

526 3633 551 3659 ιι
578 3621 690 3676 Hoc
713 3621 834 3675 loco
858 3619 1025 3673 utitur
1050 3616 1388 3684 Ambrosius,
1412 3616 1479 3672 de
1505 3616 1599 3685 Sp.
1635 3618 1721 3682 S.,
1757 3633 1835 3677 ιιι.
1864 3617 1952 3684 10,
1978 3617 2043 3672 ad

453 3691 935 3752 demonstrandam
986 3688 1220 3759 Spiritus
1248 3689 1419 3744 sancti
1464 3689 1803 3743 divinitatem
1843 3706 1856 3741 :
1923 3705 2045 3758 quae

453 3768 614 3823 verba
642 3764 779 3818 adeo
810 3764 1037 3817 Arianos
1064 3759 1399 3815 intellexisse
1427 3762 1503 3812 ait
1531 3760 1597 3814 de
1628 3761 1830 3830 Spiritu
1851 3802 1864 3825 ,
1901 3771 1956 3814 ut
1982 3777 2041 3815 ea

453 3841 523 3896 de
548 3837 660 3891 suis
687 3834 962 3891 codicibus
987 3832 1355 3887 fraudulenter
1382 3832 1730 3887 abstulerint.

527 3910 553 3947 ι)
587 3910 761 3962 Locus
786 3906 1013 3959 Joannis
1041 3920 1116 3963 ιιι,
1145 3902 1199 3961 6.
1233 3904 1431 3955 citatur
1460 3901 1674 3971 quidem
1724 3903 1791 3955 ab
1840 3903 2042 3957 Hilario

455 3998 549 4043 vn,
575 3979 678 4041 50;
708 3977 801 4031 sed
821 3985 997 4029 tamen
1026 3975 1091 4026 de
1117 3972 1235 4026 Filii
1258 3974 1432 4024 divina
1458 3972 1735 4025 nativitate
1758 3989 1863 4026 non
1886 3990 2041 4027 usur-

458 4062 615 4122 patur
642 4048 863 4122 nisi_vn,
891 4047 984 4122 ﬁt.
1016 4044 1079 4122 Et
1102 4043 1479 4122 revera-apud
1502 4043 1761 4122 Joannem
1794 4043 2041 4122 Christus

455 4112 716 4177 Dominus
759 4116 996 4181 loquitur
1023 4114 1089 4167 de
1135 4112 1338 4165 renatis
1381 4123 1435 4166 et
1465 4114 1828 4182 baptismate;
1883 4114 2043 4182 idque

457 4188 882 4262 agnoscitetiam
910 4185 1247 4262 Ambrosius,
1275 4182 1343 4262 de
1371 4185 1572 4262 Sp._S.,
1604 4185 1799 4262 It|_,_10,
1834 4184 1994 4262 Πξηϐὄ
2029 4204 2042 4249 ;

456 4255 633 4317 tamen
664 4258 901 4313 Hilarius
926 4258 1056 4311 satis
1083 4264 1205 4323 apte
1234 4257 1402 4308 utitur
1440 4255 1520 4308 bis
1561 4258 1739 4310 verbis
1760 4265 1819 4310 ut
1850 4255 2045 4312 Filium

454 4336 789 4390 demonstret
824 4326 1178 4383 Sllbatilllli-lm
1227 4326 1428 4399 habere
1483 4334 1761 4394 paternam
1793 4368 1805 4391 ,
1856 4345 2048 4399 nempe

456 4420 580 4462 esse
612 4406 777 4457 Deum
804 4402 926 4469 quia
946 4399 1159 4466 genitus
1184 4412 1250 4469 es
1281 4396 1389 4452 Deo
1416 4414 1567 4469 ,ιιοιι
1595 4406 1774 4453 autem
1806 4396 2046 4455 creatum

459 4477 627 4532 fuisse
670 4482 729 4528 ut
772 4472 906 4525 alias
952 4486 1039 4525 res
1078 4468 1397 4523 mundanas.
1428 4468 1570 4524 Sane
1598 4470 1642 4524 si
1674 4472 1845 4525 renati
1874 4472 2050 4540 bapti-

459 4558 653 4607 smate,
688 4543 911 4611 spiritus
946 4551 1089 4604 sunt,
1114 4542 1367 4608 quoniam
1399 4540 1591 4607 spiritu
1624 4543 1835 4606 renati;
1878 4545 2049 4598 multo

460 4620 629 4687 magis
656 4615 922 4687 Filiusex
958 4614 1071 4667 Deo
1102 4611 1291 4680 spiritu
1342 4612 1662 4687 naturaliter
1690 4622 1848 4687 natus
1874 4616 2047 4687 ,__spi-

460 4682 592 4743 ritu's
617 4686 720 4740 erit
749 4703 760 4737 :
796 4684 954 4753 idque
980 4698 1319 4753 consequens
1342 4682 1570 4737 fortasse
1596 4684 1860 4751 spectavit
1898 4682 2049 4739 llila-

457 4761 588 4821 rius,
623 4772 743 4810 cum
774 4754 1105 4808 Tertulliano
1132 4754 1236 4806 loc.
1255 4752 1346 4819 cit.
1372 4753 1512 4822 apud
1536 4768 1653 4820 nos,
1680 4769 1733 4824 p.
1759 4754 1885 4823 210,
1912 4772 1965 4810 n.
1992 4758 2042 4823 1,

456 4840 512 4885 et
538 4825 854 4886 Phaebadio,
877 4840 995 4894 cap.
1021 4825 1111 4878 11.

535 4911 556 4939 ε
588 4899 767 4955 Mirari
800 4896 923 4951 licet
953 4895 1316 4969 impudentem
1347 4896 1629 4962 Ariauum,
1661 4898 1751 4969 qui
1780 4914 1929 4953 suain
1955 4915 2041 4955 ec-

456 4973 677 5028 clesiam
708 4969 838 5023 dicit
865 4967 1221 5040 catholicam;
1266 4983 1480 5036 nempe,
1528 4978 1587 5023 ut
1626 4967 1889 5040 suspicor,
1926 4982 2045 5039 post

455 5043 795 5100 Ariminense
825 5039 1135 5103 concilium,
1176 5038 1243 5091 de
1279 5055 1384 5108 quo
1421 5042 1680 5109 gloriatur
1722 5038 2043 5097 Maximinus

450 5114 706 5178 Arianus,
735 5110 874 5181 apud
890 5110 1341 5179 S.Augustinum,
1374 5112 1502 5165 eoll.
1532 5128 1651 5165 cum
1684 5113 1845 5177 Marc,
1875 5114 1929 5167 ff.
1960 5115 1995 5165 2
2024 5131 2038 5179 ;

452 5181 1460 5256 queriturquecuninimia,verborum
1499 5183 1741 5256 emphasi
1776 5184 2037 5254 Hierony-

454 5250 595 5315 mus,
637 5250 760 5310 adv.
809 5252 1003 5317 Lucif.,
1038 5251 1092 5306 π.
1138 5254 1240 5308 19:
1298 5250 1553 5322 Ingemuit
1601 5263 1733 5307 totus
1778 5256 1950 5319 orbis,
1978 5250 2039 5307 ἐι

451 5328 705 5381 Arianum
724 5344 777 5379 se
799 5342 907 5379 esse
934 5324 1145 5377 miratus
1168 5333 1260 5377 est.
1287 5323 1426 5391 (Non
1451 5325 1571 5391 quia
1597 5324 1801 5378 scilicet
1829 5325 2039 5379 del‘ecc-

452 5399 519 5453 rit
553 5411 679 5453 tunc
708 5404 853 5451 recta
885 5397 1053 5450 fides:
1085 5394 1177 5449 sed
1210 5398 1355 5464 quia.
1398 5403 1454 5447 ut
1486 5396 1561 5447 ait
1611 5395 1805 5449 ibidem
1842 5394 2034 5449 lliero-

452 5485 665 5539 nyinus,
690 5468 901 5539 decepti
930 5477 1056 5522 sunt
1082 5465 1368 5539 orthodoxi
1414 5466 1656 5539 episcopi
1703 5466 1771 5539 ab
1816 5465 2035 5522 Arianis

446 5536 676 5592 subdola
708 5540 829 5593 lidei
855 5538 1083 5592 formula
1107 5538 1333 5606 aliisque
1360 5536 1653 5607 artificiis.)
1702 5538 1763 5590 Et
1814 5538 2032 5605 quidem

443 5608 607 5663 etiam
629 5609 685 5663 S.
711 5610 962 5676 llilarius,
987 5608 1275 5662 initiolihri
1299 5623 1371 5669 Vl,
1389 5607 1860 5677 deploratinlausti
1880 5609 2033 5663 Aria-

446 5680 606 5751 nisuti
650 5680 897 5751 morbum
948 5681 1000 5733 in
1056 5678 1305 5751 omnibus
1346 5678 1518 5734 ferme
1562 5678 1789 5751 Romani
1820 5679 2031 5751 imperii

444 5750 735 5827 provinciis
755 5750 1081 5805 inticientem
1107 5750 1408 5814 ecclesias;
1453 5752 1525 5807 ita
1578 5759 1635 5806 ut
1694 5750 1919 5809 haeresis
1964 5768 2026 5809 ex

2078 4443 2128 4503 D

2164 1855 2262 1917 cis,
2289 1863 2343 1908 et
2371 1854 2525 1907 tertia
2567 1854 2655 1908 die
2680 1856 3137 1909 resurrectionem
3182 1856 3248 1919 ’⁵,
3279 1862 3333 1909 et
3384 1855 3770 1911 ascensionem

2164 1946 2465 2001 incoelis”
2503 1960 2624 2000 eum
2680 1962 2845 2001 carne
2874 1947 2914 1977 ¹⁷
2944 1947 3093 2011 illuc,
3151 1947 3293 2001 unde
3350 1949 3393 1979 ¹⁸
3438 1950 3556 2003 sine
3603 1964 3774 2005 carne

2166 2038 2569 2093 descenderat:
2622 2048 2682 2092 ut
2734 2053 2830 2107 per
2880 2037 3081 2092 bonum
3133 2038 3171 2069 ‘9
3205 2038 3459 2108 baptismi
3510 2055 3673 2095 omne
3720 2041 3773 2070 ’θ

2166 2146 2338 2202 genus
2374 2130 2657 2184 hominum
2704 2130 2756 2185 in
2800 2145 2859 2185 se
2912 2131 3118 2200 integra
3147 2130 3250 2185 lide
3282 2130 3618 2186 credentium
3662 2132 3773 2186 sal-

2171 2230 2340 2287 varet,
2374 2237 2511 2291 quos
2540 2223 2703 2277 etiam
2734 2223 2973 2277 Ecclesia
3003 2224 3049 2253 ’ί
3096 2223 3528 2293 cognominavit.
3556 2226 3621 2279 Et
3665 2225 3773 2281 hoc

2170 2315 2421 2370 docuisse
2450 2314 2737 2369 Dominum
2768 2324 2822 2370 et
2862 2314 3030 2370 Deum
3084 2324 3328 2369 nostrum
3374 2315 3559 2371 Jesum
3608 2315 3774 2371 Cbri-

2171 2424 2311 2468 Stum
2365 2412 2417 2465 in
2468 2410 2628 2467 terris
2654 2453 2667 2477 ,
2702 2411 3001 2467 secundum
3056 2411 3198 2482 quod
3256 2410 3327 2465 illi
3362 2413 3406 2442 ²²
3438 2410 3579 2466 Deus
3609 2412 3774 2468 Pater

2165 2505 2326 2575 jussit
2357 2505 2409 2558 in
2438 2504 2617 2560 caelis.
2650 2504 2718 2558 Et
2740 2519 3012 2559 summum
3041 2502 3381 2560 sacerdotem
3421 2521 3543 2561 esse
3566 2505 3769 2561 Filium

2169 2598 2283 2653 Deo
2314 2596 2457 2650 Patri
2492 2594 2540 2662 ιι,
2566 2604 2620 2651 et
2644 2595 2997 2653 mediatorcm
3028 2610 3148 2652 esse
3186 2595 3327 2651 inter
3351 2596 3521 2652 Deum
3552 2596 3771 2653 Patrem

2234 2738 2274 2767 ”
2308 2736 2440 2791 Cod.
2474 2737 2871 2806 omnipotentes.

2232 2809 2274 2839 ³³
2308 2807 2381 2861 lta
2409 2807 2532 2863 cod.

2234 2879 2276 2909 ”
2303 2878 2436 2933 Cod.
2468 2880 2726 2949 passione.

2233 2951 2276 2981 ¹³
2306 2950 2440 3005 Cod.
2471 2952 2874 3006 resurrectionis.

2234 3022 2277 3052 ¹⁶
2306 3021 2378 3077 lla
2406 3022 2526 3078 cod.

2236 3095 2277 3125 ¹⁷
2309 3093 2443 3148 Cod.
2478 3110 2592 3148 cum
2610 3111 2835 3149 carnem.

2238 3165 2283 3197 ¹⁸
2312 3164 2448 3219 Cod.
2482 3166 2619 3219 inde.

2242 3239 2282 3269 '9
2311 3238 2491 3292 Malim
2520 3238 2731 3292 donum.

2237 3310 2282 3340 ²⁰
2310 3305 2443 3363 Cod.
2474 3325 2696 3363 omnem.

2237 3382 2281 3412 ²¹
2312 3380 2491 3435 Malim
2527 3379 2825 3437 Ecclesium.

2238 3454 2283 3484 ²¹
2313 3452 2446 3508 Cod.
2477 3452 2600 3507 illis.

2152 3619 2353 3687 ingenti
2385 3618 2720 3699 asseclarum
2752 3634 2985 3699 numero
3011 3624 3393 3680 auctoritatem
3426 3627 3526 3683 sibi
3559 3644 3764 3699 prmsu-

2150 3702 2346 3745 meret.
2386 3691 2553 3744 l'orro
2580 3691 2648 3744 ab
2680 3692 2780 3746 bac
2806 3692 3038 3747 diversa:
3069 3707 3195 3749 sunt
3231 3698 3448 3753 Ariana:
3477 3691 3600 3756 fidei
3650 3701 3765 3757 for-

2150 3763 2332 3837 mulae,
2366 3778 2498 3830 quas
2528 3763 2716 3837 recitat
2745 3763 2804 3818 S.
2833 3764 3066 3837 Hilarius
3120 3767 3187 3822 de
3232 3769 3411 3835 Trin.,
3441 3786 3495 3825 ιν
3520 3815 3532 3837 ,
3570 3773 3658 3836 12,
3706 3784 3762 3829 et

2149 3848 2222 3915 vi,
2259 3832 2614 3915 §,l‘et_e’on_tra
2642 3833 2906 3915 finirent”
2935 3835 2989 3889 ιι.
3026 3838 3122 3899 l3;
3158 3839 3303 3915 etde
3349 3832 3579 3915 Synod”
3635 3832 3754 3915 cap.

2150 3905 2240 3966 11,
2270 3904 2362 3967 28,
2398 3904 2488 3967 '55,
2517 3905 2604 3959 58.
2642 3907 2715 3957 De
2750 3908 2937 3959 harum
2969 3917 3150 3963 autem
3188 3904 3542 3968 formularum
3566 3904 3758 3970 'mult'i-

2149 3975 2333 4029 tudine
2355 3976 2701 4048 conqueritur
2738 3976 2880 4031 idem
2910 3978 2968 4033 S.
3004 3980 3259 4048 Hilarius,
3287 3983 3380 4038 lib.
3411 4000 3447 4039 ιι
3474 3986 3539 4040 ad
3564 3988 3755 4043 Const.

2147 4055 2202 4100 et
2224 4056 2414 4099 contra
2451 4045 2643 4100 Const.

2220 4114 2246 4152 ιι
2264 4117 2726 4198 atquiDidymus,
2749 4120 2817 4198 de
2838 4119 3017 4198 Trin.,
3036 4137 3074 4178 ι.
3096 4124 3188 4187 '53,
3208 4124 3400 4181 Filium
3431 4144 3649 4198 quoque
3673 4130 3755 4187 di-

2149 4187 2623 4268 (ὶίι-άληθινὸνΛΘέῥΡ
2754 4194 2848 4268 οὐκ.
2865 4190 3062 4263 ἔχοντα
3078 4198 3179 4268 πρὸ
3201 4199 3357 4254 αὐτοῦ
3387 4187 3525 4255 esea.
3559 4187 3754 4267 immo,

2152 4275 2191 4321 ι,
2223 4261 2276 4323 7,
2300 4271 2351 4314 et
2376 4276 2451 4321 ιιι,
2479 4261 2534 4321 2,
2569 4262 2625 4316 ff.
2661 4262 2725 4316 1-4
2756 4304 2770 4325 ,
2817 4261 3151 4320 ἁθίἶιοιιδιιδίίι
3197 4284 3318 4324 cum
3360 4270 3523 4325 Paulo
3566 4261 3746 4329 atheos

2155 4330 2326 4407 fuisse
2355 4332 2444 4402 qui
2474 4333 2670 4389 Filium
2701 4334 2868 4407 Deum
2895 4350 3001 4390 non
3033 4341 3372 4407 agnoverint.

2230 4412 2251 4437 ο
2280 4403 2357 4457 En
2392 4420 2655 4483 summam
2688 4403 3124 4483 Arianierrori's,
3153 4411 3295 4483 quod
3329 4412 3496 4468 Filius
3551 4431 3746 4483 nempe

2154 4471 2225 4527 sit
2252 4485 2521 4554 creatura.
2542 4478 2708 4531 Porro
2736 4476 2793 4530 S.
2828 4471 3337 4554 llilarius_,de'Syn.,
3367 4499 3521 4554 capp.
3552 4471 3752 4553 17,1’8,

2154 4546 2426 4626 sapienter
2453 4547 2611 4602 docet
2638 4562 2823 4602 vocem
2857 4546 3253 4626 condiditlseu
3289 4546 3514 4626 creavit)
3549 4546 3754 4615 iiit'elli;

2152 4616 2380 4691 gentiam
2413 4632 2533 4673 esse
2563 4632 2628 4691 es
2658 4631 2923 4691 sequente
2951 4616 3150 4691 genuit.

2230 4686 2248 4760 ἒ
2285 4687 2456 4742 Etiam
2484 4689 2621 4759 apud
2657 4686 3037 4758 llilariumfvr,
3066 4693 3123 4760 4,
3152 4694 3375 4752 haeresis
3399 4699 3595 4755 Ariana
3620 4701 3755 4759 dicit

2151 4757 2344 4831 Filium
2371 4757 2597 4813 creatum
2627 4771 2674 4813 et
2705 4762 3000 4831 fundatum.

2224 4840 2247 4873 κ
2264 4830 2459 4911 Recole
2477 4832 2678 4911 dictum
2700 4830 3072 4911 S._Ambrosii,
3102 4854 3153 4907 p.
3178 4838 3302 4903 222,
3327 4857 3383 4894 ιι.
3408 4841 3457 4896 1.
3481 4842 3752 4899 Prmterea

2148 4898 2217 4953 de
2241 4901 2495 4981 missione
2523 4902 2664 4981 Filii,
2689 4904 2905 4981 volen_te
2926 4898 3129 4981 _Patre,
3179 4912 3231 4964 in
3290 4898 3433 4968 hunc
3463 4898 3745 4981 mundum,

2148 4982 2334 5055 repete
2360 4974 2453 5055 s_i_s,
2484 4974 2696 5055 p.235,
2730 4992 2784 5029 n.
2828 4975 2881 5028 3.
2912 4976 3150 5055 ilnsuper
3180 4983 3258 5055 sic
3296 4982 3639 5051 Ambrosius,
3679 4974 3749 5042 de

2148 5041 2355 5126 ἤφιεν,
2382 5046 2411 5097 7
2563 5046 2806 5126 minorem
2830 5054 2981 5126 putas
2999 5041 3113 5104 eu'm
3137 5054 3223 5121 qui
3246 5058 3481 5119 mittitur,
3511 5074 3569 5110 eo
3590 5041 3749 5126 a’qud

2144 5115 2362 5195 init-titur
2392 5134 2409 5180 ;
2442 5117 2580 5195 disce
2606 5119 2742 5195 quod
2797 5126 2842 5170 et
2881 5119 3065 5195 minae
3097 5115 3347 5195 majorem
3401 5115 3557 5181 misit.
3604 5115 3748 5183 Nam

2144 5184 2416 5260 e_t_Tobias
2435 5188 2747 5260 liapltaelem
2786 5191 3155 5259 archangelum
3174 5184 3359 5260 'misit,
3384 5208 3488 5253 etc.
3526 5198 3576 5252 Ν
3585 5217 3670 5253 um
3699 5210 3746 5254 et

2144 5254 2323 5330 Pilato
2351 5259 2515 5311 minor
2542 5258 2797 5326 Christus,
2830 5254 3073 5330 quoniam
3106 5264 3307 5320 Pilatus
3340 5254 3477 5323 inisit
3518 5286 3634 5324 eum
3674 5272 3745 5324 ad

2150 5325 2401 5415 llei'odeiii
2426 5330 2450 5381 ζ)
2483 5325 3120 5415 Βενιιιρέηοηνῆῥτωλιιάὶςαι
3148 5341 3423 5415 potestati:
3467 5342 3745 5415 Scriptura

2140 5414 2292 5481 quem
2317 5403 2524 5481 missum
2563 5401 2735 5481 dicito
2783 5401 2973 5481 Patre,
2998 5401 3207 5481 missum
3247 5410 3368 5463 dicit
3418 5429 3451 5465 α
3500 5401 3740 5481 ρι’(ἑείάε.

2140 5469 2315 5549 Pergit
2363 5471 2558 5549 deinde
2618 5475 2936 5549 Ambrosius
2984 5479 3258 5548 explicare
3289 5482 3417 5549 quid
3467 5469 3518 5538 in
3574 5500 3741 5539 voca-

2137 5539 2267 5624 bulo
2315 5539 3179 5624 mis.~ionis.intelligendum'sit.
3215 5539 3402 5624 Eidem
3446 5556 3743 5624 objectioni

2137 5612 2461 5742 ﬁgiattngum
2485 5616 2692 5672 naviter
2712 5612 2951 5675 occurrit
2971 5619 3115 5677 idem
3143 5622 3482 5696 Ambrosius,
3498 5612 3591 5699 op.
3619 5628 3738 5695 cit.,

2219 5720 2229 5733 .
2259 5700 2319 5742 ιι.
2385 5728 2398 5742 .

2219 5720 2229 5733 .
2259 5700 2319 5750 ιι,
2344 5700 2398 5742 υ.

2206 5752 2237 5791 λι
2262 5755 2531 5817 Sacerdos
2566 5771 2650 5819 est
2691 5762 2941 5822 Christus
2976 5765 3273 5825 secundum
3321 5768 3735 5841 humanitatem,
