4194 6184
447 313 551 368 623’

952 312 1385 371 MONUMENTA
1429 312 1709 369 VETERA
1753 313 1845 369 AD
1884 312 2293 371 ARIANORUM
2336 312 2737 371 DOCTRINAM
2780 313 3265 373 PERTINENTIA.

3580 340 3585 343 ’
3652 318 3755 373 6211

447 434 878 503 omnipotentem
899 442 951 488 et
983 449 1201 488 onmem
1230 444 1536 489 creaturam
1572 452 1583 487 :
1618 445 1672 491 et
1698 435 1874 507 ipsum
1903 450 2048 503 esse,
2080 444 2130 504 Α
2159 451 2238 501 es,
2269 438 2564 508 gratiarum
2592 437 2836 492 actiones
2859 437 3104 511 largitori
3133 447 3224 491 tuo
3257 433 3450 492 reddas
3470 477 3483 503 ,
3518 434 3608 505 qui
3661 449 3755 490 so-

447 541 544 596 per
593 541 753 596 quem
808 525 1145 580 reconciliati
1191 539 1381 580 sumus
1429 525 1541 580 Deo
1566 526 1734 582 Patri.
1768 527 2051 582 Credimus

448 619 612 674 etiam
640 616 779 689 quod
808 618 981 672 Filius
1021 619 1309 689 postulata
1344 618 1505 674 Patre
1535 635 1634 673 suo
1666 637 1676 673 :
1713 620 1846 690 petit
1884 622 2048 676 etiam

450 725 504 768 et
532 724 682 784 rogat
710 729 809 784 pro
839 713 1095 767 omnibus
1146 716 1350 769 sanctis
1408 723 1462 769 et
1503 716 1943 786 paenitentibus:
1995 726 2051 772 et

450 806 593 877 quod
625 806 827 876 gratias
855 806 963 875 egit
1000 806 1111 877 agit
1133 805 1149 835 ¹
1178 805 1348 861 Filius
1407 807 1516 861 Deo
1547 820 1599 861 et
1623 807 1767 862 Patri
1810 825 1946 865 suo:
1995 819 2049 865 et

448 900 590 970 quod
618 900 859 954 omnium
883 901 1159 955 orationes
1188 901 1302 955 sive
1326 901 1621 969 gratiarum
1654 903 1898 958 actiones
1936 905 2048 959 Deo

447 1006 502 1048 et
552 992 695 1047 Patri
738 1007 839 1063 per
882 991 1079 1046 Filium
1136 992 1483 1047 offeruntur:
1535 1005 1589 1048 et
1636 994 1781 1064 quod
1816 995 2047 1065 jubente

450 1085 560 1140 Deo
588 1084 771 1150 Patre,
798 1083 966 1139 Filius
996 1084 1117 1155 ejus
1162 1084 1229 1140 ad
1267 1084 1549 1141 dexteram
1593 1102 1744 1142 suam
1781 1087 1967 1143 sedeat
1997 1097 2046 1155 ο,

449 1189 504 1236 et
534 1179 845 1250 interpellat
871 1179 1085 1235 Patrem
1112 1195 1265 1235 suum
1294 1195 1391 1251 pro
1417 1180 1608 1235 nobis:
1643 1190 1698 1237 et
1729 1183 1910 1236 omnia
1938 1197 2047 1237 om-

448 1276 577 1331 nino
636 1276 808 1330 Deum
861 1274 1075 1330 Patrem
1148 1273 1288 1329 Filio
1371 1274 1673 1345 subjecisse
1748 1275 2043 1331 credimus.

448 1368 515 1424 Et
543 1369 587 1424 si
625 1369 806 1423 omnia
828 1368 974 1423 Deus
1018 1367 1183 1423 Pater
1207 1367 1347 1424 Filio
1396 1368 1666 1439 subjecit,
1702 1380 1755 1424 et
1787 1369 2045 1439 Spiritum

447 1472 691 1519 sanctum
718 1460 1022 1532 subjecitb.
1056 1462 1115 1519 Si
1145 1471 1325 1518 autem
1359 1464 1593 1531 Spiritus
1651 1473 1871 1518 sanctus
1904 1463 2046 1518 Filio

449 1570 555 1611 non
583 1566 666 1610 est
690 1554 989 1625 subjectus,
1039 1569 1147 1610 non
1175 1556 1358 1610 omnia
1402 1556 1543 1612 Deus
1599 1556 1761 1612 Pater
1799 1556 2050 1627 omnipo-

449 1661 567 1706 tens
599 1650 737 1705 Filio
760 1664 860 1704 suo
888 1650 1144 1719 subjecit.
1178 1650 1286 1706 Sed
1317 1660 1371 1705 et
1399 1650 1533 1705 illud
1578 1650 1719 1721 quod
1779 1650 2044 1721 scriptum

445 1753 559 1799 est:
578 1741 734 1797 Pater
760 1740 902 1796 Filio
924 1743 1172 1813 subjecit;
1207 1742 1374 1814 diligit
1401 1740 1617 1811 Filium,
1646 1756 1693 1797 et
1716 1745 1886 1798 omnia
1907 1743 2046 1798 dedit

2160 531 2265 586 lem
2300 541 2521 602 propter
2544 541 2693 586 tuum
2727 531 3067 587 constituens
3103 528 3425 585 beneﬁcium
3475 527 3655 598 posuit
3701 528 3757 582 in

2156 625 2317 689 coelo,
2350 625 2421 678 ita
2455 624 2707 679 utluceat
2734 639 2897 694 super
2930 636 3093 679 terra.
3134 623 3207 677 Ita
3242 632 3325 677 cst
3374 622 3555 690 itaque
3610 618 3756 691 quod

2154 717 2359 772 dictum
2386 727 2468 771 est
2504 734 2519 772 :
2550 716 2676 771 Sole
2698 717 2718 746 ⁵
2749 718 2918 787 posuit
2941 716 3328 769 tabernaculum
3356 729 3547 778 suum;
3574 724 3621 765 et
3647 712 3759 780 ipse

2156 819 2411 885 tamquam
2435 826 2653 877 sponsus
2682 807 2961 878 procedens
2994 807 3056 860 de
3080 806 3304 861 thalamo
3350 822 3465 870 suo,
3509 804 3755 859 exultavit

2152 912 2207 955 ut
2234 904 2377 974 gigas
2415 904 2481 955 ad
2513 903 2821 956 currendum
2841 904 2975 955 viam
3004 919 3021 955 :
3047 920 3079 956 a
3122 919 3320 956 summo
3360 901 3486 955 cmio
3528 901 3754 972 egressio

2154 997 2264 1064 eius
2288 1015 2305 1060 ;
2333 1008 2379 1049 et
2403 1014 2645 1051 occursus
2682 998 2795 1066 ejus
2844 1014 3001 1067 usque
3032 997 3052 1027 ⁸
3085 998 3152 1049 ad
3197 1011 3456 1049 summum
3506 997 3662 1067 ejus;
3705 1004 3754 1049 et

2154 1102 2350 1145 nonest
2377 1093 2461 1161 qui
2505 1109 2559 1146 se
2598 1092 2876 1146 abscondat
2924 1108 2955 1144 a
3006 1090 3176 1144 calore
3199 1091 3330 1160 ejus.
3382 1088 3463 1143 'I'u
3508 1090 3688 1159 itaque
3712 1089 3756 1143 si

2153 1199 2478 1255 permanens
2502 1185 2553 1238 in
2578 1184 2783 1240 erroris
2830 1183 3285 1255 tui’ignorantia
3319 1224 3332 1249 ,
3384 1196 3549 1253 negas
3598 1181 3756 1235 unius

2155 1279 2247 1334 Dei
2273 1294 2392 1333 esse
2420 1278 2716 1348 opiﬁcium,
2742 1278 2879 1333 hanc
2904 1294 3024 1349 qua:
3048 1279 3260 1333 videtur
3285 1287 3593 1333 creaturam
3627 1279 3671 1343 ⁸,
3702 1286 3757 1331 et

2150 1371 2451 1426 secundum
2476 1370 2803 1442 insipientia:
2831 1381 2936 1426 tuae
2960 1372 3296 1441 impietatem
3326 1370 3560 1440 plurium
3578 1374 3597 1403 °
3621 1370 3754 1426 deo-

2152 1480 2269 1519 rum
2308 1474 2353 1532 ο,
2398 1466 2485 1535 qui
2522 1482 2627 1519 non
2656 1476 2805 1532 sunt,
2848 1478 2970 1520 esse
3021 1463 3261 1518 afﬁrmas
3303 1478 3481 1533 Opus;
3533 1462 3754 1519 eviden-

2152 1557 2362 1613 tissime
2386 1558 2498 1627 ipsa
2527 1568 2798 1625 creatura,
2831 1568 3054 1627 aspectu
3080 1558 3122 1588 ¹⁰
3148 1566 3361 1611 naturae
3390 1571 3525 1624 suto,
3548 1556 3754 1612 erroris

2151 1651 2328 1720 arguit
2355 1649 2768 1719 insipientiam;
2820 1664 2941 1703 cum
2990 1648 3223 1703 invicem
3271 1648 3520 1703 ordinem
3568 1658 3753 1701 custo-

2150 1740 2326 1809 diens,
2360 1752 2412 1796 et
2445 1749 2749 1811 temporum
2780 1741 2999 1812 propria
3030 1739 3350 1807 observans,
3384 1751 3439 1795 et
3484 1754 3542 1794 se
3591 1740 3631 1769 “
3673 1740 3755 1793 in-

392 1888 403 1901 ,
446 1841 496 1892 in
512 1855 691 1892 manus
714 1842 867 1910 ejus;
894 1846 950 1891 et
976 1838 1150 1891 omnia
1166 1838 1287 1891 mihi
1317 1837 1509 1891 tradita
1530 1847 1694 1892 suntu
1712 1836 1871 1892 Patre
1887 1854 1999 1892 meo
2025 1857 2044 1906 ;
2076 1844 2123 1905 Β
2151 1834 2322 1890 vicem
2355 1835 2674 1901 succedens,
2700 1844 2753 1889 et
2786 1844 3059 1904 tamquam
3107 1848 3175 1887 ex
3226 1832 3581 1887 unanimitate
3605 1877 3619 1899 ,
3668 1845 3753 1886 se—

445 1936 523 1989 sie
553 1933 825 1988 credimus
845 1947 969 1988 esse
996 1951 1007 1986 :
1043 1933 1095 1987 in
1120 1948 1226 2004 quo
1255 1933 1413 1988 Pater
1436 1934 1625 2003 genuit
1651 1933 1868 1999 Filium,
1904 1933 2045 1988 dixit

446 2028 518 2093 ei,
546 2027 682 2081 scito
711 2036 761 2080 te
784 2035 1096 2081 creaturum
1136 2026 1341 2091 omnia,
1392 2034 1689 2093 recturum,
1719 2036 1773 2081 et
1795 2026 2044 2081 omnibus

443 2120 866 2184 dominaturnm,
919 2128 976 2172 ut
1022 2134 1124 2188 ego
1173 2119 1417 2185 voluero,
1467 2120 1787 2186 detinivero,
1824 2120 2042 2190 jussero

447 2212 562 2266 tibi.
589 2212 696 2267 Sed
723 2220 777 2266 et
799 2211 969 2266 Filius
997 2211 1360 2267 libentissime
1405 2211 1510 2268 hoc
1550 2212 1707 2283 ipsud
1749 2213 1895 2283 quod
1925 2229 1955 2265 a
1984 2228 2044 2268 se

445 2318 621 2374 neque
649 2312 731 2358 est
756 2317 933 2373 neque
957 2303 1159 2373 aliquid
1190 2302 1311 2357 facit
1348 2314 1394 2369 ε,
1429 2304 1523 2358 sed
1554 2304 1646 2358 Dei
1677 2304 1955 2373 opiﬁcium
1989 2304 2043 2359 in

443 2411 542 2452 sua
567 2407 752 2452 natura
780 2397 1042 2453 claritatis
1065 2399 1183 2454 sine
1206 2399 1372 2455 dubio
1401 2378 1663 2466 ostendit,
1680 2400 2043 2456 ministerium

442 2504 601 2545 suum
630 2504 749 2545 cum
779 2491 996 2546 caeteris
1026 2491 1224 2546 creatis
1253 2490 1539 2571 exhibens,
1575 2492 1668 2547 Dei
1703 2491 2043 2561 providentia

444 2581 757 2637 hominibus
774 2582 1112 2649 deserviens,
1134 2584 1281 2640 velut
1297 2585 1484 2654 gigans
1501 2585 1801 2651 exsultans,
1818 2600 2043 2640 currens

442 2674 582 2729 viam
615 2675 682 2729 ab
703 2674 927 2731 Oriente
957 2690 1127 2747 usque
1170 2677 1235 2730 ad
1282 2676 1659 2743 Occidentem,
1694 2689 1900 2733 natura:
1929 2694 2041 2734 sua:

442 2768 705 2823 claritatis
734 2768 990 2823 omnibus
1031 2777 1253 2837 portans
1284 2770 1503 2835 lumen;
1551 2778 1604 2824 ut
1647 2771 1947 2841 respiciens
1974 2771 2040 2826 ad

442 2877 564 2917 eum
590 2861 768 2917 omnis
804 2864 965 2917 homo
1001 2863 1380 2918 rationabilem
1424 2863 1631 2918 habens
1678 2864 2037 2932 intellectum,

442 2954 644 3024 gratias
672 2965 794 3025 agat
820 2955 948 3022 Deo,
978 2953 1073 3025 qui
1095 2955 1417 3025 prmparavit
1446 2955 1605 3025 hujus
1636 2956 1937 3011 claritatem
1970 2957 2038 3012 ad

443 3046 617 3101 lucem
647 3048 769 3100 vitae
796 3045 1068 3101 humanae.
1103 3047 1314 3102 Etenim
1347 3064 1468 3102 cum
1504 3047 1777 3104 hominem
1805 3050 2038 3121 aliquem

442 3140 644 3195 videris
686 3150 1081 3209 prmparantem
1133 3141 1316 3195 lumen
1362 3153 1521 3196 nocte
1561 3158 1679 3197 sera
1708 3142 1737 3211 ,‘
1776 3144 2038 3213 numquid

2150 1930 2386 1985 cundum
2414 1935 2572 1985 unius
2600 1931 2694 1985 Dei
2728 1930 3122 1999 providentiam
3157 1930 3223 1994 ¹²,
3257 1943 3417 1983 usum
3461 1928 3749 1983 ministerii

2088 2024 2095 2029 ’
2150 2024 2231 2078 sui
2259 2023 2567 2077 hominibus
2590 2022 2885 2077 exhibens.
2912 2021 3254 2075 Manifestum
3286 2031 3369 2074 est
3401 2021 3582 2090 itaque
3622 2020 3747 2090 quia

2149 2118 2240 2187 qui
2270 2117 2477 2172 creavit
2505 2116 2725 2182 cmlum,
2756 2116 2870 2185 ipse
2892 2115 3094 2170 creavit
3117 2124 3169 2168 et
3200 2113 3562 2169 luminariain
3579 2113 3749 2179 casio;

2150 2207 2265 2277 ipse
2294 2223 2509 2278 quoque
2535 2218 2588 2261 et
2622 2217 2819 2261 terram
2846 2206 3083 2269 creavit,
3108 2216 3164 2260 et
3190 2206 3444 2259 universa
3474 2220 3596 2273 quas
3622 2214 3749 2259 sunt

2148 2315 2313 2369 super
2336 2308 2557 2355 terram.
2586 2298 2761 2369 Hujus
2791 2307 2972 2354 autem
2996 2298 3254 2352 indicium
3277 2296 3747 2353 evidentissimum

2150 2393 2253 2449 hoc
2277 2402 2380 2461 est,
2413 2393 2556 2464 quod
2584 2408 2646 2447 ea
2677 2408 2916 2463 qua)...”

2597 2484 3081 2540 FRAGMENTUM
3124 2484 3311 2540 XVIII.

2227 2599 2243 2631 ι
2290 2620 2302 2632 .
2349 2617 2364 2633 .
2409 2621 2424 2636 .
2469 2577 2734 2633 Nativitas
2770 2582 2883 2651 ejus
2927 2562 3045 2631 ante
3070 2587 3265 2632 ceterna
3306 2588 3535 2649 tempora
3561 2587 3653 2633 est.
3690 2577 3753 2633 Si

2147 2672 2347 2742 aliquid
2383 2673 2438 2726 in
2483 2671 2633 2725 rebus
2663 2680 2775 2739 est,
2804 2672 2944 2741 quod
2979 2672 3235 2724 antevenit
3262 2672 3595 2725 azternitatem
3614 2714 3627 2735 ,
3657 2674 3751 2725 erit

2147 2767 2346 2837 aliquid
2373 2769 2606 2837 proferto
2637 2766 2774 2837 quod
2804 2781 3010 2819 sensum
3040 2766 3340 2819 wternitatis
3372 2766 3602 2820 excedat.
3633 2764 3748 2819 Tua

2147 2863 2282 2916 enim
2316 2878 2396 2915 res
2426 2870 2534 2926 est,
2566 2872 2612 2915 et
2646 2861 2939 2931 unigenitus
2975 2870 3096 2914 tuus
3132 2873 3203 2914 est
3238 2879 3253 2914 :
3283 2878 3384 2914 non
3415 2863 3581 2931 portio
3603 2903 3617 2928 ,
3648 2877 3749 2915 non

2147 2956 2437 3026 protensio,
2492 2971 2596 3008 non
2660 2953 2943 3008 secundum
3010 2955 3393 3025 efﬁcientiarum
3458 2956 3748 3027 Opinionem

2145 3066 2331 3103 nomen
2369 3049 2584 3118 aliquod
2626 3049 2811 3115 inane;
2844 3048 2934 3101 sed
2982 3047 3192 3114 Filius,
3219 3047 3392 3103 Filius
3433 3065 3496 3102 ea;
3545 3059 3592 3101 te
3639 3047 3748 3103 Deo

2152 3141 2312 3197 Putre
2332 3183 2347 3210 ,
2384 3140 2522 3195 Deus
2547 3156 2725 3206 verus,
2763 3150 2808 3194 et
2840 3158 2871 3193 a
2915 3152 2961 3195 te
3002 3142 3055 3194 in
3081 3151 3282 3196 natura:
3316 3152 3418 3195 ture
3447 3142 3642 3195 unitate
3663 3158 3749 3212 ge-

444 3234 536 3288 illo
564 3236 584 3265 ³
610 3233 796 3288 lumini
820 3234 1023 3305 gratias
1074 3234 1188 3305 agis
1242 3236 1538 3289 Secundum
1590 3238 1853 3291 rationem
1879 3238 2039 3307 justi-
2066 3239 2113 3303 C
2142 3237 2320 3301 nitus;
2349 3244 2463 3306 post
2493 3245 2541 3289 te
2568 3236 2641 3290 ita
2668 3236 2988 3305 conﬁtendus
3007 3276 3022 3302 ,
3050 3245 3104 3288 ut
3146 3245 3308 3287 tecum
3337 3250 3355 3286 :
3386 3235 3505 3302 quia
3543 3245 3748 3288 aeterna:

445 3328 532 3382 tire
560 3328 582 3381 ?
614 3326 755 3394 Non,
781 3327 873 3382 sed
898 3328 945 3383 ei
969 3328 1059 3399 qni
1094 3328 1419 3399 praeparavit
1440 3328 1620 3383 lumen
1645 3327 1691 3382 ἀ.
1726 3330 2035 3386 Secundum

442 3420 587 3476 hanc
617 3420 795 3489 itaque
832 3419 1055 3489 justitizc
1083 3420 1345 3474 rationem
1375 3462 1388 3483 ,
1424 3421 1507 3475 vel
1541 3422 1844 3476 naturalem
1880 3432 2039 3479 utens

445 3510 778 3565 intellectum
808 3510 851 3576 ³,
888 3510 1062 3565 solum
1082 3510 1332 3580 opiﬁcem
1364 3510 1522 3580 hujus
1536 3512 1911 3583 etlargitorem
1930 3532 2043 3569 ma-

442 3606 706 3677 gniﬁcare
737 3605 933 3672 debes;
963 3605 1117 3671 etei,
1151 3607 1239 3674 qui
1275 3606 1369 3660 tibi
1399 3607 1728 3662 condonavit
1766 3609 1923 3678 hujus
1958 3611 2042 3665 lu-

445 3698 606 3754 minis
629 3699 824 3765 visum,
850 3699 1053 3769 gratias
1079 3714 1241 3769 agere
1267 3698 1489 3754 debebis
1521 3717 1534 3764 ;
1585 3708 1645 3754 ut
1670 3710 1726 3757 et
1780 3712 1831 3756 tu
1856 3719 2043 3772 quem-

442 3791 732 3846 admodum
787 3792 867 3845 snl
927 3790 1149 3846 exhibet
1201 3791 1296 3849 tibi
1342 3793 1720 3848 deservitionis
1795 3796 2041 3852 ministe-

392 3922 397 3923 ν
444 3884 606 3951 rium,
631 3884 929 3939 secundum
955 3884 1049 3939 Dei
1085 3883 1499 3954 providentiam,
1529 3900 1757 3956 quorum
1780 3886 1799 3917 ‘
1822 3888 2037 3944 debitor

519 3999 537 4080 ἶ
571 3996 642 4080 μθ
674 3997 797 4080 ευρ·
821 3998 930 4080 ξθίι
957 4000 1080 4080 ee“!-

517 4070 538 4099 ¹
570 4068 642 4123 Ita
675 4069 791 4124 sch.
820 4068 910 4126 Sic
936 4068 1062 4125 alibi
1110 4078 1298 4125 auctor
1347 4077 1532 4125 noster
1581 4071 1632 4125 in
1666 4071 1855 4127 dativo
1909 4088 2038 4129 casu

446 4150 571 4194 1010.

445 4282 477 4337 d
519 4211 836 4337 “RUtoreum
860 4221 1052 4283 quarto
1083 4228 1239 4282 casu,
1273 4212 1325 4267 id
1355 4213 1499 4283 quod
1532 4213 1645 4284 ipse
1673 4212 1863 4270 Cicero
1887 4214 2037 4283 facit,

485 4300 514 4337 e
592 4302 678 4337 BD.

485 4300 514 4339 Ε
546 4300 678 4339 MBD.

546 4302 620 4338 ne
666 4326 678 4338 .

518 4355 538 4385 "
567 4302 656 4410 lt:
684 4355 799 4411 sch.
835 4372 931 4425 pro
969 4373 1184 4424 quorum
1232 4373 1424 4412 rerum.
1457 4356 1551 4411 Vel
1599 4356 1776 4412 scribe
1822 4374 2037 4428 quarum

445 4427 688 4499 referens
713 4428 779 4499 ad
812 4430 1117 4499 gratiarum.

519 4497 636 4553 “Ita
689 4497 942 4554 sihﬁnoii
984 4501 1037 4552 in
1084 4500 1210 4553 sole.
1242 4500 1295 4555 Si
1348 4500 1553 4553 scribes
1601 4499 1731 4563 soli,
1763 4514 1884 4553 cum
1933 4499 2038 4554 He-

446 4567 910 4711 braicasleftione
958 4572 1288 4627 consentics.
1342 4570 1470 4641 (Ps.
1524 4570 1687 4626 Hebr.
1735 4586 1865 4636 XIX,
1913 4571 2034 4626 Lat.

446 4656 606 4704 xvut,
678 4682 689 4694 .

445 4656 606 4704 XVIII,
636 4656 689 4696 5.

444 4772 501 4817 ιιι
530 4761 751 4832 pulchre
776 4761 991 4816 disserit
1014 4760 1340 4832 Eerrandus.
1357 4761 1514 4830 epist.
1532 4760 1733 4824 Casin.,
1760 4760 1815 4825 ﬁ",
1843 4758 2041 4832 14,15.

518 4830 542 4869 τί
566 4833 881 4887 Ambrosius
910 4833 978 4887 de
1008 4831 1158 4896 Fide,
1189 4848 1246 4898 ιι,
1272 4830 1364 4886 12ε
1395 4832 1549 4886 Sedet
1570 4832 1638 4884 ad
1657 4832 1920 4885 dexteram
1939 4830 2045 4883 Pa-

446 4906 535 4958 tris
565 4904 733 4959 Ftlius
763 4920 779 4957 :
813 4921 935 4956 num
958 4903 1048 4957 tibi
1069 4902 1305 4957 videatur
1332 4904 1563 4971 inferior,
1588 4904 1676 4971 qui
1694 4903 1760 4954 ad
1780 4901 2044 4956 dexteram

445 4976 633 5046 sedet?
672 4992 791 5028 num
830 4976 1025 5046 injuria
1068 4973 1274 5037 Patris,
1323 4976 1410 5043 qui
1457 4973 1525 5046 ad
1559 4973 2044 5046 sinistrantsedeti

448 5044 604 5101 Pater
625 5042 935 5111 honorat,'et
963 5046 1280 5117 tuinjuriam
1305 5042 1453 5115 putas
1481 5044 1505 5097 ?
1548 5042 1708 5097 Pater
1741 5044 1955 5117 mavult
1988 5043 2042 5096 id

444 5135 550 5173 esse
592 5118 793 5187 pietatis
835 5115 1146 5187 exemplum,
1188 5127 1233 5170 et
1263 5126 1315 5170 tu
1339 5125 1492 5186 putas
1542 5115 1901 5185 praeceptionis
1939 5115 2040 5168 im-

483 5192 641 5243 erium
664 5190 689 5243 ί)

483 5208 689 5243 enum.’

445 5208 479 5259 Ρ
518 5260 543 5298 δ
593 5261 703 5315 lmo
744 5269 1042 5320 creaturas,
1100 5274 1203 5312 non
1258 5259 1424 5312 Deum
1457 5258 1717 5328 Spiritum
1768 5264 2039 5322 sanctum,

442 5330 604 5387 Pater
627 5331 764 5386 Filio
788 5329 1194 5401 snbjecit.Lege
1208 5331 1565 5398 Augustinum
1591 5329 1656 5382 de
1681 5329 1830 5383 ’I‘rin.
1853 5371 1866 5394 ,
1892 5344 1964 5391 γι,
1988 5328 2042 5401 7,

446 5403 533 5475 12.
569 5402 823 5457 Errorem
870 5399 1204 5475 Arianorum
1262 5402 1349 5475 qui
1403 5402 1503 5455 sub
1545 5403 1816 5475 vocabulo
1872 5399 2073 5475 omnia!

447 5472 594 5545 (cum
622 5476 691 5529 de
712 5473 911 5528 creatis
934 5488 1115 5526 sermo
1146 5471 1852 5545 erat),connirehendebant
1879 5475 2042 5545 etiam

442 5541 703 5612 Spiritum
733 5555 1002 5606 sanctum,
1027 5541 1546 5614 castigat'liidymus
1590 5557 1619 5594 a
1667 5557 1753 5596 me
1788 5541 2010 5614 jam_la_u
2029 5570 2042 5580 -

445 5609 636 5687 datus,
668 5632 722 5687 p.
752 5616 889 5684 2l3,
920 5630 977 5668 ιι.
1008 5615 1060 5670 5.
1102 5609 1233 5669 Ιιιῖηι
1273 5609 1619 5686 Fulgentius,
1652 5621 1837 5667 contra
1886 5609 2047 5677 Fab.,

451 5684 645 5758 fragm.
672 5684 859 5742 'xxnv.

531 5753 755 5830 igﬂujus
799 5757 898 5830 loci
947 5758 1243 5830 evangelici
1276 5755 1677 5830 elegantissima
1720 5764 1798 5830 est
1846 5753 2059 5825 Didymi

455 5828 524 5884 de
570 5824 787 5903 Sp.'S.,
821 5828 877 5883 ff.
925 5829 1017 5897 57,
1067 5824 1442 5899 interpretatio
1503 5826 1630 5883 dum
1680 5824 1871 5898 probat
1898 5824 2057 5881 unatn

2062 4634 2116 4694 D

2148 3330 2363 3400 originis
2397 3346 2504 3385 suae
2533 3340 2716 3383 auctor
2758 3339 2980 3383 teternus
3017 3344 3091 3381 es.
3124 3326 3265 3380 Nam
3304 3326 3427 3380 dum
3466 3343 3530 3380 ea:
3566 3337 3612 3382 te
3635 3337 3744 3393 est,

2145 3424 2405 3477 secundus
2437 3440 2467 3476 a
2496 3433 2541 3476 te
2572 3433 2677 3487 est,
2712 3422 2834 3475 dum
2860 3437 2976 3474 vero
3019 3432 3135 3474 tuus
3179 3432 3286 3483 est,
3319 3437 3422 3474 non
3458 3419 3475 3456 ί
3504 3434 3564 3476 es
3589 3436 3748 3490 sepa-

2146 3514 2348 3569 randus
2394 3514 2461 3567 ah
2506 3530 2569 3568 eo
2602 3532 2613 3567 :
2647 3514 2769 3583 quia
2821 3529 2923 3568 nec
2970 3513 3089 3567 sine
3139 3522 3231 3567 tuo
3256 3513 3299 3544 ¹³
3328 3513 3669 3567 conﬁtendus
3688 3528 3749 3567 es

2146 3607 2469 3677 aliquando;
2504 3622 2573 3661 ne
2601 3615 2692 3660 aut
2715 3604 3065 3674 imperfectus
3086 3606 3203 3660 sine
3232 3605 3585 3675 generatione
3608 3648 3621 3667 ,
3654 3614 3746 3658 aut

2145 3698 2452 3769 superﬂuus
2523 3710 2645 3769 post
2695 3700 3098 3768 generationem
3146 3698 3191 3729 ”
3235 3700 3479 3769 argueris
3512 3718 3560 3753 ι.
3612 3698 3742 3753 Item

2145 3792 2405 3848 thbadi
2443 3794 2695 3863 aquitane
2737 3792 2885 3846 socio
2914 3792 2957 3821 ¹⁵
2990 3790 3175 3845 Hilari.
3207 3810 3225 3841 ‹
3263 3800 3286 3837 ε
3319 3791 3421 3858 Qui
3449 3805 3578 3860 ergo
3616 3804 3743 3860 pro-

2147 3887 2355 3943 baverit
2407 3888 2525 3942 sine
2570 3884 2779 3951 verbo,
2827 3885 2947 3939 sine
2996 3884 3204 3939 ratione
3232 3925 3245 3950 ,
3277 3884 3396 3939 sine
3441 3883 3740 3955 sapientia,

2222 4005 2243 4035 ⁸
2268 4003 2394 4057 Sch.
2427 4001 2609 4072 adque.

2218 4077 2237 4105 ⁷
2268 4074 2398 4131 Sch.
2433 4084 2553 4127 tuaz.

2218 4148 2240 4177 ⁸
2271 4147 2397 4202 Sch.
2428 4146 2536 4199 lucc
2566 4155 2823 4199 creatura.

2216 4218 2236 4249 ⁹
2266 4219 2369 4273 Scli
2381 4258 2394 4272 .
2426 4218 2723 4285 plurimum.

2216 4290 2259 4320 ¹⁰
2289 4289 2418 4345 Sch.
2440 4288 2850 4343 (evidentissima:
2876 4287 2988 4351 ipse
3016 4294 3254 4341 creatura
3283 4294 3509 4357 aspecto.

2217 4362 2257 4392 ιί
2292 4360 2365 4414 Ita
2394 4360 2515 4415 cod.
2562 4382 2565 4387 ί

2217 4434 2258 4463 ’³
2292 4431 2419 4485 Sch.
2452 4430 2803 4501 progidentiae.

2217 4502 2259 4533 ¹³
2290 4499 2494 4569 Nempe
2528 4499 2689 4553 Filio.

2215 4571 2259 4603 “
2288 4572 2511 4643 Scheda:
2537 4569 2880 4643 generatione.

2218 4645 2260 4674 ιδ
2294 4642 2365 4697 Ita
2396 4643 2511 4698 sch.

2150 4774 2270 4815 esse
2300 4759 2579 4813 Trinitatis
2615 4758 2983 4827 operationem
3021 4774 3032 4809 :
3066 4755 3241 4811 Filius
3268 4772 3368 4811 non
3406 4766 3569 4826 potest
3601 4777 3632 4813 a
3660 4766 3745 4813 ἐε-

2150 4832 2363 4901 ntetipso
2390 4832 2662 4900 quicquam
2691 4833 2857 4899 facere
2878 4830 3055 4901 ,Viquia.
3083 4846 3113 4881 a
3146 4827 3307 4901 Patre
3334 4845 3435 4901 non
3468 4838 3630 4898 potest
3659 4847 3741 4882 se-

2150 4897 2347 4971 parari.
2377 4897 2780 4966 ltemllilarius,
2801 4901 2867 4953 de
2889 4897 3065 4965 Trin.,
3104 4916 3177 4963 ιχ,
3207 4897 3421 4966 47,·48,
3456 4897 3511 4955 et
3542 4918 3616 4967 XI,
3649 4903 3739 4971 12,

2148 4970 2337 5027 eadem
2400 4974 2564 5026 utitur
2627 4988 2730 5041 qua
2782 4971 3036 5042 Didymus
3085 4973 3591 5041 argumentatione,
3646 4970 3742 5042 sed

2150 5043 2395 5112 pluribus
2451 5040 2925 5096 verbis’dilatata.
2981 5042 3115 5095 Tum
3155 5040 3310 5097 idem
3364 5043 3641 5105 Didymus,
3675 5040 3743 5094 de

2151 5113 2328 5179 Trin.,
2363 5131 2412 5179 ι,
2447 5112 2537 5178 36,
2573 5114 2624 5167 in
2675 5113 2980 5182 hujusmodi
3029 5114 3389 5167 locutionibus
3420 5113 3549 5165 nihil
3599 5112 3743 5166 aliud

2149 5186 2394 5256 agnoscit
2423 5185 2525 5239 nisi
2550 5184 2853 5239 divinarum
2887 5200 3233 5255 persmiarum
3264 5182 3673 5256 eonCordiam.__
3824 5242 3831 5247 ,

2223 5254 2249 5293 ἀ
2281 5257 2476 5326 Papae!
2510 5274 2614 5310 non
2646 5266 2729 5312 est
2761 5252 3031 5325 tamquam
3058 5252 3544 5326 lucernaquwdam
3574 5252 3747 5326 Filius

2151 5327 2268 5382 Dei.
2302 5323 2467 5382 Porro
2503 5328 2752 5383 Christus
2782 5323 2914 5382 dixit
2948 5325 3289 5379 honoriﬁeari
3336 5323 3552 5377 Patrem
3584 5323 3653 5378 ab
3679 5339 3747 5378 eo

2151 5400 2240 5469 qui
2268 5399 2460 5453 Filium
2496 5399 2835 5453 honoriﬁcat.

2227 5480 2249 5505 θ
2277 5471 2356 5524 Ex
2408 5471 2560 5524 initio
2608 5480 2756 5524 certe
2802 5465 3048 5537 opusculi
3100 5465 3257 5537 primi
3294 5474 3554 5537 constat,
3601 5464 3748 5535 loqui

2152 5551 2429 5596 auctorem
2459 5550 2700 5594 nostrum
2734 5535 2893 5592 etiam
2923 5547 3111 5590 contra
3145 5535 3476 5599 idololatras.

2232 5611 2249 5648 τ
2282 5613 2552 5666 Hactenus
2604 5610 2846 5664 lacunam
2879 5605 3082 5662 codicis
3131 5607 3377 5678 supplevi
3422 5621 3490 5661 ex
3519 5606 3749 5675 Hilario,

2156 5684 2225 5739 de
2255 5679 2661 5759 Τείιι.ὶριιι,-5’ξΣ
2958 5752 2970 5759 Δ
3025 5750 3036 5759 .
3478 5754 3481 5759 λ
3561 5712 3699 5759 ,ηπ

2233 5765 2257 5801 κ
2290 5755 2365 5809 Ex
2404 5753 2700 5809 Plimbadio
2727 5758 2914 5807 contra
2945 5750 3177 5806 Arianos
3210 5764 3300 5821 op.
3333 5765 3371 5819 t,
3402 5754 3521 5820 cap.
3555 5746 3623 5801 ια’
