4194 6184
415 262 517 318 627

910 253 1358 312 MONUMENTA
1400 253 1681 309 VETERA
1723 252 1817 310 AD
1859 250 2274 309 ARIANORUM
2304 248 2702 307 DOC'I‘R-INAM
2740 246 3222 305 PERIINEN‘I‘IA.

3623 251 3757 327 uss

413 381 534 436 sine
565 378 760 433 virtute
786 416 800 440 ,
829 375 946 428 sine
975 372 1201 443 spiritu,
1230 370 1520 440 aliquando
1548 370 1762 424 Patrem
1795 367 2009 434 fuisse,
2041 369 2092 430 A
2119 366 2594 426 Denteronomimn
2641 365 2680 396 ¹⁰
2732 384 2743 418 :
2789 363 3050 418 Describet
3121 360 3218 415 sibi
3270 358 3735 419 Deuteronominm

416 472 502 526 Itis
531 463 994 539 probavitFilimu
1013 479 1136 518 cum
1159 463 1326 518 Patre
1349 473 1402 518 et
1434 463 1484 516 in
1517 461 1678 516 Patre
1703 473 1830 517 ante
1860 478 2020 518 omne

421 559 746 634 principium
782 575 886 612 non
928 556 1111 611 fuisse.
1146 556 1211 610 Et
1241 568 1418 610 tamen
1462 554 1646 610 nescio
1669 597 1682 619 ,
1717 555 1760 608 si
1792 554 1873 608 his
1913 555 2024 610 vir-

420 656 627 711 tutibus
675 666 904 716 carens,
939 650 1109 720 possit
1156 649 1297 705 Deus
1347 649 1474 703 dici.
1504 648 1622 704 Non
1671 649 1830 702 modo
1875 647 2021 703 enim

422 750 569 805 Deus
595 791 609 812 ,
642 746 736 816 qui
767 747 823 800 in
867 762 960 800 sua
1009 745 1438 814 sempiternitate
1471 743 1746 815 perfecms
1778 750 1895 805 est,
1927 740 2024 796 sed

421 857 493 898 ne
532 851 784 896 creatura
831 838 1049 908 quidem
1084 837 1177 890 illa
1224 835 1519 892 secandum
1547 851 1719 906 genus
1757 851 1914 889 suum
1943 834 2026 887 in-

421 944 796 992 consummata
841 931 1170 986 constavil‘.
1202 929 1320 986 Non
1374 939 1553 998 potest
1599 927 1728 994 quid
1779 942 1930 993 esse,
1979 925 2027 980 si

423 1043 531 1084 non
565 1027 668 1090 sit;
705 1041 811 1082 non
863 1035 1044 1079 autem
1077 1024 1210 1089 erit,
1242 1021 1289 1076 si
1340 1022 1414 1075 illi
1446 1021 1681 1076 defuerit
1730 1021 1874 1090 quod
1903 1034 2026 1076 esse

425 1119 666 1175 debebit.
699 1118 892 1174 Tutum
929 1117 1089 1187 igitur
1118 1115 1288 1170 defuit
1323 1113 1498 1177 Patri,
1532 1115 1576 1168 si
1601 1114 1802 1183 aliquid
1833 1113 2023 1168 defuit.

427 1213 622 1267 Totum
666 1210 836 1266 defuit
878 1218 1090 1273 autem,
1124 1209 1168 1262 si
1209 1207 1381 1263 Filius
1418 1224 1546 1262 suus
1570 1249 1585 1275 ,
1617 1207 1721 1262 hoc
1746 1217 1831 1263 est
1859 1207 2032 1262 virtu-

430 1313 540 1360 tum
583 1317 802 1358 suarutn
841 1300 1160 1372 plenitudo,
1193 1300 1403 1358 initium
1453 1317 1558 1355 non
1592 1302 1810 1356 caret‘.
1841 1300 1908 1356 Et
1936 1317 2033 1356 ne-

429 1410 582 1452 cesse
611 1403 695 1450 est
726 1396 865 1449 hanc
890 1395 1201 1463 opinionem
1240 1393 1291 1447 in
1321 1393 1638 1448 alterutram
1682 1394 2032 1464 blasphemiae

430 1501 638 1562 partem
687 1486 910 1556 profane
938 1487 958 1517 ³
981 1485 1245 1556 sacrilega
1291 1486 1609 1542 definitione
1642 1488 1894 1542 transire.
1925 1489 2032 1542 Aut

429 1587 576 1640 enim
619 1583 780 1636 Pater
828 1580 1134 1636 credendus
1185 1589 1268 1636 est
1315 1595 1436 1634 cum
1489 1580 1627 1634 FIIIO
1672 1595 1772 1635 suo
1820 1580 2032 1636 initium

426 1677 598 1732 fuisse
642 1676 925 1740 sortitum,
967 1675 1090 1742 quia
1138 1674 1255 1728 sine
1304 1671 1440 1728 Filio
1463 1687 1601 1738 suo,
1633 1673 1737 1728 hoc
1786 1683 1869 1728 est
1915 1678 2033 1737 sine

2125 463 2276 518 istum
2301 463 2339 493 ιι
2365 463 2415 515 in
2448 460 2575 514 libro
2597 460 2757 514 levitis
2782 461 2825 490 "
2853 469 2900 512 et
2927 455 3299 521 sacerdotibus,
3332 456 3472 511 utsit
3498 473 3615 510 cum
3643 475 3734 526 eo;

2127 567 2173 609 et
2222 554 2350 620 leget
2397 570 2508 606 eum
2555 543 2728 606 omnes
2777 551 2885 605 dies
2911 551 3027 604 vita:
3067 565 3194 617 suae,
3226 557 3280 602 ut
3307 549 3472 603 discat
3504 561 3735 606 metuere

2130 645 2413 700 Dominum
2445 643 2615 699 Deum
2643 661 2795 699 suum
2825 685 2839 708 ,
2870 653 2918 697 et
2957 643 3225 698 observare
3265 644 3439 696 omnia
3480 654 3735 713 prtccepta

2130 744 2262 812 ejus,
2295 750 2340 794 et
2359 741 2594 812 justitias
2622 739 2714 793 has
2753 741 2940 810 facere,
2971 747 3026 792 ut
3052 753 3156 790 non
3187 736 3442 791 emltetur
3479 755 3569 791 cor
3623 741 3734 810 ejus

2131 849 2163 886 a
2193 832 2441 903 fratribus
2478 835 2620 898 suis;
2671 831 2760 886 sed
2807 849 2907 885 non
2949 831 3354 901 transgredietur
3383 847 3416 884 α
3468 833 3736 901 prwceptis

2131 927 2312 981 dextra
2332 930 2405 980 vel
2427 927 2719 990 sinistra,ut
2737 928 2802 979 sit
2827 927 3088 996 lonngus
3118 926 3173 978 in
3200 925 3494 997 principatu
3523 942 3621 980 suo
3648 928 3732 995 ip-

2134 1039 2187 1077 se
2208 1032 2252 1077 et
2283 1021 2456 1075 Filius
2486 1021 2549 1075 ¹³.
2569 1021 2700 1076 Item
2733 1021 2784 1074 in
2811 1020 3292 1075 Deuteronumium
3329 1037 3340 1073 :
3369 1020 3443 1073 Et
3469 1037 3572 1074 non
3605 1021 3732 1076 solis

2133 1115 2273 1170 vobis
2301 1131 2393 1186 ego
2415 1115 2632 1184 dispono
2665 1112 3059 1189 Testamentum
3091 1113 3186 1167 hoc
3211 1120 3260 1167 et
3295 1111 3565 1166 maledicta
3592 1154 3607 1176 ,
3635 1112 3729 1168 sed

2135 1219 2182 1264 et
2210 1210 2290 1262 his
2319 1210 2403 1278 qui
2434 1209 2746 1261 comitantur
2774 1207 3035 1261 vobiscum
3063 1205 3215 1260 hodie
3242 1206 3292 1258 in
3322 1214 3597 1272 conspectu
3619 1204 3728 1260 Do-

2136 1302 2263 1355 mini
2288 1300 2382 1354 Dei
2403 1286 2579 1364 uestri,
2599 1309 2655 1352 ut
2680 1300 2759 1353 his
2789 1300 2877 1366 qui
2903 1315 3004 1352 non
3025 1297 3281 1352 vobiscum
3303 1297 3482 1352 hodie.
3519 1296 3649 1351 Item
3679 1297 3734 1352 in

2137 1393 2621 1450 Deuteronumium
2659 1412 2672 1449 :
2699 1392 2768 1446 Et
2795 1392 2965 1446 dicent
2992 1407 3165 1446 omnes
3182 1399 3354 1462 gentes
3380 1400 3556 1453 terra,
3583 1408 3739 1462 quare

2138 1487 2258 1557 fecit
2291 1485 2539 1540 Dominus
2563 1487 2638 1540 sic
2658 1495 2808 1540 terra
2845 1484 2968 1539 huic
2994 1485 3020 1539 ἲ
3043 1499 3155 1554 qua:
3184 1492 3256 1538 est
3302 1483 3410 1537 haec
3435 1470 3514 1536 ira
3549 1484 3738 1552 furoris

2137 1578 2366 1649 ingens?
2397 1578 2460 1633 Et
2483 1579 2671 1641 dicent,
2704 1587 2913 1647 propter
2955 1575 3093 1646 quod
3137 1575 3516 1642 dereliquerunt
3564 1574 3740 1632 Testa-

2140 1680 2364 1726 mentum
2395 1670 2604 1724 Domini
2641 1667 2742 1724 Dei
2763 1680 2974 1740 patrum
3005 1684 3222 1722 suorum
3249 1709 3265 1734 ,
3297 1668 3433 1738 quod
3486 1668 3739 1737 disposuit

429 1770 714 1830 virtutibus
761 1768 931 1826 fuisse
977 1784 1082 1822 nun
1113 1768 1325 1836 potuit;
1357 1768 1554 1823 etenim
1588 1767 1608 1796 "
1637 1768 1764 1824 huic
1814 1767 2028 1822 illurutn
2062 1767 2108 1827 B
2139 1763 2371 1832 patribus
2399 1765 2643 1833 ipsorum,
2677 1778 2794 1816 cum
2840 1763 3016 1817 eduxit
3043 1762 3162 1816 illos
3212 1762 3275 1820 de
3303 1771 3440 1816 terra
3491 1761 3738 1833 Egypti.

432 1865 587 1919 initio
615 1864 799 1917 nescio
848 1863 967 1932 quis
1015 1863 1210 1917 tertius
1257 1861 1402 1916 Deus
1436 1880 1447 1914 :
1483 1871 1574 1918 aut
1601 1864 1646 1916 si
1681 1863 1830 1917 solus
1873 1862 2033 1918 Pater

430 1958 548 2012 sine
576 1957 729 2012 initio
756 1957 974 2022 dicitur,
1005 1958 1189 2025 utique
1212 1957 1231 1986 ⁸
1253 1955 1321 2014 ad
1350 1956 1469 2010 Filii
1500 1960 1905 2026 generationem
1936 1959 2036 2013 im-

433 2050 706 2120 perfectus
751 2047 925 2106 fuisse
983 2048 1245 2104 dicendus
1273 2061 1375 2104 est.
1405 2048 1758 2120 Imperfectus
1787 2051 1954 2118 enim,
1987 2051 2036 2106 si

432 2146 662 2212 coeperit
712 2143 912 2196 habere
961 2141 1104 2210 quod
1149 2149 1277 2196 ante
1321 2158 1425 2196 nun
1457 2142 1721 2208 habebat.
1753 2156 1805 2198 et
1836 2144 2036 2200 habere

433 2243 613 2287 tamen
642 2233 851 2286 debuit.
885 2232 1128 2301 Denique
1167 2230 1370 2287 habere
1408 2234 1577 2288 voluit
1606 2234 1626 2263 ⁸
1660 2249 1910 2303 semper,
1945 2236 2037 2305 qui

437 2340 653 2392 semper
677 2324 860 2378 debuit
887 2339 1010 2378 esse
1052 2325 1353 2393 perfectus;
1379 2327 1500 2394 quia
1530 2342 1638 2381 non
1678 2327 1872 2397 accipit
1905 2343 2038 2398 aug-

435 2428 679 2472 mentum
709 2417 967 2487 quidquid
1012 2418 1293 2485 occupavit
1339 2427 1530 2474 tutum.
1564 2437 1583 2470 »
1641 2419 1768 2473 Item
1806 2419 2039 2473 Ambro-

435 2511 548 2565 sius
568 2520 593 2545 οι
617 2509 1072 2578 quemadmodum
1101 2508 1449 2566 conﬁrmavit
1480 2511 1849 2580 suprascripta
1869 2510 2039 2566 Hilari

439 2614 495 2660 et
527 2603 806 2660 thbadi.
839 2622 858 2655 ι
895 2603 1040 2659 Dicit
1069 2601 1266 2673 aliquis
1292 2646 1307 2669 ,
1335 2604 1611 2674 quomodo
1638 2612 1926 2674 generatus
1955 2611 2041 2658 est

436 2697 651 2753 Filius?
678 2697 834 2767 quasi
857 2697 1256 2767 sempiternus,
1291 2699 1443 2765 quasi
1473 2697 1732 2763 verbum,
1766 2697 1920 2767 quasi
1947 2697 2042 2751 'sa—

438 2797 661 2866 pientia,
683 2794 834 2864 quasi
859 2793 1116 2865 splendor
1143 2793 1280 2848 lucis
1306 2802 1526 2848 aeternae
1549 2790 1575 2830 δ
1607 2793 1758 2862 :quia
1783 2793 2041 2861 splendor

436 2901 693 2960 operatur
713 2931 728 2957 ,
759 2899 816 2944 ut
845 2891 1107 2944 nascitur.
1144 2888 1387 2956 Apostoli
1419 2886 1560 2942 istud
1592 2887 1902 2957 exemplum
1932 2893 2039 2953 est,

437 3001 545 3040 non
575 2985 594 3014 ⁷
626 2998 824 3039 meum.
857 2981 974 3044 Noli
1006 2996 1135 3049 ergo
1163 2978 1387 3033 credere
1441 2978 1584 3048 quod
1618 2979 1777 3033 iverit
1803 2978 1888 3033 vel
1927 2995 2044 3033 mo-

441 3087 680 3134 mentum
725 3073 940 3145 aliquod
989 3072 1133 3142 quod
1186 3069 1347 3124 fuerit
1385 3071 1502 3124 sine
1541 3070 1808 3138 sapientia
1863 3071 2036 3135 Deus,

2142 1857 2211 1910 Et
2241 1866 2412 1910 euntes
2442 1858 2726 1911 servierunt
2763 1856 2864 1911 diis
2915 1856 3118 1921 alienis,
3171 1865 3217 1911 et
3263 1857 3607 1911 adoraverunt
3655 1873 3740 1912 eos

2139 1969 2268 2021 quos
2290 1970 2394 2006 non
2423 1965 2687 2019 noverant,
2716 1963 2764 2008 et
2810 1971 2911 2009 non
2951 1963 3339 2022 permanserunt
3363 1954 3432 2007 ad
3457 1952 3742 2010 Dominum

2139 2046 2309 2102 Deum
2331 2065 2507 2102 suum.
2528 2046 2598 2101 Et
2630 2049 2793 2103 iratus
2815 2051 3042 2118 furorem
3073 2047 3117 2080 “‘
3144 2047 3398 2104 Dominus
3442 2066 3598 2119 super
3643 2059 3744 2105 ter-

2141 2155 2254 2192 ram
2286 2138 2449 2200 illum,
2475 2138 2680 2194 induxit
2699 2156 2855 2209 super
2897 2157 3006 2195 eam
3035 2145 3318 2194 secundum
3369 2141 3545 2196 omnia
3580 2143 3742 2196 male—

2141 2231 2278 2285 dicta
2301 2230 2630 2300 Testamenti,
2657 2248 2771 2301 qua:
2800 2233 2994 2302 scripta
3017 2242 3134 2287 sunt
3157 2234 3209 2287 in
3231 2236 3326 2288 hoc
3356 2235 3505 2288 libro.
3536 2234 3605 2288 Et
3623 2234 3743 2289 abs-

2143 2325 2260 2378 tulit
2289 2340 2375 2378 eos
2403 2322 2656 2378 Dominus
2685 2343 2717 2379 a
2751 2338 2888 2379 terra
2907 2343 3080 2382 eorum
3107 2327 3161 2380 in
3186 2327 3360 2396 furore
3377 2339 3426 2383 et
3451 2328 3531 2381 ira
3551 2338 3601 2382 et
3620 2345 3742 2383 exa-

2143 2417 2432 2471 cerbatione
2455 2433 2639 2485 magna
2657 2419 2842 2472 nimis:
2865 2429 2911 2472 et
2931 2420 3150 2493 projecit
3167 2436 3251 2474 eos
3268 2420 3320 2474 in
3343 2430 3530 2475 terram
3545 2422 3741 2488 aliam;

2142 2519 2198 2564 et
2217 2517 2436 2565 caetera.
2471 2510 2584 2564 Iluc
2608 2511 2697 2579 jus
2725 2511 2967 2566 divinum
2987 2555 3002 2578 ,
3037 2513 3137 2567 has
3167 2513 3474 2581 Scripturas
3526 2525 3744 2572 sanctas

2145 2603 2382 2659 defendit
2415 2602 2805 2660 Constantinus
2847 2608 3038 2661 senior
3081 2607 3272 2662 dicens
3304 2618 3327 2645 θ
3363 2626 3377 2661 :
3413 2627 3431 2661 ι
3475 2608 3630 2664 Licet
3657 2626 3744 2668 me

2146 2697 2772 2770 sublimissimumatque
2799 2702 3043 2756 omnium
3066 2699 3346 2756 dominum
3375 2717 3461 2756 me
3485 2702 3740 2769 sentiam,

2147 2793 2434 2847 mortalem
2467 2809 2551 2848 me
2583 2809 2704 2849 esse
2730 2809 3025 2864 cognosco,
3055 2804 3110 2849 et
3129 2795 3455 2865 quandoque
3487 2795 3642 2862 huius
3660 2810 3747 2850 re-

2145 2887 2232 2957 gni
2259 2885 2485 2953 gloriam
2524 2886 2833 2941 relicturum
2861 2888 2904 2919 ¹⁶
2931 2887 3198 2957 intelligo.
3243 2906 3270 2942 ›
3298 2887 3599 2953 Qumrenda
3638 2888 3746 2955 igi-

2147 2987 2233 3032 tur
2259 2976 2398 3030 fama
2424 2986 2645 3040 arterna,
2679 2994 2741 3032 ac
2765 2979 2809 3010 ¹⁶
2838 2979 3095 3033 sublimia
3121 2979 3207 3034 illa
3249 2995 3372 3051 quae
3417 2979 3486 3032 ab
3539 2988 3747 3034 aeterno

2147 3069 2375 3125 Domino
2399 3083 2452 3125 et
2493 3087 2520 3124 a
2548 3071 2763 3125 sublimi
2793 3072 2903 3127 Deo
2931 3071 3270 3127 descendunt
3295 3073 3514 3142 ";-qu:e
3545 3072 3742 3129 dirime

437 3185 529 3230 aut
556 3175 672 3229 sine
699 3170 989 3242 splendore
1021 3169 1128 3222 lux.
1155 3165 1322 3222 sltem
1351 3164 1670 3224 Ambrosius
1689 3177 1709 3203 ο
1742 3184 1753 3218 ;
1787 3184 1805 3216 ι
1836 3164 2035 3234 Accipe
2060 3157 2106 3220 C
2142 3163 2273 3234 legis
2298 3165 2339 3195 ¹⁸
2369 3165 2716 3232 promittunt:
2741 3164 2886 3233 quod
2920 3178 3071 3220 Sacra
3101 3164 3224 3220 Filii
3257 3164 3353 3219 Dei
3381 3166 3696 3234 pollicentur
3727 3182 3742 3231 ;

439 3269 571 3323 aliut
618 3264 763 3336 quod
809 3258 1260 3324 clareat;Filium
1303 3256 1696 3326 sempiternum
1747 3259 2038 3327 Apostolus

438 3360 607 3423 dixit,
641 3356 784 3426 quod
823 3354 1152 3422 sempiterna
1192 3351 1310 3419 ejus
1354 3352 1526 3404 virtus
1547 3350 1619 3404 sit
1648 3359 1806 3421 atque
1833 3350 2038 3412 divini-

443 3462 544 3507 tas.
584 3469 602 3502 ι
636 3448 769 3502 Item
799 3441 1126 3500 Phoebadius
1157 3440 1223 3494 (ιε
1261 3461 1279 3493 ι
1315 3441 1414 3497 Hic
1467 3442 1814 3512 blasphemiae
1839 3455 2035 3511 aestus,

444 3545 530 3600 hic
560 3544 582 3575 ⁸
613 3553 756 3595 totus
781 3542 800 3572 θ
829 3537 1121 3606 sacrilegus
1169 3535 1349 3600 dolor,
1398 3535 1542 3606 quod
1585 3537 1636 3588 in
1668 3535 1830 3591 Patre
1856 3548 1909 3591 et
1952 3537 2040 3590 Fi-

442 3638 517 3692 lio
542 3634 803 3702 recipitur
829 3630 976 3684 Deus
1004 3642 1163 3684 unus.
1203 3646 1222 3679 ι
1259 3627 1389 3681 Item
1415 3626 1741 3712 Phtebadius
1775 3645 1788 3681 :
1825 3647 1844 3680 ί
1883 3629 2041 3682 Pater

443 3728 590 3782 Deus
615 3735 671 3780 et
694 3723 866 3780 Filius
897 3720 1040 3775 Deus
1060 3759 1075 3786 ,
1111 3718 1345 3788 Spiritus
1391 3728 1613 3774 sanctus
1643 3720 1816 3786 Deus,
1844 3727 1900 3774 et
1925 3719 2042 3776 lucc

440 3820 622 3878 omnia
647 3833 787 3874 unus
813 3816 976 3876 Deus.
1018 3832 1038 3866 ι

915 3901 1399 3959 FRAGMENTUM
1444 3901 1584 3957 XIX.

450 4007 723 4056 ........tre
749 4006 806 4054 et
824 3996 1273 4053 exterminabitur
1302 3995 1503 4050 malum
1533 4011 1563 4048 a
1590 3996 1766 4053 vobis.
1809 3997 1940 4058 Item
1988 3999 2042 4055 in

519 4138 538 4168 ¹
573 4136 644 4190 Ita
674 4132 791 4188 sch.
825 4146 923 4202 pro
943 4130 1212 4184 constabit.

519 4209 542 4239 ’
560 4207 720 4263 Careo
741 4201 862 4258 cum
877 4215 1069 4274 quarto
1090 4217 1220 4256 casu
1238 4210 1321 4258 est
1341 4201 1504 4258 etiam
1527 4202 1665 4274 apud
1685 4202 2044 4266 Frontonem.

519 4278 541 4308 ⁸
570 4278 666 4331 Ed.
700 4279 940 4331 profana.

570 4279 666 4333 Ed.
700 4279 940 4333 profana.

521 4279 541 4308 ³
570 4279 666 4333 Ed.
700 4279 940 4348 profana.

521 4348 545 4380 ⁸
574 4349 675 4404 Ed.
706 4362 805 4417 pro
833 4346 1012 4400 etenim
1039 4344 1202 4400 habet
1231 4355 1277 4400 et
1304 4345 1397 4399 erit
1425 4355 1628 4402 auctor.

519 4421 542 4452 '
573 4421 701 4476 Sch.
731 4417 1031 4484 dictumque
1056 4418 1376 4488 pro-utique.
1425 4417 1428 4420 ί

517 4493 539 4524 ⁸
570 4490 672 4546 Ed.
702 4492 895 4544 melius
922 4488 1115 4542 debuit.

511 4568 532 4599 "
559 4563 684 4617 Sch.
716 4576 896 4614 nomen
927 4574 1024 4630 pro
1054 4575 1173 4613 non.

521 4638 543 4670 ⁸
569 4632 698 4686 Sch.
730 4633 883 4684 hunc.

517 4710 540 4741 ο
567 4703 703 4774 Male
731 4702 784 4756 in
809 4701 931 4757 cod.
963 4703 1129 4757 dictus
1153 4717 1253 4774 pro
1283 4711 1443 4758 totus.

526 4776 570 4808 ιο
599 4772 675 4827 Ita
704 4775 822 4826 sch.

519 4848 561 4883 ιι
585 4844 668 4899 Ita
691 4844 809 4899 sch.

525 4972 553 5001 ⁸
584 4960 659 5018 De
687 4956 842 5023 Fide,
869 4972 920 5023 ι,
949 4957 1038 5015 15.
1093 4956 1102 4963 ’

524 5034 552 5072 b
584 5027 784 5086 Confer
837 5028 1200 5102 Fulgentinm,
1232 5041 1418 5090 contra
1472 5033 1857 5108 Fab.,'fragm.
1909 5051 2052 5105 χχιι,

452 5120 616 5163 XXIII.

528 5191 550 5218 ο
586 5175 661 5231 De
689 5171 852 5238 Fide,
881 5188 921 5236 ι,
957 5172 1042 5230 I0.

527 5247 555 5286 ιι
582 5245 682 5319 ()p.
714 5260 732 5310 ι
758 5254 932 5319 contr.
964 5243 1212 5319 Arianos,
1242 5260 1364 5319 cap.
1386 5246 1478 5312 22.

529 5331 553 5358 e
583 5318 826 5383 Quonam
854 5316 904 5367 in
947 5317 1148 5384 scripto
1172 5317 1194 5370 ?

529 5389 550 5428 τ
583 5385 796 5460 (ξρόιυὶε
821 5385 997 5460 hiatus
1019 5387 1267 5460 prohibet
1300 5403 1397 5446 nos
1429 5391 1716 5460 quominus
1740 5391 1807 5449 de
1843 5394 2042 5458 hislit-

457 5462 588 5516 teris
605 5457 900 5535 Cttnslnlllil
932 5455 1237 5535 acettratius
1265 5455 1673 5535 cognoscamus.
1700 5455 2043 5535 Cteteroquiu

455 5539 799 5607 compertum
823 5533 906 5580 est,
934 5527 1074 5580 hunc
1096 5527 1352 5607 etesarem
1395 5533 1462 5586 ab
1516 5534 1732 5602 Arianis
1775 5527 2043 5607 episcopis

457 5603 513 5655 ει
538 5599 727 5675 lyrnesi
755 5599 1376 5675 circumventummulta
1419 5599 1700 5675 perperam
1748 5599 1991 5662 sanxisse
2024 5649 2039 5674 ,

452 5666 791 5754 orthodjoxos
808 5670 1094 5754 episcopus
1143 5671 1332 5742 edictis
1364 5666 1718 5754 da'ntn'avisse.
1757 5666 2044 5754 (Vetuissé

458 5757 580 5810 eum
603 5737 781 5796 edicto
801 5737 1120 5800 vocabulum
1142 5737 1354 5820 quoque
1378 5749 1684 5810 homousion
1699 5737 2040 5826 no‘tissintuttt

2063 4531 2119 4592 D

2148 3273 2265 3325 quae
2299 3267 2422 3327 post.
2475 3256 2632 3327 hujus
2681 3258 2804 3310 vita:
2858 3257 3148 3312 decursum
3207 3259 3276 3312 ab
3307 3258 3422 3328 ipso
3468 3259 3604 3313 Filio
3654 3261 3744 3316 Dei

2148 3365 2413 3420 sponsore
2444 3349 2787 3404 exhibentur.
2823 3349 3014 3405 Brevis
3067 3350 3228 3420 igitur
3277 3351 3438 3419 hujus
3488 3353 3746 3421 temporis

2147 3443 2315 3512 gloria
2345 3441 2662 3510 deponatur,
2699 3450 2757 3496 ut
2787 3458 2881 3511 per
2899 3443 3064 3496 ﬁdem
3095 3444 3213 3498 sine
3243 3443 3349 3498 (ide
3384 3442 3744 3510 possideatur.

2149 3549 2258 3602 quo
2300 3535 2341 3566 ‘9
2365 3533 2482 3602 ipse
2512 3533 2806 3588 secundum
2835 3551 3043 3588 sacram
3078 3535 3171 3590 Dei
3205 3536 3382 3608 legem
3407 3546 3528 3605 post.
3549 3536 3747 3594 vinculi

2147 3636 2379 3682 mortem
2406 3626 2709 3681 daturam”o
2739 3627 3195 3683 immortalitatem
3222 3639 3342 3698 post
3365 3629 3746 3685 brevissin'tatu

2152 3723 2316 3777 vitam
2347 3723 2462 3776 sine
2492 3724 2596 3777 line
2630 3721 2872 3792 polliceri
2903 3723 2980 3788 ²¹;
3015 3733 3068 3777 et
3097 3732 3316 3778 caetera.
3348 3725 3461 3780 Iloc
3479 3725 3566 3795 jus
3610 3727 3749 3779 divi-

2153 3829 2304 3880 num,
2338 3815 2434 3868 has
2485 3814 2792 3884 Scripturas
2833 3825 3050 3871 sanctas
3097 3815 3342 3873 defendit
3390 3813 3744 3876 Constantius

2153 3905 2702 3960 scribensadsancf
2751 3947 2763 3959 .
2811 3945 2827 3960 .
2872 3947 2884 3960 .
2928 3947 2943 3964 .
2991 3949 3003 3962 .
3052 3949 3063 3962 .
3113 3953 3123 3963 .
3172 3948 3186 3962 .
3229 3946 3242 3961 .
3289 3949 3305 3965 .

2223 4139 2266 4171 ¹¹
2285 4138 2361 4193 Ita
2394 4139 2512 4193 sch.

2189 4209 2264 4334 ς
2289 4211 2429 4336 Sch}
2452 4211 2588 4281 filiu.
2623 4210 2877 4284 Sequitur
2903 4221 3080 4270 autem
3114 4213 3372 4271 mendose
3407 4215 3458 4270 in
3510 4215 3631 4272 cod.
3677 4217 3749 4270 si-

2189 4301 2225 4336 l8
2249 4299 2308 4335 ra
2349 4299 2406 4336 ve
2436 4325 2449 4336 .

2144 4299 2308 4338 mstra
2349 4299 2449 4338 vet.

2220 4352 2262 4386 ”
2289 4353 2362 4407 Ita
2393 4353 2512 4408 sch.

2219 4425 2266 4456 ”
2293 4424 2422 4482 Sch.
2446 4425 2708 4483 relectum.

2215 4495 2261 4528 ¹⁶
2286 4497 2413 4551 Sch.
2442 4495 2531 4550 ad.

2219 4567 2262 4597 ¹⁷
2297 4569 2369 4622 Ita
2393 4569 2509 4638 sch.
2566 4575 2626 4620 ut
2653 4582 2840 4638 supra.

2221 4638 2264 4668 ³⁸
2285 4638 2361 4692 Ita
2387 4637 2504 4692 sch.
2529 4652 2627 4708 pro
2653 4637 2806 4710 leges.

2222 4708 2264 4740 ιθ
2291 4700 2369 4762 Ita
2393 4711 2511 4762 sch.

2340 4724 2369 4762 a
2393 4723 2511 4764 SCII.

2219 4780 2264 4810 ¹⁰
2285 4779 2361 4832 Ita
2392 4780 2509 4834 sch.

2222 4852 2263 4884 ἰ
2294 4849 2370 4904 Ita
2399 4850 2516 4905 sch.

2158 4966 2682 5047 est.)-Litterarum
2744 4968 3080 5047 hltjllSlIiOdL
3111 4973 3356 5047 meminit
3401 4975 3459 5032 S.
3493 4975 3745 5047 Hilarius,

2159 5041 2197 5094 l.
2231 5040 2464 5118 nﬁLad
2491 5040 2786 5118 Const.,~.e_t
2804 5041 3020 5118 Lucifer
3044 5044 3402 5118 Calaritanus,
3427 5047 3515 5102 ed.
3546 5040 3747 5118 Colet.,

2159 5127 2211 5181 p.
2239 5113 2326 5166 17.
2354 5111 2496 5183 Quin
2526 5111 2661 5165 adeo
2689 5112 2958 5182 Sulpicius
2979 5114 3130 5183 Sev.,
3158 5117 3319 5182 Hist.,
3347 5118 3439 5174 lib.
3470 5135 3530 5182 ιι,
3549 5111 3752 5178 diserte

2161 5192 2351 5262 uarrat
2393 5181 3168 5262 hu're'ticamepistolamhab
3214 5190 3429 5244 Ariauis
3481 5181 3752 5260 episcopis

2159 5252 2447 5331 Mediolani
2477 5251 2641 5308 fuisse
2641 5255 2758 5331 sub
2779 5251 3084 5331 Constantii
3129 5262 3346 5316 nomine
3393 5251 3752 5331 compositam

2157 5332 2214 5380 et
2258 5323 2604 5403 divulgatum.
2641 5323 3752 5403 Fidei-formidasaMConstantio'Ariano
3829 5381 3838 5383 -

2151 5395 2397 5450 conditas
2428 5406 2695 5452 memorat
2715 5397 2770 5453 S.
2796 5399 3050 5465 Ililarius,
3078 5401 3129 5455 in
3157 5401 3294 5456 libro
3318 5401 3579 5458 adversus
3610 5405 3751 5464 hunc

2152 5481 2433 5548 ctesarem,
2557 5468 2610 5548 Ζ,
2639 5478 2689 5523 et
2712 5468 2779 5548 de
2807 5470 3158 5548 S_vttod_is._ﬂ.
3197 5473 3286 5548 78.
3321 5473 3562 5540 Denique
3590 5475 3750 5548 Libe-

2152 5537 2262 5602 rius
2287 5552 2419 5607 papa
2441 5537 2531 5615 ‘gin
2555 5537 2783 5615 Ορρηδ.
2815 5537 3024 5607 Hilarii,
3059 5543 3191 5615 frag.
3223 5545 3275 5613 ν)
3306 5537 3656 5615 conqueritur
3681 5546 3752 5603 de

2151 5611 2730 5696 sset‘munleitlunstanlii
2757 5615 2983 5696 ca'saris
3009 5613 3074 5669 ad
3117 5611 3372 5688 pupulum
3398 5611 3564 5676 misso
3588 5658 3602 5686 ,
3641 5631 3748 5696 ψιη

2151 5679 2268 5753 ίυεθ
2298 5679 2548 5743 Liberius
2577 5681 2931 5746 lacerabatur.
3118 5679 3129 5686 '
3190 5679 3205 5688 '
3588 5679 3600 5686 '
3657 5679 3673 5720 ξ
