4194 6184
343 2614 350 2618 ’
442 2607 542 2660 lios
570 2605 756 2660 Judea:
775 2606 974 2660 ethon.
1005 2646 1017 2660 .
1055 2646 1068 2660 .
1103 2648 1116 2660 .

452 242 556 301 629

735 436 764 440 __
925 361 1408 420 FRAGMENTUM
1467 361 1585 418 xx.

453 451 472 517 ζ
515 499 528 514 .
577 501 589 513 .
639 496 654 511 .
698 495 714 512 .
758 497 771 512 .
819 498 833 513 .
881 500 894 512 .
941 497 954 512 .
1000 497 1014 511 .
1063 498 1076 513 .
1121 497 1137 512 .
1177 457 1511 528 aprophetas
1537 457 1654 513 Dei.
1689 457 1756 512 Et
1796 474 1917 515 cum
1949 475 2048 516 au-

451 551 662 607 dissent
685 549 1188 622 pseudoprophetas
1217 552 1307 621 qui
1336 558 1492 605 erant
1519 567 1640 607 cum
1677 551 1908 607 Ochusia
1944 555 1958 584 ¹
1990 555 2050 608 li-

451 645 580 699 lium
612 645 818 709 Achab,
853 645 944 714 qui
973 644 1151 700 {iterat
1180 645 1372 700 doctor
1403 660 1591 700 eorum
1623 645 1906 703 Gamar‘tas
1935 651 1953 679 ²
1981 648 2050 706 de

452 747 637 792 monte
665 738 924 806 Ephrem,
955 748 1006 792 et
1038 738 1152 808 ipse
1195 737 1293 792 fuit
1346 737 1514 794 frater
1559 738 1800 795 Sedeciae
1832 783 1846 807 ,
1879 743 2051 797 suasit

451 831 747 887 Ochodiam
771 847 954 903 regem
977 831 1258 888 Gomorra:
1289 843 1341 886 et
1368 823 1571 888 occidit
1616 833 1920 890 blichmam.
1984 837 2049 891 Et

448 921 698 996 cognovit
730 924 978 992 Bechira,
1007 935 1059 979 et
1089 925 1220 979 vidit
1251 926 1427 979 locum
1461 926 1633 980 Esaia:
1666 935 1721 981 et
1753 929 2043 998 prophetas

449 1035 566 1074 rum
596 1021 686 1089 qui
718 1035 838 1073 cum
866 1020 958 1073 illo
984 1027 1174 1084 erant;
1223 1019 1336 1088 ipse
1376 1021 1518 1074 enim
1549 1021 1827 1076 habitabat
1877 1023 1927 1076 in
1959 1021 2048 1078 Be-

448 1111 618 1175 clent;
653 1121 706 1166 et
740 1111 872 1165 abiit
905 1112 1357 1183 Hierosolymam,
1382 1123 1436 1166 et
1490 1113 1762 1182 conjuncti
1812 1123 1939 1168 sunt
1995 1124 2050 1170 et

445 1206 548 1276 ipsi
582 1211 826 1261 Asamar.
861 1208 926 1262 Et
954 1206 1152 1262 factum
1185 1217 1269 1262 est
1292 1223 1413 1262 cum
1447 1209 1686 1263 venisset
1733 1208 2048 1266 Salinanas-

447 1313 535 1352 sar
559 1315 649 1370 rex
672 1299 1036 1371 Assyriorum,
1063 1311 1118 1355 et
1153 1301 1453 1370 accepis:et
1489 1301 1813 1366 Samariam,
1845 1312 1897 1356 et
1952 1302 2049 1356 ab-

446 1391 980 1448 duxissetnomen..
1020 1434 1032 1445 .
1069 1431 1082 1446 .
1264 1433 1323 1446 ..
1361 1433 1374 1445 .
1411 1433 1466 1446 ..
1505 1394 1815 1448 ..dixit..
1853 1433 1870 1449 .

449 1483 550 1540 bus
603 1485 655 1539 in
687 1500 982 1553 carcerem,
1016 1494 1071 1540 et
1098 1485 1441 1555 perduxisset
1469 1501 1564 1540 eos
1596 1487 1648 1540 in
1681 1495 1918 1541 montem
1946 1486 2048 1541 Me-

446 1582 564 1636 dor.
603 1621 616 1634 .
646 1618 661 1634 .
699 1621 712 1633 .
747 1621 761 1634 .
802 1622 815 1634 .
847 1620 860 1632 .
891 1621 904 1634 .
933 1619 946 1632 .
979 1622 991 1635 .
1027 1621 1040 1634 .
1076 1622 1088 1633 .
1125 1621 1138 1634 .
1173 1621 1183 1634 .
1214 1621 1226 1635 .
1262 1581 1328 1634 ad
1353 1580 1559 1636 ﬂumen
1581 1581 1788 1648 Gozau,
1821 1583 2046 1638 Bechira

443 1673 838 1743 fuitjnvenior,
863 1681 918 1726 et
943 1671 1079 1744 fugit
1107 1681 1161 1727 et
1216 1675 1460 1743 pervenit
1503 1673 1940 1744 Hierosolymam
1990 1677 2044 1730 in

953 243 1388 304 MONUIENTA
1429 245 1711 303 VETERA
1747 245 1842 302 AD
1884 246 2288 307 ABIANOBUH
2333 245 2728 310 DOCTRINAM
2765 245 3253 306 PERTINENI‘IA.

3659 252 3762 314 650

2079 367 2135 429 Α
2160 363 2394 420 hominis
2418 407 2432 432 ,
2459 374 2514 420 et
2567 364 3004 434 persecutionem
3047 381 3206 437 quam
3256 381 3516 439 passurus
3545 378 3629 426 est
3659 412 3674 438 ,
3705 379 3759 430 et

2155 457 2537 512 contumeliam
2569 472 2754 528 quam.
2789 500 2800 511 .
2833 500 2846 514 .
2885 498 2898 513 .
2927 497 2940 511 .
2973 499 2986 512 .
3015 499 3029 512 .
3057 500 3070 513 .
3102 500 3114 512 .
3148 500 3162 513 .

2626 611 3106 670 FRAGMENTUM
3140 613 3284 672 XXI.

2608 786 2620 798 .
2648 787 2662 801 .
2699 784 2713 799 .
2751 789 2762 800 .
2805 788 2816 800 .
2851 785 2862 798 .
2892 746 3032 802 ﬁlios
3063 749 3182 802 voci
3212 749 3431 806 Michete
3457 758 3512 808 et
3533 753 3756 827 reliquis

2155 837 2458 906 prophetis,
2482 837 2665 892 dicens
2689 838 2740 892 in
2760 855 2845 906 eo,
2883 840 2934 892 in
2963 855 3070 909 quo
3098 840 3433 911 prOphetiam
3455 861 3631 902 meam
3661 864 3758 904 au-

2153 932 2309 985 distis
2339 949 2352 985 :
2378 931 2484 984 vidi
2507 933 2747 1002 angelum
2777 933 3063 1004 gloriosum
3090 951 3193 988 non
3223 938 3502 991 secundum
3531 942 3752 1010 glorians

2152 1026 2474 1097 angelorum,
2501 1042 2628 1094 quos
2655 1042 2746 1095 ego
2797 1043 2995 1096 semper
3017 1028 3246 1081 videbam
3274 1072 3288 1096 ,
3323 1033 3415 1084 sed
3468 1033 3752 1089 claritatem

2153 1134 2389 1189 magnam
2413 1127 2457 1170 et
2478 1128 2708 1169 sanctam
2737 1118 3026 1181 habentem,
3059 1135 3214 1187 quam
3242 1137 3333 1190 ego
3358 1123 3645 1179 claritatem
3668 1143 3756 1181 ex-

2153 1226 2338 1274 ponere
2370 1226 2469 1262 non
2493 1225 2719 1275 possunt.
2760 1207 2827 1261 Et
2853 1212 3066 1264 accessit
3089 1221 3134 1264 et
3159 1214 3316 1265 tenuit
3340 1233 3545 1270 manum
3567 1235 3751 1284 meam,

2152 1312 2199 1356 et
2229 1302 2401 1356 dixit:
2431 1300 2499 1354 Et
2539 1302 2650 1372 quis
2672 1319 2722 1355 es
2745 1312 2820 1367 tu,
2866 1313 2911 1356 et
2933 1304 3070 1373 quod
3099 1304 3187 1357 tibi
3215 1322 3396 1360 nomen
3425 1319 3520 1376 est,
3551 1321 3597 1364 ct
3654 1329 3753 1382 quo

2149 1414 2231 1451 me
2273 1397 2466 1450 tolles?
2509 1396 2684 1466 accepi
2728 1397 2865 1450 enim
2898 1398 3030 1451 vires
3087 1399 3328 1468 loquendi
3370 1418 3485 1454 cum
3547 1419 3622 1457 eo.
3685 1404 3754 1459 Et

2151 1489 2281 1543 dixit
2313 1489 2440 1541 mihi
2470 1505 2487 1541 :
2516 1487 2644 1540 Cum
2671 1498 2715 1540 te
2741 1489 3033 1554 imposuero
3067 1499 3112 1541 et
3153 1490 3421 1544 ostendero
3467 1494 3557 1546 tibi
3599 1495 3755 1548 visio-

2149 1597 2284 1644 nem,
2319 1590 2530 1650 prapter
2553 1580 2689 1648 quod
2717 1580 2737 1610 ⁸
2777 1579 2847 1632 ad
2868 1589 2914 1633 te
2949 1581 3134 1634 missus
3161 1598 3297 1646 sum,
3333 1594 3454 1637 tunc
3501 1586 3753 1658 intelliges

2150 1679 2236 1744 qui
2267 1675 2382 1738 sim,
2412 1689 2592 1726 nomen
2617 1683 2784 1725 autem
2808 1689 2973 1725 meum
3003 1690 3103 1726 non
3148 1673 3319 1726 dicam
3341 1677 3430 1729 tibi
3454 1719 3470 1745 ,
3505 1695 3561 1732 eo
3609 1679 3750 1749 quod

443 1765 635 1821 diebus
661 1766 866 1819 Ezeciae
896 1766 1038 1834 regis
1067 1764 1220 1819 Juda:
1247 1783 1258 1818 :
1283 1782 1388 1821 non
1418 1765 1728 1820 ambulabat
1757 1769 1828 1820 in.
1871 1809 1880 1820 .
1919 1808 1931 1820 .
1967 1808 1980 1820 .
2019 1809 2030 1822 .
2063 1765 2114 1828 B
2146 1768 2409 1820 revertaris
2437 1767 2486 1818 in
2519 1782 2741 1818 carnem.
2779 1765 2905 1818 Cum
2934 1765 3065 1818 enim
3117 1768 3388 1821 sustuleris
3415 1777 3482 1835 te,
3513 1779 3636 1823 tunc
3676 1771 3752 1823 υἱ·-

445 1900 458 1912 .
488 1900 500 1914 .
534 1901 546 1914 .
577 1900 590 1913 .
619 1901 632 1915 .
665 1857 925 1914 Satnarize
954 1859 1121 1929 patris
1167 1858 1284 1923 sui,
1317 1861 1572 1928 quoniam
1628 1859 1846 1913 timebat
1901 1861 2039 1915 Eze-

440 1955 600 2009 ciam.
633 1953 698 2007 Et
724 1955 970 2007 inventus
1026 1960 1110 2006 est
1159 1952 1210 2006 in
1273 1961 1519 2022 tempore
1564 1953 1768 2008 Ezeciae
1812 1953 2042 2024 loquens

443 2049 604 2102 verba
629 2045 908 2115 iniustitia:
963 2045 1013 2099 in
1047 2045 1407 2110 Hierusalem,
1439 2055 1493 2100 et
1537 2062 1583 2100 s.
1617 2086 1628 2098 .
1661 2087 1674 2100 .
1713 2087 1727 2100 .
1771 2086 1783 2098 .
1815 2085 1827 2100 .
1861 2086 1873 2100 .
1913 2087 1926 2099 .
1965 2087 1976 2100 .
2024 2086 2038 2100 .

783 2137 2041 2210 apueris............inregioneBe-

441 2235 603 2290 clem.
633 2233 698 2287 Et
726 2234 1056 2302 contempsit
1103 2232 1330 2288 Bechira
1383 2231 1599 2287 Esaiam
1643 2242 1697 2286 et
1750 2234 2042 2302 prophetas

443 2327 532 2398 qni
564 2343 684 2380 cum
717 2342 782 2381 co
813 2337 966 2380 erant
989 2327 1197 2391 dicens,
1221 2327 1473 2396 quooiatn
1516 2326 1703 2382 Esaias
1727 2337 1778 2381 et
1807 2329 2040 2398 prophe-

443 2430 534 2486 ιω,
563 2420 652 2490 qui
684 2436 803 2475 cum
825 2421 919 2474 illo
950 2431 1094 2486 sunt,
1129 2421 1520 2492 prophetahant
1547 2424 1596 2474 in
1633 2421 1991 2477 Hierusalem.
2022 2460 2036 2476 .

443 2555 455 2566 .
491 2552 504 2566 .
542 2554 554 2566 .
586 2527 613 2566 a
646 2513 882 2567 civitatis
907 2512 1116 2581 Judeze,
1142 2515 1394 2584 quoniam
1426 2513 1770 2578 deseruntur,
1805 2523 1862 2569 et
1894 2515 1945 2568 in
1976 2514 2039 2568 li-

1156 2647 1167 2658 .
1198 2646 1211 2658 .
1241 2647 1252 2658 .
1290 2647 1301 2657 .
1326 2647 1338 2660 .
1386 2607 1642 2676 quoniam
1699 2607 1896 2675 captivi
1939 2607 2038 2660 du-

439 2710 650 2754 cuntur.
689 2700 749 2754 Et
777 2699 924 2765 inde,
949 2701 1167 2754 domine
1198 2716 1291 2755 rex
1320 2702 1572 2772 quoniam
1605 2701 1755 2771 galea
1787 2717 1932 2771 grec.
1973 2743 1984 2754 .
2018 2744 2031 2758 .

438 2831 455 2847 .
483 2832 496 2846 .
529 2838 539 2847 .
580 2837 590 2846 .
626 2810 721 2863 per
746 2794 941 2847 ferrum
975 2793 1260 2848 dedocet-is
1299 2811 1311 2845 :
1347 2795 1445 2862 ipsi
1494 2793 1952 2863 prOphetavernnt
1981 2794 2034 2848 in

437 2887 641 2940 Israhel
670 2895 723 2941 et
752 2887 804 2940 in
831 2885 967 2941 Juda
995 2895 1048 2941 et
1081 2887 1133 2940 in
1177 2887 1510 2940 Hierusalem
1539 2903 1553 2940 :
1578 2896 1631 2940 et
1679 2887 1792 2953 ipse
1849 2887 2035 2942 Esaias

434 2979 570 3034 dixit
599 2993 657 3034 se
689 2979 809 3052 plus
847 2997 1008 3050 quam
1062 2980 1279 3052 Moysen
1313 2981 1658 3050 prophetare.
1708 2980 1846 3034 Dixit
1889 2980 2032 3035 enim

433 3074 644 3146 Moyses
680 3074 932 3143 quoniam
986 3075 1147 3128 homo
1203 3090 1308 3129 non
1364 3081 1545 3144 potest
1591 3075 1774 3128 videre
1830 3075 2028 3141 Deum;

2146 1862 2304 1915 debis.
2343 1860 2565 1929 Propter
2592 1860 2686 1912 hoc
2717 1860 2850 1914 enim
2881 1860 3065 1914 missus
3094 1877 3208 1914 sum
3255 1870 3308 1912 ut
3342 1863 3560 1918 veniam.
3603 1863 3746 1918 Sim-

2146 1955 2347 2022 pliciter
2367 1954 2491 2005 mihi
2515 1953 2784 2023 respondet
2811 1952 2946 2005 etait
2993 1953 3160 2004 mihi:
3192 1949 3258 2006 Et
3292 1957 3460 2024 majus
3497 1972 3575 2008 me
3607 1957 3749 2010 vide-

2145 2049 2240 2101 bis.
2278 2047 2533 2100 Hilariter
2550 2047 2854 2115 simpliciter
2905 2047 3132 2114 loquitur
3154 2057 3229 2100 tu.
3261 2088 3274 2100 .
3314 2093 3326 2103 .
3359 2047 3444 2119 [et
3487 2051 3746 2124 eminent]

2142 2141 2309 2194 iorum
2334 2141 2493 2211 ipsius
2516 2141 2768 2204 maiorum
2800 2139 3008 2192 videbis.
3035 2139 3257 2210 Propter
3287 2142 3382 2194 hoc
3399 2143 3532 2196 enim
3560 2146 3749 2200 missus

2142 2252 2254 2289 sum
2279 2253 2309 2287 a
2337 2236 2549 2306 septimo
2591 2233 2735 2296 caelo,
2767 2244 2820 2286 ut
2852 2234 2872 2263 ⁸
2905 2235 3075 2287 omnia
3103 2235 3193 2287 tibi
3236 2237 3518 2292 ostendam.
3545 2235 3612 2290 Et
3630 2256 3747 2294 sus-

2143 2329 2261 2382 tulit
2301 2344 2410 2393 me,
2443 2336 2488 2379 et
2510 2327 2720 2379 ascendi
2742 2343 2834 2398 ego
2865 2329 2974 2397 ipse
3000 2328 3051 2379 in
3079 2327 3298 2395 primum
3327 2329 3742 2396 solidamentum,

2142 2431 2186 2475 et
2241 2422 2309 2473 ibi
2341 2420 2443 2472 vidi
2483 2419 2690 2473 Samael
2747 2429 2794 2500 et
2826 2420 3184 2488 fortitudinem
3229 2421 3385 2490 ejus:
3415 2433 3463 2476 et
3493 2423 3656 2492 fuitin
3686 2441 3744 2478 eo

2142 2518 2328 2571 bellant
2359 2514 2571 2587 grande,
2604 2526 2650 2568 et
2678 2516 2848 2586 angeli
2880 2511 3090 2569 Scitana’
3106 2516 3258 2569 simul
3280 2516 3746 2582 invidentes;sicut

2141 2610 2275 2663 enim
2301 2625 2448 2662 susus
2469 2609 2488 2637 ⁷
2520 2608 2594 2660 sic
2621 2608 2736 2659 etin
2764 2620 2917 2659 terra.
2940 2605 3006 2659 Et
3025 2607 3132 2659 dixi
3161 2607 3365 2678 angelo,
3391 2609 3477 2677 qui
3509 2610 3608 2679 fuit
3632 2626 3741 2662 me-

2140 2724 2253 2759 cmn
2275 2723 2292 2760 .'
2315 2706 2449 2773 Quid
2477 2715 2551 2758 est
2581 2704 2768 2756 bellum
2799 2701 2915 2768 hoc,
2949 2714 2993 2755 et
3023 2719 3136 2768 qua:
3156 2703 3348 2755 invidia
3365 2703 3475 2757 huic
3499 2703 3524 2756 ?
3544 2715 3590 2758 et
3613 2705 3747 2758 dixit

2139 2798 2311 2851 mihi:
2353 2797 2444 2852 Sic
2490 2807 2559 2850 est
2600 2812 2662 2848 ex
2708 2813 2807 2865 qua
2836 2796 2856 2824 "
2890 2797 3093 2847 oculum
3160 2800 3354 2864 factum
3382 2798 3402 2827 ⁵
3429 2805 3544 2862 est,
3584 2813 3744 2867 usque

2140 2907 2274 2942 nunc
2301 2897 2392 2952 est,
2420 2889 2492 2940 sic
2515 2889 2606 2940 erit
2629 2887 2814 2940 bellum
2844 2887 3010 2956 quoad
3033 2903 3191 2954 usque
3224 2887 3391 2940 veniat
3419 2904 3565 2958 quem
3607 2892 3742 2941 visu-

2138 3000 2224 3036 rus
2247 2993 2339 3048 est,
2375 2991 2418 3035 et
2452 2978 2748 3035 emundabit
2785 2996 2920 3033 eum.
2961 2979 3024 3032 Et
3067 2989 3240 3049 postea
3276 2983 3446 3048 posuit
3479 2996 3558 3034 me
3588 2997 3743 3052 super

2138 3075 2568 3137 solidamentum;
2596 3083 2641 3126 et
2662 3073 2760 3140 [uit
2792 3073 2993 3134 coelum,
3028 3083 3071 3125 et
3099 3072 3204 3125 vidi
3245 3073 3317 3126 ibi
3349 3072 3518 3126 sedem
3555 3074 3607 3126 in
3635 3089 3739 3127 me-

433 3167 566 3221 dixit
594 3179 772 3222 autem
799 3166 988 3222 Esnias
1019 3167 1124 3220 vidi
1153 3169 1338 3229 Deum,
1365 3177 1417 3221 et
1440 3183 1565 3221 ecce
1610 3166 1748 3220 vivo.
1780 3167 1884 3233 Tu,
1911 3183 2024 3236 rex,
2059 3163 2104 3226 C
2138 3168 2243 3228 dio,
2279 3175 2324 3219 et
2349 3165 2415 3218 ad
2440 3166 2712 3240 dexteram
2736 3167 2844 3237 ejus
2873 3173 2920 3216 et
2940 3165 3006 3216 ad
3044 3165 3304 3218 sinistram
3347 3166 3518 3236 angeli
3554 3178 3738 3232 erant;

433 3261 670 3331 intellige
703 3260 954 3331 quoniam
987 3260 1217 3314 mendax
1250 3270 1330 3314 est
1376 3277 1387 3311 :
1428 3272 1473 3312 et
1513 3275 1642 3314 ecce
1688 3259 2026 3315 Hierusalem

435 3353 728 3410 Sodomam
753 3353 906 3416 dixit,
938 3363 990 3407 et
1015 3353 1287 3423 principes
1315 3341 1431 3422 ejus
1463 3364 1510 3405 et
1539 3351 1721 3405 Jndea:
1748 3361 1801 3405 et
1832 3352 2027 3406 Hieru-

435 3450 602 3504 salem
645 3450 900 3518 p0pnlum
947 3449 1224 3503 Gomorrae
1275 3446 1577 3500 nominabit
1606 3445 1645 3498 ³.
1690 3446 1755 3499 Ει
1803 3462 1925 3500 enm
1976 3448 2026 3500 in

431 3542 612 3594 multis
635 3540 871 3596 detraxit
899 3541 1069 3594 Esaiae
1097 3551 1148 3594 et
1180 3540 1478 3609 prophetis,
1505 3546 1560 3592 et
1585 3539 1891 3608 supersedit
1921 3538 2026 3593 Be-

429 3632 608 3687 liacin
639 3633 800 3688 corde
849 3632 1118 3696 Manasse,
1153 3641 1204 3685 et
1229 3632 1386 3686 corda
1441 3633 1740 3701 principum
1782 3631 1932 3685 ludas
1974 3641 2031 3686 et

433 3725 711 3794 Benjamin
743 3735 794 3779 et
831 3725 1130 3794 spadonum
1155 3735 1206 3778 et
1247 3724 1682 3777 consiliariorum
1710 3722 1729 3752 "
1763 3722 1926 3792 regis.
1964 3725 2029 3778 Et

430 3819 746 3888 placuerunt
772 3817 852 3871 eis
875 3832 1153 3871 sermones
1176 3815 1427 3880 Bechire,
1454 3824 1508 3870 et
1539 3816 1812 3868 mandavit
1836 3831 1954 3878 rex,
1975 3823 2030 3870 et

429 3911 904 3982 apprehenderunt
931 3911 1164 3965 Esaiam.
1201 3909 1320 3963 Fuit
1343 3911 1486 3964 enim
1528 3909 1708 3963 Beliac
1742 3910 1901 3964 hilem
1933 3909 2028 3963 ha-

431 4003 565 4058 bens
593 4005 643 4057 in
673 4002 888 4057 Esaiam
920 4013 1141 4073 propter
1190 4001 1331 4071 quod
1378 4003 1430 4054 in
1481 4017 1540 4055 se
1584 4002 1885 4056 ostenderit
1929 4002 2026 4057 Sa-

431 4097 592 4161 tnael,
619 4096 944 4165 etquoniam
988 4097 1102 4163 ipse
1135 4093 1400 4148 nuntiavit
1450 4093 1740 4147 adventum
1781 4094 2025 4148 Dilectis-

429 4189 548 4243 simi
572 4187 640 4242 de
668 4190 898 4258 septimo
925 4188 1066 4241 coelo
1089 4197 1140 4240 et
1165 4186 1586 4257 'l‘ransligurati;
1619 4203 1780 4256 quem
1828 4189 1945 4258 ejus
1973 4197 2028 4244 et

429 4283 810 4340 discensutnet
853 4284 1078 4340 formam
1127 4283 1178 4338 in
1227 4301 1328 4356 qua
1386 4287 1858 4357 transliguraretur
1907 4303 2028 4344 esse

501 4424 517 4454 ¹
539 4422 672 4478 God.
732 4423 1032 4478 Ochusiam.

499 4495 941 4621 :lf'gdboyiidetur
987 4493 1270 4551 Catnarias.
1303 4494 1408 4553 Sed
1436 4503 1579 4552 recte
1621 4495 1780 4554 infra.

588 4579 634 4621 la
663 4579 784 4622 COH.

497 4635 519 4666 ⁵
553 4638 684 4692 ϐοά.
715 4639 1032 4693 consiliario.

498 4708 519 4740 ⁸
561 4707 639 4762 Ita
667 4710 788 4764 cod.

499 4779 519 4809 ⁸
563 4779 698 4836 ϐοά.
747 4791 814 4835 et.

498 4851 617 4910 “’lta
681 4852 802 4908 cod.
843 4853 1064 4923 antiqua
1111 4851 1491 4923 orthographia
1554 4862 1611 4909 ut
1667 4872 1819 4911 rusus
1883 4857 2024 4928 apud

426 4922 777 4978 Frontonem.

498 5053 524 5080 α
554 5045 684 5113 Qua:
713 5052 1012 5114 sequuntur
1038 5085 1050 5109 ,
1082 5044 1376 5112 fragmenta
1401 5041 1510 5098 duo
1539 5083 1556 5107 ,
1586 5059 1779 5114 nempe
1832 5061 1926 5100 XIX
1976 5053 2030 5099 et

430 5133 524 5183 xx,
552 5119 714 5188 petita
735 5119 986 5170 videntur
1009 5131 1074 5170 ex
1098 5115 1422 5188 apocryphis
1444 5114 1656 5170 Veteris
1677 5117 2031 5184 quodammo-

501 5257 656 5312 Nola.
672 5289 741 5297 —
757 5257 1012 5322 Quoniam
1026 5257 1077 5309 in
1096 5256 1220 5308 meis
1232 5255 1298 5308 ad
1314 5255 1504 5309 Ariona
1520 5260 1807 5327 fragmenta
1823 5255 2033 5310 scholiis

437 5329 641 5384 Hilario
688 5328 1000 5382 Pictaviensi
1035 5330 1315 5394 plurimum
1346 5343 1468 5380 usus
1495 5345 1626 5391 sum,
1658 5328 1795 5382 venit
1829 5329 1952 5381 mihi
1983 5329 2036 5379 in

435 5413 654 5455 mentem
693 5399 885 5454 Hilarii
927 5398 1143 5452 alterius
1174 5399 1524 5472 Arelatensis,
1571 5403 1722 5472 cujus
1750 5399 2038 5472 deperditus

441 5475 504 5527 de
532 5478 670 5542 {ante
710 5472 921 5524 ardente
946 5487 1119 5524 versus
1149 5479 1393 5542 memorat
1426 5470 1739 5542 biograpltus
1766 5473 1879 5542 eius
1907 5471 2041 5521 anti-

444 5539 572 5614 quus
601 5544 780 5611 (apud
827 5541 1063 5608 Quesnel.
1097 5558 1182 5610 op.
1316 5539 1649 5614 Leon.,it.rl‘,
1680 5558 1731 5610 p.
1763 5541 1919 5614 5M),
1953 5557 2043 5609 ego

453 5609 620 5668 autem
654 5630 815 5679 nuper
858 5615 1085 5686 legebam
1112 5609 1165 5665 in
1213 5609 1466 5665 iudicatio
1507 5609 1833 5686 codire’satis
1861 5621 2040 5686 vetere,

463 5686 546 5742 ubi
576 5688 878 5755 apusculum
908 5681 1175 5755 'quoddam
1204 5686 1440 5738 scribitur
1474 5685 1533 5737 de
1563 5682 1738 5736 mundi
1765 5681 2043 5755 miraculis.

474 5753 642 5835 Immo
691 5767 806 5812 ante
850 5753 1045 5812 Hilarii
1103 5772 1317 5822 versus,
1369 5758 1706 5828 fragmentum
1762 5753 1942 5824 legitur
1989 5769 2054 5816 ea:

2052 4436 2106 4496 D

2136 3260 2304 3331 angeli
2329 3258 2396 3312 ad
2442 3259 2701 3312 sinistram
2725 3257 2788 3322 ¹⁰,
2817 3257 2986 3326 qualis
3011 3257 3049 3286 ¹¹
3075 3255 3142 3308 ad
3165 3255 3396 3308 dextram
3417 3257 3458 3285 "
3487 3255 3591 3308 :ad
3611 3258 3735 3310 dex-

2137 3360 2266 3403 tram
2293 3351 2425 3402 enim
2456 3351 2738 3402 claritatem
2775 3365 3014 3420 magnam
3044 3347 3088 3377 ¹⁸
3113 3346 3398 3400 habuerunt
3424 3363 3441 3401 :
3467 3357 3515 3400 et
3544 3348 3733 3401 lauda-

2137 3426 2258 3496 bant
2281 3458 2453 3496 omnes
2483 3453 2586 3496 una
2608 3459 2725 3495 voce
2749 3457 2766 3495 :
2797 3453 2844 3494 et
2889 3441 3034 3494 sedes
3060 3450 3169 3494 erat
3211 3442 3266 3493 in
3320 3438 3511 3506 medio,
3533 3452 3579 3494 et
3606 3458 3638 3494 a
3663 3442 3736 3494 si-

2137 3538 2295 3589 nistra
2319 3543 2496 3604 postea
2523 3534 2898 3590 benedicebant.
2942 3531 3070 3588 Fuit
3097 3545 3264 3588 autem
3303 3549 3399 3587 vox
3441 3552 3472 3588 a
3501 3535 3729 3601 sinistro,

2139 3648 2239 3685 non
2260 3633 2389 3686 sicut
2417 3649 2508 3686 nec
2535 3635 2704 3687 minus
2745 3644 2850 3688 erat
2881 3635 2988 3687 illis
3009 3634 3227 3700 similis;
3255 3645 3299 3690 et
3347 3638 3524 3709 ragavi
3571 3653 3732 3710 ange-

2137 3725 2241 3778 lum
2268 3726 2353 3791 qui
2385 3742 2463 3779 me
2494 3725 2739 3789 ducebat,
2789 3736 2836 3780 et
2878 3727 2988 3782 dixi
3032 3729 3077 3780 ei
3105 3744 3122 3780 :
3149 3729 3245 3781 Cui
3310 3729 3516 3782 mittunt
3564 3730 3738 3803 angeli

2137 3819 2352 3889 hymnos
2377 3817 2453 3872 ""i
2481 3828 2528 3872 et
2558 3820 2686 3873 dixit
2705 3818 2830 3872 mihi
2857 3835 2874 3872 :
2906 3819 3100 3874 Gloriae
3127 3821 3349 3874 sedentis
3371 3822 3572 3890 septimi
3598 3810 3732 3886 caeli,

2136 3913 2222 3982 qui
2249 3923 2321 3966 est
2349 3913 2578 3983 perpetui
2633 3912 2834 3977 seaculi,
2858 3920 2904 3966 et
2945 3911 3130 3967 dilecto
3182 3915 3294 3983 ejus
3330 3931 3360 3968 a
3405 3932 3506 3986 quo
3547 3917 3734 3972 missus

2137 4025 2248 4062 sum
2274 4009 2341 4061 ad
2361 4019 2427 4060 te.
2462 4008 2528 4061 Et
2549 4009 2771 4079 imposui
2804 4025 2884 4062 me
2901 4010 3183 4064 secundum
3215 4012 3417 4078 ctutum,
3451 4022 3498 4066 et
3531 4015 3632 4084 fuit
3654 4015 3734 4067 al-

2134 4101 2297 4154 titudo
2323 4103 2434 4156 caeli
2460 4103 2627 4169 qualis
2654 4120 2684 4156 a
2713 4103 2839 4157 melo
2875 4119 3034 4174 usque
3075 4105 3144 4156 ad
3183 4114 3372 4160 terram
3394 4107 3524 4161 etad
3551 4108 3733 4176 ﬁrma-

2136 4208 2361 4249 mentum
2387 4212 2404 4249 :
2433 4195 2503 4249 Et
2531 4197 2635 4249 vidi
2663 4195 2732 4248 ibi
2760 4185 3014 4266 qitomodo
3045 4198 3271 4251 videram
3298 4200 3351 4251 in
3392 4201 3558 4269 primo
3605 4203 3730 4257 caelo

2137 4289 2344 4361 angelos
2365 4287 2572 4344 dextros
2603 4298 2648 4343 et
2679 4288 2917 4344 sinistros
2944 4298 2991 4343 et
3010 4289 3157 4344 sedes
3210 4290 3428 4348 medias.
3458 4335 3471 4346 .
3499 4334 3514 4347 .
3543 4333 3556 4346 .
3577 4334 3590 4347 .
3625 4333 3639 4348 .
3665 4337 3678 4350 .
3715 4335 3729 4350 .

2202 4431 2224 4462 ⁸
2254 4428 2328 4482 Ita
2360 4425 2480 4479 cod.

2201 4504 2222 4533 θ
2250 4499 2325 4553 Ita
2343 4496 2463 4550 cod.

2202 4572 2243 4602 ¹⁰
2264 4568 2376 4626 ϐοά
2421 4566 2488 4620 ad
2512 4565 2738 4619 sinistra.

2203 4643 2242 4674 ¹¹
2276 4641 2350 4694 Ita
2373 4640 2494 4694 cod.

2201 4716 2245 4744 ¹²
2276 4711 2410 4765 ϐοά.
2461 4709 2527 4761 ad
2557 4709 2753 4762 dextra.

2204 4785 2248 4816 ¹⁸
2269 4781 2403 4838 ϐοά.
2444 4796 2651 4853 magna.

2209 4856 2251 4886 1"
2279 4853 2411 4911 Cod.
2440 4851 2674 4922 hymnus.

2140 5043 2210 5098 do
2241 5038 2570 5096 Testamenti
2597 5036 2769 5092 libris.

2140 5253 2404 5323 deperdita
2433 5253 2549 5305 item
2574 5247 2705 5304 Julii
2747 5249 2941 5323 Titiani
2974 5251 3099 5323 (qui
3142 5250 3232 5305 sub
3273 5250 3552 5323 Commodo
3577 5251 3735 5322 vixit)

2147 5319 2523 5398 chorographia
2546 5365 2560 5387 ,
2608 5319 3113 5398 quaniSeruiusad
3157 5338 3270 5398 (ωε.-
3291 5337 3372 5382 Iv,
3405 5319 3508 5398 43,
3535 5319 3735 5378 laudat.

2151 5397 2214 5450 In
2247 5391 2420 5449 eodem
2455 5395 2702 5460 opusculo
2739 5393 2960 5446 Phania:
2985 5409 3201 5462 quoque
3241 5391 3499 5445 Lactantii
3529 5404 3736 5461 citetur,

2152 5480 2196 5523 et
2227 5468 2448 5522 Berosus
2489 5467 2542 5517 in
2569 5462 2916 5531 Bubylonicis.
2959 5461 3141 5514 Verum
3172 5464 3248 5515 his
3271 5462 3492 5528 omissis,
3518 5474 3741 5519 tractum

2151 5542 2303 5594 illum
2338 5535 2590 5598 reritabo,
2634 5535 2718 5601 qui
2759 5532 2811 5586 Ι.
2860 5531 3054 5607 Titiani
3106 5532 3405 5607 "itm-iique
3445 5538 3744 5607 fragmenta

2157 5613 2298 5664 nobis
2345 5608 2559 5663 exhibet.
2621 5611 2882 5671 Quartum
2929 5605 3244 5657 miraculum
3297 5605 3496 5660 Aﬂlhna
3525 5605 3549 5671 ,ἡ
3587 5610 3744 5673 cujus

2162 5682 2362 5737 montis
2410 5676 2655 5732 meminit
2699 5685 2752 5729 et
2800 5673 2885 5726 ille
2933 5674 3107 5730 Julius
3150 5674 3394 5732 Titianus
3447 5677 3530 5730 his
3567 5680 3747 5742 verbis

2162 5753 2389 5810 dicens;
2439 5767 2457 5802 ι
2491 5747 2706 5805 Montes
2732 5746 2959 5804 maximi
2985 5747 3036 5805 in
3062 5745 3246 5806 Sicilia
3275 5764 3360 5818 tv,
3392 5749 3620 5824 Eryeus,
3649 5750 3757 5814 Ne-
