4194 6184
473 259 568 314 651

474 375 707 456 brodes,
741 377 1055 456 Neptunus,
1091 388 1146 456 et
1176 376 1377 433 {Ethna
1412 399 1424 434 :
1458 397 1618 451 quem
1647 383 1838 456 videns
1874 387 2076 456 saepius

473 444 720 525 flammas
748 463 779 503 e
814 444 1019 503 vertice
1061 444 1547 525 volvere_,_senti‘re
1579 455 1725 509 orbis
1771 444 2073 525 pr0pe'fide

470 518 806 594 credentium
832 524 850 543 ‘
885 535 1258 594 :_quamqu_am
1284 521 1336 575 id
1360 537 1481 577 cum
1512 525 1685 594 primo
1714 518 1903 582 Romae
1934 544 2074 584 nun-

475 588 662 641 tiatum
696 602 778 644 est
810 590 1046 667 arsisse,
1079 588 1135 645 ct
1161 592 1398 667 hoejam
1430 595 1480 648 in
1512 588 1773 667 monstris
1815 614 2073 667 procura-

475 667 585 740 tum
618 670 719 713 est.
746 681 776 740 _)
822 662 1081 740 Quintum
1114 673 1199 717 est
1238 663 1308 718 de
1348 663 1496 740 futile
1539 662 2069 740 Gratianopolitano,

474 728 542 784 de
575 746 692 807 quo
712 728 871 807 simul
915 744 971 787 et
1002 734 1143 787 latex
1179 745 1361 789 manat
1397 746 1450 790 et
1482 738 1636 807 ignis.
1684 728 1819 795 Nam
1849 740 2001 798 vides
2041 728 2071 797 é

472 800 727 882 nymphis
775 804 1466 882 flanunas_supert_'olare,
1500 800 1702 882 fhauris
1751 827 1946 882 aquam
2002 815 2069 870 de

476 873 667 951 mediu_
685 873 863 951 fonte;
912 875 1088 929 curris
1109 873 1297 951 ,bihis
1317 919 1343 951 ,ξ
1371 873 1476 951 nec
1503 873 1840 947 incenderis;
1874 892 2080 951 portas,

478 958 580 1016 nec
619 944 687 998 ab
731 947 853 1015 igne
897 948 1398 1015 comprehenderis.
1445 948 1597 1016 Quod
1652 954 1697 1007 si
1737 944 1953 1009 cereum
1999 944 2083 1011 vel

476 1015 644 1069 taedas
690 1019 1014 1082 admoveas,
1066 1020 1313 1087 pretinus
1362 1032 1419 1075 ut
1464 1015 1708 1080 flammas
1759 1027 2074 1097 attigerunt,

542 1134 555 1149 ‘
593 1131 751 1181 Locus
773 1138 1051 1196 corruptus.

969 262 1398 322 MONUMENTA
1442 266 1720 325 VETERA
1765 272 1857 326 AD
1898 272 2309 331 ARIANORUM
2352 276 2753 337 DOCTRINAM
2795 282 3285 346 PERTINENTIA.

3674 296 3781 352 632

2104 391 2157 450 Α
2181 393 2772 479 emuprehenil'untur.”
2796 397 3007 479 manum
3035 418 3275 479 quoque
3325 408 3369 463 si
3402 410 3586 466 mittas
3606 454 3621 479 ,
3672 429 3782 468 non

2183 474 2483 519 crematur.
2516 464 2651 521 Hinc
2690 467 2928 525 Hilarius
2958 464 3317 541 quidem-ait:

2303 583 2353 655 Si
2377 599 2499 635 vere
2526 599 2743 655 exurunt
2766 592 2929 653 ignes.
2955 606 3042 643 cur
3068 596 3245 655 vivitis,
3264 600 3443 653 undae?

2303 647 2354 723 Si
2379 661 2499 723 νεςο
2519 647 2975 723 extiugunt'uudae,
2996 670 3081 723 cur
3108 647 3490 723 vivitis,ign‘es?

2301 708 2624 790 Ly’mpharum
2653 708 2699 763 in
2720 718 2925 790 gremiis
2949 708 3172 790 inimicus
3192 708 3570 790 concliati—riguis
3593 744 3604 779 :

2364 771 2759 840 Communesque
2782 787 2921 830 ortus
2953 782 3165 845 imperat
3188 771 3637 851 θΙίέῐῆἆέιιίξξψέιὲ.

2262 883 2383 979 Νοῃ
2426 889 2600 979 retulit
2630 892 2861 979 reliquos
2893 911 3065 977 uersus
3092 910 3287 979 auc!or_
3308 904 3548 969 opusculi
3570 948 3583 970 ,
3635 911 3788 979 cujus

2186 958 2596 1038 (firmatum-vr)
2624 958 2919 1038 inde'argui
2940 977 3126 1038 potest,
3151 973 3287 1038 quod
3312 958 3365 1027 in
3389 991 3445 1027 co
3474 958 3786 1033 "mammia;

2185 1024 2441 1097 Sigeberti
2489 1029 2510 1083 I
2565 1024 2699 1104 regis
2726 1024 2893 1091 obuiis
2919 1024 3073 1094 deluit
3103 1024 3217 1113 éjiis
3243 1024 3741 1117 aspis-5.2.3.7.:

490 1282 3760 1320 -———————--—————___..___.___________________

1014 1422 1705 1510 SERMONUM
1762 1404 2585 1539 ANTIQUORUM
2637 1428 3255 1546 RELIQUI/E

1254 1604 1340 1646 EX
1384 1603 1531 1648 ALIO
1574 1604 2006 1652 PALIMPSESTO
2040 1608 2483 1657 BIBLIOTHECE
2532 1613 2975 1661 AMBROSIANE.

1002 1914 1487 1972 FRAGMENTUM
1524 1917 1564 1971 l.

998 2023 1193 2066 INCIPIT
1233 2024 1408 2065 SEBMO
1448 2026 1506 2065 III
1540 2020 1587 2063 u.

556 2126 817 2180 Dominus
846 2133 1031 2179 noster
1051 2123 1213 2180 Jesus
1233 2120 1484 2178 Christus
1512 2125 1629 2193 ipse
1655 2131 1739 2179 est
1769 2124 2086 2180 fundamen-

483 2227 596 2271 tum
617 2261 631 2285 ,
664 2218 781 2288 ipse
811 2216 1074 2287 perfectio
1093 2259 1107 2281 ,
1136 2217 1253 2286 ipse
1282 2216 1577 2286 angularis.
1611 2218 1657 2272 A
1686 2228 1829 2274 terra
1859 2227 1944 2274 est
1973 2227 2029 2273 et
2056 2234 2085 2273 a

482 2311 659 2365 coelo:
689 2308 756 2363 de
796 2309 938 2365 caelo
977 2308 1122 2363 enim
1181 2308 1467 2364 descendit
1512 2309 1684 2377 Deus,
1718 2320 1773 2365 et
1812 2311 2084 2367 hominem

480 2400 776 2468 assumpsit
801 2399 870 2453 de
910 2408 1053 2454 terra
1073 2441 1085 2465 ,
1119 2408 1175 2454 et
1205 2400 1444 2454 sociatus
1483 2409 1567 2455 est
1598 2402 1822 2456 homini.
1852 2403 1991 2458 Ecce
2017 2403 2087 2459 de

483 2490 647 2555 coelo,
675 2505 803 2546 ecce
834 2490 1267 2559 fundamentum,
1296 2508 1427 2548 ecce
1457 2494 1789 2563 angularem.
1824 2494 1923 2551 Hic
1950 2496 2087 2552 bene

484 2582 812 2650 complacuit
838 2582 894 2636 in
936 2582 1248 2639 hominibus
1279 2603 1290 2637 :
1326 2593 1382 2638 et
1411 2584 1525 2649 his,
1556 2586 1644 2655 qui
1673 2584 1741 2640 de
1768 2597 1909 2641 terra
1935 2598 2083 2656 sunt,

481 2674 634 2730 dedit
661 2675 926 2745 Spiritum
957 2685 1203 2731 sanctum
1232 2676 1301 2732 de
1328 2677 1506 2744 caalo;
1537 2686 1595 2732 ut
1616 2687 1672 2733 et
1697 2679 2006 2749 superiores
2034 2689 2089 2735 et

485 2765 775 2821 inferiores
802 2783 963 2823 unam
1011 2769 1215 2825 faceret
1245 2769 1584 2835 Ecclesiam;
1620 2770 1723 2825 hoc
1767 2780 1850 2826 est
1890 2771 2087 2826 divini-

485 2862 581 2915 tati
631 2860 1063 2930 humanitatem,
1114 2864 1453 2919 divinitatem
1500 2865 1823 2920 humanitati
1883 2867 2085 2936 permio

412 3020 415 3023 η
485 2971 647 3013 scens
676 2955 727 3009 ι).
759 2956 895 3013 Cum
928 2969 1113 3014 autem
1148 2957 1562 3013 fundamentum
1604 2958 1871 3026 audieris,
1906 2960 2088 3014 Domi-

488 3066 615 3105 num
644 3050 917 3122 intellige:
944 3051 1118 3121 ipsum
1146 3053 1161 3083 ¹
1192 3053 1335 3108 enim
1356 3051 1768 3107 fundamentum
1796 3053 2088 3112 demensus

483 3156 588 3200 est.
634 3145 872 3215 Lapides
902 3146 992 3216 qui
1034 3161 1199 3216 super
1246 3147 1619 3212 aedificantur,
1665 3164 1853 3219 parem
1894 3148 2085 3205 funda-

485 3248 671 3295 mento
720 3238 921 3295 debent
964 3239 1169 3296 habere
1217 3254 1569 3304 mensuram,
1619 3251 1678 3295 ut
1728 3240 2031 3299 aedificandi
2062 3246 2082 3276 ²

487 3331 674 3387 usibus
710 3333 1050 3388 conveniens
1082 3332 1176 3386 fiat
1209 3374 1221 3386 .
1257 3374 1272 3388 .
1313 3373 1326 3387 .
1364 3370 1379 3384 .
1414 3368 1430 3386 .

990 3445 1476 3503 FRAGMENTUM
1519 3448 1582 3503 Il.

1064 3576 1129 3615 EX
1172 3576 1417 3617 SEBIONE
1457 3578 1511 3617 ν.

560 3717 572 3730 .
605 3716 616 3727 .
654 3715 667 3729 .
702 3714 715 3728 .
750 3716 764 3730 .
808 3689 968 3746 quam
993 3689 1090 3744 per
1115 3677 1393 3745 speculum
1422 3677 1718 3745 intuemur,
1752 3681 1803 3734 in
1835 3680 2082 3737 eamdem

489 3767 778 3838 imaginem
810 3768 1088 3824 reformati
1112 3768 1180 3823 de
1205 3769 1376 3840 gloria
1403 3770 1456 3824 in
1485 3771 1734 3841 gloriam.
1764 3772 1913 3829 Sicut
1939 3779 2082 3829 enim

485 3861 682 3932 aliquis
724 3862 924 3932 regalia
952 3862 1299 3930 vestimenta,
1335 3879 1627 3935 purpuram
1660 3877 1715 3920 et
1741 3866 1987 3921 diadema
2029 3877 2085 3924 et

486 3963 681 4007 caetera
713 3954 912 4008 similia
934 3953 1173 4023 inspicit,
1208 3963 1262 4009 et
1283 3956 1597 4011 varietatem
1624 3957 1873 4021 miratur,
1907 3958 2082 4013 subti-

484 4042 716 4109 litatem,
742 4046 991 4112 gratiam,
1026 4044 1482 4113 pulchritudinem
1516 4047 1875 4114 pretiosorum
1902 4049 1921 4079 ³
1951 4050 2085 4119 lapi-

485 4138 634 4204 dum,
649 4147 705 4191 et
733 4137 1112 4192 insatiabiliter
1131 4138 1409 4209 aspiciens,
1423 4139 1756 4204 delectatur;
1790 4144 1877 4197 vel
1896 4159 2083 4212 quem-

483 4231 774 4288 admodum
820 4230 841 4260 ³
887 4272 897 4283 .
934 4272 946 4284 .
977 4272 989 4284 .
1019 4272 1031 4285 .
1082 4232 1102 4261 ⁵
1131 4231 1320 4299 aspicit
1372 4274 1384 4287 .
1419 4272 1432 4285 .
1463 4273 1475 4286 .
1508 4274 1520 4285 .
1558 4273 1570 4285 .
1613 4248 1681 4288 uo
1728 4234 1749 4264 ⁸
1775 4246 1981 4291 remota
2029 4246 2085 4293 et

484 4325 763 4381 caelestem
791 4324 1078 4395 imaginem
1104 4322 1305 4378 Christi
1331 4324 1626 4380 ferventem
1654 4325 1945 4383 habentem
1979 4330 1998 4360 ⁷
2026 4329 2080 4384 in

483 4406 639 4473 nobis
661 4426 715 4472 et
736 4415 1101 4486 intelligentes
1126 4415 1582 4491 pulchritudinem
1607 4417 1898 4476 iueﬂ‘abilis
1922 4420 2084 4476 lumi-

480 4509 566 4565 nis
588 4509 900 4564 intuentur:
932 4507 1386 4578 quemadmodum
1412 4508 1782 4565 reformantur
1811 4511 1879 4567 de
1904 4513 2080 4583 gloria

483 4604 539 4657 in
568 4602 821 4673 gloriam,
871 4602 1187 4657 varietatem
1232 4612 1286 4657 et
1328 4602 1757 4672 pulchritudines
1806 4607 2075 4675 diversas,

484 4709 605 4766 quae
657 4694 837 4765 lingua
896 4694 1098 4749 carnali
1128 4694 1335 4749 narrari
1382 4710 1488 4750 non
1532 4706 1788 4764 possunt,
1837 4699 1946 4753 imo
1983 4715 2084 4755 nec

486 4787 763 4844 intellectu
809 4788 1367 4855 comprehenduntur,
1417 4799 1616 4860 quanta
1648 4790 1757 4847 sint
1786 4808 1906 4862 qua:
1950 4792 2083 4850 ﬁunt

482 4883 536 4935 in
561 4878 664 4933 hoc
692 4878 894 4934 mundo
914 4894 1041 4935 cum
1068 4882 1289 4935 sanctis.
1313 4880 1446 4951 Ipsae
1471 4882 1615 4938 enim
1647 4885 1917 4954 parabola:
1952 4888 2081 4944 inta-

543 4993 559 5021 ¹
603 4990 779 5045 Malim
808 4990 945 5058 ipse,
977 5002 1032 5044 ut
1060 4992 1326 5049 referatur
1348 4994 1415 5050 ad
1442 4996 1713 5054 demensus
1739 5012 1829 5057 est.

549 5066 569 5095 ²
596 5061 730 5117 Cod.
764 5060 1062 5132 aediﬁcanti.
1654 5088 1657 5091 ·

547 5135 569 5209 ἕ
597 5132 843 5209 l__ta_cod.
1130 5208 1133 5209 ν
1336 5208 1339 5209 ν
1454 5206 1457 5209 _

548 5206 727 5259 “Cod.
778 5208 1242 5332 quemammodum.
1281 5208 1421 5265 Alibi
1454 5206 1591 5268 vero
1635 5213 1902 5270 interdum
1945 5232 2067 5286 que-

548 5276 735 5331 tdmod.
811 5293 954 5332 mmo
1000 5289 1054 5332 et
1104 5295 1468 5332 autemamm.:
1520 5295 1821 5332 nrorsusnt
1857 5286 1907 5332 in
1944 5286 2064 5332 and-

472 5276 735 5352 ntadinod.
784 5276 954 5352 Immo
1000 5289 1054 5332 et
1094 5295 1468 5352 rqutemammq
1520 5298 1740 5352 prorsus
1765 5295 1821 5339 ut
1856 5286 1907 5338 in
1944 5276 2065 5341 eod.

474 5346 824 5402 Verrinarum
856 5349 1153 5406 Ciceronis.

546 5418 568 5448 ⁸
591 5418 834 5489 Spatium
862 5422 1130 5477 vocabuli.

547 5561 573 5586 ι
613 5551 687 5604 lta
728 5551 971 5622 legebam
1016 5554 1067 5607 in
1099 5554 1318 5621 codice;
1355 5557 1456 5612 nisi
1488 5558 1630 5615 forte
1656 5570 1782 5617 ante
1811 5561 1906 5617 111
1940 5576 2059 5622 erat

470 5620 532 5686 C,
561 5622 717 5697 itaut
742 5620 921 5677 sermo
942 5624 1011 5677 sit
1034 5623 1197 5692 CIII,
1228 5627 1371 5697 quod
1397 5631 1483 5684 vix
1506 5631 1851 5689 crediderim.
1884 5620 2054 5691 Porro

471 5701 597 5776 ante
642 5691 780 5776 hunc
808 5708 1117 5776 sermonem
1147 5691 1367 5776 explicit
1394 5699 1453 5776 iu
1478 5702 1672 5776 eadem
1698 5705 1891 5776 pagina
1917 5708 2056 5764 alter

473 5760 558 5815 his
591 5760 804 5816 verbis:
848 5763 973 5830 Ipsa
1002 5776 1074 5818 est
1112 5760 1244 5820 enim
1270 5784 1387 5824 vera
1418 5771 1511 5825 Dei
1554 5760 1796 5843 agnitio:
1823 5760 2053 5849 operatio

2171 5571 2401 5642 Spiritus
2425 5576 2610 5630 sancti.
2641 5576 2823 5631 Amen.
2858 5576 2903 5632 E

2115 1925 2163 1984 Β
2190 1919 2345 1989 gines
2371 1926 2619 1993 quaedam
2650 1939 2815 1986 sunt:
2850 1932 3036 1989 divina
3066 1937 3210 1991 enim
3244 1938 3312 1993 ab
3355 1937 3439 1996 his
3463 1943 3555 2011 qui
3583 1945 3793 2015 experti

2191 2023 2320 2069 sunt
2345 2032 2716 2087 agnoscuntur
2739 2067 2753 2091 ,
2783 2034 2841 2083 et
2872 2027 2939 2083 ab
2968 2028 3052 2083 his
3082 2030 3133 2084 in
3167 2032 3361 2101 quibus
3386 2036 3625 2104 oportuit
3653 2039 3798 2093 veri-

2193 2121 2301 2170 tate
2351 2115 2712 2186 aspiciuntur.
2768 2116 2845 2173 Ita
2899 2120 3064 2190 igitur
3110 2122 3277 2178 debes
3329 2125 3633 2195 intelligere
3701 2140 3799 2184 aut

2191 2209 2407 2277 audire,
2446 2210 2495 2264 id
2525 2220 2610 2266 est
2651 2212 2793 2266 ultra
2828 2222 2971 2268 tuam
3006 2217 3286 2271 scientiam
3310 2260 3324 2283 ,
3368 2219 3509 2274 ultra
3539 2235 3794 2288 sensum;

2191 2304 2449 2373 quamdiu
2481 2320 2569 2360 res
2592 2307 2707 2375 ipsa
2738 2310 2979 2380 mysterii
3006 2312 3235 2381 gratiam
3260 2315 3282 2343 ⁸
3306 2314 3359 2369 in
3384 2327 3617 2371 mentem
3648 2328 3796 2374 tuam

2193 2395 2459 2451 infundat.
2515 2398 2729 2454 Etenim
2760 2403 3068 2472 “purpura
3117 2414 3171 2459 et
3217 2406 3422 2477 regalia
3472 2410 3797 2468 vestimenta

2192 2489 2400 2544 lucrum
2427 2491 2634 2546 nullum
2660 2508 2760 2548 nec
2782 2496 2947 2549 vitam
2972 2496 3218 2552 tribuunt
3243 2499 3573 2563 videntibus.
3600 2510 3799 2570 prmter

2194 2574 2245 2629 id
2278 2577 2455 2630 solum
2498 2578 2642 2647 quod
2686 2579 3025 2636 delectantur
3070 2593 3337 2653 aspectu:
3386 2585 3566 2641 divina
3615 2595 3795 2642 autem

2188 2666 2359 2737 gloria
2392 2677 2445 2723 et
2471 2670 3348 2744 cmlestisimaginispulchritudo
3371 2678 3534 2732 vitam
3570 2688 3795 2749 praestat

2191 2770 2473 2826 aeternam.
2490 2764 2811 2821 charitatem
2834 2783 3038 2836 veram,
3056 2771 3239 2825 cordis
3262 2773 3581 2842 puritatem,
3609 2775 3790 2829 cibum

2190 2850 2493 2913 ccélestem.
2523 2860 2624 2925 Qui
2660 2860 2823 2930 igitur
2862 2859 2967 2915 hoc
2996 2862 3277 2918 intuentur
3307 2864 3487 2920 lumen
3525 2866 3793 2934 divinum,

2191 2948 2244 3002 in
2290 2963 2386 3005 sua
2419 2952 2583 3006 corda
2625 2953 3038 3023 Splendificaus,
3067 2958 3228 3012 nullis
3257 2959 3418 3014 rebus
3457 2970 3799 3029 occupantur

2193 3042 2455 3109 terrenis;
2489 3046 2583 3100 sed
2606 3060 2829 3115 prorsus
2855 3049 3088 3103 connexi
3120 3058 3249 3104 sunt
3279 3051 3351 3105 illi
3384 3052 3795 3122 pulchritudini.

2190 3135 2347 3192 Sicut
2371 3139 2517 3192 enim
2545 3139 2799 3209 parvulus
2834 3148 3064 3195 matrem
3093 3156 3245 3197 suam
3288 3143 3561 3213 aSpiciens
3589 3145 3640 3199 in
3674 3161 3795 3200 ma-

2194 3233 2352 3299 nibus
2384 3248 2443 3289 se
2493 3242 2826 3305 gestantem,
2877 3235 3075 3306 gaudet
3126 3245 3181 3291 et
3236 3237 3480 3302 lmlatur,
3531 3239 3792 3308 quoniam

2191 3325 2356 3380 vitam
2389 3325 2544 3383 lactis
2576 3327 2740 3381 sumit
2769 3341 2842 3381 ex
2873 3342 2933 3382 ea
2956 3369 2971 3394 ,
3019 3336 3074 3383 et
3111 3328 3161 3381 iu
3192 3343 3312 3383 eam
3358 3330 3581 3400 aspicit;
3627 3331 3697 3385 ita
3737 3340 3797 3385 et

2192 3433 2379 3473 verum
2406 3417 2589 3473 lumen
2632 3417 2897 3474 habentes
2940 3420 2991 3473 in
3037 3433 3131 3483 se,
3168 3420 3510 3476 attendentes
3553 3421 3620 3475 ad
3665 3421 3792 3488 hoc,

2191 3511 2541 3581 requiescunt
2569 3520 2625 3565 et
2647 3511 2886 3583 gaudent
2908 3512 3104 3581 gaudio
3130 3512 3274 3583 quod
3306 3529 3414 3568 non
3438 3523 3613 3583 potest
3632 3531 3796 3571 enar-

2191 3603 2298 3658 rari
2330 3619 2431 3658 :ex
2464 3604 2580 3673 ipso
2609 3604 2753 3659 enim
2797 3606 3070 3660 indiscunt
3104 3606 3149 3637 ¹⁰
3179 3608 3540 3664 immortalem
3571 3625 3752 3665 escam
3775 3653 3789 3677 ,

2189 3706 2244 3751 ct
2291 3698 2342 3750 in
2374 3697 2493 3768 ipso
2530 3702 2715 3754 vit/unt
2746 3698 2907 3753 vitam
2944 3714 3125 3755 veram
3177 3702 3230 3756 in
3280 3704 3502 3759 saeculo.
3551 3704 3791 3777 Explicit

2189 3802 2370 3844 sermo
2397 3805 2447 3843 V.

2674 3908 3160 3968 FRAGMENTUM
3201 3912 3286 3969 Ill.

2738 4037 2934 4078 INCIPIT
2961 4038 3133 4081 SEBMO
3158 4042 3226 4080 Vl.

2258 4152 2429 4221 Quam
2483 4154 2950 4225 dispensationem
3006 4160 3167 4217 habet
3219 4160 3420 4219 Christi
3476 4165 3787 4221 adventus?

2188 4242 2427 4299 Primum
2478 4254 2535 4301 ut
2574 4248 2830 4304 mundam
2881 4250 3137 4308 redderet
3185 4264 3433 4310 naturam
3467 4256 3683 4323 Adam,
3731 4268 3788 4313 et

2187 4336 2563 4395 hmreditatem
2597 4341 2876 4398 caelestem
2909 4344 3146 4400 donaret
3175 4346 3410 4415 Spiritus
3447 4352 3640 4405 sancti.
3675 4350 3788 4404 Ma-

2186 4444 2352 4500 gnum
2380 4431 2540 4501 igitur
2585 4432 2904 4489 beneficium
2934 4438 3122 4505 generi
3160 4439 3308 4493 dedit
3338 4440 3572 4496 humano
3593 4485 3607 4508 ,
3634 4443 3777 4497 redi-

2186 4524 2385 4578 mendo
2416 4541 2515 4581 nos
2540 4527 2607 4582 de
2628 4543 2850 4584 carcere
2881 4531 3253 4597 tenebrarum,
3279 4544 3335 4589 et
3354 4535 3783 4593 demonstrando

2183 4617 2323 4670 viam
2345 4617 2491 4685 vitae,
2515 4628 2569 4673 et
2592 4620 2812 4688 januam
2842 4621 3089 4679 docendo
3118 4626 3160 4656 “
3186 4642 3288 4697 qua
3321 4628 3388 4684 de
3409 4630 3638 4684 vinculis
3666 4632 3780 4684 exi-

2183 4716 2355 4771 retur,
2380 4722 2501 4762 cum
2529 4708 2660 4764 dicit
2684 4709 2886 4768 :Petite
2907 4724 2952 4767 et
2975 4714 3178 4770 dabitur
3190 4716 3351 4783 vobis,
3366 4721 3569 4787 pulsate
3584 4734 3632 4773 et
3656 4737 3781 4791 ape-

2180 4798 2344 4853 rietur
2388 4799 2551 4854 vobis.
2586 4801 2689 4857 Per
2737 4804 2876 4859 hanc
2908 4806 3058 4861 enim
3104 4807 3327 4877 januam
3360 4810 3655 4865 liberantur
3685 4827 3781 4865 vo-

2181 4889 2358 4946 lentes
2379 4908 2625 4963 quaerere
2658 4906 2711 4951 et
2738 4897 2984 4966 pulsare,
3013 4908 3067 4953 et
3108 4900 3160 4954 in
3192 4902 3305 4972 ipsa
3335 4901 3610 4973 duplicem
3655 4920 3777 4976 gra-

2098 5006 2150 5066 D
2247 5005 2536 5076 6Spatium
2580 5010 2785 5079 aliquot
2829 5012 3150 5070 litterarum.

2250 5079 2269 5108 "
2300 5079 2437 5134 Num
2473 5095 2569 5150 pro
2600 5080 2951 5138 habitantem?

2250 5151 2272 5180 ⁸
2292 5150 2425 5222 Cod.
2463 5152 2664 5222 gratim.

2249 5223 2269 5252 θ
2297 5220 2431 5276 Cod.
2460 5220 2568 5277 haec
2597 5226 2753 5277 enim.

2249 5292 2292 5321 ¹⁰
2320 5292 2394 5347 Ita
2426 5294 2548 5348 cod.

2248 5364 2288 5393 “
2320 5364 2453 5420 Cod.
2490 5366 2728 5425 dicendo.

2903 5576 3084 5651 xplicit
3116 5580 3181 5635 de
3202 5581 3352 5636 verba
3384 5584 3731 5638 substantialt.

2236 5643 2262 5681 ιλ
2299 5645 2578 5723 Liberiure
2602 5656 2658 5702 et
2682 5649 2887 5720 vulgari
2912 5643 3077 5706 v'eluti
3105 5668 3268 5708 sensu
3296 5653 3537 5723 IOthilur
3555 5664 3768 5710 auctor.

2161 5713 2432 5771 Cat-terum
2454 5717 2701 5773 Christus
2730 5713 2870 5774 unus
2896 5730 2999 5788 est,
3033 5738 3140 5779 non
3163 5713 3489 5781 confusione
3510 5726 3737 5781 substan

2164 5790 2285 5853 tite,
2318 5788 2412 5842 sed
2443 5790 2645 5844 unitate
2676 5805 2945 5860 personae.
