4194 6184
392 300 497 357 655

891 294 1325 355 MONUMENTA
1368 297 1640 353 VETERA
1688 297 1777 352 AD
1814 293 2221 353 ARIANORUM
2264 298 2661 356 DOCTRINAM
2703 299 3187 358 PERTINENTIA.

3585 298 3688 355 654

391 416 517 469 liam
547 423 952 484 consequentur
977 455 990 473 ,
1019 414 1160 485 quod
1190 426 1242 468 et
1271 416 1448 469 anima
1481 415 1748 469 liberetur
1777 416 1984 484 gravis—
2016 412 2065 474 Α
2090 430 2260 471 versae
2290 428 2415 473 sunt
2462 434 2558 489 per
2580 418 2735 474 liberi
2783 418 2993 473 arbitrii
3040 420 3382 483 voluntates;
3432 427 3488 473 et
3528 426 3687 473 erunt

390 509 543 563 simis
573 508 808 563 vinculis
836 506 1026 561 mortis
1046 516 1207 577 atque
1238 508 1479 578 peccati,
1520 516 1576 563 et
1613 507 1756 578 quod
1787 518 1988 563 semet-

390 604 507 672 ipsa
541 603 791 672 recipiet,
820 611 875 657 et
902 602 1262 672 cogitationes
1291 617 1449 667 suas,
1482 612 1535 657 et
1576 602 1854 658 caelestem
1902 618 1989 658 re—

390 711 512 765 gem
545 694 822 750 Christum
872 704 1144 765 tamquam
1199 709 1459 765 sponsum
1504 710 1688 751 secum
1736 694 1987 750 habitan-

390 795 499 843 tem
531 796 749 842 8...”...

883 878 1364 936 FRAGMENTUM
1414 880 1502 935 IV.

834 988 1027 1028 INCIPIT
1066 988 1291 1027 nomen
1327 974 1342 1003 ¹
1376 988 1519 1027 xxw.

461 1065 826 1136 Interrogatio
872 1066 1147 1122 seniorum
1179 1067 1556 1136 quorumdam,
1587 1066 1632 1122 si
1662 1081 1793 1123 vere
1817 1066 1870 1121 in
1900 1081 1985 1122 re-

386 1159 727 1214 surrectione
780 1158 959 1213 omnia
1009 1160 1252 1215 membra
1293 1169 1603 1232 resurgunt.
1652 1160 1979 1230 Responsio.

388 1249 498 1304 Deo
522 1251 709 1305 omnia
734 1259 861 1306 sunt
892 1250 1199 1321 possibilia,
1223 1261 1276 1306 et
1316 1252 1388 1306 ita
1421 1252 1672 1322 promisit
1700 1271 1713 1307 :
1747 1252 1982 1307 hominis

384 1351 571 1396 autem
601 1343 889 1397 inﬁrmitas
914 1352 969 1399 et
986 1345 1245 1416 cogitatio
1268 1387 1282 1413 ,
1313 1346 1467 1416 quasi
1496 1345 1834 1416 impossibile
1856 1344 1984 1400 huic

384 1442 612 1503 apparet
639 1436 681 1489 ‘.
712 1434 1179 1501 Quemadmodum
1220 1438 1365 1493 enim
1398 1438 1465 1493 de
1488 1438 1617 1493 limo
1650 1447 1810 1492 terrae
1832 1438 1981 1492 acci—

391 1525 569 1594 piens,
601 1535 654 1580 et
678 1528 831 1596 quasi
861 1527 1150 1597 quamdam
1182 1530 1344 1583 aliam
1367 1530 1668 1585 construxit
1704 1539 1977 1597 naturam,

390 1617 712 1673 dissimilem
744 1636 774 1675 a
808 1630 984 1687 terra;
1017 1631 1071 1677 et
1103 1622 1329 1691 plurima
1362 1622 1568 1679 faciens
1595 1639 1797 1695 genera
1826 1632 1977 1679 ut....

384 1711 613 1779 capillos
642 1720 697 1767 et
724 1713 923 1782 pellem
950 1723 1005 1770 et
1030 1730 1153 1770 ossa
1178 1724 1232 1770 et
1257 1731 1490 1782 nervos;
1523 1716 1979 1788 quemadmodum

2095 510 2209 564 haec
2233 511 2274 565 ⁵.
2304 510 2591 567 Voluntale
2619 512 2764 567 enim
2788 512 3005 582 propria
3033 512 3210 566 aversi
3242 512 3262 543 ⁸
3292 520 3419 566 sunt
3443 527 3471 564 a
3502 518 3691 566 sancto

2090 613 2145 659 et
2180 605 2386 675 integro
2417 606 2675 675 cogitatu.
2713 606 2826 660 lloc
2870 606 3013 661 enim
3060 606 3446 678 intelligimus,
3492 606 3618 676 quia
3659 618 3689 658 a

2092 697 2418 752 fabricatore
2445 699 2647 753 malum
2677 699 2809 753 nihil
2839 709 3053 753 constat
3091 714 3214 753 esse
3244 709 3510 755 creatum.
3538 698 3690 753 ludi—

2090 804 2207 843 cem
2258 791 2440 858 itaque
2478 790 2709 845 dicimus
2742 791 2913 846 Deum
2970 792 3274 846 mittentem
3330 791 3583 847 Satanam
3639 791 3693 846 in

2089 882 2289 953 ignem.
2321 884 2459 935 Sunt
2489 884 2633 937 enim
2662 881 2883 949 quidam
2930 882 3317 938 haereticorum
3350 882 3642 937 dicentium
3667 884 3688 914 ⁷

2092 990 2213 1031 esse
2240 974 2503 1029 materias
2535 974 2655 1028 sine
2688 974 2843 1029 initio
2866 976 2908 1039 ⁸,
2942 984 3001 1029 et
3041 977 3285 1030 materiae
3313 975 3550 1030 radicem
3575 1017 3589 1041 ,
3642 984 3695 1031 et

2088 1068 2343 1123 virtutem
2378 1067 2577 1122 radicis
2622 1066 2780 1122 unius
2823 1082 2945 1121 esse
2980 1067 3220 1122 virtutis.
3251 1066 3530 1124 Adversus
3575 1067 3691 1124 haec

2088 1161 2258 1217 habes
2288 1160 2668 1217 rationabilem
2700 1159 3259 1230 responsionem......

2512 1278 2515 1279 ν
2566 1252 3050 1309 FBAGMENTUM
3092 1252 3206 1308 Vll.

2565 1362 2634 1401 EX
2674 1360 2905 1401 HOMILIIS
2946 1360 3207 1400 INCERTIS.

2410 1442 2598 1499 Oleum
2647 1442 2848 1497 laetitia:
2895 1458 3007 1511 prae
3033 1440 3379 1497 consortibus
3427 1440 3571 1506 tuis,
3632 1449 3690 1494 et

2086 1540 2309 1595 multam
2338 1553 2401 1593 ac
2428 1537 2631 1594 variam
2668 1552 2847 1592 escam
2872 1535 3170 1605 spiritalem
3197 1544 3249 1589 et
3274 1533 3588 1601 caelestem,
3614 1533 3694 1587 iu—

2085 1643 2416 1703 corruptam,
2449 1630 2775 1702 gloriﬁcam,
2802 1638 2857 1684 et
2882 1636 3087 1684 vestem
3110 1628 3352 1684 cmlestis
3373 1627 3687 1682 luminis....

2086 1728 2139 1782 in
2168 1726 2251 1781 bis
2272 1726 2414 1780 enim
2438 1724 2578 1791 vita,
2612 1740 2719 1778 non
2753 1724 2803 1778 in
2839 1737 3092 1793 corpore.
3126 1722 3226 1790 Qui
3257 1730 3438 1776 autem
3472 1735 3691 1776 reman-

381 1812 563 1859 autem
586 1818 713 1859 ﬂCllS
740 1804 1001 1876 in;ignem
1017 1807 1456 1873 mittitur,mutat
1476 1810 1713 1865 COIOI‘L‘II’I
1734 1818 1785 1865 Cl
1810 1819 1985 1864 trans-
2015 1811 2060 1871 B
2089 1824 2221 1879 serit
2263 1824 2315 1877 in
2348 1822 2563 1893 propria
2595 1829 2981 1875 ῃθιυηιηηηη
3027 1828 3413 1889 corrumpetur
3451 1827 3507 1873 ει
3564 1832 3684 1873 mo.

384 1897 741 1967 ﬁguratur....
775 1900 1024 1970 quamvis
1070 1901 1346 1970 solvatur,
1386 1913 1564 1957 tamen
1601 1902 1809 1957 stabilis
1852 1914 1975 1963 est;

383 1988 455 2043 ita
490 1992 539 2043 in
576 1992 983 2047 resurrecﬁone
1029 1993 1211 2047 omnia
1258 1994 1498 2048 membra
1547 2004 1875 2065 resurgunt,
1926 2004 1980 2049 et

383 2082 563 2151 capilli
595 2097 702 2136 non
735 2083 1037 2153 disperient
1062 2128 1076 2152 ,
1108 2084 1259 2155 juxta
1288 2087 1432 2157 quod
1463 2088 1728 2157 scriptum
1772 2096 1854 2142 est
1878 2129 1893 2154 ,
1924 2096 1979 2142 et

380 2175 561 2229 omnia
589 2174 900 2231 efﬁciuntur
922 2178 1098 2233 lucida
1120 2220 1133 2244 ,
1173 2190 1225 2232 ct
1247 2180 1429 2234 omnia
1460 2181 1512 2234 in
1540 2181 1662 2251 igne
1699 2190 1754 2235 et
1796 2182 1848 2235 in
1896 2182 1977 2235 lu-

379 2267 526 2322 Iniue
560 2268 836 2339 tinguntur
883 2279 939 2325 et
980 2271 1441 2341 transﬁgurantor
1471 2293 1483 2328 :
1517 2274 1609 2328 sed
1657 2290 1763 2328 non
1789 2317 1802 2340 ,
1837 2274 1978 2330 sicut

378 2360 594 2430 quidam
624 2361 833 2427 dicunt,
889 2365 1032 2434 quod
1080 2366 1364 2419 solvantur
1405 2377 1458 2420 et
1488 2366 1624 2437 ignis
1670 2367 1976 2423 efﬁciantur

383 2454 581 2517 etiam,
623 2466 676 2508 ct
722 2470 827 2509 non
871 2456 1036 2511 stabit
1081 2469 1292 2512 natura.
1341 2459 1535 2514 Petrus
1562 2462 1703 2516 cnim
1733 2504 1745 2523 ,
1783 2461 1974 2516 l’etrus

380 2555 491 2609 est;
522 2554 574 2599 et
608 2546 911 2618 Philippus,
942 2548 1225 2620 Philippus
1252 2570 1265 2606 :
1291 2562 1345 2605 et
1368 2555 1739 2625 unusquisque
1768 2555 1819 2609 in
1848 2570 1975 2625 pro-

377 2636 489 2706 pria
524 2648 715 2693 natura
752 2649 807 2695 et
830 2641 1130 2697 substantia
1164 2656 1442 2714 permanet
1471 2688 1482 2710 ,
1516 2646 1657 2700 sicut
1680 2655 1734 2701 ct
1772 2646 1824 2701 iu
1864 2650 1971 2717 ple-

372 2730 615 2785 nitudine
641 2729 896 2803 Spiritus.
927 2735 982 2789 Si
1016 2747 1346 2794 autem......

876 2849 1359 2909 FRAGMENTUM
1401 2854 1465 2909 V.

888 2959 957 2999 EX
997 2959 1213 3000 HOMILIA
1259 2955 1471 3001 XXXHIK

689 3058 1146 3127 quemadmodum
1196 3060 1341 3115 sisit
1382 3062 1571 3118 civitas
1615 3065 1834 3122 deserta
1878 3076 1972 3122 aut

376 3146 552 3203 diruta
582 3191 595 3213 ,
629 3158 683 3203 et
715 3152 951 3205 Voluerit
996 3153 1116 3222 quis
1166 3164 1475 3210 restaurare
1520 3173 1673 3222 eam;
1712 3161 1858 3223 prius
1906 3177 1965 3215 ea

365 3255 487 3307 quae
518 3252 893 3297 remanserant
920 3243 941 3273 ³
972 3244 1056 3298 vel
1089 3256 1440 3311 corruerant,
1474 3246 1721 3305 destruet
1765 3251 1829 3305 ad
1866 3269 1965 3323 pu-

368 3345 486 3384 rum
513 3348 528 3397 ;
562 3340 618 3387 et
648 3334 726 3387 sic
770 3335 958 3406 incipit
989 3352 1197 3407 ponere
1229 3337 1582 3395 fundamenta
1610 3382 1625 3408 ,
1653 3353 1708 3396 et
1756 3344 1966 3413 erigere

365 3426 659 3494 fabriCam;
692 3440 742 3483 et
781 3442 958 3485 tamen
992 3432 1184 3486 domus
1210 3434 1443 3488 necdum
1472 3445 1554 3490 est
1581 3436 1840 3507 perfecm.
1878 3439 1966 3494 Si-

365 3524 568 3578 militer
611 3534 665 3580 et
708 3527 797 3597 qui
842 3528 1153 3596 paradisum
1188 3531 1417 3585 voluerit
1448 3532 1719 3591 fabricare
1750 3537 1800 3591 in
1830 3536 1966 3593 locis

364 3617 598 3672 desertis
623 3628 675 3672 et
698 3618 930 3685 abditis,
960 3620 1194 3691 primum
1224 3623 1411 3694 incipit
1440 3627 1701 3683 mundare
1728 3670 1740 3691 ,
1774 3638 1830 3683 et
1857 3644 1997 3682 δερ-ι

366 3725 488 3780 pem
545 3711 925 3778 circumdare,
980 3721 1035 3768 et
1076 3716 1297 3783 aqual'es
1346 3718 1717 3788 dis:inguere;
1766 3721 1963 3776 deinde

364 3804 638 3873 plantare,
669 3813 727 3857 ut
756 3814 878 3873 post
907 3805 1137 3859 multum
1167 3816 1381 3877 tempus
1409 3808 1599 3864 afferat
1637 3809 1842 3867 fructus
1874 3829 1965 3881 pa-

364 3895 599 3951 radisus.
650 3896 724 3950 lta
779 3907 834 3952 et
878 3900 1128 3954 voluntas
1181 3900 1457 3956 hominum
1518 3907 1962 3973 praevaricatione

362 3998 685 4058 eanperata
714 3998 769 4045 et
793 3989 1009 4046 deserta
1033 4003 1087 4047 et
1113 3994 1331 4063 Spinosa
1356 3995 1495 4049 facta
1518 4007 1622 4051 est.
1650 3999 1792 4054 Dixit
1814 4002 1959 4055 enim

360 4083 411 4138 ci
441 4084 581 4138 Deus
605 4102 617 4139 :
640 4084 836 4155 Spinas
863 4096 911 4139 ει
939 4088 1151 4142 tribulos
1173 4089 1399 4157 proferet
1431 4091 1521 4144 tibi
1540 4101 1697 4145 terra.
1734 4094 1960 4163 Oportet

362 4178 549 4246 igitur,
594 4182 791 4247 utquis
818 4179 1029 4237 laboret
1061 4191 1114 4236 et
1146 4198 1311 4253 opere
1364 4186 1536 4239 multo
1593 4172 1863 4256 requirat,
1907 4198 1961 4243 et

362 4285 531 4344 ponat
555 4274 969 4334 fundamentum
994 4320 1007 4343 ,
1035 4280 1209 4335 donec
1238 4280 1422 4333 veniat
1469 4281 1519 4333 in
1548 4296 1643 4335 cor
1670 4282 1788 4350 ejus
1820 4283 1959 4352 ignis

360 4369 626 4438 ccelestis,
655 4380 709 4425 et
734 4372 958 4427 mundet
981 4388 1171 4428 omnes
1201 4374 1408 4441 spinas.
1444 4375 1596 4429 'l‘unc
1620 4376 1837 4431 demum
1876 4376 1956 4431 iu—

358 4461 526 4531 cipiet
558 4464 911 4520 sanctiﬁcari.
946 4465 1182 4535 Explicit
1213 4466 1433 4521 homilia
1468 4484 1654 4523 χχχιιι.

848 4577 1332 4635 FRAGMENTUM
1381 4579 1466 4633 Vl.

828 4687 1021 4726 INCIPIT
1051 4685 1269 4726 llOHILIA
1301 4688 1332 4725 Χ
1344 4689 1488 4726 XXIV.

429 4785 630 4840 Omnes
660 4786 1009 4840 rationabiles
1030 4794 1295 4841 creaturae
1325 4786 1480 4859 (dico
1502 4797 1681 4843 autem
1705 4792 1950 4860 angelos,

357 4879 603 4945 animas,
636 4890 689 4933 et
735 4877 1044 4950 daemones)
1074 4879 1302 4948 integrae
1333 4888 1387 4933 et
1410 4881 1685 4950 simplices
1732 4901 1759 4936 a
1793 4900 1948 4940 crea-

359 4982 475 5027 tore
501 4981 699 5029 creatae
729 4983 856 5027 sunt
884 4991 896 5026 :
927 4989 1049 5043 quae
1070 4972 1289 5043 quidam
1316 4973 1337 5004 ὀ
1368 4989 1432 5029 ex
1464 4976 1545 5030 eis
1570 4976 1619 5029 in
1651 4978 1788 5033 mala
1818 4997 1949 5037 con-

432 5112 455 5183 ’ί
477 5108 610 5165 Cod.
641 5112 817 5166 omilia
840 5110 959 5166 sine
982 5111 1148 5180 aspir.
1186 5110 1252 5166 Et
1277 5111 1517 5181 quidem.
1552 5128 1607 5183 p.
1636 5114 1707 5170 29
1746 5117 1952 5175 codicis

353 5180 551 5237 dicitur
576 5196 763 5247 sermo,
798 5198 902 5238 non
937 5182 1132 5236 omilia.

427 5254 446 5282 ‘
479 5254 550 5308 Ita
585 5270 643 5309 se
674 5255 836 5309 habet
865 5253 1248 5308 anacoluthon.

428 5324 447 5354 ³
476 5325 603 5381 Cod.
636 5334 1011 5380 remanserunt.
1310 5362 1319 5370 ο

426 5395 447 5424 ⁸
477 5396 565 5452 Sic
589 5412 649 5452 se
674 5395 839 5453 habet
864 5395 1206 5453 soloecismus
1245 5395 1297 5450 in
1331 5396 1454 5452 cod.

426 5467 447 5497 ⁵
473 5465 561 5523 Sic
590 5467 857 5537 legebam.

426 5538 446 5568 ⁸
474 5538 549 5593 [ta
573 5540 698 5594 cod.

428 5614 446 5643 ⁷
478 5609 588 5665 Cod
600 5655 612 5667 .
642 5611 965 5667 discentium.

429 5724 735 5800 "_Paginam
768 5726 838 5800 ζ’ιο
859 5768 874 5794 ,
913 5726 1242 5800 paginasque
1277 5728 1415 5785 duas
1454 5728 1690 5800 reliquas
1722 5729 1949 5800 palimp-

352 5796 482 5854 sesti
502 5838 515 5865 ,
547 5801 744 5867 n’empe
773 5797 834 5854 3t
872 5796 929 5854 et
949 5798 1017 5854 52
1039 5841 1052 5865 ,
1082 5796 1400 5869 praetermisi
1423 5839 1437 5867 ,
1472 5796 1596 5872 quia
1643 5796 1939 5858 discedenti

2084 1920 2446 1974 rictur........
2482 1917 2674 1971 Anima
2706 1914 2925 1986 quando
2968 1914 3020 1968 in
3050 1914 3167 1968 sola
3217 1912 3431 1983 propria
3485 1922 3681 1967 natura

2085 2012 2438 2073 remanserit,
2486 2019 2541 2064 ct
2579 2025 2686 2064 non
2733 2007 3139 2078 participaverit
3182 2006 3379 2061 divinae
3435 2014 3679 2073 naturae,

2082 2103 2132 2157 id
2164 2111 2249 2157 est
2279 2102 2487 2171 gratiae,
2516 2109 2694 2156 morte
2718 2107 2921 2153 aeterna
2954 2099 3221 2152 morietur
3247 2099 3300 2150 in
3332 2097 3528 2166 pannis,
3558 2094 3683 2166 quia

2082 2196 2238 2263 digna
2289 2208 2395 2247 non
2440 2202 2523 2247 est
2551 2191 2739 2246 eﬁ'ecla
2794 2201 3015 2244 aeternae
3061 2190 3187 2244 vitae
3226 2188 3505 2261 particeps
3542 2202 3683 2242 esse.

2081 2289 2233 2343 Sicut
2255 2288 2398 2343 enim
2431 2286 2756 2341 inlirmantis
2782 2298 2984 2353 corpus
3023 2300 3145 2337 cum
3188 2298 3369 2337 escam
3401 2296 3506 2336 non
3536 2286 3688 2352 pote-

2080 2385 2150 2439 rit
2172 2384 2417 2453 accipere
2453 2382 2536 2436 vel
2567 2391 2776 2452 potum,
2814 2380 3172 2448 desperantes
3194 2382 3213 2411 θ
3236 2378 3303 2432 de
3334 2392 3399 2432 eo
3426 2376 3685 2447 plangent

2079 2490 2202 2529 eum
2236 2491 2427 2529 omnes
2471 2475 2703 2545 proximi
2733 2474 2819 2529 vel
2849 2472 3159 2527 cbarissimi
3190 2472 3350 2526 amici
3380 2470 3467 2525 vel
3495 2468 3682 2525 dilecti

2078 2570 2389 2637 ejus........
2424 2567 2684 2622 ascendet
2712 2566 2857 2621 enim
2886 2580 3047 2636 super
3075 2574 3124 2618 te
3153 2563 3396 2618 ccelestis
3422 2562 3677 2632 agitator,

2078 2675 2133 2719 et
2165 2664 2250 2719 ﬁet
2294 2665 2469 2718 anima
2502 2674 2590 2716 tua
2624 2672 2730 2715 tota
2764 2661 2990 2726 oculus,
3040 2668 3093 2713 et
3141 2668 3249 2711 tota
3289 2656 3493 2711 lumen.
3532 2655 3599 2709 Et
3631 2656 3677 2710 si

2076 2756 2255 2812 cibum
2289 2756 2521 2823 sumpsit
2548 2753 2869 2824 spiritalem,
2895 2752 2938 2805 si
2962 2752 3084 2805 vitae
3112 2761 3295 2820 potum
3324 2750 3365 2779 ¹⁰
3386 2757 3569 2820 potata
3592 2762 3678 2815 es,

2076 2858 2128 2904 et
2165 2849 2205 2901 si
2237 2849 2610 2902 indumentum
2660 2843 2949 2899 ineffabilis
2994 2842 3213 2896 luminis
3256 2841 3437 2895 induta
3475 2854 3569 2905 es,
3618 2847 3679 2893 ut

2077 2940 2255 3010 possis
2301 2939 2562 2993 adversus
2593 2937 3027 2992 machinamenta
3072 2934 3327 2989 resiSIere
3355 2932 3556 2987 diaboli
3584 2950 3595 2984 :
3624 2932 3670 2985 si

2077 3034 2303 3091 interior
2329 3033 2491 3089 homo
2517 3033 2600 3089 his
2632 3033 2884 3086 omnibus
2928 3046 3022 3101 per
3064 3030 3442 3100 probationem
3473 3026 3676 3081 conﬁr-

2075 3137 2255 3182 matus
2284 3136 2403 3193 est;
2447 3137 2539 3180 aut
2562 3126 2608 3180 si
2648 3127 2754 3180 vita
2786 3124 2932 3178 vivet
2961 3132 3163 3177 aeterna
3190 3162 3204 3187 ,
3234 3121 3285 3175 in
3324 3121 3555 3174 Domino
3586 3133 3675 3173 re-

1994 3201 2040 3264 C
2073 3222 2378 3291 quiescens.
2436 3220 2492 3275 Si
2531 3229 2708 3273 autem
2743 3218 2859 3271 haec
2888 3215 3067 3270 omnia
3114 3230 3220 3267 non
3251 3212 3507 3279 recepisti
3569 3225 3669 3264 nec

2073 3314 2319 3383 possides
2345 3355 2359 3379 ,
2391 3328 2497 3367 non
2546 3313 2596 3366 in
2632 3311 2860 3367 veritate
2898 3306 3207 3362 contristari
3236 3306 3401 3360 debes
3431 3306 3497 3369 ¹¹,
3529 3303 3671 3373 quod

2073 3415 2344 3460 tantarum
2379 3419 2484 3457 non
2538 3404 2613 3458 sis
2657 3402 2927 3472 particeps
2958 3401 3301 3462 divitiarum,
3353 3407 3409 3452 et
3468 3407 3668 3453 tantam

2070 3498 2299 3553 necdum
2357 3496 2638 3566 acceperis
2669 3494 2867 3549 vitam?
2900 3494 3083 3563 Itaque
3133 3492 3377 3546 dolorem
3428 3506 3661 3561 pauper-

2072 3590 2202 3644 tatis
2235 3600 2340 3643 tuan
2372 3588 2568 3643 babeto
2597 3599 2651 3641 et
2678 3588 2875 3654 inopia)
2899 3628 2912 3652 ,
2947 3602 3011 3640 eo
3042 3585 3182 3656 quod
3208 3584 3259 3638 iu
3290 3584 3505 3653 propria
3543 3599 3668 3654 pec-

2068 3690 2316 3738 eatornm
2354 3691 2569 3735 tuorum
2617 3680 2796 3734 adhuc
2840 3679 3168 3733 remanseris
3199 3677 3399 3747 inopia.
3452 3678 3506 3732 Si
3542 3692 3673 3747 ergo

2068 3779 2190 3848 quis
2225 3778 2434 3832 habens
2479 3777 2721 3831 dolorem
2757 3784 2975 3844 pr0pter
3003 3775 3239 3841 inepiam
3270 3772 3585 3841 propriam,
3619 3780 3673 3825 et

2070 3871 2308 3924 nondum
2345 3870 2611 3934 satiatus,
2647 3868 2699 3922 in
2734 3868 3027 3921 securitate
3057 3865 3331 3930 ambulat,
3367 3864 3459 3933 qui
3491 3870 3669 3916 autem

2064 3964 2313 4019 dolorem
2347 3963 2537 4029 habet,
2585 3962 2914 4033 deprecatur
2949 3972 3137 4031 petens
3168 3958 3481 4024 Damiuum,
3513 3957 3668 4011 velo-

2063 4058 2180 4112 eius
2209 4055 2489 4128 'percipiet
2535 4055 2961 4125 redemptionem
3003 4065 3058 4107 et
3108 4052 3360 4107 caelestes
3407 4050 3664 4114 divitias;

2063 4149 2359 4204 secundum
2388 4149 2532 4217 quod
2558 4147 2818 4223 Dominus
2844 4144 3059 4201 dicebat
3086 4144 3151 4199 de
3177 4143 3359 4215 judice
3386 4145 3429 4173 "
3463 4142 3668 4213 iniqui-

2065 4241 2208 4296 tatis.
2244 4242 2319 4296 De
2341 4240 2498 4295 vidua
2526 4255 2707 4295 sermo
2730 4254 2958 4293 narrans
2986 4237 3418 4293 edocuit.........

2534 4331 3017 4388 FRAGMENTUM
3061 4330 3194 4384 VIII.

2066 4472 2078 4483 .
2127 4470 2138 4481 .
2187 4467 2200 4481 .
2248 4468 2259 4479 .
2310 4467 2321 4479 .
2370 4470 2379 4478 .
2431 4467 2443 4478 .
2491 4466 2503 4478 .
2548 4426 2727 4479 fissam
2789 4426 2932 4481 enim
2988 4424 3250 4477 habentes
3303 4422 3554 4492 ungulam
3607 4430 3663 4475 et

2062 4520 2385 4591 rumigantia
2410 4520 2452 4550 ¹³
2480 4517 2735 4573 animalia
2775 4514 3153 4589 [aomedenda]
3187 4530 3307 4568 esse
3338 4514 3419 4569 lex
3464 4527 3669 4582 praece-

1979 4586 2035 4646 D
2063 4615 2139 4684 pit
2163 4586 2372 4679 (ierit,
2412 4609 2509 4682 χι).
2545 4610 2659 4665 Hoc
2687 4586 2937 4663 estvenim
2980 4606 3365 4671 necessarium,
3392 4604 3662 4675 duplicem

2062 4719 2122 4760 se
2154 4705 2461 4775 intelligere
2491 4703 2787 4763 hominem,
2822 4699 3283 4755 contradicentem
3316 4707 3367 4752 et
3394 4712 3501 4751 non
3532 4708 3665 4751 con-

2062 4801 2376 4856 cordantem
2403 4796 2795 4854 coinhabitanti
2828 4804 3066 4865 peccato.
3089 4792 3313 4862 Oportet
3338 4802 3515 4846 autem
3546 4791 3658 4845 ami-

2060 4908 2203 4947 mam
2231 4891 2477 4960 separari
2507 4905 2628 4944 cum
2660 4887 3077 4958 cogitationibus
3106 4885 3240 4951 suis,
3275 4894 3330 4939 et
3361 4884 3659 4955 dijudicare

2062 5002 2158 5057 per
2190 4985 2412 5041 verbum
2442 4994 2497 5039 et
2526 4983 2797 5054 segregari
2829 4999 2857 5035 a
2889 4980 3380 5036 counnuuicatione
3408 4976 3612 5049 peccati
3645 4992 3658 5027 :

2137 5124 2157 5154 ⁸
2188 5120 2322 5178 Cod.
2351 5123 2461 5178 sine
2481 5123 2706 5177 initium.

2138 5198 2158 5227 ⁹
2190 5194 2263 5248 Ita
2289 5194 2411 5250 cod.
2439 5204 2494 5251 et
2519 5194 2595 5249 sic
2615 5194 2733 5249 ltali
2758 5207 2898 5249 nunc
2923 5186 3193 5263 lounfnur
3214 5190 3268 5243 di
3294 5201 3394 5259 pro
3424 5188 3506 5240 de.

2128 5267 2170 5296 ¹⁰
2202 5266 2275 5320 Ita
2302 5266 2424 5321 cod.

2125 5338 2167 5409 υ
2193 5335 2324 5409 Cod.
2357 5338 2571 5409 deﬂens.

2126 5408 2168 5482 ff
2186 5406 2329 5482 _Cod.
2353 5406 2680 5482 de'judicem.
3139 5474 3151 5482 _
3214 5473 3225 5482 _
3422 5470 3433 5481 θ

2125 5478 2168 5509 ¹³
2185 5480 2258 5533 Ita
2282 5480 2403 5534 cod.
2423 5467 2784 5535 Coutirmatur
2799 5486 2979 5531 autem
3002 5473 3321 5529 vocabulum
3346 5470 3501 5526 unica
3526 5467 3655 5523 hae-

2054 5558 2214 5606 tenus
2240 5550 2449 5621 Apuleii
2482 5551 2800 5605 auctoritate
2831 5548 3035 5601 nixum.

2058 5732 2192 5788 mihi
2220 5731 2526 5790 Mediolano
2556 5742 2767 5802 tempus
2792 5730 3154 5789 exscribenda
3183 5727 3372 5786 defuit.
