4194 6184
526 283 633 340 635

1015 275 1449 349 MONUMENTA
1490 274 1772 331 VETERA
1811 275 1902 330 Al)
1943 268 2350 329 ARIANGRUM
2394 270 2790 328 DOCTRINAM
2830 269 3320 329 PERTINENTIA.

3725 271 3832 327 6'6

526 409 582 455 et
606 410 729 452 tunc
752 397 894 453 Dens
922 409 1140 450 inversa
1162 394 1179 424 ¹
1202 402 1250 448 te
1270 389 1547 455 discernit,
1571 398 1627 445 et
1649 398 1862 460 separat
1889 388 2123 443 animam
2153 388 2207 451 Α
2235 387 2539 442 tenebrosis
2566 396 2619 442 et
2648 386 2898 457 malignis
2919 386 3219 455 spiritibus,
3243 386 3348 441 illis
3372 386 3619 442 similiter
3646 388 3833 442 minis-

529 507 559 546 a
587 491 740 545 malis
769 488 1063 560 spiritibus,
1085 486 1175 556 qui
1205 494 1332 540 sunt
1359 484 1747 555 cogitationum
1779 482 2009 537 radices.
2042 479 2127 535 Si-

527 591 617 638 cut
639 583 781 637 enim
806 581 1040 651 agricola
1064 580 1267 635 utiliter
1292 588 1451 634 terrae
1473 593 1637 648 agens
1657 592 1866 641 curam,
1892 575 2125 645 primum

528 682 755 731 renovat
792 690 911 728 eam
948 682 1005 728 et
1033 671 1258 726 inundat
1301 671 1470 740 spinis
1507 682 1564 725 et
1613 669 1856 733 tribulis;
1903 677 1959 723 et
2003 678 2129 722 tunc

527 768 734 822 semina
789 766 973 831 mittit,
1024 775 1079 820 ut
1125 773 1430 833 Opportune
1484 761 1689 816 fructus
1726 761 2019 827 restituat;
2058 762 2126 813 ita

532 852 748 929 oportet
775 859 988 927 placere
1033 857 1147 911 Deo
1177 856 1470 919 volentem,
1503 863 1557 910 et
1582 869 1769 909 semen
1796 854 1986 924 graliae
2015 868 2131 922 spe-

533 960 744 1006 rantem
776 948 1039 1018 recipere,
1068 947 1331 1002 mtuidare
1368 956 1420 999 et
1444 961 1727 1006 renovare,
1757 954 1813 1001 et
1841 946 1988 1000 omni
2017 945 2125 997 vir-

536 1053 649 1098 tute
670 1058 868 1097 ornare
885 1059 950 1095 ex
982 1056 1064 1106 se,
1090 1042 1259 1110 ipsam
1286 1048 1484 1093 terram
1511 1038 1691 1093 cordis
1719 1039 1823 1103 sui,
1859 1048 1913 1092 ut
1938 1052 2128 1091 semen

534 1136 758 1205 spiritus
780 1133 983 1188 cadens
1013 1134 1064 1186 in
1091 1133 1255 1187 corde
1296 1133 1451 1185 bona:
1482 1140 1660 1194 terrae,
1695 1130 1925 1185 fructum
1958 1129 2129 1183 sancti

536 1226 766 1296 Spiritus
794 1225 983 1279 reddat
1013 1225 1383 1293 multiplicem.
1417 1222 1512 1278 Vel
1544 1222 1994 1293 quemadmodum
2046 1239 2133 1277 ar-

539 1316 669 1373 tifex
686 1319 775 1388 qui
808 1318 1114 1388 diligentius
1138 1318 1428 1386 operatur'
1458 1316 1628 1386 pelles
1652 1316 1984 1379 animalium,
2014 1332 2132 1385 qua}

540 1410 792 1465 dit-untur
813 1424 1160 1479 pergamena,
1181 1409 1280 1462 nisi
1298 1410 1469 1479 primo
1482 1409 1859 1464 auferatabeis
1879 1409 2063 1477 pilum,
2078 1417 2129 1463 et

534 1504 1255 1576 Superiluauipinguedinem
1272 1504 1560 1566 caruis,vel
1578 1502 1844 1572 uigrorem
1859 1503 2133 1573 sanguinis

536 1606 591 1652 et
614 1597 873 1665 reliquam
901 1597 1374 1660 ininiunditiam,ut
1392 1596 1677 1665 diligenter
1693 1595 2136 1664 mundaetlimpi-

534 1691 600 1745 da
619 1707 678 1745 ea
696 1692 931 1763 perficiat
946 1710 957 1743 :
975 1706 1075 1745 non
1100 1699 1275 1760 potest
1291 1692 1342 1743 in
1358 1692 1435 1744 eis
1453 1690 1538 1744 lex
1557 1689 1765 1742 Domini
1779 1689 1940 1743 scribi
1960 1707 1969 1740 :
1990 1689 2131 1745 sicut

2228 487 2335 534 trat
2383 492 2437 537 et
2488 482 2676 536 servit.
2721 480 2869 536 Sicut
2901 480 3012 537 ait:
3066 480 3347 535 hominum
3391 480 3533 535 enim
3580 491 3833 551 corrupta

2232 588 2408 630 mens.
2442 574 2509 628 Et
2552 575 2749 629 iterum
2783 592 2793 626 :
2828 574 3173 643 coinquinata
3223 582 3309 628 est
3356 588 3511 628 mens
3543 588 3731 628 eormn
3785 582 3836 627 et

2232 665 2587 721 conscientia.
2620 665 2686 720 Et
2713 666 2905 719 iterum
2934 684 2945 718 :
2983 668 3144 719 timeo
3173 666 3315 719 enim
3349 681 3418 721 ne
3448 666 3579 719 sicut
3610 680 3835 735 serpens

2234 759 2399 813 Evam
2436 758 2631 813 fefellit
2673 760 2869 813 astutia
2916 775 3030 824 sua,
3067 758 3134 812 ita
3177 770 3599 828 corrumpantur
3639 776 3839 815 sensus

2232 854 2418 906 vestri.
2449 854 2539 905 Est
2572 853 2735 923 igitur
2760 854 3039 907 forniCatio
3063 852 3313 908 visibilis.
3344 853 3440 906 Est
3461 860 3516 907 et
3550 853 3836 908 invisibilis

2231 943 2517 999 fornicatio
2538 963 2629 1015 per
2652 947 3007 1016 cogitationes
3031 946 3259 1014 iniquas.
3282 945 3338 999 lu
3370 946 3486 1015 lege
3510 934 3655 999 enim
3687 963 3840 1017 mys-

2232 1040 2425 1094 terium
2456 1040 2669 1109 aliquod
2697 1050 2917 1095 sanctus
2941 1041 3176 1111 Spiritus
3202 1040 3578 1094 demonstrans
3606 1041 3838 1103 animm,

2233 1135 2599 1202 quadrupedia
2633 1134 2907 1188 immunda
2952 1136 3239 1205 scparabat
3275 1150 3304 1188 a
3334 1133 3593 1189 mundis:
3631 1135 3844 1189 munda

2233 1228 2377 1282 enim
2414 1229 2644 1282 mundos
2674 1243 2897 1283 necesse
2929 1238 3008 1282 est
3032 1229 3243 1299 pariant
3272 1228 3501 1281 fructus.
3530 1227 3606 1280 lta
3632 1228 3846 1282 debent

2234 1318 2427 1373 anima)
2448 1319 2804 1387 cogitationes
2828 1328 3035 1372 natura:
3062 1318 3294 1387 propri-.0
3324 1333 3445 1372 esse
3471 1317 3711 1380 mundm,
3741 1333 3845 1386 per

2235 1409 2513 1463 scientiam
2545 1411 2718 1473 verbi,
2748 1424 2778 1463 a
2809 1409 3155 1464 enhabitaute
3178 1422 3402 1479 peccato
3433 1410 3577 1463 etab
3608 1410 3843 1463 immun-

2235 1502 2318 1556 dis
2347 1502 2763 1571 cogitationibus
2792 1519 2804 1553 :
2838 1511 2897 1555 ut
2918 1504 3095 1556 anima
3130 1512 3339 1557 naturae
3367 1502 3599 1572 propria:
3629 1504 3843 1571 cogita-

2235 1594 2432 1659 tiones,
2458 1594 2607 1648 verbi
2638 1594 2847 1661 notitia,
2875 1593 3103 1648 mundus
3128 1595 3332 1664 pariat;
3359 1610 3465 1649 non
3489 1595 3844 1651 consentiens

2239 1702 2336 1742 nec
2365 1688 2772 1741 communicans
2800 1686 3017 1741 malitiae
3048 1684 3256 1741 fructus
3287 1686 3576 1753 immundi,
3611 1688 3843 1741 scientia

528 1798 656 1851 ergo
677 1783 873 1837 artifex
906 1783 1155 1852 sapiens,
1188 1781 1647 1851 quemadmodum
1675 1790 1925 1849 Oporteat
1948 1781 2125 1834 omnia
2162 1779 2209 1838 B
2237 1796 2295 1835 ea
2336 1797 2493 1851 quam
2527 1781 2754 1845 natural,
2797 1818 2813 1835 .
2857 1820 2871 1834 .
2920 1823 2932 1836 .
3101 1820 3114 1835 .
3164 1822 3177 1835 .
3224 1820 3237 1833 .
3282 1819 3295 1834 .
3343 1781 3701 1852 ignorantiam
3744 1797 3847 1850 pa-

535 1874 808 1943 superflua
842 1874 1081 1941 auferet,
1112 1874 1375 1930 mundatis
1405 1883 1459 1929 et
1489 1875 1718 1927 nitorem
1755 1883 2047 1942 praestans;
2078 1881 2132 1927 et

534 1976 657 2021 tunc
678 1968 746 2021 ibi
777 1970 1090 2022 scribuntur
1111 1968 1200 2022 Dei
1231 1969 1408 2036 leges:
1435 1976 1489 2022 et
1519 1978 1643 2020 tunc
1669 1977 1822 2021 erunt
1848 1966 2131 2035 scripturae

527 2060 799 2126 spiritales
825 2078 837 2113 :
863 2060 1051 2115 eadem
1097 2060 1256 2130 igitur
1284 2060 1639 2113 similitudine
1661 2069 1715 2114 et
1748 2061 1781 2112 ii
1806 2060 1896 2129 qui
1922 2060 2127 2124 volunt,

528 2160 581 2206 ct
609 2153 698 2221 qui
732 2162 955 2221 sperant
988 2154 1132 2222 leges
1163 2153 1401 2222 Spiritus
1433 2154 1605 2206 sancti
1636 2153 1687 2206 in
1721 2168 1820 2207 suo
1850 2168 2014 2209 sensu
2048 2152 2129 2208 vel

524 2247 703 2298 anima
727 2246 910 2309 scribi,
942 2254 996 2300 et
1026 2246 1305 2301 cmlestem
1340 2245 1462 2299 vitio
1489 2245 1778 2312 imaginem
1813 2246 2014 2299 Christi
2045 2246 2125 2298 in-

527 2336 719 2401 duere,
751 2338 897 2391 omni
939 2328 1301 2393 sollicitudine
1330 2348 1385 2393 et
1414 2338 1684 2407 diligentia
1713 2353 1808 2394 eor
1837 2355 1992 2394 suum
2022 2339 2128 2393 sic-

527 2436 583 2483 ut
630 2430 866 2484 artiﬁces
899 2430 1161 2485 mundum
1207 2430 1519 2496 exhibeant,
1551 2431 1905 2486 emundantes
1955 2447 2015 2486 se
2062 2432 2129 2486 ab

529 2522 675 2576 omni
702 2524 933 2593 agrestis
968 2523 1125 2579 istius
1154 2525 1335 2580 surculi
1369 2524 1718 2594 pinguedine,
1752 2534 1806 2578 et
1850 2540 1876 2576 a
1926 2524 2129 2578 sollici-

532 2615 715 2670 tudine
753 2618 931 2672 carnis
961 2628 1013 2673 et
1043 2619 1348 2688 sanguinis;
1377 2630 1429 2673 et
1475 2619 1542 2672 ab
1572 2620 1717 2673 omni
1754 2628 1972 2673 terreno
2015 2619 2131 2672 viu-

529 2710 653 2765 culo
696 2713 955 2781 separati,
987 2721 1039 2768 et
1083 2731 1111 2765 a
1166 2721 1499 2768 terrenarum
1546 2728 1725 2767 rerum
1769 2712 2125 2781 distensione,

532 2822 653 2876 quae
701 2817 785 2862 est
817 2808 980 2862 veluti
1024 2808 1208 2875 nigror
1248 2808 1544 2878 sanguinis,
1596 2808 1698 2863 hoc
1740 2808 1760 2837 ³
1789 2807 2125 2873 emundcnt;

529 2908 585 2952 ut
609 2899 690 2954 sic
713 2900 1124 2955 emendanteset
1150 2911 1516 2970 praeparantes
1540 2915 1758 2953 sensum
1772 2901 2050 2971 proprium
2077 2909 2130 2954 et

521 3004 637 3055 cor,
664 2992 872 3047 scribat
901 2992 971 3046 ibi
1008 2993 1145 3046 Deus
1179 3003 1398 3046 sanctus
1442 2992 1687 3062 prOprias
1722 2992 1901 3062 leges;
1936 3007 2130 3047 secun-

526 3085 653 3141 dum
702 3101 850 3141 suam
895 3086 1329 3155 promissionem,
1375 3087 1503 3140 dans
1535 3088 1667 3156 lege:
1694 3087 1749 3139 in
1794 3087 1944 3139 corde
1985 3098 2029 3139 et
2076 3087 2129 3141 in

2236 1875 2360 1939 riet,
2392 1890 2562 1942 neque
2586 1874 2733 1929 audit
2756 1884 2850 1929 aut
2879 1874 3116 1944 loquitur
3146 1884 3235 1927 aut
3264 1875 3603 1944 immergitur
3628 1875 3681 1929 in
3708 1890 3847 1944 pec-

2234 1968 2337 2022 cati
2383 1968 2653 2030 tenebras,
2704 1969 2957 2037 quoniam
3003 1983 3032 2021 a
3078 1967 3219 2022 vitiis
3272 1976 3355 2021 est
3394 1978 3568 2021 eruta.
3623 1968 3843 2021 Etenim

2235 2078 2407 2127 mons,
2440 2077 2559 2132 qua:
2594 2062 2729 2115 vixit
2760 2062 2810 2115 in
2864 2061 3125 2127 tenebris,
3161 2071 3213 2115 et
3258 2077 3364 2115 non
3408 2070 3494 2116 est
3544 2062 3702 2116 morti
3747 2077 3846 2116 na-

2236 2167 2307 2209 ta.
2354 2195 2366 2209 .
2415 2195 2429 2208 .
2475 2195 2488 2209 .
2537 2196 2550 2209 .
2599 2197 2609 2208 .
2659 2197 2670 2209 .
2718 2196 2731 2209 .
2776 2155 2892 2210 haec
2936 2154 3005 2210 de
3052 2154 3254 2210 Chrisd
3299 2169 3528 2223 corpore
3575 2171 3682 2213 non
3728 2166 3842 2219 est,

2236 2267 2340 2306 non
2373 2252 2545 2306 estde
2574 2267 2802 2320 corpore
2824 2250 3067 2315 luminis,
3096 2251 3190 2305 sed
3217 2251 3358 2305 socia
3385 2260 3469 2305 est
3491 2250 3843 2305 tenebrarum

2232 2352 2288 2399 et
2316 2350 2514 2413 portio.
2548 2343 2612 2396 Et
2634 2343 2851 2405 iterum,
2882 2358 3113 2412 quorum
3144 2343 3340 2397 animae
3369 2342 3596 2397 creleste
3624 2343 3643 2373 ⁵
3679 2342 3847 2396 lumi-

2233 2454 2303 2493 ne
2346 2437 2661 2491 illuminatre
2698 2444 2850 2500 sunt;
2882 2445 2931 2489 et
2963 2433 3143 2488 effecti
3170 2435 3189 2464 θ
3228 2443 3355 2487 sunt
3390 2434 3566 2501 portio
3595 2434 3841 2489 luminis.

2235 2530 2340 2585 Sed
2373 2529 2515 2583 dicet
2555 2528 2784 2597 aliquis;
2838 2526 3290 2597 quemadmodum
3343 2542 3540 2596 corpus
3589 2527 3846 2581 tenebra-

2234 2639 2350 2676 rum
2377 2632 2455 2675 est
2486 2619 2688 2675 diaboli
2713 2620 2915 2684 anima,
2961 2634 3081 2689 qua:
3129 2635 3234 2673 non
3264 2629 3349 2673 est
3379 2630 3628 2674 creatura
3675 2619 3796 2687 ejus
3817 2622 3845 2675 ?

2236 2716 2332 2770 Hic
2369 2717 2663 2791 reSpiciens
2699 2716 2877 2783 itaque
2920 2725 3063 2769 recte
3096 2714 3357 2783 intellige.
3393 2713 3543 2769 Sicut
3580 2715 3725 2767 enim
3759 2714 3845 2769 in-

2234 2810 2571 2873 dumentum,
2617 2808 2756 2877 quod
2790 2809 2809 2837 "
2840 2810 3028 2871 uteris,
3061 2808 3199 2862 alter
3245 2806 3479 2861 confecit
3526 2807 3609 2860 vel
3644 2806 3836 2873 texuit,

2234 2913 2285 2958 et
2314 2920 2434 2955 cum
2462 2904 2481 2934 ⁸
2503 2903 2775 2966 induet-is;
2802 2902 3053 2955 similiter
3076 2901 3298 2955 domum
3326 2901 3462 2955 alter
3485 2899 3766 2954 fabricavit
3788 2910 3845 2954 et

2233 2995 2533 3061 coiistituit,
2559 3004 2616 3049 ut
2641 2994 2914 3049 habitares
2940 2997 2990 3047 in
3020 3010 3079 3048 ea
3108 3012 3121 3047 :
3152 2994 3264 3063 ipsa
3283 3010 3409 3063 ergo
3434 2993 3787 3048 similitudine
3816 2997 3838 3027 ³

2234 3099 2287 3143 ct
2324 3088 2492 3143 Adam
2534 3099 2859 3157 pra-ceptum
2895 3086 3277 3155 prmvaricans,
3304 3095 3356 3139 et
3400 3086 3692 3154 malignum
3724 3102 3844 3140 scr—

526 3180 759 3234 sensibus
787 3196 963 3233 eorum
993 3181 1240 3245 scribens,
1269 3191 1314 3234 et
1351 3189 1499 3233 erunt
1526 3180 1745 3250 papulas
1785 3184 1918 3253 ejus.
1961 3180 2127 3236 Sicuti
2157 3172 2202 3236 C
2237 3193 2447 3253 pentcm
2482 3182 2799 3243 obtudiens,
2831 3191 2884 3235 et
2928 3181 3021 3233 Dei
3055 3191 3321 3248 praecepta
3364 3180 3554 3233 sancta
3594 3188 3843 3234 mntem-

530 3281 584 3328 et
609 3272 907 3351 Apostolus
951 3274 1081 3328 dicit
1108 3292 1121 3328 :
1150 3274 1261 3328 Has
1290 3273 1529 3328 habentes
1553 3274 1936 3345 promissiones,
1970 3291 2123 3328 mun-

524 3368 703 3423 demus
732 3384 825 3421 nos
853 3369 915 3422 ab
947 3369 1086 3423 omni
1107 3370 1298 3422 carnis.
1348 3409 1360 3420 .
1410 3408 1420 3421 .
1466 3406 1481 3421 .
1527 3408 1541 3423 .
1589 3410 1601 3422 .
1649 3409 1661 3422 .
1709 3412 1722 3424 .
1768 3404 1783 3421 .

1023 3460 1499 3516 FllAGME-NTUM
1541 3459 1632 3514 1X.

603 3590 619 3609 .
660 3594 674 3610 .
721 3596 734 3609 .
779 3592 794 3607 .
844 3595 857 3607 .
904 3596 917 3608 .
966 3600 980 3613 .
1022 3595 1037 3608 .
1080 3554 1199 3609 Jam
1229 3569 1372 3609 nunc
1416 3570 1545 3624 ergo
1590 3568 1908 3609 sermonem
1949 3553 2125 3623 exigat

529 3646 897 3716 unusquisque
945 3647 1014 3702 ab
1052 3648 1230 3702 anima
1263 3663 1357 3701 sua
1382 3689 1395 3713 ,
1430 3647 1733 3717 dijudicans
1764 3647 2126 3715 cogitationes

531 3740 779 3810 pr0prias
799 3756 892 3811 per
917 3751 1181 3810 praecepta
1212 3741 1432 3805 divina;
1463 3752 1514 3793 et
1544 3740 1734 3810 probet
1762 3745 1815 3793 in
1836 3740 2025 3810 quibus
2057 3740 2127 3794 sit

531 3835 767 3900 deditus,
801 3844 852 3889 et
896 3850 922 3886 a
952 3834 1148 3902 quibus
1175 3834 1516 3898 detineatur;
1550 3844 1605 3887 et
1635 3833 1814 3888 videat
1841 3834 1884 3888 si
1915 3833 2125 3902 legibus

527 3926 622 3981 Dei
643 3926 936 3982 concordet
966 3943 1060 3980 eor
1099 3928 1216 3995 ejus
1247 3928 1325 3982 vel
1355 3927 1713 3994 cogitationes
1744 3925 1878 3994 ejus.
1913 3924 2005 3979 Sin
2036 3941 2127 3980 vc-

524 4035 616 4085 ro,
647 4019 909 4073 festinans
937 4028 1288 4072 convertatur
1333 4017 1704 4087 unusquisque
1744 4017 1797 4069 in
1842 4017 1986 4070 omni
2018 4018 2127 4071 vir-

530 4121 641 4166 tute
668 4112 865 4166 animie
904 4112 985 4164 vel
1028 4110 1307 4179 corporis;
1346 4119 1404 4175 ut
1433 4108 1886 4181 quemadmodum
1927 4124 2126 4181 corpus

526 4203 769 4259 exterius
806 4203 825 4234 ‘
858 4219 888 4258 a
938 4204 1292 4258 fornicatione
1333 4212 1622 4258 conservat
1656 4211 1711 4256 et
1754 4217 1783 4255 a
1824 4202 2027 4257 malitia
2071 4212 2125 4257 et

527 4297 902 4367 corruptione,
935 4298 1098 4354 veluti
1126 4297 1220 4351 Dei
1252 4296 1543 4367 templum;
1569 4297 1642 4350 sic
1680 4296 1732 4350 in
1777 4295 2125 4351 interioribus

526 4389 759 4445 animam
792 4400 844 4446 et
873 4390 1232 4461 cogitationes
1263 4389 1531 4446 custodiat
1567 4403 1599 4443 a
1626 4388 1979 4459 corruptione
2010 4389 2122 4457 Spi-

524 4484 725 4539 rituum
751 4485 1104 4557 malignorum
1128 4502 1140 4538 :
1172 4494 1230 4539 ut
1258 4500 1364 4539 non
1390 4484 1759 4539 communicet
1784 4481 2125 4553 cogitationi-

2231 3292 2384 3340 nens,
2421 3276 2715 3329 distractus
2756 3282 2867 3340 est;
2906 3274 3148 3328 vendens
3171 3289 3229 3327 se
3261 3273 3550 3327 virtutibus
3576 3273 3616 3303 ¹⁰
3649 3277 3844 3343 nequi-

2232 3368 2338 3434 tiae,
2365 3378 2420 3423 ct
2441 3366 2678 3421 subdidit
2706 3366 2925 3420 inimico
2950 3366 2987 3395 “
3014 3364 3269 3426 animam,
3294 3380 3454 3433 quam
3483 3364 3843 3419 Deusbonam

2230 3462 2578 3527 fecerat,suae
2599 3460 2847 3531 imaginis
2875 3461 3147 3530 proprium
3176 3459 3558 3513 habitaculum.
3579 3458 3843 3528 Propter-

2229 3572 2289 3611 ea
2315 3558 2453 3611 enim
2488 3557 2661 3609 anima
2696 3570 2890 3624 corpus
2913 3553 3149 3610 efficitur
3180 3554 3525 3608 tenebrarum
3558 3553 3839 3623 nequitiac,

2230 3648 2485 3719 quamdiu
2512 3649 2561 3702 iii
2589 3650 2824 3717 peccatis
2852 3655 2958 3708 cst,
2988 3655 3094 3700 etc.

2733 3737 3218 3793 FRAGMENTUM
3257 3736 3326 3791 X.

2235 3847 2524 3902 .....ncquc
2550 3830 2691 3884 enim
2710 3828 3004 3885 (chabt'icl
3028 3836 3083 3884 et
3107 3828 3328 3883 Michael
3354 3827 3487 3882 dixit
3514 3845 3525 3882 :
3554 3826 3843 3885 Faciamus

2230 3926 2524 3980 secundum
2569 3925 2851 3994 imaginem
2902 3934 2957 3978 et
2990 3923 3393 3977 similitudinem
3435 3932 3697 3987 nostram,
3732 3922 3842 3977 nisi

2235 4027 2440 4070 tantum
2471 4015 2536 4069 de
2579 4015 2815 4070 homine.
2843 4015 2977 4070 Vide
3009 4015 3169 4083 igitur
3203 4014 3464 4069 honorem
3500 4024 3669 4074 tuum,
3702 4028 3836 4083 que-

2230 4110 2571 4164 madmodum
2602 4109 2678 4165 sis
2708 4111 2970 4178 pretiosus
2995 4111 3060 4162 ah
3081 4111 3123 4139 ¹²
3148 4108 3661 4179 angelis,quomodo
3695 4108 3837 4163 Deus

2231 4218 2325 4272 per
2355 4218 2412 4257 se
2440 4203 2614 4273 ipsum
2648 4212 2847 4272 protua
2880 4203 3147 4271 legatione
3165 4201 3701 4270 vclredemptionein
3730 4208 3842 4255 ter-

2230 4314 2341 4350 ram
2359 4297 2586 4352 venerit.
2610 4297 2748 4352 Deus
2765 4313 2890 4366 ergo
2908 4306 2960 4350 et
2974 4296 3145 4366 angeli
3168 4311 3263 4365 pro
3287 4307 3371 4349 tua
3390 4296 3760 4365 redemptione
3786 4304 3842 4349 et

2229 4388 2401 4443 salute
2433 4398 2715 4444 venerunt.
2735 4389 2867 4453 ltex,
2886 4388 3027 4441 filius
3056 4388 3220 4458 regis,
3246 4387 3370 4442 fecit
3397 4386 3667 4441 confilium
3694 4387 3757 4451 ¹⁸,
3786 4396 3841 4443 et

2230 4481 2453 4536 veniens
2478 4482 2528 4536 in
2565 4496 2779 4536 crucem
2796 4482 2974 4551 posuit
3009 4482 3242 4535 animam
3287 4496 3460 4536 suam.
3495 4481 3663 4535 Tanta
3690 4482 3838 4536 enim

522 4578 625 4633 bus
644 4592 854 4644 eorum,
889 4595 989 4635 nec
1016 4579 1330 4647 coinquinet
1358 4594 1440 4643 se,
1473 4579 1597 4648 quia
1626 4586 1709 4632 est
1736 4591 1934 4645 Sponsa
1968 4575 2121 4631 Chri-
2151 4566 2206 4627 D
2231 4583 2312 4630 est
2358 4575 2593 4629 cliarilas
2629 4575 2716 4628 Dei
2748 4574 2814 4628 ad
2861 4574 3153 4638 hominem,
3180 4586 3238 4628 ut
3266 4575 3587 4628 immortalis
3634 4591 3727 4643 pro
3787 4586 3839 4630 te

524 4670 630 4723 sti.-
652 4669 821 4724 Sicuti
852 4672 997 4725 enim
1024 4686 1219 4740 corpus
1253 4669 1574 4735 fornicatur,
1622 4669 1694 4723 ita
1722 4677 1778 4725 et
1820 4670 1997 4724 anima
2037 4685 2131 4725 oc-

522 4760 667 4813 culte
705 4763 1113 4816 communicans
1144 4762 1394 4831 malignis
1423 4760 1708 4816 virtutibus
1748 4761 1800 4814 in
1848 4762 2131 4831 cogitatio-

529 4850 710 4913 nibus,
742 4852 792 4905 in
825 4853 1063 4922 peccatis
1094 4852 1455 4908 iuvisibilibus
1481 4869 1492 4904 :
1521 4851 1887 4921 corrumpitur
1908 4853 2052 4910 enim
2077 4863 2133 4911 et

530 4942 849 4998 fornicatur.
895 4984 907 4996 .
955 4986 968 4999 .
1016 4984 1029 4998 .
1076 4985 1088 4998 .
1137 4986 1151 4998 .
1198 4986 1210 4998 .
1257 4985 1270 4999 .
1317 4987 1329 4998 .
1372 4945 1656 5002 desideriis
1687 4985 1700 5000 .
1746 4989 1759 5001 .
1807 4989 1820 5001 .
1869 4989 1882 5004 .
1929 4989 1941 5002 .
1988 4987 2003 5003 .
2054 4989 2066 5003 .
2112 4987 2127 5002 .

532 5035 586 5090 iti
622 5050 755 5089 vana
784 5036 975 5106 gloria,
1005 5037 1057 5090 in
1101 5036 1317 5101 invidia,
1368 5037 1420 5091 in
1451 5023 1652 5107 rapina.
1680 5038 1783 5095 Ubi
1809 5041 1951 5095 enim
1983 5056 2129 5096 com—

531 5128 776 5184 municat
804 5130 1005 5197 anima,
1032 5130 1139 5185 illic
1166 5139 1219 5184 et
1264 5129 1537 5185 ministrat
1562 5142 1615 5184 et
1643 5132 1842 5185 servit:
1874 5133 1917 5185 si
1949 5143 2127 5187 autem

532 5219 717 5275 divino
747 5221 949 5292 Spiritu
974 5222 1358 5290 communicat,
1386 5221 1487 5293 ipsi
1509 5232 1563 5278 et
1586 5223 1891 5278 ministrat:
1925 5222 1972 5279 si
2003 5238 2131 5280 vero

603 5364 619 5390 ι
646 5358 722 5431 Ita
755 5360 1020 5431 legebam.

603 5431 623 5501 ξ
649 5430 784 5486 Cod.
814 5430 1076 5501 operatus.

608 5500 782 5575 fgod.
816 5500 969 5556 hunc.
1003 5504 1205 5575 Scripsi
1231 5504 1347 5573 hoc,
1377 5504 1618 5565 referens
1647 5503 1713 5562 ad
1740 5522 1847 5561 cor.

606 5568 627 5599 "
652 5570 765 5626 Cod
777 5616 788 5627 .
820 5568 1135 5629 exteriorem:

610 5638 630 5669 '
654 5640 728 5694 lta
750 5644 873 5699 cod.

610 5711 630 5745 ⁸
662 5714 735 5768 Ita
765 5718 886 5775 eod.

606 5782 625 5817 ⁷
654 5783 728 5861 ita
758 5788 879 5859 cod.

2237 4665 2383 4719 cruci
2433 4665 2763 4735 aftigeretur,
2804 4664 2940 4719 sicut
2969 4665 3230 4735 scriptum
3261 4674 3345 4719 est
3375 4681 3386 4717 :
3416 4664 3506 4719 Sic
3534 4665 3665 4718 enim
3698 4663 3840 4720 Deus

2234 4757 2413 4810 dilexit
2446 4758 2718 4823 mundum,
2747 4766 2799 4810 ut
2822 4756 3018 4811 Filium
3042 4774 3187 4811 suum
3211 4758 3423 4811 unicum
3453 4756 3598 4810 daret
3627 4774 3719 4829 pro
3756 4774 3836 4812 eo.

2238 4852 2503 4918 Quomodo
2538 4868 2657 4921 ergo
2701 4868 2803 4906 non
2841 4852 3014 4905 omnia
3035 4867 3151 4904 cum
3178 4851 3289 4920 ipso
3316 4850 3460 4905 nobis
3482 4851 3731 4903 donarit?
3775 4850 3877 4905 Et.

2234 4948 2360 5004 alibi
2394 4966 2405 4999 :
2437 4947 2598 5000 Amen
2628 4989 2641 5012 ,
2693 4946 2810 4999 dico
2856 4946 2995 5000 vobis
3018 4986 3031 5008 ,
3061 4945 3300 5015 quoniam
3330 4960 3485 5014 super
3525 4944 3697 4996 omnia
3744 4960 3843 4997 sua

2236 5042 2501 5095 constituet
2533 5056 2667 5093 cum.
2704 5039 2839 5093 Dicit
2862 5039 3002 5092 enim
3033 5037 3160 5091 alibi
3191 5038 3435 5091 minister
3485 5043 3795 5089 sanctorum
3824 5052 3837 5087 :

2236 5148 2357 5188 cum
2392 5132 2603 5187 Eliseus
2634 5144 2780 5187 esset
2804 5130 2855 5185 in
2886 5140 3100 5197 monte,
3134 5141 3187 5185 et
3215 5131 3487 5185 venissent
3509 5129 3574 5182 ad
3603 5144 3725 5183 eum
3763 5130 3841 5183 al-

2239 5226 2709 5299 lophyli,dicebat
2732 5242 2863 5297 puer
2886 5225 3040 5280 multi
3063 5233 3206 5281 sunt.
3254 5266 3268 5278 .
3313 5264 3327 5277 .
3375 5266 3387 5277 .
3436 5264 3448 5278 .
3495 5263 3508 5278 .
3557 5263 3569 5276 .
3617 5263 3629 5276 .
3678 5265 3690 5276 .

2299 5368 2321 5399 ⁸
2350 5366 2424 5420 Ita
2456 5365 2577 5419 cod.

2522 5440 2687 5511 ipsum
2715 5438 3117 5492 similitudinem.

2316 5509 2593 5565 “Scilicet
2626 5512 2980 5575 potrntatibus.

2292 5582 2356 5612 ‘“
2383 5580 2515 5636 Cod.
2547 5581 2641 5635 sibi
2674 5582 2833 5635 nicas.

2321 5653 2361 5684 ¹²
2409 5652 2479 5705 Ita
2523 5654 2643 5705 cod.
2672 5652 2791 5705 loco
2821 5665 2945 5722 μναῖ.

2315 5722 2361 5807 ξ³
2387 5724 2465 5782 ita
2507 5723 2720 5782 sctieda:
2750 5719 2910 5807 conp,
2942 5737 3048 5779 non
3073 5737 3216 5793 cons.
3246 5721 3353 5779 nisi
3382 5719 3634 5793 mendum
3662 5733 3843 5785 meum

2238 5803 2341 5857 οκ.
