4194 6184
339 320 444 376 657

824 440 1310 499 ΕΒΑϐΜιΕΝΤυΜ
1341 442 1434 497 XI.

341 572 357 588 .
390 570 404 586 .
440 573 454 586 .
491 573 506 586 .
546 573 558 585 .
596 573 608 587 .
645 573 658 586 .
690 536 855 588 uocati
883 535 948 589 ad
978 537 1358 605 imperatorem
1400 538 1416 567 ί
1451 536 1691 608 praefecti
1730 537 1819 593 vel
1847 553 1944 593 co-

337 629 503 685 mites
546 629 646 683 sub
673 646 865 700 magno
917 630 1112 686 timore
1153 640 1208 687 et
1237 642 1473 688 tremore
1499 643 1646 697 sunt,
1681 632 1944 702 quemad-

337 723 560 778 modum
600 723 666 776 ad
698 724 1028 793 interrogata
1056 725 1441 794 respondeant,
1472 735 1563 780 ant
1595 742 1660 780 ue
1679 725 1731 781 in
1757 727 1942 796 aliquo

336 815 616 871 oﬂ‘cndant
641 817 807 872 verbo
834 825 883 883 α,
915 826 970 873 et
1001 818 1242 874 incidant
1278 819 1329 874 in
1367 821 1666 891 periculum
1705 820 1725 852 ³
1755 836 1769 886 ;
1822 836 1943 876 rus-

339 911 430 965 tici
456 920 634 966 autem
663 923 719 966 et
760 913 958 982 ignavi,
987 913 1078 983 qui
1121 929 1409 984 numquam
1436 910 1674 985 judicent
1719 913 1940 984 penitus

337 1005 610 1071 viderunt,
643 1006 694 1059 in
723 1006 1013 1061 securitate
1046 1006 1383 1077 transigunt:
1418 1017 1472 1062 et
1501 1007 1552 1062 in
1614 1007 1718 1062 hoc
1744 1006 1941 1062 szrculo

338 1098 408 1152 ab
453 1097 788 1168 imperatore
833 1113 1007 1168 usque
1034 1099 1100 1153 ad
1146 1115 1439 1169 pauperem
1470 1101 1814 1156 securitatem
1863 1100 1943 1156 vi-

338 1192 532 1247 dentur
553 1192 654 1247 Sub
678 1192 818 1248 coelo
848 1193 1068 1249 habere.
1090 1194 1189 1262 Qui
1210 1205 1389 1248 autem
1421 1195 1795 1266 ingrediuntur
1815 1206 1940 1251 ante

339 1285 575 1338 tribunal
620 1283 848 1340 Christi.
888 1323 902 1339 .
943 1325 958 1341 .
1004 1325 1017 1340 .
1065 1325 1077 1340 .
1125 1327 1137 1340 .
1185 1327 1198 1341 .
1245 1328 1258 1342 .
1291 1301 1506 1358 semper
1536 1290 1635 1342 sub
1666 1289 1858 1344 timore
1888 1298 1944 1345 et

341 1390 576 1433 tremore
604 1389 732 1432 sunt
785 1379 968 1449 positi.
1020 1379 1151 1434 Nam
1196 1391 1248 1434 et
1290 1380 1491 1435 divites
1534 1390 1691 1436 terra:
1723 1380 1942 1451 quando

338 1475 618 1543 copiosum
651 1473 883 1528 fructum
937 1474 988 1528 in
1049 1475 1258 1530 horreis
1308 1473 1721 1540 reconderint’,
1754 1489 1942 1530 rursus

339 1577 634 1635 cperantur
665 1581 758 1636 per
785 1566 1030 1635 singulos
1059 1567 1178 1622 dies
1219 1580 1276 1621 ut
1319 1569 1624 1638 acquirant.
1647 1594 1656 1600 ι
1679 1569 1773 1624 Sin
1807 1584 1942 1623 vero

340 1659 394 1714 in
425 1658 720 1714 reconditis
750 1659 859 1714 sint
887 1670 1301 1730 prresumentes,
1329 1669 1384 1715 et
1413 1675 1476 1716 ea
1513 1677 1634 1731 qua:
1657 1661 1706 1716 in
1732 1662 1941 1718 horreis

341 1761 470 1806 sunt
499 1753 733 1822 reposita
786 1754 1144 1824 neglexerint,
1180 1755 1361 1808 statim
1416 1754 1467 1808 in
1526 1753 1760 1822 inopiam
1800 1762 1854 1806 et
1885 1753 1939 1807 in

346 1842 724 1898 infelicitatem
749 1854 928 1898 ruunt.
963 1844 1170 1899 idcirco
1211 1845 1455 1899 laborare
1479 1843 1692 1899 fortiter
1713 1844 1934 1912 debent,
1964 1833 2014 1894 Β

340 1937 712 1994 etrecondere
737 1938 933 2008 potius.
959 1937 1034 1992 Et
1054 1937 1423 1994 chrisuanitas
1443 1939 1515 1993 ita
1536 1947 1648 2002 est,
1684 1947 1740 1990 ut
1771 1953 1938 1992 unus-

337 2031 566 2100 quisque
587 2031 815 2101 gratiam
843 2030 942 2086 Dei
972 2040 1168 2101 gustet.
1203 2031 1295 2085 Est
1343 2030 1484 2085 enim
1516 2037 1730 2101 gustate
1772 2038 1827 2085 et
1861 2030 1938 2082 vi-

339 2125 464 2182 dete
490 2127 744 2194 quoniam
773 2125 962 2181 suavis
991 2131 1075 2178 est
1098 2123 1382 2178 Dominus.
1415 2122 1514 2177 Est
1562 2124 1721 2194 igitur
1752 2134 1938 2193 gustus

341 2220 674 2291 Operalitutis
731 2218 1156 2291 inpleuitudine
1210 2219 1445 2283 virtutis,
1501 2217 1735 2288 Spiritus
1766 2217 1938 2274 sancti

337 2315 513 2386 gratia
545 2313 884 2380 ministrante
919 2314 970 2366 in
997 2311 1187 2368 corde.
1236 2310 1513 2381 Quotquot
1539 2311 1686 2366 enim
1715 2309 1936 2364 luminis

342 2417 397 2462 et
429 2409 576 2476 regni
629 2419 752 2461 sunt
785 2404 900 2472 filii,
935 2406 1017 2460 vel
1059 2405 1300 2460 ministri
1335 2402 1468 2458 Novi
1494 2404 1828 2459 'l‘eStamenti
1885 2405 1936 2458 in

340 2501 553 2572 spiritu,
585 2499 670 2554 isti
721 2499 788 2554 ab
836 2500 1142 2556 hominibus
1173 2515 1278 2555 non
1305 2501 1600 2566 docentur,
1631 2500 1725 2562 sed
1761 2516 1794 2554 .a
1826 2500 1938 2554 Deo

341 2602 470 2648 sunt
497 2592 673 2652 edocti
709 2609 723 2645 :
755 2593 873 2662 ipse
901 2605 1083 2648 autem
1114 2593 1358 2647 scribens
1385 2592 1562 2662 legem
1597 2595 1648 2646 iu
1679 2592 1936 2648 cordibus

341 2700 548 2743 eorum.
597 2684 715 2741 Non
745 2685 889 2742 enim
921 2684 972 2739 in
1005 2684 1298 2755 Scripturis
1333 2685 1703 2739 tantummodo
1732 2683 1933 2740 debent

341 2780 558 2845 instrui,
591 2794 709 2849 quae
747 2790 1055 2834 atramento
1094 2790 1222 2834 sunt
1250 2779 1465 2848 scriptae
1487 2777 1512 2815 δ
1543 2795 1558 2843 ;
1611 2777 1707 2832 sed
1737 2779 1790 2832 in
1823 2779 1942 2832 lati-

344 2871 526 2927 tudine
553 2872 730 2926 ctardis
753 2871 924 2941 gratia
957 2870 1080 2934 Dci,
1110 2879 1164 2926 et
1191 2870 1324 2942 legis
1353 2871 1596 2941 spiritus,
1622 2879 1676 2926 et
1697 2870 1938 2926 omlestia

343 2965 599 3037 mysteria
625 2965 948 3025 scribantur.
965 2972 1071 3020 etc.

814 3054 1289 3114 FRAGMENTUH
1333 3055 1446 3112 XII.

342 3189 361 3208 .
405 3192 419 3206 .
465 3189 481 3207 .
524 3189 539 3205 .
585 3192 598 3206 .
643 3190 658 3203 .
700 3151 834 3205 Dico
857 3161 1033 3205 autem
1063 3149 1156 3204 tibi
1173 3152 1432 3220 ,qnoniam
1455 3158 1508 3205 et
1529 3149 1819 3220 Apostolos
1837 3149 1936 3204 .ha-

837 322 1265 381 MONUMENTA
1307 325 1590 382 verum
1635 325 1726 382 AD
1765 325 2177 388 Atttatvoauu
2226 330 2622 389 nocrntnstt
2662 309 3149 390 renudatum.

3543 332 3644 386 0:8

1967 446 2016 507 Α
2047 448 2275 518 probum
2308 451 2672 520 spernendum
2706 451 2957 522 signavit,
2989 465 3038 507 et
3073 452 3291 507 malitia:
3323 467 3504 508 mores
3526 452 3651 509 ed0-

2051 541 2186 601 cuit.
2223 542 2460 613 legiones
2492 544 2722 610 induxit,
2752 546 2972 616 spiritus
2999 545 3272 613 pravitatis
3295 547 3380 615 qui
3402 545 3646 601 obtinent

2045 640 2279 693 animam
2310 639 2361 693 in
2389 639 2744 711 compedibus
2770 639 3012 694 solidatis
3043 649 3098 695 et
3142 642 3308 695 scrris
3339 642 3529 695 ferreis
3572 641 3640 697 ad

2046 731 2442 788 observandam
2477 748 2593 788 eam
2624 749 2690 788 ne
2737 743 3013 787 chatzet
3060 735 3236 804 coegit
3290 749 3408 789 eam
3463 733 3640 790 facere

2045 841 2212 895 opera
2243 841 2454 893 eorum,
2485 829 2780 883 secundum
2822 827 3038 880 illorutn
3071 828 3388 893 arbitrium;
3438 837 3495 883 et
3517 844 3637 882 cor-

2046 931 2310 991 ruperunt
2339 938 2458 976 eam
2488 933 2541 978 et
2572 923 2822 977 fornicati
2846 930 2972 976 sunt
2995 938 3114 976 cum
3147 938 3246 987 ea;
3278 931 3330 975 et
3353 937 3640 992 cooperue-
3689 954 3693 959 τ

2042 993 2173 1067 i‘ttnt
2201 1015 2646 1070 tencbt‘isoculos
2669 1016 2808 1085 ejus,
2839 1031 2903 1070 ne
2933 1015 3142 1081 videret
3169 1015 3638 1081 dominum'suutn;

2045 1116 2098 1160 et
2136 1108 2186 1160 in
2223 1108 2364 1162 mola
2398 1108 2738 1162 tenebrarum
2765 1109 3092 1163 commolere
3126 1116 3443 1177 eoegerunt,
3478 1115 3528 1160 ut
3556 1122 3647 1160 co-

2043 1203 2244 1272 gitaret
2271 1205 2506 1257 carnalia
2539 1214 2590 1258 et
2624 1202 2914 1268 mundana,
2947 1204 3172 1256 sentiret
3214 1213 3427 1257 terrena
3475 1211 3528 1255 et
3581 1202 3644 1255 li-

2045 1311 2192 1350 mosa
2217 1314 2228 1349 :
2255 1306 2306 1351 et
2337 1295 2594 1352 excitavit
2619 1296 2671 1350 in
2699 1312 2760 1351 ea
2792 1295 2994 1367 fontem
3028 1311 3331 1361 cmuosnm,
3358 1294 3643 1364 iniquitate

2044 1396 2375 1454 scatentem;
2406 1399 2459 1443 et
2480 1390 2707 1444 consilia
2742 1389 3090 1459 malignitatis
3119 1388 3403 1459 spirituum
3429 1403 3646 1458 sparse-

2044 1492 2169 1538 runt
2224 1484 2276 1537 in
2307 1498 2398 1548 ea,
2440 1492 2493 1538 et
2541 1485 2592 1536 in
2648 1483 3023 1552 captivitatem
3070 1482 3339 1537 duxerunt
3382 1481 3638 1552 populum

2043 1575 2180 1645 ejus,
2219 1575 2268 1629 id
2299 1586 2380 1630 est
2413 1575 2812 1630 multitudinem
2846 1575 3193 1630 consiliorum
3221 1591 3234 1639 ;
3269 1573 3640 1642 spoliaverunt

2043 1677 2097 1722 et
2123 1669 2315 1738 gloria-2
2343 1669 2696 1734 vestimentis,
2750 1656 3134 1739 inieceruntque
3178 1681 3383 1736 pannos
3414 1665 3638 1735 ignomi.

2045 1763 2148 1816 nite
2171 1770 2226 1816 et
2253 1761 2628 1828 immunditim,
2660 1763 2848 1829 plenos
2895 1759 3253 1814 amaritudine
3291 1767 3344 1813 ct
3376 1757 3532 1822 felle;
3584 1765 3639 1812 et

2044 1855 2405 1922 impleverunt
2426 1869 2543 1908 eam
2574 1854 2718 1907 omni
2741 1851 3106 1906 immunditia.
3132 1848 3335 1904 Deinde
3355 1860 3634 1920 postquam

2044 1945 2209 2008 nntlta
2262 1957 2504 2015 tempora
2545 1944 2986 2009 transierunt,.et
3018 1944 3115 2012 ipsi
3141 1941 3638 1996 consuetudinem-

2043 2039 2328 2094 nebrarum
2359 2045 2629 2108 potestate
2656 2038 2869 2092 decenti
2889 2083 2904 2101 ,
2935 2037 3144 2094 nullan]
3194 2036 3514 2090 memoriam
3547 2034 3632 2089 sui

2041 2134 2188 2204 regis
2217 2132 2512 2198 habebant,
2547 2147 2644 2188 nec
2685 2131 2916 2202 propria:
2941 2131 3224 2195 libertatis,
3255 2130 3348 2184 sed
3379 2132 3447 2182 ita
3471 2129 3636 2183 habe-

2043 2227 2171 2282 bant
2221 2235 2277 2280 ut
2332 2226 2376 2279 si
2423 2225 2558 2280 tales
2583 2225 2654 2280 ab
2686 2224 2836 2279 initio
2864 2232 3048 2278 essent
3093 2224 3259 2277 creati
3289 2239 3303 2287 ;
3334 2222 3479 2276 misit
3507 2235 3636 2290 ergo

2041 2320 2292 2377 Christus
2332 2335 2426 2375 rex
2449 2319 2695 2374 coalestis
2721 2328 2776 2374 et
2807 2332 2986 2380 verus,
3019 2317 3252 2386 primum
3281 2331 3374 2386 per
3416 2311 3634 2370 sanctos

2045 2414 2336 2484 prapbetas
2380 2412 2652 2468 hominem
2696 2427 3044 2466 conmtonens
3073 2452 3086 2474 ,
3120 2417 3174 2462 rt
3204 2411 3255 2463 in
3317 2408 3631 2463 memoriam

2044 2507 2338 2563 nobilitatis
2366 2507 2597 2576 propria:
2623 2520 2886 2561 revocans
2907 2504 3187 2574 dignitatis
3213 2519 3227 2568 ;
3257 2500 3310 2556 id
3338 2502 3498 2556 etiam
3516 2514 3634 2555 me-

2043 2617 2261 2655 morans
2307 2616 2466 2670 quam
2497 2600 2695 2654 acerbo
2718 2599 2762 2664 ",
2785 2613 2943 2668 quam
2972 2597 3200 2652 subdolo
3243 2605 3518 2649 teneretur
3540 2610 3632 2648 er-

2042 2709 2187 2759 rore,
2213 2697 2540 2748 annuntians
2563 2708 2622 2748 se
2655 2693 2828 2763 ipsum
2858 2699 3164 2755 venturum,
3197 2699 3249 2744 ct
3275 2687 3632 2744 liberaturum

2042 2803 2164 2844 eum
2207 2804 2302 2858 per
2329 2805 2388 2842 se
2415 2789 2484 2843 ab
2507 2788 2588 2842 his
2617 2789 2706 2858 qui
2729 2803 2850 2843 enin
2876 2788 2926 2840 itt
2950 2786 3258 2855 captivitate
3285 2784 3630 2838 detinebant..

2137 2919 2148 2932 .
2182 2920 2197 2935 .
2235 2921 2248 2934 .
2281 2921 2296 2934 .
2319 2880 2566 2936 adulterii
2593 2894 2868 2933 nummum
2899 2877 3132 2943 dele-ret,
3151 2888 3206 2932 .et
3235 2891 3427 2931 omnes
3456 2875 3634 2930 inimi-

2043 2990 2136 3030 cos
2157 2991 2186 3030 a
2212 2976 2405 3046 quibus
2449 2982 2659 3028 tenetur
2697 2972 3073 3042 extingueret:
3107 2982 3165 3027 et
3206 2985 3471 3026 renovare
3506 2985 3632 3024 eum

2041 3069 2293 3138 promisit
2338 3065 2633 3123 secundum
2677 3064 2960 3119 arbitrium
3000 3079 3154 3118 suum
3215 3072 3270 3117 et
3315 3062 3493 3132 legem
3539 3076 3633 3130 pa-

2042 3161 2252 3216 cificam
2279 3162 2407 3216 dare
2437 3160 2658 3230 Spiritus
2683 3171 2734 3214 et
2761 3158 2997 3212 divinant
3022 3199 3036 3221 ,
3069 3164 3125 3211 ut
3150 3154 3305 3210 simul
3333 3167 3510 3208 mores
3539 3168 3635 3206 an-

343 3243 534 3300 beutes
557 3243 894 3299 Par-acletum
925 3257 1145 3298 securos
1175 3242 1228 3296 iit
1260 3243 1511 3302 omnibus
1548 3258 1653 3298 non
1695 3243 1866 3299 fuisse
1889 3254 1932 3299 ε.
1966 3232 2012 3297 C
2045 3247 2222 3316 tiquos
2253 3247 2340 3316 qui
2373 3245 2598 3300 erantin
2627 3260 2695 3299 eo
2735 3243 2952 3298 malitiae
2989 3247 3348 3298 commutarct
3381 3257 3393 3290 :
3428 3248 3630 3292 tantum

342 3335 546 3394 Aderat
573 3336 715 3390 enim
760 3336 814 3391 in
845 3336 922 3390 eis
950 3334 1200 3405 gaudium
1227 3346 1283 3390 et
1312 3335 1521 3402 hetitia,
1554 3336 1715 3390 timor
1741 3345 1796 3390 et
1831 3347 1938 3392 trc—

343 3444 462 3492 utor
482 3444 548 3485 ex
579 3430 688 3500 ipsa
722 3431 890 3500 gratia
919 3445 934 3494 ;
967 3443 1072 3484 nou
1101 3429 1245 3483 enim
1271 3429 1338 3484 de
1387 3439 1540 3498 parte
1579 3430 1937 3495 malitiae;sed

342 3524 511 3596 gratia
552 3523 666 3593 ipsa
694 3522 1034 3580 custodiebat
1063 3538 1157 3578 eos
1182 3538 1248 3578 ne
1278 3524 1360 3578 vel
1387 3524 1441 3578 in
1476 3523 1689 3579 modico
1728 3536 1940 3581 averte—

344 3629 547 3671 rentur.
570 3615 1035 3684 Quemadmodum
1064 3616 1109 3670 si
1141 3615 1210 3671 sit
1240 3616 1436 3686 aliquis
1461 3615 1674 3686 jactans
1703 3617 1936 3686 lapidem

343 3711 394 3763 in
435 3725 647 3764 murum
674 3708 716 3775 ³,
745 3707 876 3776 quid
905 3708 1070 3764 laesus
1105 3718 1196 3762 aut
1227 3719 1531 3763 commotus
1576 3717 1659 3763 est
1701 3726 1884 3766 murus
1915 3711 1938 3765 ?

342 3813 434 3858 aut
465 3803 626 3858 veluti
654 3801 849 3873 sagitta
877 3803 930 3856 itt
961 3801 1236 3874 hominem
1266 3802 1286 3832 "
1313 3810 1510 3856 tectum
1531 3803 1746 3857 clibano
1767 3799 1792 3840 ἀ
1815 3803 1939 3858 mit-

346 3905 509 3960 tatur,
530 3894 656 3966 quid
673 3904 768 3949 aut
796 3909 994 3965 corpus
1015 3906 1106 3949 aut
1131 3894 1332 3950 ferrum
1359 3894 1542 3950 nocuit
1571 3896 1869 3966 impingens
1884 3904 1940 3952 et

342 3989 540 4044 cadens
570 3991 592 4043 7
623 3989 697 4043 ita
732 4003 855 4059 pars
884 3989 1063 4057 aliqua
1099 3988 1324 4044 malitia:
1352 3989 1563 4044 etiamsi
1594 3990 1938 4059 approxima-

340 4082 416 4140 vit
441 4083 521 4138 eis
549 4083 604 4136 in
632 4083 836 4153 aliquo,
867 4083 922 4136 in
977 4083 1125 4138 nullo
1171 4093 1354 4138 tamen
1381 4082 1569 4138 nocuit
1608 4099 1702 4140 eos
1724 4084 1764 4149 ⁸,
1805 4099 1941 4155 quo-

342 4174 487 4230 niam
541 4173 713 4230 induti
757 4182 915 4230 erant
957 4172 1252 4243 perfectam
1301 4171 1506 4230 ChriSti
1557 4173 1810 4230 virtutem
1843 4193 1854 4229 :
1883 4185 1938 4234 et

340 4267 441 4340 ipsi
465 4266 694 4337 perfecti
724 4283 846 4335 cum
899 4276 1102 4334 essent,
1139 4266 1410 4322 habebant
1465 4267 1771 4323 libertatem
1809 4282 1939 4338 ope-

341 4359 495 4416 randi
520 4359 809 4430 justitiam.
837 4359 1108 4427 Quoniam
1147 4359 1336 4415 dicunt
1357 4357 1576 4429 quidem
1601 4401 1614 4424 ,
1641 4362 1782 4430 quod
1813 4375 1936 4416 cum

342 4454 508 4526 gratia
537 4455 612 4512 sit
639 4454 835 4514 animm
859 4455 1146 4509 securitas.
1185 4495 1198 4508 .
1233 4491 1248 4509 .
1283 4495 1336 4509 ..
1373 4495 1385 4507 .
1423 4495 1436 4509 .

809 4545 1292 4604 FRAGMENTUM
1319 4546 1458 4606 XIII.

2041 3349 2099 3396 ut
2124 3357 2331 3394 memor
2377 3343 2456 3395 sui
2501 3340 2681 3394 anima
2710 3339 2774 3393 ad
2825 3338 3097 3409 proprium
3141 3336 3411 3405 confugiat
3452 3333 3633 3388 Domi-

2040 3449 2188 3498 nttm,
2218 3432 2266 3486 ei
2294 3447 2354 3487 se
2384 3431 2619 3495 tradens,
2649 3439 2701 3486 et
2722 3445 2870 3483 suam
2896 3428 3245 3484 eomntodans
3269 3427 3630 3481 voluntatem:

2039 3537 2093 3580 et
2135 3534 2190 3579 ut
2217 3525 2490 3589 crederet,
2543 3523 2686 3594 quod
2717 3525 2948 3578 facturus
2975 3522 3046 3578 sit
3072 3523 3250 3576 omnia
3281 3537 3402 3589 qua}
3431 3521 3634 3590 promi-

2039 3620 2138 3684 sit;
2163 3629 2214 3673 et
2242 3635 2364 3672 eum
2395 3618 2645 3673 obsecret
2673 3616 2790 3672 dies
2832 3624 3132 3685 noctesque
3165 3615 3470 3670 vociferans
3497 3623 3556 3669 ut
3601 3630 3631 3668 a

2041 3714 2175 3770 mala
2223 3713 2532 3782 captivitate
2559 3719 2610 3764 et
2641 3711 2833 3766 acerba
2877 3719 3031 3765 eruat
3078 3711 3356 3764 servitute.
3403 3707 3632 3776 Quando

2039 3818 2217 3863 autem
2239 3804 3048 3862 illustravit“bonitassalumris
3061 3803 3229 3857 nostri
3247 3803 3372 3858 Jesn
3403 3799 3627 3863 Christi,

2038 3909 2090 3955 et
2129 3899 2510 3970 promissionis
2539 3906 2910 3954 consummata
2930 3906 3052 3952 sunt
3079 3904 3346 3964 tempora,
3394 3903 3448 3948 et
3485 3893 3633 3946 venit

2040 4009 2133 4048 rex
2155 3991 2408 4047 Christus
2437 3990 2506 4045 ad
2534 3990 2907 4046 redimendum
2935 4000 2990 4045 et
3035 3987 3402 4058 recipiendum
3455 3985 3632 4038 homi-

2040 4103 2163 4142 nem
2181 4101 2367 4150 snum,
2390 4100 2550 4155 quem
2575 4085 2760 4140 multis
2790 4084 3121 4154 temporibus
3149 4081 3262 4143 dira
3294 4081 3527 4134 servitus
3555 4087 3627 4134 tc-

2040 4178 2204 4234 nebat
2235 4186 2330 4245 ;et
2365 4186 2629 4248 quotquot
2657 4178 2708 4231 in
2735 4191 2858 4231 eum
2880 4174 3229 4231 crediderunt
3254 4215 3271 4238 ,
3301 4181 3359 4228 et
3405 4171 3474 4228 ad
3503 4185 3627 4225 etttr.

2040 4272 2418 4344 cenfugerttnt,
2448 4272 2714 4341 redempti
2745 4279 2896 4326 sunt.
2946 4270 3010 4324 Et
3053 4269 3282 4339 rogavit,
3315 4282 3464 4330 suam
3510 4280 3635 4334 cap-

2043 4366 2306 4420 tivitatem
2329 4364 2615 4428 conﬁtens,
2643 4362 2786 4433 quod
2820 4378 2923 4416 non
2957 4375 3053 4430 per
3081 4371 3252 4415 semet
3287 4367 3471 4426 posset
3498 4355 3635 4409 libe-

2042 4459 2147 4514 rari
2179 4467 2235 4512 et
2264 4456 2604 4512 deservitute
2635 4455 2772 4516 erui.
2800 4463 2822 4492 ο
2847 4453 2902 4508 id
2930 4451 3100 4508 estad
3129 4450 3463 4520 superiorem
3479 4463 3639 4502 mun-

2041 4553 2192 4618 dum,
2215 4560 2271 4608 et
2301 4551 2369 4605 ab
2397 4551 2500 4605 hoc
2521 4548 2726 4604 saeculo
2755 4547 2822 4602 ad
2852 4547 3067 4603 beatum
3094 4554 3146 4601 et
3179 4558 3419 4615 perenne
3469 4557 3628 4596 saecu-

393 4683 408 4698 .
448 4681 463 4697 .
496 4685 509 4699 .
540 4681 556 4698 .
585 4682 600 4697 .
630 4642 840 4700 animas
889 4643 1183 4698 multorum
1224 4642 1377 4712 quasi
1420 4641 1709 4698 immundis
1733 4639 1938 4714 spiriti-
1962 4620 2017 4682 D
2044 4645 2152 4700 lum
2186 4641 2397 4699 facilius
2423 4642 2567 4699 volat
2593 4655 2720 4696 cum
2759 4641 2925 4695 multa
2955 4639 3157 4709 requie.
3191 4636 3308 4692 Jam
3339 4635 3482 4692 enim
3515 4633 3638 4690 Filii

338 4733 442 4792 bus
471 4733 850 4805 impleverunt.
873 4733 1028 4790 Sicut
1053 4733 1293 4804 psalmus
1323 4735 1429 4801 ait,
1463 4735 1713 4805 quoniam
1742 4736 1938 4806 repleti

337 4837 467 4884 sunt
495 4827 765 4895 obscurati
795 4827 1047 4886 domibus
1067 4825 1431 4897 iniquitatum.
1467 4825 1531 4880 Et
1559 4827 1742 4898 posuit
1775 4835 1937 4884 testa-

340 4932 580 4979 mentum
607 4931 793 4978 contra
824 4936 1006 4992 regem
1038 4935 1242 4987 verum,
1261 4921 1435 4991 legem
1463 4921 1689 4991 peccati,
1716 4930 1774 4975 et
1798 4922 1934 4977 ima-

339 5017 494 5088 gines
521 5015 811 5072 nebulosas
838 5024 891 5070 et
917 5014 1197 5071 doloribus
1215 5014 1426 5084 plenas.
1457 5025 1516 5072 et
1535 5030 1816 5072 nummum
1851 5031 1937 5074 re-

416 5177 433 5248 ?
463 5175 594 5248 Cod.
624 5175 693 5248 ad
721 5175 1042 5248 imperatore.

413 5247 433 5279 ³
466 5246 593 5303 Sch.
613 5247 669 5301 in
697 5246 944 5315 periculo.

411 5317 435 5350 ³
457 5318 532 5372 Ita
552 5318 673 5373 sch.
700 5334 797 5386 pro
815 5318 1218 5374 recondiderint.

412 5387 434 5418 ‘
461 5389 590 5446 Sch.
616 5405 783 5445 muro.

414 5459 434 5490 ⁸
459 5461 586 5518 Sch.
615 5459 840 5516 homine.

416 5629 442 5657 s
467 5617 603 5676 Hinc
629 5619 1028 5694 cognoscimus,
1053 5627 1324 5694 auctorem
1346 5619 1531 5694 scripti
1555 5620 1713 5692 hujus
1732 5619 1932 5680 vixisse

338 5700 596 5764 manente
623 5691 802 5764 adhuc
826 5691 1071 5749 Romano
1099 5691 1344 5764 imperio.

338 5762 686 5918 “ritugmelti
738 5763 974 5841 theologi
1033 5762 1187 5828 hunc
1222 5763 1400 5844 locum
1439 5763 1506 5826 de
1555 5763 1940 5858 Apostolorum

2045 4737 2141 4794 Dei
2167 4747 2222 4793 et
2249 4737 2509 4793 celsiores
2559 4738 2696 4791 ﬁunt
2739 4743 2794 4790 et
2829 4733 3144 4803 superiores
3183 4731 3300 4788 sine
3351 4730 3462 4786 ullo
3491 4739 3639 4784 metu

2045 4821 2361 4904 Spiritnum'
2389 4830 2811 4894 immundorum,
2862 4837 2918 4884 et
2967 4829 3198 4884 feritatis
3227 4842 3452 4892 eorum;
3501 4825 3642 4879 sicut

2045 4928 2188 4984 enim
2220 4925 2464 4980 volatilia
2504 4925 2614 4994 jam
2665 4938 2769 4978 non
2801 4922 2991 4978 timent
3019 4921 3253 4977 ferarum
3292 4918 3538 4975 insidias.
3571 4915 3642 4971 Ut

2044 5032 2229 5078 autem
2259 5020 2441 5075 nullus
2469 5026 2555 5074 est
2583 5017 2859 5073 hominum
2891 5017 2980 5088 qui
3027 5031 3284 5090 pecorum
3324 5011 3589 5085 loquelam
3617 5011 3638 5044 θ

2117 5184 2137 5256 9
2160 5182 2235 5256 [ita
2260 5181 2390 5256 gsch.
2540 5253 2552 5256 _
2612 5253 2623 5256 Α
2664 5253 2668 5256 ί

2114 5255 2135 5286 ⁷
2161 5254 2294 5308 Cod.
2319 5270 2521 5320 aret-vo,
2539 5253 2730 5310 heic'et
2755 5254 2912 5312 infra.

2117 5326 2140 5358 ⁸
2162 5325 2241 5380 Ita
2267 5325 2387 5380 cod.
2413 5341 2509 5394 pro
2532 5324 2725 5383 illuxit.

2115 5399 2139 5432 ’
2176 5397 2308 5454 Cod.
2327 5438 2343 5466 ,
2377 5398 2680 5470 loquellam.

2118 5623 2242 5706 {lin
2271 5627 2592 5706 sententiam
2623 5627 2882 5685 adversus
2934 5631 3053 5706 illos
3096 5629 3501 5706 heterodoxos,
3547 5631 3639 5706 qui

2047 5697 2375 5775 tilliil__lt¢_'tsi
2411 5700 2607 5775 habent
2639 5703 3114 5775 praeteriscriptum
3140 5701 3362 5758 verbum
3390 5697 3508 5762 Dei.
3565 5697 3571 5711 ’

2116 5768 2143 5853 tt
2169 5770 2300 5853 Eia-tl
2335 5782 2458 5853 sunt
2480 5768 2747 5853 clibano“?
2769 5768 2992 5849 milites,
3017 5777 3068 5836 id
3097 5785 3180 5837 est
3201 5778 3540 5853 εαιαρΙιναοιῦο

2122 5851 2144 5885 ο
2169 5841 2702 5930 Videtur’lnterjecta
2726 5847 2935 5909 lacuna.
2976 5841 2989 5849 ⁷
3026 5873 3029 5880 λ
3207 5859 3212 5864 ‘
