4194 6184
526 263 633 322 6'59

1026 261 1466 321 MONUMENTA
1510 262 1785 319 VETERA
1825 262 1917 317 AD
1958 261 2361 319 ARIANORUM
2405 260 2801 320 DOCTRINAM
2841 264 3330 322 PERTINENTIA.

3734 268 3847 325 6ιο

530 382 910 452 intelligat,ita
939 391 993 436 et
1015 381 1252 450 linguam
1285 378 1525 449 Spiritus
1553 379 1727 433 sancti
1758 392 1920 433 nemo
1951 377 2126 433 ltomi-
2154 382 2208 443 Α
2231 386 2386 433 cutus
2408 380 2489 433 est
2518 379 2569 433 itt
2601 378 2871 449 parabolis
2906 398 2918 433 :
2953 381 3026 434 ait
3053 381 3197 436 enim
3234 399 3246 434 :
3281 380 3534 451 Aperiam
3566 396 3627 438 os
3663 398 3845 439 meum

530 492 659 531 num
676 475 868 544 plenus
892 473 1181 543 spirituum
1198 471 1596 527 mundanorum
1626 471 1891 542 agnoscit;
1909 470 2003 526 sed
2028 470 2130 526 soli

532 569 625 623 ﬁlii
656 567 846 638 gratiae
868 567 1032 623 verba
1053 565 1241 621 matris
1289 575 1590 637 agnoscunt
1622 582 1635 619 :
1663 565 1959 621 secundum
1991 565 2135 636 quod

531 661 733 716 dictum
748 659 1192 729 est,5piritalibus
1217 659 1476 728 spiritalia
1500 669 1903 729 comparantes;
1926 657 2134 713 anima-

534 754 602 809 lis
617 764 799 808 autem
817 751 979 807 homo
995 769 1100 808 non
1118 753 1309 823 recipit
1323 768 1440 822 qua:
1457 761 1582 806 sunt
1597 752 1857 822 spiritalia
1878 770 1889 805 :
1908 752 2135 807 stultitia

532 847 677 903 enim
701 853 785 901 est
812 845 883 901 ei.
913 845 1063 901 Sicut
1085 846 1229 900 enim
1273 846 1581 901 hominibus
1627 848 1895 918 incognita
1936 856 2020 902 est
2050 847 2136 906 lti-

533 943 823 1000 ruudinum
852 958 984 1009 vox,
1014 942 1085 995 ita
1116 952 1170 997 et
1193 942 1437 997 carnales
1457 942 1790 1012 spiritalibus
1813 958 1911 1012 pro
1940 943 2135 999 barba-

534 1037 611 1091 ris
653 1044 796 1090 sunt.
834 1035 959 1089 Haec
985 1047 1168 1089 autem
1215 1034 1443 1104 quadam
1477 1034 1830 1090 similitudine
1859 1035 2134 1091 umbratili

534 1143 721 1183 eorum
749 1168 765 1194 ,
794 1143 912 1198 qua:
956 1142 1080 1182 vera
1108 1135 1254 1191 sunt,
1278 1127 1504 1181 dicimus
1541 1127 1835 1182 volatilium
1863 1136 1918 1182 et
1947 1126 2134 1198 hujus-

536 1221 681 1276 modi
732 1236 944 1285 rerum;
987 1229 1265 1275 sumentes
1312 1221 1381 1276 ab
1412 1221 1494 1276 his
1524 1238 1645 1292 quae
1674 1221 1926 1277 videntur
1952 1237 2135 1278 exem-

537 1315 624 1387 pla
665 1323 720 1369 et
747 1314 1025 1368 materiam
1054 1313 1400 1384 colligentes;
1436 1315 1689 1384 quoniam
1720 1315 1985 1385 spiritalia
2018 1316 2136 1371 nul-

538 1406 644 1461 lam
673 1405 1173 1476 interpretationem
1198 1405 1465 1476 recipiunt
1497 1424 1508 1461 :
1535 1406 1673 1462 sicut
1694 1418 1747 1462 et
1776 1407 2037 1465 Dominus
2058 1407 2137 1463 lo-

2238 472 2290 529 in
2324 471 2616 543 parabolis.
2643 472 2925 544 Spiritalia
2949 474 3093 529 enim
3129 473 3420 530 invisibilia
3447 481 3615 541 sunt,
3648 484 3703 532 et
3743 492 3847 534 nec

2239 580 2490 621 sermone
2534 564 2770 620 humano
2821 576 3048 636 possunt
3084 567 3305 636 exponi,
3337 568 3439 623 nisi
3470 569 3695 638 spiritus
3725 569 3848 641 ipse

2241 660 2557 715 obsecretur
2605 669 2662 715 ttt
2697 660 2905 727 doceat.
2945 662 3260 732 Spiritaletn
3293 664 3435 718 enim
3479 666 3849 737 regeneratio-

2242 767 2363 808 nem
2395 753 2791 808 incrementum
2816 763 2872 809 et
2896 755 3283 825 perfectionem
3317 771 3547 813 noscere
3571 773 3677 813 non
3721 773 3847 827 pos-

2242 862 2452 913 sumus,
2479 848 2573 904 sed
2602 847 2944 906 solummodo
2967 849 3192 906 credere
3220 850 3361 921 quod
3393 852 3464 906 ita
3514 853 3567 907 in
3613 852 3846 907 homini-

2242 942 2342 999 bus
2372 956 2628 1013 operetur
2647 943 2735 1014 qui
2761 944 2807 997 ei
2837 945 3248 999 conversatione
3274 945 3356 999 sui
3399 945 3607 1015 placere
3654 956 3849 1017 potue-

2244 1045 2391 1092 runt.
2426 1035 2503 1090 lta
2535 1044 2589 1091 et
2615 1036 2936 1106 spiritalium
2958 1037 3170 1108 loquela
3192 1037 3421 1093 barbara
3440 1047 3511 1092 est
3551 1039 3849 1093 mundanis

2246 1128 2572 1184 hominibus.
2617 1129 2771 1183 Sicut
2813 1129 2957 1184 enim
3006 1130 3180 1200 pisces
3236 1130 3401 1185 maris
3441 1145 3662 1195 omnes,
3718 1146 3849 1200 quae

2245 1230 2370 1275 sunt
2396 1219 2449 1275 in
2490 1236 2576 1283 eo,
2603 1230 2803 1276 norunt
2830 1222 3051 1277 semitas
3070 1232 3125 1277 et
3158 1221 3572 1291 profunditates,
3592 1232 3646 1277 et
3665 1221 3850 1277 homi-

2246 1328 2341 1369 nes
2365 1315 2455 1369 vel
2479 1312 2618 1370 feras
2646 1314 2727 1370 vel
2759 1329 2958 1385 pecora
3003 1332 3113 1377 non,
3141 1326 3695 1387 possuntagnoscere.
3728 1357 3741 1369 .
3778 1357 3791 1369 .
3830 1358 3844 1371 .

1166 1633 1649 1723 CONTRA
1726 1635 2239 1720 ARIANOS
2316 1632 3200 1720 FRAGMENTUM.

610 1912 677 1966 In
707 1912 933 1967 miscello
962 1914 1133 1968 codice
1170 1912 1619 1984 Vaticana-Regio
1648 1930 1824 1982 nLvn,
1858 1934 1912 1988 p.
1937 1914 1970 1969 6
2001 1927 2047 1971 et
2078 1916 2136 1981 7,
2170 1912 2217 1973 B
2245 1910 2477 1981 Spiritus
2522 1912 2694 1967 sancti
2744 1912 2934 1969 eadem
2978 1928 3101 1970 esse
3151 1914 3475 1971 substantia.
3528 1914 3847 1971 Secundum

545 2004 660 2060 duae
698 2015 899 2061 exstant
947 2007 1255 2062 membrana:
1290 2008 1481 2062 saeculo
1529 2010 1688 2079 ferme
1714 2024 1765 2061 XI
1807 2009 2044 2079 scriptae,
2090 2009 2144 2063 in

546 2116 763 2170 quarum
791 2100 965 2171 priore
988 2100 1239 2154 contineri
1290 2109 1489 2169 partem
1530 2101 1743 2170 cognovi
1795 2100 2045 2154 sermonis
2085 2100 2150 2156 de

548 2195 778 2265 symbolo
807 2195 1055 2248 adversus
1081 2210 1310 2265 paganos
1338 2203 1383 2248 et
1412 2194 1650 2261 Arianos,
1671 2199 1835 2265 quem
1863 2196 1998 2248 inter
2026 2210 2150 2264 spu-

548 2288 656 2340 rios
689 2287 1096 2357 Augustinianos
1115 2286 1369 2340 collocant
1401 2286 1633 2342 Maurini
1662 2288 1909 2354 editores,
1940 2289 1993 2341 in
2024 2289 2148 2341 torni

562 2377 702 2431 VIII
765 2379 1079 2448 appendice,
1131 2398 1184 2451 p.
1221 2380 1308 2443 ll,
1355 2396 1468 2450 sqq.
1536 2378 1604 2434 In
1657 2382 1933 2448 posteriore
1980 2390 2149 2434 autem

548 2472 842 2525 membrana
862 2516 875 2539 ,
910 2488 1024 2541 gnte
1048 2488 1206 2526 manu
1224 2473 1409 2527 ‘eadem
1440 2475 1722 2544 perscripta
1750 2485 1850 2540 est,
1882 2480 2149 2546 fragmen—

552 2575 658 2619 tum
689 2566 806 2618 item
836 2566 1063 2638 legebam
1090 2576 1273 2619 contra
1303 2566 1554 2634 Arianos,
1575 2568 1719 2638 quod
1746 2584 1841 2640 ego
1871 2585 1987 2622 cum
2029 2586 2151 2623 con-
2196 2588 2201 2605 κ

550 2657 867 2724 siderarem,
927 2660 1180 2729 pertinere
1236 2660 1537 2732 suspicabar
1588 2661 1656 2714 ad
1713 2669 1965 2715 tractatus
2029 2662 2152 2717 illos

555 2754 833 2825 Augustini
864 2765 1041 2809 contra
1077 2755 1383 2827 prtedictam
1426 2756 1663 2810 Iucresim
1697 2773 1825 2826 quos
1858 2756 2152 2828 deperditos

555 2863 665 2901 esse
696 2848 908 2902 scimus.
966 2847 1222 2921 Equidem
1252 2850 1413 2905 sentio
1445 2867 1523 2903 me
1553 2850 1839 2920 periculose
1873 2851 2152 2905 admodum

556 2940 619 2992 de
643 2941 740 2993 hac
764 2957 819 2994 re
845 2942 1179 3010 pronuntiare
1204 2958 1223 3006 ;
1266 2943 1381 3012 fieri
1409 2945 1543 2997 enim
1572 2953 1757 3015 potest,
1788 2953 1840 2996 ut
1870 2945 1948 2998 vel
1977 2945 2154 3015 Augu-

559 3033 682 3086 stini
721 3033 981 3103 cognitum
1023 3034 1366 3106 fragmentum
1413 3037 1483 3089 sit
1530 3036 1617 3107 (de
1668 3053 1771 3101 qua
1814 3054 1867 3090 re
1903 3038 2155 3108 vestigare

558 3128 714 3183 altius
761 3144 853 3198 per
899 3130 1167 3199 angustias
1196 3131 1437 3200 temporis
1480 3131 1706 3200 nequeo)
1756 3132 1832 3184 vel
1881 3130 2156 3202 cujuslibet

556 3219 773 3273 alterius
822 3217 1036 3293 Patris,
1122 3237 1341 3288 quorum
1401 3223 1658 3292 permulta
1707 3233 1885 3276 contra
1934 3222 2154 3276 Arianos

556 3315 751 3383 scripta
783 3322 1017 3379 exstant,
1065 3323 1111 3368 et
1153 3332 1184 3367 a
1213 3330 1292 3367 me
1317 3313 1558 3384 pleraque
1585 3324 1702 3367 sunt
1729 3314 1955 3368 lectitata
1974 3357 1987 3379 ,
2031 3316 2154 3384 quin
2183 3301 2227 3365 C
2259 3308 2364 3364 erit
2391 3324 2521 3379 ergo
2549 3309 2691 3380 quod
2721 3317 2775 3363 et
2812 3309 2973 3364 Pater
3000 3318 3103 3373 est,
3139 3310 3232 3378 qui
3258 3320 3343 3364 est
3370 3311 3641 3380 ingenitus
3682 3327 3697 3363 :

543 3412 727 3457 tamen
774 3405 905 3458 hanc
948 3405 1258 3473 particulam
1303 3407 1355 3459 in
1384 3406 1448 3459 iis
1492 3422 1571 3460 me
1599 3408 1782 3479 legisse
1819 3424 1953 3460 nunc
1981 3423 2153 3462 recor-

559 3495 669 3562 der,
704 3512 1012 3565 quamquam
1040 3497 1237 3565 aliquid
1276 3498 1418 3551 haud
1442 3499 1548 3551 scio
1576 3514 1643 3553 an
1670 3500 1838 3553 simile
1860 3515 1940 3553 me
1968 3500 2154 3552 vidisse

557 3588 748 3641 alicubi
787 3604 913 3658 pene
957 3590 1304 3643 commemini.
1350 3589 1535 3645 Verum
1565 3592 1688 3662 quid
1719 3592 1975 3663 prohibet,
2022 3609 2151 3657 quo-

557 3678 725 3730 minus
754 3677 1054 3744 praadictam
1090 3680 1441 3734 membranam
1470 3682 1567 3736 hoc
1595 3684 1707 3737 loco
1736 3682 2007 3737 lectoribus
2036 3684 2158 3737 meis

557 3781 671 3840 post
700 3773 897 3826 Ariana
923 3776 1215 3845 fragmenta
1246 3776 1510 3830 exhibeam
1534 3794 1552 3841 ;
1594 3793 1708 3846 qua:
1733 3780 1836 3832 sive
1863 3778 1986 3831 alibi
2021 3778 2158 3831 edita

555 3876 660 3933 est,
698 3868 801 3921 sive
827 3884 1002 3934 secus,
1040 3870 1347 3923 catholicam
1372 3872 1635 3926 veritatem
1668 3871 1796 3925 belle
1824 3883 2113 3941 propugnat
2135 3876 2159 3925 ?

557 3958 709 4013 Certe
735 3958 870 4013 hanc
898 3962 1069 4027 ipsam
1099 3961 1417 4015 Arianorum
1444 3963 1781 4034 objectionem
1815 3965 1878 4016 de
1902 3962 2085 4031 genito
2113 3971 2158 4015 et

558 4049 803 4119 ingenito
834 4062 1132 4121 proponunt
1158 4053 1255 4105 sibi
1286 4054 1672 4124 dissolvuntque
1712 4056 1970 4124 sapienter
1999 4053 2157 4109 Basi-

557 4142 679 4207 lius,
715 4153 849 4197 orat.
893 4156 1071 4199 contra
1102 4147 1246 4209 Arr.,
1278 4148 1360 4201 ed.
1395 4146 1583 4215 Garn.,
1617 4159 1654 4201 t.
1687 4146 1786 4215 II,
1833 4168 1883 4222 p.
1916 4148 2060 4211 l94;
2113 4158 2159 4203 et

556 4232 876 4302 Ambrosius,
894 4234 957 4289 de
989 4234 1199 4290 Incarn.
1233 4248 1571 4303 sacramento,
1600 4256 1752 4312 capp.
1782 4240 1816 4296 8
1846 4250 1893 4295 et
1916 4240 1987 4306 9;
2014 4241 2161 4295 item-

555 4343 652 4397 que
680 4326 999 4399 Angustinus
1036 4331 1099 4383 de
1129 4329 1298 4399 Trin.,
1330 4347 1383 4399 v,
1431 4333 1485 4398 4,
1530 4333 1616 4403 qui
1642 4342 1688 4386 et
1718 4332 1782 4387 de
1807 4332 2003 4404 illazsic
2032 4349 2157 4403 pro-

555 4422 795 4475 wmiatur
848 4440 866 4477 :
910 4423 1057 4479 Inter
1095 4424 1259 4480 multa
1303 4440 1425 4496 qum
1456 4425 1643 4481 Ariani
1673 4424 1937 4493 adversus
1965 4425 2157 4480 catho-

556 4514 715 4570 licam
765 4516 924 4572 lidem
976 4517 1158 4574 solent
1208 4517 1534 4589 disputare,
1604 4520 1707 4575 hoc
1764 4519 1864 4573 sibi
1924 4517 2158 4573 maxime

556 4608 977 4664 callidissimum
1023 4611 1521 4666 machinamentum
1561 4625 1866 4682 prOponere
1906 4610 2158 4665 videntur

2250 2021 2409 2076 quam
2460 2004 2688 2060 formam
2733 2017 2786 2062 et
2833 2022 2933 2078 ego
2970 2007 3284 2078 interrogo:
3337 2008 3384 2063 si
3429 2009 3735 2065 dill‘erentia
3767 2019 3853 2065 est

2249 2098 2417 2168 geniti
2447 2113 2642 2154 nomen
2671 2100 2739 2155 ab
2767 2101 3038 2171 ingenito,
3090 2119 3157 2157 ne
3202 2102 3393 2158 eadem
3435 2102 3683 2158 videatur
3724 2104 3859 2160 sub-

2251 2194 2446 2246 stantia
2476 2212 2489 2248 :
2532 2209 2662 2263 ergo
2692 2196 3071 2266 quodcumque
3104 2197 3405 2267 ingenitum
3436 2197 3670 2265 diciturf,
3701 2198 3854 2267 ejus-

2251 2283 2373 2338 dtrm
2404 2286 2509 2341 erit
2550 2287 2865 2342 substantia:
2884 2328 2897 2352 ,
2943 2290 2987 2343 si
3016 2290 3181 2357 geniti
3210 2290 3279 2344 ab
3306 2289 3547 2360 ingenito
3573 2289 3857 2361 discrepat

2254 2392 2474 2432 nomen.
2519 2379 2724 2434 Dicitur
2755 2396 2884 2450 ergo
2911 2381 3182 2452 ingenitus
3205 2382 3370 2437 Pater
3390 2392 3554 2452 atque
3579 2382 3854 2439 inlectus:

2253 2469 2450 2526 dicitur
2477 2472 2711 2528 etFilius
2730 2476 3114 2545 genitttsatqtte
3140 2470 3396 2530 inlectus.
3424 2474 3480 2531 Si
3516 2476 3679 2547 igitur
3712 2477 3765 2530 in
3786 2491 3858 2532 eo

2254 2566 2396 2635 quod
2414 2567 2682 2637 ingenitus
2695 2580 2741 2622 et
2761 2570 2984 2640 genitus,
3000 2568 3102 2623 sibi
3122 2568 3397 2635 ditl‘eruut;
3415 2585 3545 2641 ergo
3562 2572 3611 2626 in
3624 2586 3691 2627 eo
3707 2570 3853 2640 quod

2254 2657 2483 2713 infectus
2499 2670 2552 2714 et
2567 2660 2792 2714 inlectus
2804 2660 3327 2731 dicutttnr,ejusdem
3342 2672 3502 2717 erunt
3514 2663 3853 2717 substantiae.

2256 2752 2489 2822 Spiritus
2516 2752 2681 2806 etiam
2710 2760 2953 2815 sanctus,
2981 2752 3048 2806 de
3070 2768 3177 2823 quo
3204 2754 3479 2821 scribitur,
3504 2759 3647 2824 quod
3676 2770 3856 2825 neque

2256 2844 2416 2899 Pater
2452 2844 2553 2907 sit,
2600 2858 2775 2913 neque
2804 2844 3005 2911 Filius,
3053 2860 3229 2915 neque
3264 2845 3412 2916 quod
3460 2843 3674 2911 factus;
3722 2846 3854 2917 quid

2259 2936 2364 2991 erit
2411 2934 2744 2991 dicendum?
2793 2936 3062 3005 ingenitus
3106 2938 3213 2992 erit
3250 2956 3262 2991 :
3294 2937 3415 2992 .sed
3457 2938 3501 2993 si
3547 2938 3853 3009 ingenitus,

2262 3030 2505 3100 ejusdem
2540 3032 2646 3085 erit
2672 3022 3025 3098 substantiae,
3068 3032 3222 3103 cujus
3248 3041 3303 3088 et
3338 3032 3571 3087 mundus
3600 3042 3716 3097 est,
3771 3035 3857 3089 vel

2255 3137 2317 3177 ea
2351 3137 2471 3193 quae
2498 3137 2563 3177 ex
2593 3123 2760 3177 nihilo
2801 3133 2946 3178 sunt.
2992 3124 3100 3181 Sed
3140 3126 3373 3181 mundus
3398 3126 3502 3181 etsi
3546 3124 3720 3180 factus
3748 3137 3852 3193 est,

2259 3216 2535 3285 ingenitus
2563 3227 2683 3271 est:
2731 3232 2840 3271 non
2875 3218 3017 3272 enim
3048 3218 3221 3273 Filius
3249 3227 3356 3283 est,
3383 3219 3509 3288 quia
3539 3218 3708 3273 lactus
3737 3228 3851 3285 est;

3745 3325 3859 3380 quo

2259 3415 2458 3472 genere
2488 3401 2532 3456 si
2562 3412 2613 3455 et
2648 3400 2878 3470 Spiritus
2909 3410 3129 3456 sanctus
3158 3401 3330 3456 lactus
3356 3412 3441 3456 est
3461 3444 3474 3465 ,
3524 3401 3628 3455 erit
3656 3412 3710 3455 et
3738 3402 3859 3471 ipse

2259 3503 2318 3549 ut
2343 3496 2576 3550 mundus
2609 3495 2899 3565 ingenitus.
2940 3494 3047 3549 Sed
3074 3495 3311 3550 diximus
3336 3494 3533 3550 Filium
3567 3494 3854 3561 inlectum,

2260 3602 2367 3640 non
2398 3587 2540 3640 enim
2569 3585 2739 3640 lactus
2767 3595 2851 3641 est
2876 3604 2890 3640 :
2920 3601 3051 3656 ergo
3076 3586 3335 3659 quidquid
3365 3586 3561 3641 factum
3593 3602 3698 3641 non
3730 3587 3848 3642 luc—

2260 3677 2330 3731 rit
2357 3676 2603 3746 ejusdem
2643 3678 2749 3730 erit
2792 3677 3130 3732 substantia}.
3199 3678 3360 3733 Pater
3387 3678 3563 3733 lactus
3596 3692 3700 3732 non
3732 3688 3856 3742 est;

2260 3768 2493 3839 Spiritus
2524 3777 2740 3823 sanctus
2782 3771 2949 3840 factus
2997 3785 3101 3824 non
3135 3780 3218 3825 est
3253 3786 3267 3836 ;
3320 3769 3489 3824 Filius
3532 3769 3703 3825 faetus
3749 3786 3861 3825 non

2261 3873 2342 3917 est
2369 3880 2383 3917 :
2432 3878 2561 3932 ergo
2592 3862 2834 3931 ejusdem
2864 3864 2966 3918 erit
2993 3863 3313 3918 substantia)
3339 3863 3577 3934 Spiritus
3610 3874 3860 3931 sanctus,

2265 3953 2348 4008 vel
2380 3953 2577 4021 Filius,
2620 3954 2773 4021 cujus
2803 3964 2858 4009 et
2895 3966 3051 4026 pater
3089 3965 3192 4009 est.
3238 3956 3515 4025 Ingenitus
3542 3957 3733 4023 Pater,
3779 3957 3862 4010 in—

2261 4048 2475 4118 genitus
2521 4056 2577 4101 et
2620 4047 2853 4116 Spiritus
2904 4058 3122 4105 sanctus
3148 4091 3161 4115 ,
3220 4050 3495 4120 ingenitus
3532 4062 3587 4106 et
3628 4050 3863 4105 mundus

2263 4141 2394 4215 (non
2448 4140 2592 4195 enim
2645 4142 2755 4196 nati
2806 4151 2952 4211 sunt)
3004 4143 3247 4214 ejusdem
3296 4152 3456 4199 erunt
3508 4144 3857 4211 substantiae,

2262 4234 2417 4304 cujus
2454 4244 2509 4288 et
2541 4234 2698 4289 Pater
2726 4245 2848 4291 est;
2893 4236 2986 4292 sed
3032 4237 3268 4293 mundus
3314 4237 3488 4293 factus
3533 4248 3651 4306 est,
3695 4239 3858 4294 Pater

2262 4337 2442 4382 autem
2475 4342 2580 4382 non
2615 4337 2697 4382 est
2725 4326 2918 4396 lactus,
2959 4329 3053 4383 sed
3086 4345 3260 4400 neque
3285 4330 3457 4386 Filius
3482 4346 3659 4401 neque
3688 4332 3864 4401 Spiri-

2264 4429 2349 4475 tus
2377 4430 2639 4487 sanctus;
2680 4436 2810 4490 ergo
2854 4422 3001 4475 solus
3045 4421 3275 4478 mundus
3317 4438 3421 4478 non
3451 4423 3556 4478 erit
3598 4423 3849 4493 ejusdem

2262 4514 2616 4581 substantiae,
2663 4515 2818 4586 cujus
2862 4514 3056 4581 Pater,
3109 4515 3196 4571 vel
3241 4515 3447 4583 Filius,
3496 4517 3587 4573 vel
3629 4517 3864 4587 Spiritus

2262 4618 2498 4664 sanctus.
2547 4608 2685 4673 Quid
2734 4624 2863 4679 ergo
2904 4609 2957 4663 in
2992 4609 3304 4665 nominibus
3348 4620 3399 4665 et
3440 4609 3722 4665 hominum
3769 4625 3863 4666 sae

558 4713 683 4752 eum
718 4700 936 4775 dicunt,
982 4714 1088 4757 etc.
1147 4702 1217 4756 In
1261 4705 1569 4757 membrana:
1597 4704 1738 4756 calce
1773 4700 2011 4756 scribitur
2042 4712 2160 4755 nota
2190 4692 2241 4751 D
2266 4702 2466 4770 pientia
2510 4700 2962 4757 convenientibus
3011 4702 3364 4757 immoramur
3388 4746 3403 4768 ,
3450 4711 3505 4757 et
3551 4718 3656 4757 non
3690 4703 3743 4757 in
3776 4702 3864 4757 his

556 4792 909 4861 quaternionis
938 4794 1142 4861 septimi
1165 4810 1185 4858 ;
1224 4800 1362 4848 unde
1388 4796 1743 4865 cognoscimus
1773 4794 2023 4864 reliquum
2054 4810 2160 4848 esse

556 4884 899 4952 fragmentum
933 4900 997 4936 ea:
1025 4884 1200 4950 aliquo
1234 4888 1431 4957 majore
1460 4886 1653 4942 codice.

848 5013 861 5028 .
906 4991 1011 5031 non
1040 4975 1217 5032 edocti
1247 4977 1497 5033 humanae
1522 4979 1800 5050 sapientia:
1827 4979 2028 5043 verbis,
2063 4977 2158 5033 sed

556 5066 700 5122 docti
750 5067 969 5137 spiritu.
1037 5067 1225 5124 Redde
1254 5085 1419 5141 ergo,
1470 5071 1755 5133 haeretice.
1804 5071 1945 5141 quod
1975 5071 2160 5127 docuit

560 5161 825 5231 Spiritus;
872 5162 1039 5218 redde
1071 5174 1127 5218 ut
1159 5164 1296 5219 lidcs
1338 5182 1446 5220 non
1478 5167 1549 5221 sit
1590 5168 1643 5221 in
1691 5164 1953 5235 sapientia
1980 5166 2160 5220 homi~

558 5269 708 5319 nttm,
737 5264 789 5309 et
817 5256 1043 5313 lttcresis
1072 5275 1179 5314 non
1206 5261 1330 5315 erit.
1369 5261 1431 5314 Et
1460 5275 1527 5315 ne
1550 5260 1754 5314 diutius
1784 5259 2155 5325 itnmoremnr,

552 5347 841 5419 veniamus
872 5350 940 5405 ad
968 5366 1030 5407 ea
1060 5392 1075 5417 ,
1129 5368 1250 5423 quae
1289 5352 1446 5407 nobis
1480 5362 1752 5422 tamquam
1802 5366 2013 5405 murum
2057 5352 2164 5406 ler-

557 5453 710 5495 reum
759 5456 1035 5512 opponere
1080 5454 1421 5501 consuerunt
1468 5444 1759 5501 dicentes:
1810 5443 2083 5513 ingenitus
2110 5452 2166 5498 et

558 5534 776 5604 genitus
810 5536 951 5592 idem
978 5550 1095 5605 est,
1144 5540 1367 5597 necne?
1410 5548 1464 5593 ttt
1497 5554 1595 5610 per
1625 5538 1678 5595 id
1705 5535 1851 5609 quod
1877 5535 2160 5591 dissimilis

560 5636 729 5681 sonus
762 5628 814 5683 itt
843 5631 1061 5689 nomine
1088 5643 1205 5701 est,
1253 5648 1361 5690 non
1390 5633 1633 5692 videatur
1667 5631 1845 5688 Patris
1870 5638 1927 5687 et
1950 5628 2078 5685 Filii
2104 5637 2160 5685 et

637 5770 651 5799 ¹
685 5766 818 5823 Cod.
854 5784 979 5825 esse.

2266 4808 2385 4863 qua:
2420 4792 2702 4863 Scriptura
2744 4794 2975 4863 signavit
3003 4794 3267 4859 dicendo,
3320 4794 3536 4850 Patrem
3583 4804 3637 4849 et
3668 4794 3864 4849 Filium

2268 4893 2323 4938 et
2351 4884 2612 4955 Spiritum
2651 4895 2898 4941 sanctum
2931 4902 3053 4942 esse
3085 4887 3463 4943 credendum?
3505 4888 3660 4956 Quod
3687 4888 3732 4942 si
3767 4904 3867 4941 no-

2266 4979 2505 5034 minibus
2548 4980 2678 5048 ]ides
2706 4979 3010 5034 adhibenda
3042 4989 3160 5047 est,
3211 4989 3271 5034 ut
3298 4979 3554 5051 quicquid
3585 4979 3669 5034 vel
3717 4981 3868 5050 inge-

2268 5070 2442 5125 nitmn
2471 5081 2627 5126 sonat
2656 5072 2740 5128 vel
2772 5071 3029 5127 infectum
3055 5114 3069 5137 ,
3114 5087 3337 5128 necesse
3383 5082 3467 5128 est
3513 5082 3571 5127 ut
3606 5073 3865 5143 quicquid

2268 5162 2430 5221 fuerit
2477 5164 2773 5235 ingenitum
2818 5166 2901 5220 vel
2954 5166 3250 5234 inlectum,
3301 5167 3547 5235 ejusdem
3598 5167 3708 5221 sit‘
3740 5166 3867 5221 sub-

2271 5258 2486 5312 stantia:
2515 5275 2527 5310 :
2572 5244 2627 5312 et
2657 5258 2758 5313 hac
2790 5259 3000 5315 ratione
3030 5258 3286 5330 quicquid
3319 5259 3449 5314 illud
3481 5260 3671 5324 fuerit,
3723 5258 3864 5329 quod

2275 5349 2581 5404 immortale
2609 5349 2857 5415 dicatur,
2910 5352 2994 5405 vel
3035 5351 3445 5420 incorruptum,
3497 5351 3578 5405 vel
3614 5351 3869 5420 incorpo-

2273 5457 2463 5505 reum,
2498 5442 2582 5497 vel
2615 5441 2905 5508 infectum,
2940 5450 2997 5496 ut
3025 5441 3270 5512 ejusdent
3304 5442 3550 5496 videatur
3575 5456 3700 5496 esse
3741 5442 3871 5495 sub-

2272 5534 2506 5590 stantiae.
2568 5534 2798 5589 Mundus
2842 5533 3017 5589 factus
3044 5541 3157 5602 est,
3205 5534 3290 5589 vel
3318 5548 3381 5589 ea
3410 5550 3529 5606 qua:
3573 5535 3624 5589 in
3666 5533 3867 5587 mundo

2272 5640 2398 5686 sunt
2424 5648 2437 5683 :
2472 5628 2730 5701 numquid
2760 5644 2880 5701 qua:
2910 5628 3052 5685 facta
3084 5636 3246 5697 sunt,
3279 5626 3527 5698 ejusdem
3553 5634 3715 5683 erunt
3741 5624 3867 5681 sub-
