4194 6184
354 235 451 292 641

850 237 1284 298 MONUMENTA
1322 237 1606 296 VETERA
1646 237 1737 296 AD
1777 238 1940 298 ARIA

2044 237 2187 299 RUM
2231 241 2629 301 DOCTRINAM
2666 243 3147 304 PERTINENTIA.

3544 250 3647 309 649

348 353 558 408 stantia:
583 396 595 419 ,
628 354 677 408 id
712 364 792 409 est
824 357 1019 413 malum
1043 400 1055 423 ,
1092 369 1235 414 terra
1258 399 1272 423 ,
1305 373 1429 424 aer,
1465 374 1600 429 aqua
1629 358 1652 411 ?
1695 356 1752 415 Si
1785 358 1949 430 igitur
1978 359 2025 421 Α
2059 359 2289 416 versitas
2326 361 2349 415 ?
2410 362 2531 433 quia
2566 363 2843 418 nominum
2874 364 3160 420 diversitas
3191 365 3412 423 honoris
3444 368 3652 440 signiﬁ-

345 462 465 515 qtta:
499 446 635 500 facta
666 453 827 515 sunt,
860 464 967 503 non
994 460 1118 503 sunt
1149 450 1392 519 ejusdem
1423 450 1771 515 substantite‘,
1816 452 1941 521 quia

344 549 470 593 nata
500 554 607 593 non
639 550 802 605 sunt;
848 555 979 609 ergo
1012 542 1285 611 ingenitus
1315 552 1366 597 et
1397 544 1617 613 genitus
1638 584 1651 607 ,
1693 545 1781 613 qui
1816 543 1941 597 facti

346 645 460 685 non
489 639 617 686 sunt
643 674 656 697 ,
709 633 953 702 ejusdem
980 644 1145 689 erunt
1170 635 1519 701 substantizc,
1549 639 1671 706 quia
1701 635 1847 689 aliud
1876 635 1946 691 sit

346 733 534 779 uatum
566 733 620 779 et
642 725 788 779 aliud
821 728 1021 781 factum
1049 746 1061 781 :
1094 743 1153 782 ea
1186 729 1329 783 enim
1356 745 1474 799 qua!
1503 728 1637 783 ﬁunt
1666 729 1943 784 voluntate

344 815 619 881 facientis,
651 817 969 873 substantia:
994 818 1312 875 diversitate
1342 822 1650 877 consistunt
1676 838 1687 873 :
1721 836 1782 875 ea
1813 836 1943 875 vero

342 926 466 980 qua:
520 924 857 977 nascuntur,
905 913 1066 969 etiam
1117 930 1181 968 ex
1231 915 1388 969 factis
1440 914 1680 985 ejusdem
1736 924 1943 967 natura:

346 1018 561 1075 semper
588 1004 841 1061 obtinent
867 1006 1169 1062 veritatem.
1214 1006 1445 1077 Respice
1477 1007 1754 1074 arborum,
1780 1006 1944 1060 semi-

347 1114 513 1164 num,
552 1099 854 1169 pecudum,
901 1100 1133 1156 ferarum
1156 1144 1169 1167 ,
1202 1102 1518 1166 volucrum,
1550 1101 1941 1170 hominumque

347 1202 606 1259 naturas;
650 1195 864 1265 respice
914 1205 969 1249 et
1011 1211 1196 1251 carum
1248 1211 1447 1265 opera,
1508 1204 1601 1250 aut
1656 1195 1940 1249 hominum

344 1286 689 1354 habitacula,
740 1300 830 1343 aut
858 1289 1055 1345 cubilia
1089 1290 1326 1345 ferarum
1353 1334 1366 1357 ,
1414 1302 1509 1345 aut
1544 1291 1701 1345 nidos
1736 1292 1937 1356 avium,

343 1390 436 1435 aut
460 1381 640 1451 apium
670 1383 868 1450 cellas,
908 1394 999 1439 aut
1036 1386 1408 1455 promptuaria
1438 1384 1785 1439 formicarum
1805 1427 1818 1449 ,
1850 1393 1942 1438 aut

342 1484 497 1529 antra
541 1490 909 1541 aranearum,
962 1477 1050 1531 vel
1099 1479 1341 1533 omnium
1388 1494 1648 1547 generum
1690 1487 1937 1543 secreta,

342 1577 506 1639 atque
546 1570 597 1624 in
648 1570 767 1638 his,
819 1587 940 1642 qua:
991 1572 1140 1637 dixi,
1187 1588 1372 1626 carum
1421 1588 1584 1641 epera
1631 1572 1937 1627 considera.

342 1659 615 1731 Numquid
666 1662 861 1717 similis
909 1665 923 1693 ³
965 1663 1281 1719 substantiae
1330 1664 1501 1719 sunt?
1541 1680 1771 1735 quorum
1818 1679 1963 1735 quret

2052 456 2195 510 eatio
2225 464 2343 521 cst,
2390 466 2575 513 etnon
2610 474 2797 514 earum
2830 459 3169 515 substantiae.
3214 460 3348 515 Nam
3381 464 3522 533 quod
3563 464 3649 519 di-

2049 558 2246 604 cuntur
2276 550 2542 617 Virtutes,
2592 551 3001 609 Dominationes
3026 595 3042 622 ,
3074 554 3278 621 Sedes,
3306 555 3647 625 Potestates,

2050 640 2318 697 bonorum
2350 645 2629 713 expressio
2657 654 2773 711 est,
2804 662 2910 700 non
2949 646 3270 702 substantia:
3301 647 3647 704 demonstra-

2048 735 2144 800 tio,
2172 751 2291 805 qua:
2321 736 2403 790 vel
2433 737 2622 805 quales
2666 738 2893 808 intelligi
2922 738 3175 793 debeant.
3228 740 3292 794 Et
3316 740 3502 811 utique
3533 742 3649 797 hmc

2048 828 2227 880 omnia
2282 837 2337 881 et
2390 829 2706 899 incorporea
2766 839 2821 884 et
2874 831 3185 900 incorrupta
3226 840 3281 886 et
3325 833 3646 890 immortalia

2047 928 2101 974 et
2127 921 2359 990 ingenita
2389 921 2675 987 dicuntur;
2701 936 2808 977 non
2837 924 2982 977 enim
3013 923 3107 978 lilii
3136 933 3280 989 sunt,
3305 926 3428 994 quia
3456 926 3647 983 tuticus

2048 1013 2211 1068 Filius
2236 1024 2339 1081 est,
2389 1015 2480 1085 qui
2515 1016 2693 1070 sinum
2732 1016 2913 1072 Patris
2940 1018 3191 1086 exposuit
3216 1016 3257 1069 ³.
3309 1016 3553 1087 Denique
3580 1018 3647 1074 de

2045 1107 2248 1177 angelis
2290 1108 2418 1178 quid
2446 1109 2521 1162 ait
2544 1108 2883 1179 Apostolus?
2930 1110 3025 1163 Cui
3054 1111 3188 1163 enim
3212 1110 3515 1180 angelorum
3544 1111 3645 1164 ali-

2044 1202 2249 1272 quando
2280 1202 2708 1267 dixit,Dominus
2738 1204 2879 1273 ﬁlius
2910 1220 3051 1258 meus
3084 1221 3134 1258 es
3165 1214 3221 1257 tu
3244 1203 3455 1277 (Helm,
3482 1220 3521 1273 ι,
3555 1204 3647 1275 ii)?

2044 1297 2301 1369 Negando
2328 1314 2455 1369 ergo
2487 1299 2663 1366 ﬁlios,
2700 1300 2914 1368 negavit
2944 1299 2993 1353 in
3025 1300 3104 1353 eis
3135 1298 3506 1363 nativitatem,
3539 1315 3645 1354 nou

2045 1391 2259 1460 negavit
2298 1394 2651 1446 creationem.
2708 1392 2798 1447 Sic
2830 1394 3122 1461 Apostolus
3153 1393 3264 1448 ait:
3310 1394 3431 1449 Sive
3468 1393 3647 1447 Domi-

2045 1483 2298 1549 nationes,
2330 1484 2433 1537 sive
2462 1482 2821 1554 Principatus,
2847 1486 2952 1538 sive
2994 1484 3238 1549 Virtutes,
3268 1486 3373 1539 sive
3405 1484 3642 1539 Potesta-

2045 1586 2138 1643 tes,
2170 1578 2342 1630 omnia
2372 1594 2463 1648 per
2492 1578 2662 1648 ipsum
2691 1581 2829 1648 facta
2857 1588 2973 1632 sunt
2998 1576 3249 1649 (Coloss.,
3275 1595 3313 1647 ι,
3341 1578 3451 1650 16).
3482 1580 3644 1635 Facta

2045 1678 2225 1723 autem
2256 1668 2387 1724 dixit
2417 1670 2600 1726 omnia
2622 1710 2635 1735 ,
2672 1686 2778 1725 non
2809 1682 2986 1725 tamen
3018 1679 3163 1725 nata.
3214 1671 3484 1743 Numquid
3513 1688 3643 1743 ergo

341 1756 426 1811 vel
473 1765 773 1826 generant,
822 1757 907 1813 vel
946 1767 1277 1828 generantur
1301 1800 1315 1823 ,
1367 1758 1435 1813 ita
1488 1758 1678 1828 procul
1725 1774 1888 1828 opera
1916 1760 1935 1789 ²
1970 1759 2018 1820 Β
2043 1746 2111 1817 ex
2147 1779 2213 1818 eo
2246 1762 2390 1834 quod
2433 1763 2688 1818 dicuntur
2728 1764 2810 1819 vel
2842 1764 3159 1833 incorporea
3204 1765 3286 1821 vel
3330 1765 3642 1835 incorrupta

341 1848 584 1904 omnium
625 1861 750 1905 sunt
782 1866 811 1905 a
844 1860 1032 1906 natura
1074 1854 1476 1923 generantium.
1529 1850 1657 1907 Sola
1688 1852 1942 1907 nativitas

339 1944 661 1999 substantia:
708 1960 768 2001 sc
805 1947 1115 2017 generantis
1155 1946 1414 2002 indicium
1455 1956 1560 2001 est.
1597 1946 1775 2002 Facta:
1816 1955 1945 2002 sunt

338 2036 500 2090 etiam
530 2036 939 2094 Dominationes
959 2082 974 2106 ,
1006 2039 1285 2104 Virtutes,
1323 2040 1627 2097 Potestates
1650 2084 1664 2109 ,
1704 2042 1934 2106 Tltroni,

340 2127 725 2197 I’rittcipatus:
776 2132 1031 2203 numquid
1065 2133 1191 2204 quia
1238 2134 1393 2189 facta:
1432 2144 1593 2199 sunt,
1642 2146 1694 2190 et
1738 2136 1940 2206 genitae

338 2220 638 2277 dicuntur?
676 2224 782 2280 Sed
812 2224 860 2279 si
903 2226 1097 2296 genitu:
1135 2241 1241 2280 non
1274 2226 1561 2294 dicuntur,
1614 2228 1739 2298 quia
1775 2227 1933 2282 facta:

337 2324 486 2383 sunt,
517 2328 677 2371 erunt
707 2319 890 2389 utique
917 2318 1174 2389 ingenita:
1202 2338 1215 2374 :
1259 2320 1305 2375 si
1332 2320 1585 2391 ingeniun
1612 2329 1760 2387 sunt,
1789 2322 1935 2390 ejus-

338 2409 464 2465 dem
492 2422 649 2467 erttnt
676 2414 995 2469 substantia:
1014 2456 1027 2480 ,
1058 2415 1213 2485 cujus
1240 2425 1293 2471 et
1320 2415 1483 2471 Pater
1507 2424 1593 2472 est
1622 2418 1711 2486 qui
1742 2428 1823 2471 est
1855 2418 1937 2469 iu-

335 2504 599 2573 genitus?
640 2506 901 2562 Dicuntur
930 2524 1060 2579 ergo
1089 2508 1291 2563 Throni
1313 2551 1326 2575 ,
1353 2509 1658 2565 Potestates
1681 2552 1695 2575 ,
1728 2509 1933 2565 Princi-

333 2604 522 2664 patus,
566 2597 1009 2665 Dominationes,
1043 2583 1329 2657 'Virtutes:
1377 2602 1637 2673 numquid
1682 2601 1929 2671 ejusdem

333 2698 494 2743 erunt
539 2690 859 2747 substantia:
882 2735 898 2762 ,
943 2693 1069 2749 licet
1100 2694 1381 2776 nominum
1410 2694 1659 2749 videatur
1686 2708 1808 2750 esse
1848 2693 1930 2749 di—

410 2828 420 2857 '
454 2826 587 2883 Cod.
616 2829 828 2885 similia.

407 2899 426 2928 ²
460 2898 535 2954 lta
563 2900 686 2956 cod.
1956 2900 2003 2962 C

1530 3016 1555 3025 -ρ

338 3008 924 3034 -Ἤ

618 3366 847 3424 SERMO
885 3368 927 3424 Ι.
990 3369 1056 3425 1N
1098 3370 1654 3439 SEPTUAGESIMA.

412 3461 461 3517 1.
503 3460 585 3517 Ad
630 3477 850 3519 cursum
901 3463 1160 3535 spiritalis
1206 3465 1364 3521 stadii
1414 3466 1676 3521 hodierna
1709 3465 1941 3521 lectione

333 3557 640 3626 provocati,
671 3556 901 3627 qualiter
924 3556 1247 3613 currendum
1276 3568 1330 3613 et
1378 3574 1406 3612 a
1439 3559 1634 3629 quibus
1666 3559 1941 3614 abstinen-

333 3645 461 3701 dum
490 3648 582 3712 sit,
623 3648 817 3702 fratres
850 3648 1211 3715 dilectissimi,
1248 3660 1429 3705 mente
1458 3650 1784 3721 pcrsollieita
1812 3665 1941 3705 con-

332 3741 578 3796 siderare
624 3741 905 3797 debemus.
947 3742 1192 3797 Stadium
1233 3758 1466 3813 namque
1504 3743 1655 3813 juxta
1702 3742 1936 3798 litteram

332 3845 524 3904 quarta
556 3849 678 3905 pars
708 3833 907 3889 dicitur
936 3834 1173 3889 milliarii
1194 3876 1208 3901 ,
1255 3835 1397 3905 quod
1425 3834 1652 3905 primum
1682 3833 1940 3889 Hercules

335 3941 444 3979 uno
482 3925 721 3981 aultelitu
752 3928 1059 3983 cucurrisse
1086 3925 1274 3992 fertur,
1306 3928 1356 3981 in
1386 3928 1537 3998 cujus
1571 3926 1676 3982 line
1708 3926 1943 3997 poneba-

338 4031 427 4075 tur
456 4022 750 4092 antiquitus
784 4021 935 4092 palus
962 4062 976 4087 ,
1018 4022 1357 4092 superposita
1390 4038 1587 4077 corona
1619 4020 1685 4076 de
1712 4020 1939 4076 floribus

339 4125 481 4169 thta
514 4132 524 4165 :
558 4114 737 4184 ibique
779 4124 995 4184 propter
1036 4115 1175 4169 hanc
1225 4114 1542 4186 capiendam
1576 4114 1827 4185 expedita
1853 4115 1939 4183 jn-

1575 3021 1964 3038 ———-—-

1060 3132 1690 3219 SERMONES
1766 3135 2578 3223 DOMINICALES
2656 3133 2781 3216 IV
2811 3152 2881 3209 ἃ.

2047 1855 2128 1910 vel
2158 1855 2510 1919 immortalia,
2539 1856 2851 1911 substantiae
2874 1873 3061 1911 eorum
3093 1856 3365 1911 confessio
3391 1866 3492 1920 est,
3520 1872 3642 1926 qua:

2046 1948 2127 2002 vel
2175 1948 2367 2018 quales
2406 1949 2548 2015 sint,
2595 1958 2651 2003 et
2690 1964 2797 2004 non
2842 1949 3012 2019 magis
3039 1951 3253 2021 negatio
3280 1950 3643 2021 passionum?

2046 2039 2177 2093 Nam
2224 2056 2345 2095 cum
2390 2041 2621 2097 dicimus
2665 2041 3046 2112 incorporeum
3094 2043 3291 2113 aliqttid
3318 2083 3334 2109 ,
3382 2057 3642 2115 negamus

2044 2147 2266 2201 corpus,
2297 2150 2401 2188 non
2435 2150 2564 2189 vero
2592 2134 2951 2189 substantiam
2983 2134 3328 2190 confitemur.
3375 2135 3472 2189 Vel
3515 2150 3639 2190 eum

2046 2228 2273 2283 dicimus
2295 2229 2667 2298 incorruptum
2695 2237 2857 2299 atque
2885 2228 3214 2293 immortale,
3248 2243 3357 2282 non
3384 2227 3511 2297 quid
3547 2228 3639 2293 sit,

2046 2320 2141 2375 setl
2181 2321 2310 2391 qttid
2346 2336 2452 2375 non
2486 2322 2725 2392 patiatur
2760 2320 3024 2376 edicimus
3056 2338 3068 2374 :
3113 2337 3220 2375 nou
3253 2320 3397 2374 enim
3440 2320 3642 2390 patitur

1992 2480 1995 2483 γ
2042 2415 2126 2469 vel
2160 2426 2414 2482 mortem,
2446 2416 2531 2471 vel
2558 2415 2964 2487 corruptionem
2993 2415 3135 2487 quod
3166 2416 3474 2471 immortale
3508 2415 3643 2470 dici-

2041 2515 2128 2563 tur
2168 2510 2252 2564 vel
2297 2512 2716 2582 incorruptum;
2761 2510 2905 2566 unde
2930 2526 2997 2565 ne
3024 2514 3144 2580 quis
3184 2509 3495 2564 nominibus
3539 2517 3638 2576 tot,

2038 2603 2334 2674 tantisque,
2373 2613 2478 2658 tam
2510 2604 2714 2671 multis,
2757 2613 2848 2658 aut
2872 2602 3118 2673 ejusdem
3143 2602 3290 2658 dicat
3316 2602 3496 2657 omnia
3520 2616 3643 2658 esse

2036 2697 2379 2765 substantiae,
2408 2705 2505 2752 aut
2529 2700 2723 2754 iterum
2752 2710 3068 2767 compo.....

2114 2828 2135 2859 ³
2163 2828 2238 2885 Ita
2265 2830 2389 2887 cod.

2684 3016 3620 3040 w

2044 3372 2193 3426 nullo
2234 3372 2515 3441 gentilium
2561 3370 2737 3425 cultus
2796 3384 2917 3425 esse
2968 3368 3314 3440 sequendos,
3374 3383 3403 3424 a
3445 3370 3641 3442 quibus

2043 3465 2338 3520 christiana
2388 3464 2577 3535 religio
2617 3461 2836 3518 Christo
2886 3471 3116 3534 cogente
3163 3478 3261 3517 nos
3308 3461 3643 3519 fecitextra-

2044 3574 2198 3614 neos.
2261 3557 2500 3613 Primum
2561 3556 2759 3612 deinde
2807 3564 3105 3627 cognoscat
3149 3554 3384 3611 charitas
3437 3565 3637 3625 vestra,

2043 3653 2295 3722 quoniam
2320 3668 2381 3707 ex
2417 3666 2607 3707 eorum
2640 3650 2745 3705 ritu
2775 3650 3023 3721 qumdam
3069 3650 3170 3705 sibi
3200 3660 3385 3705 sancta
3411 3666 3639 3720 usurpa-

2044 3745 2121 3800 vit
2148 3746 2651 3815 ecclcsia,qua:non
2673 3744 2986 3810 carnaliter,
3017 3743 3110 3798 sed
3140 3744 3497 3813 spiritualiter
3516 3755 3644 3799 sunt

2044 3837 2347 3907 sequenda;
2387 3853 2453 3891 cx
2483 3836 2675 3907 quibus
2711 3835 2854 3890 ismd
2882 3845 2965 3890 est
2994 3834 3300 3903 exemplum
3322 3877 3336 3901 ,
3373 3835 3515 3905 quod
3544 3835 3643 3888 lto-

2043 3929 2229 3986 dierna
2260 3929 2419 3985 lectio
2459 3930 2616 3984 nobis
2660 3927 2883 3998 protulit
2910 3927 3222 3982 utillimum.
3273 3927 3443 3983 Stadii
3475 3927 3643 3997 siqui-

2043 4023 2165 4079 dem
2193 4022 2335 4089 liuis,
2371 4022 2461 4093 qui
2491 4022 2599 4075 illis
2629 4021 2695 4076 ad
2727 4019 3055 4076 currendum
3086 4019 3306 4075 metitus
3333 4028 3470 4087 erat,
3504 4034 3645 4090 pra:-

2042 4115 2214 4170 sentis
2246 4114 2372 4170 vitae
2426 4114 2713 4169 terminum
2744 4112 3030 4183 signiﬁcat,
3066 4114 3155 4182 qui
3186 4111 3251 4167 ad
3280 4127 3500 4167 cursum
3532 4112 3644 4166 sal-

334 4222 532 4261 venum
585 4209 782 4263 cohors
810 4223 1031 4264 currere
1058 4208 1285 4273 solebat,
1314 4217 1370 4262 ut
1390 4208 1584 4278 aliquis
1618 4208 1808 4261 horum
1831 4206 1941 4277 pri-
1966 4202 2017 4261 D
2045 4210 2278 4265 vationis
2310 4219 2510 4266 nostra:
2548 4209 2704 4265 nobis
2726 4209 2884 4263 datus
2912 4216 3017 4275 est,
3042 4207 3254 4263 dicente
3298 4218 3351 4263 et
3392 4217 3646 4264 monente

334 4314 458 4354 mus
482 4299 528 4354 si
551 4312 733 4370 posset
771 4302 1007 4357 velocius
1036 4316 1282 4368 currens,
1338 4302 1603 4367 bravium,
1653 4300 1795 4371 quod
1837 4316 1934 4355 nos

334 4408 589 4448 coronam
622 4411 897 4465 vocamus,
940 4406 1157 4467 raperet
1187 4416 1199 4451 :
1230 4412 1295 4453 ac
1331 4413 1426 4467 per
1462 4396 1565 4452 hoc
1595 4394 1739 4466 regis
1767 4403 1818 4451 et
1850 4396 1935 4450 in-

337 4488 601 4541 tuentium
642 4487 889 4553 laudem,
944 4489 1141 4544 deinde
1192 4489 1359 4543 multa
1397 4488 1661 4543 donorum
1711 4503 1936 4542 munera

336 4579 644 4649 specialiter
696 4578 938 4637 haberet.
990 4581 1140 4636 Multi
1191 4581 1335 4636 enim
1388 4581 1454 4636 ad
1507 4582 1609 4635 hoc
1661 4582 1934 4636 communi

336 4671 519 4726 animo
551 4672 865 4741 tendebant,
910 4673 1003 4729 sed
1028 4674 1096 4728 ab
1126 4690 1234 4729 uno
1263 4674 1442 4729 cuncti
1473 4676 1710 4744 superati
1741 4682 1932 4739 erant;

337 4764 428 4835 qui
462 4764 603 4835 quod
630 4774 745 4820 erat
776 4781 935 4822 cursu
962 4768 1229 4833 velocior,
1273 4782 1456 4823 rerum
1489 4768 1805 4824 collectione
1832 4783 1939 4824 cae-

340 4857 471 4912 teris
513 4856 794 4914 videbatur
833 4857 1083 4931 dignior;
1132 4869 1188 4916 et
1227 4869 1427 4931 quanto
1468 4861 1735 4931 gaudebat
1769 4861 1939 4915 victor

338 4952 503 5022 regiis
549 4954 862 5009 muneribus
905 4954 1124 5019 ditatus,
1176 4964 1323 5010 tanto
1364 4955 1490 5009 victi
1518 4955 1792 5020 dolebant,
1832 4969 1937 5009 non

338 5044 511 5098 solum
554 5044 713 5101 donis
755 5047 975 5116 privati,
1026 5047 1121 5102 sed
1153 5048 1313 5103 etiam
1347 5048 1615 5103 tarditatis
1644 5063 1756 5103 sua:
1789 5062 1941 5103 vere-

336 5138 531 5193 cundia
578 5138 941 5195 dehonestati.
989 5140 1347 5197 Abstiuebaut
1376 5141 1589 5211 quidem
1628 5156 1685 5197 se
1717 5156 1745 5195 a
1780 5141 1936 5207 cibis,

337 5230 427 5299 qui
456 5233 638 5285 cursui
664 5241 878 5299 nocent,
904 5232 1000 5289 sed
1023 5249 1129 5288 non
1159 5234 1469 5304 :equaliter;
1508 5235 1626 5305 quia
1655 5234 1798 5289 illius
1818 5235 1941 5289 abs—

337 5322 564 5377 tinentia
589 5323 769 5379 fuerat
793 5326 984 5396 major,
1019 5328 1107 5398 qui
1142 5328 1193 5382 iit
1223 5341 1383 5381 cursu
1408 5338 1523 5382 erat
1552 5328 1765 5383 eceteris
1793 5330 1941 5383 velo-

336 5414 475 5470 cior.
507 5414 622 5470 Non
652 5418 959 5486 miremini,
1004 5418 1199 5475 fratres
1222 5461 1235 5485 ,
1280 5419 1421 5489 quod
1468 5436 1533 5475 ex
1564 5422 1820 5490 paganica
1852 5435 1941 5474 su-

338 5508 661 5575 perstitione
698 5525 796 5579 pro
850 5510 1061 5567 tuendis
1111 5510 1394 5567 animabus
1446 5511 1724 5582 aposwlus
1767 5511 1943 5566 imita-

338 5599 452 5656 bile
487 5600 634 5657 dedit
671 5604 1009 5675 exemplum,
1065 5614 1121 5660 ut
1170 5614 1317 5677 putet
1354 5605 1549 5676 aliquis
1596 5614 1833 5660 vestrum
1886 5603 1941 5658 in

2046 4302 2276 4357 Domino
2305 4319 2319 4359 :
2352 4302 2544 4367 Curre,
2576 4302 2765 4367 miser,
2798 4316 2986 4365 curre;
3019 4299 3209 4355 fe~tiua
3233 4340 3247 4366 ,
3278 4299 3404 4353 dum
3436 4310 3648 4368 tempus

2043 4393 2232 4459 habes,
2291 4407 2358 4447 ne
2382 4391 2593 4447 incidas
2625 4391 2680 4445 in
2714 4401 2967 4445 mortem.
2996 4388 3300 4445 Cttrrebant
3332 4390 3532 4445 etenim
3567 4391 3644 4445 illi

2043 4504 2140 4559 pro
2170 4486 2457 4557 temporali
2488 4494 2543 4541 et
2572 4484 2913 4555 corruptibili
2964 4482 3151 4536 bravio
3185 4482 3478 4551 capiendo,
3534 4492 3588 4537 ut
3616 4498 3645 4537 a

2047 4596 2173 4652 rege
2224 4578 2438 4635 mortali
2489 4588 2702 4635 terrena
2749 4590 2973 4632 munera
3018 4585 3306 4645 caperent;
3361 4590 3647 4632 curramus

2047 4690 2146 4729 nos
2178 4674 2371 4730 melius
2402 4691 2503 4745 pro
2534 4672 2760 4744 spiritali
2802 4681 2857 4729 ct
2894 4672 3284 4743 incorruptibili
3316 4672 3505 4729 bravio
3528 4684 3650 4745 post

2042 4770 2222 4827 carnis
2273 4770 2431 4826 linem
2473 4769 2758 4840 capiendo,
2803 4778 2910 4823 uta
2944 4768 3090 4840 Rege
3130 4783 3339 4839 regum,
3373 4769 3461 4840 qui
3491 4776 3652 4825 atter-

2043 4880 2143 4919 nus
2165 4874 2219 4918 et
2248 4863 2571 4919 immortalis
2598 4872 2701 4929 est,
2723 4872 2925 4918 :eterna
2950 4872 3005 4919 et
3031 4861 3399 4918 indelicientia
3422 4879 3648 4919 munera

2043 4957 2348 5026 capiamus;
2400 4956 2685 5011 audientes
2721 4955 3088 5025 ex0ptabilem
3142 4970 3328 5011 vocem
3372 4954 3520 5010 illius
3559 4953 3649 5009 di-

2043 5048 2218 5103 centis
2248 5067 2259 5101 :
2292 5047 2483 5103 Venite
2512 5047 2605 5118 qui
2633 5047 2904 5103 laboratis
2929 5088 2945 5116 ,
2978 5056 3087 5104 etc.
3127 5046 3208 5103 Illi
3244 5045 3461 5116 quidem
3485 5045 3652 5099 absti~

2046 5141 2247 5196 nebant
2276 5154 2336 5196 se
2365 5156 2393 5195 a
2427 5140 2715 5211 pinguibus
2741 5141 2900 5207 cibis,
2930 5150 2989 5197 ut
3014 5140 3382 5211 expeditiores
3410 5139 3461 5192 in
3485 5152 3650 5192 cursu

2046 5232 2436 5298 redderentur;
2480 5233 2849 5289 abstineamus
2876 5243 2929 5287 et
2960 5248 3061 5287 nos
3092 5232 3284 5287 melius
3310 5244 3413 5283 non
3442 5238 3648 5285 tantum

2046 5340 2074 5378 a
2105 5326 2273 5391 cibis,
2326 5335 2586 5397 quantum
2628 5342 2659 5380 a
2682 5326 2825 5381 vitiis
2848 5367 2862 5391 ,
2907 5334 2966 5380 ut
2993 5324 3059 5379 ad
3084 5322 3413 5378 currendum
3437 5322 3652 5378 veloces

2046 5417 2366 5471 existamus.
2398 5418 2550 5484 Quod
2579 5427 2759 5473 autem
2796 5432 2861 5473 ex
2896 5430 3089 5487 magna
3111 5416 3368 5486 juvenum
3398 5415 3653 5486 frequen-

2048 5510 2119 5565 tia
2152 5525 2289 5565 unus
2334 5510 2575 5566 bravium
2621 5510 2910 5579 capiebat,
2959 5507 3173 5563 czeteris
3226 5508 3495 5563 incassum
3527 5523 3653 5564 cur-

2048 5605 2332 5671 rentibus;
2378 5612 2641 5676 quantum
2683 5602 2751 5658 ad
2796 5617 2895 5658 nos
2936 5602 3193 5673 pertinet,
3223 5601 3421 5660 fratres
3446 5602 3653 5661 charis-

416 5758 442 5786 ιι
487 5749 561 5805 Ex
592 5750 785 5807 eodem
814 5748 1135 5822 pet-antiquo
1159 5748 1369 5816 codice,
1406 5746 1546 5805 unde
1568 5744 1781 5802 Paridis
1813 5743 2211 5817 Augustinique
2233 5744 2499 5815 epitomas
2525 5741 2752 5814 sumpsi.
