4194 6184
561 240 674 318 645

1054 262 1484 324 MONUMENTA
1519 261 1800 322 VETERA
1848 259 1942 317 AD
1986 253 2151 313 ARIA

2258 225 2397 314 nun
2440 228 2842 324 acerinam
2880 230 3376 324 murranum.

3776 264 3882 320 6N

563 370 709 434 simi,
749 371 902 428 valde
927 373 1222 429 timendum
1255 386 1376 440 est;
1421 376 1628 431 scilicet
1655 391 1721 430 ne
1747 375 1815 431 ab
1839 390 1945 430 uno
1973 389 2162 429 omnes
2188 369 2240 428 Δ
2271 378 2550 434 undecima
2599 378 2730 446 fuit,
2781 380 2852 434 ab
2885 380 3120 436 adventu
3155 380 3373 435 Domini
3415 391 3588 450 usque
3612 377 3678 434 ad
3715 379 3881 434 finem

565 477 919 532 superemur,
988 467 1080 535 qui
1125 482 1223 536 pro
1269 482 1472 523 corona
1512 484 1734 524 currere
1771 469 2162 539 disposuimus.

566 554 719 611 Unde
749 567 934 612 mouet
966 561 1258 629 Apostolus
1288 579 1301 614 :
1333 560 1424 617 Sic
1450 563 1674 630 currite,
1710 572 1767 618 ut
1805 564 2166 634 comprehen-

562 650 722 706 datis.
757 651 821 706 Et
853 656 1128 723 quomodo
1171 656 1318 710 illam
1351 657 1816 728 comprehendere
1845 659 2160 727 poterimus,

560 744 814 814 quoniam
863 762 1088 805 currere
1133 750 1414 815 nolumus;
1448 760 1503 806 et
1539 753 1580 806 si
1624 752 1916 823 aliquando
1945 768 2166 808 currere

559 839 900 908 inchoamus,
940 843 1078 900 heu!
1109 846 1472 902 crassitudine
1507 847 1764 902 vitiorum
1797 847 2025 918 fatigati,
2056 858 2168 902 tur-

561 935 705 1002 piteo
751 935 806 988 in
850 950 1011 991 cursu
1051 937 1369 994 deficimus!
1413 939 1544 993 Nam
1578 954 1698 995 cum
1726 942 1903 994 omnis
1936 941 2164 995 ecclesia

563 1027 616 1082 in
647 1028 885 1082 clericali
925 1039 979 1083 et
1028 1030 1200 1084 laicali
1241 1031 1312 1085 sit
1335 1031 1529 1086 ordine
1560 1033 1754 1098 divisa,
1791 1048 1954 1088 nemo
1977 1046 2166 1088 eorum

561 1131 668 1186 est,
702 1124 791 1190 qui
834 1137 930 1193 pro
957 1138 1158 1179 corona
1188 1125 1377 1196 gloriae
1406 1138 1622 1193 currat;
1648 1127 1741 1182 sed
1773 1127 1990 1196 quidam
2021 1127 2168 1182 insa-

565 1223 742 1271 lurata
767 1217 1064 1287 cupiditate
1087 1221 1440 1290 persolliciti,
1484 1223 1701 1292 quidam
1728 1223 2044 1279 ineB‘renata
2074 1239 2168 1280 vo-

566 1308 772 1378 luptate
803 1311 1012 1379 polluti,
1056 1313 1271 1382 quidam
1297 1315 1531 1369 elatione
1548 1315 1827 1370 saecularis
1856 1331 2065 1386 pompae
2085 1329 2164 1371 tu-

564 1406 736 1472 midi,
770 1421 877 1462 non
923 1407 1102 1462 solum
1149 1423 1368 1464 currere
1423 1411 1644 1473 nolunt,
1701 1411 1796 1465 sed
1829 1411 1992 1465 etiam
2020 1413 2167 1482 ipsos

563 1499 750 1552 oculos
801 1498 868 1552 ad
935 1499 1257 1568 capiendam
1319 1515 1573 1555 coronam
1629 1503 1843 1572 aperire
1894 1504 2164 1558 nesciunt.

566 1593 722 1649 Unde
777 1593 1058 1649 Psalmista
1091 1611 1104 1648 :
1148 1593 1335 1648 Omnes
1372 1595 1756 1650 declinaverunt
1784 1597 1938 1650 simul
1961 1596 2168 1650 inutiles

495 1718 508 1730 ρ
559 1687 706 1756 facti.
741 1687 802 1740 Et
828 1686 1098 1756 Propheta
1135 1705 1148 1740 :
1181 1687 1324 1742 Sicut
1356 1689 1596 1758 populus,
1627 1689 1700 1742 sic
1724 1689 1982 1744 sacerdos.
2016 1689 2166 1745 Adeo

2267 469 2452 524 mundi
2483 487 2498 535 ;
2542 470 2597 524 in
2629 485 2732 540 qua
2781 487 2878 526 nos
2909 472 3078 526 ultimi
3117 471 3358 541 operarii
3385 473 3436 524 in
3464 473 3677 525 vineam
3710 472 3881 527 intra-

2271 561 2466 618 vimus.
2520 562 2626 618 Sed
2658 564 2783 634 quia
2834 563 3052 620 desides
3078 559 3146 619 et'
3174 564 3307 618 tardi
3363 564 3414 617 iu
3459 579 3628 634 opere
3667 579 3880 631 sumus,

2266 657 2402 710 certi
2431 655 2500 710 de
2529 655 2754 711 denario
2782 671 2907 713 esse
2938 673 3043 710 non
3079 671 3390 727 possumus.
3425 649 3757 713 Studeamus
3783 658 3885 728 igi-

2271 757 2356 802 tur
2386 749 2630 804 velocius
2657 750 2895 820 operari,
2930 758 2992 804 ut
3017 750 3084 803 de
3108 750 3332 804 denario
3356 750 3630 821 possimus
3655 761 3781 805 esse
3808 764 3885 805 se-

2268 850 2384 898 cnrl
2418 863 2432 900 :
2463 855 2515 900 et
2544 846 2666 915 quia
2691 843 2855 899 hodie
2881 860 2912 898 a
2934 860 3148 900 summo
3178 844 3567 915 patrefamilias
3596 859 3880 911 vocamur,

2271 941 2613 1010 vocationem
2639 941 2756 1006 ejus
2789 954 2895 993 non
2928 938 3313 1009 despicientes,
3344 938 3395 992 in
3429 940 3642 994 vineam
3669 938 3884 993 labora-

2271 1031 2377 1084 turi
2431 1031 2639 1085 intrare
2687 1031 3022 1086 Studeamus.
3067 1031 3187 1101 lpse
3218 1046 3448 1101 namque
3479 1029 3885 1102 prarsensjeju-

2271 1125 2419 1179 nium
2451 1124 2516 1179 ad
2547 1125 2650 1180 hoc
2675 1125 2929 1190 instituit,
2963 1138 3017 1180 ut
3041 1137 3261 1196 peccata
3295 1126 3594 1191 innumera,
3621 1142 3744 1197 quae
3770 1141 3887 1180 car-

2272 1217 2357 1270 nis
2387 1215 2749 1272 delectatione
2773 1217 2986 1272 carteris
3017 1217 3143 1271 anni
3183 1216 3378 1272 diebus
3405 1218 3801 1280 commisimus,
3829 1218 3883 1271 in

2272 1305 2376 1362 hoc
2409 1316 2653 1378 tempore
2684 1325 2782 1378 per
2808 1310 3180 1378 paenitentiam
3211 1318 3266 1365 et
3303 1310 3483 1366 carnis
3512 1309 3887 1365 mortificatio-

2273 1416 2398 1478 nem
2448 1412 2658 1473 tergere
2682 1403 3016 1460 Studeamus.

2343 1500 2397 1552 5.
2443 1496 2666 1565 Insuper
2694 1495 2853 1552 etiam
2885 1497 3010 1552 dies
3040 1498 3139 1552 ista
3163 1541 3176 1564 ,
3203 1513 3323 1568 qua:
3353 1497 3516 1552 veluti
3538 1497 3702 1569 janua
3742 1498 3886 1568 jeju-

2275 1599 2485 1652 uiorum
2519 1595 2699 1650 exis-tit
2722 1635 2736 1658 ,
2777 1602 2830 1646 ct
2869 1593 3136 1647 canticum
3161 1591 3391 1658 laetitiae,
3431 1592 3481 1646 id
3508 1601 3590 1646 est
3614 1593 3835 1647 alleluia
3868 1634 3881 1656 ,

2266 1689 2432 1742 nobis
2458 1685 2744 1749 subtrahit,
2781 1700 2876 1754 per
2900 1699 3116 1740 omnem
3150 1685 3612 1740 continuationem
3644 1687 3726 1738 sui
3759 1684 3887 1739 offi-

559 1782 705 1834 enim
734 1783 919 1834 carenti
949 1822 962 1844 ,
1006 1789 1061 1835 et
1097 1779 1148 1835 in
1183 1783 1414 1851 quodam
1443 1782 1736 1837 oblivionis
1767 1793 1928 1852 puteo
1957 1783 2162 1840 detrusi
2193 1763 2246 1828 Β
2274 1780 2342 1836 cii
2390 1794 2577 1834 vocem
2625 1761 3277 1848 panitentis‘plangentis
3316 1779 3574 1847 exlirimit
3617 1795 3630 1831 :
3673 1779 3886 1833 docens

561 1886 788 1939 sumus,
823 1881 880 1927 ut
921 1871 1053 1928 nihil
1102 1873 1170 1928 de
1213 1874 1391 1928 fnturn
1433 1873 1755 1945 cogitantes,
1800 1886 1998 1946 prmtcr
2029 1876 2170 1932 hanc

560 1965 730 2019 vitam
751 2010 766 2034 ,
812 1965 864 2018 in
893 1982 996 2034 qua
1027 1966 1334 2036 voluptates
1360 1977 1574 2020 nostras
1604 1969 1972 2037 exsequimur,
2007 1967 2166 2023 aliam

560 2073 666 2113 nou
693 2071 962 2129 putemus.
1010 2059 1076 2114 Et
1121 2059 1432 2129 utamplius
1463 2060 1676 2126 dicam,
1712 2062 1863 2114 multi
1893 2063 2168 2117 insanien-

561 2159 672 2214 tes,
711 2151 837 2204 dum
870 2149 1096 2219 cupidos
1131 2151 1342 2204 animos
1363 2151 1702 2220 voluptuosis
1732 2152 2017 2207 desideriis
2049 2168 2169 2223 pas-

559 2253 721 2306 cunt,
773 2253 828 2298 et
873 2244 927 2297 in
967 2244 1069 2296 sibi
1121 2243 1382 2312 subjectis
1414 2259 1565 2298 more
1615 2245 1862 2315 luporum
1915 2248 2164 2314 sa-viunt,

560 2336 722 2388 aliam
767 2334 994 2404 gloriam
1053 2349 1357 2405 sonumque
1402 2336 1604 2391 habere
1658 2338 1793 2392 velle.
1847 2339 2052 2393 dicunt.
2101 2339 2164 2393 lli

559 2427 702 2480 enim
735 2428 909 2498 tales,
964 2435 1212 2481 naturam
1245 2425 1484 2482 hominis
1515 2429 1779 2497 perdunt,
1828 2439 1882 2484 et
1912 2439 2162 2485 naturam

559 2518 970 2589 quadrupedum
1013 2519 1346 2586 sortiuntur,
1401 2519 1489 2588 qui
1519 2519 1962 2577 irrationabiliter
2001 2530 2057 2577 et
2085 2524 2166 2577 in-

557 2614 866 2668 verecunde
887 2615 1062 2670 ventri
1094 2625 1146 2669 et
1183 2614 1392 2669 libidini
1425 2630 1642 2685 semper
1671 2617 1944 2671 insistunt.
1977 2617 2165 2672 Homi-

558 2722 682 2760 nem
732 2722 967 2776 namque
1018 2708 1088 2760 ita
1132 2707 1383 2762 conditor
1404 2722 1584 2762 rerum
1614 2709 1844 2764 terrenis
1867 2712 2164 2780 prieposuit

555 2801 819 2857 creaturis
839 2844 852 2867 ,
899 2812 956 2857 ut
991 2801 1129 2858 bene
1159 2813 1318 2856 utens
1345 2802 1756 2872 temporalibus,
1783 2814 1905 2874 post
1930 2815 2158 2859 mortem

554 2894 823 2947 frueretur
853 2896 1098 2950 :cternis.
1123 2896 1263 2962 Quid
1296 2912 1361 2950 ex
1395 2896 1498 2950 hoc
1523 2897 1788 2968 agendum
1815 2907 1930 2963 est,
1962 2893 2159 2955 fratres

554 2985 900 3041 charissimi?
953 2990 1154 3044 Omnes
1203 2990 1348 3044 enim
1386 3005 1573 3044 sumus
1619 2991 1857 3058 perditi,
1897 2993 2000 3048 nisi
2049 2995 2158 3047 cito

553 3081 818 3137 fuerimus
844 3081 1024 3137 divina
1056 3083 1424 3138 misericiirdia
1458 3085 1741 3139 sublevati.
1778 3087 1898 3155 Ipsa
1926 3103 2155 3156 namque

551 3173 619 3228 ad
650 3174 976 3228 currendum
1002 3189 1102 3229 nos
1127 3185 1384 3244 provocat
1415 3176 1603 3230 dicens
1636 3193 1649 3228 :
1682 3176 1954 3232 ambulate
1985 3194 2052 3234 ne
2076 3183 2151 3235 te-

551 3271 736 3326 nebrze
769 3286 864 3326 vos
894 3272 1383 3342 comprehendant.
1427 3274 1542 3340 Qua
1583 3284 1834 3338 vocante,
1865 3273 1909 3328 si
1937 3289 2160 3328 cursum

552 3365 748 3420 iterum
775 3366 1108 3423 voluerimus
1136 3377 1408 3438 repetere,
1436 3383 1540 3422 non
1566 3367 1657 3422 uni
1682 3378 1908 3432 tantum,
1934 3367 2029 3423 sed
2051 3367 2163 3438 pitt-

552 3459 704 3513 rimis
729 3457 811 3513 l‘as
843 3460 946 3514 erit
976 3475 1234 3516 coronam
1267 3463 1608 3532 contingere.
1644 3464 1708 3517 Et
1734 3463 1876 3518 sicut
1897 3477 2001 3517 non
2026 3477 2162 3518 sem-

551 3568 649 3623 per
672 3553 724 3607 in
747 3553 894 3609 omni
917 3569 1075 3609 cursu
1104 3555 1377 3622 vincebat,
1403 3557 1496 3611 sed
1520 3557 1608 3626 qui
1640 3556 1802 3612 modo
1828 3557 2000 3611 victus
2020 3565 2156 3622 erat,

552 3643 716 3698 modo
746 3646 1022 3699 renovatis
1064 3646 1270 3702 viribus
1309 3648 1482 3703 victor
1509 3648 1812 3713 existebat;
1855 3649 1925 3703 ita
1961 3663 2077 3712 nos,
2111 3649 2158 3703 si

548 3734 828 3808 hucusque
849 3737 977 3793 victi
1010 3739 1229 3804 fuimus,
1257 3740 1453 3795 amodo
1476 3741 1710 3796 victores
1733 3756 1852 3796 esse
1880 3756 2155 3797 curemus.

550 3829 648 3886 Via
687 3834 830 3887 enim
873 3833 1122 3888 currendi
1166 3833 1322 3890 nobis
1370 3846 1495 3890 ante
1535 3835 1724 3890 oculos
1767 3837 1940 3905 posita
1965 3846 2069 3902 est,
2101 3837 2155 3891 in

549 3940 652 3994 qua
679 3935 880 3996 quanto
909 3926 1103 3982 fuimus
1127 3927 1414 3995 tardiores,
1451 3937 1600 3982 tanto
1618 3943 1904 3998 possumus
1931 3944 2072 3994 csse,
2109 3929 2152 3984 si

549 4019 819 4085 volumus,
851 4021 1172 4077 velociores.
1528 4022 1534 4029 ’

584 4110 675 4177 ,2.
716 4111 1003 4179 Quomodo
1031 4114 1174 4168 enim
1218 4123 1499 4186 torpentes
1527 4125 1582 4171 et
1621 4116 1755 4188 pigri
1779 4133 1807 4170 a
1839 4132 2000 4172 cursu
2029 4133 2153 4174 ces-

547 4216 669 4257 sare
699 4217 985 4272 possumus
1006 4247 1020 4271 ,
1065 4206 1155 4274 qui
1209 4221 1315 4260 non
1347 4207 1527 4262 solum
1563 4209 1868 4279 apostolum
1898 4209 1962 4263 ad
1988 4225 2152 4265 coro-

550 4309 695 4358 nam,
724 4293 818 4348 sed
850 4295 1010 4350 etiam
1034 4295 1206 4365 ipsum
1237 4298 1576 4355 Salvatorem
1615 4311 1856 4356 nostrum
1887 4301 1952 4356 ad
1983 4302 2152 4357 dena—

545 4391 681 4445 rium
705 4391 1022 4461 eapiendum
1058 4397 1380 4449 monitorem
1407 4383 1703 4482 habemus?
1745 4391 1870 4467 Ipse
1915 4412 2149 4466 namque

543 4498 786 4546 suunntts
821 4482 1206 4554 paterfamilias
1231 4527 1244 4552 ,
1281 4487 1371 4558 qui
1395 4487 1660 4556 plantavit
1693 4491 1908 4543 vincam
1934 4532 1946 4555 ,
1981 4489 2031 4543 id
2066 4499 2148 4543 est

543 4585 785 4631 sanet-un
837 4579 1161 4645 ecclesiam,
1223 4581 1381 4634 nobis
1428 4582 1518 4652 qui
1562 4597 1706 4645 sero.
1750 4582 1800 4636 id
1830 4593 1916 4637 est
1956 4582 2007 4636 iu
2040 4583 2149 4636 line

549 4670 731 4722 mundi
759 4711 774 4735 ,
821 4671 870 4724 in
922 4672 1133 4726 vineam
1173 4673 1471 4727 laboraturi
1520 4655 1870 4738 intravimus,
1906 4676 2145 4731 ccelestis

545 4764 999 4820 remunerationis
1027 4767 1311 4822 denarium
1342 4783 1401 4822 se
1433 4769 1683 4824 daturum
1713 4770 1977 4840 promittit
2008 4791 2021 4826 :
2053 4787 2141 4827 as-

543 4853 788 4910 similans
801 4872 899 4910 nos
919 4859 1106 4926 primis
1127 4860 1356 4928 colonis,
1387 4863 1476 4932 qui
1501 4880 1528 4916 a
1557 4881 1713 4920 mane
1735 4866 1992 4936 usquead
2023 4882 2141 4922 ves-

541 4961 727 5016 peram
755 4959 1040 5016 portavere
1064 4951 1272 5020 pondus
1299 4953 1406 5008 dici
1424 4965 1479 5010 et
1507 4966 1689 5012 (estus.
1707 4958 1948 5014 Audistis
1973 4959 2142 5031 siqni-

538 5039 662 5096 dem
707 5041 858 5097 illum
887 5044 1163 5115 pr0posita
1201 5062 1324 5101 vera
1348 5053 1740 5122 etcongruenti
1782 5053 2140 5109 similitudine

539 5137 838 5208 evangelii,
865 5155 1045 5203 inane,
1081 5141 1209 5195 hora
1237 5143 1415 5209 tertia,
1440 5155 1589 5215 sexta
1611 5187 1626 5213 ,
1660 5163 1798 5201 nona
1827 5155 1881 5201 et
1912 5146 2138 5204 undecio

538 5246 646 5298 ma,
672 5231 738 5287 ad
770 5233 944 5289 vinea:
974 5247 1087 5289 suae
1115 5235 1377 5290 culturam
1407 5240 1684 5308 operarios
1711 5241 2047 5308 invitantem,
2081 5250 2138 5296 et

535 5325 797 5394 aequalem
841 5326 1120 5384 denarium
1169 5331 1377 5386 cunctis
1409 5329 1560 5386 finito
1597 5347 1760 5402 opere
1794 5333 2131 5390 reddentem.

535 5417 598 5472 Et
631 5421 676 5473 si
707 5419 981 5489 horarum,
1006 5437 1138 5492 quas
1169 5423 1431 5490 audistis,
1463 5423 1886 5496 significationes
1912 5427 2128 5499 cupitis;

531 5511 742 5579 discite,
773 5515 894 5585 quia
920 5531 1076 5572 mane
1099 5517 1196 5573 fuit
1216 5519 1284 5573 ab
1309 5519 1475 5575 Adam
1504 5535 1672 5591 usque
1699 5522 1766 5576 ad
1799 5520 1940 5591 Noe;
1986 5526 2120 5581 hora

529 5606 688 5659 tertia
729 5624 760 5662 a
813 5609 925 5668 Noe
983 5628 1149 5684 usque
1201 5614 1267 5669 ad
1312 5615 1617 5684 Abraham;
1671 5627 1824 5672 sexta
1877 5634 2010 5674 vero
2062 5621 2130 5677 ab

524 5695 801 5754 Abraham
829 5717 1000 5771 usque
1035 5705 1102 5760 ad
1129 5707 1378 5777 Moysen;
1432 5725 1573 5767 nona
1603 5710 1867 5782 siquidem
1890 5726 1916 5764 a
1944 5711 2128 5782 Moyse

526 5802 700 5860 usque
737 5791 805 5847 ad
860 5793 1070 5851 Domini
1111 5805 1168 5854 et
1218 5797 1520 5860 Salvatoris
1579 5803 1750 5862 nostri
1795 5804 2123 5876 adventum;

2274 1889 2374 1929 nos
2419 1873 2488 1926 ab
2545 1870 2897 1927 immoderata
2949 1870 3128 1924 lzetitia
3177 1870 3376 1926 debere
3423 1886 3673 1939 cessare,
3719 1881 3776 1926 ct
3825 1873 3884 1928 in

2271 1967 2398 2022 fletu
2425 1974 2480 2022 et
2510 1965 2767 2037 lacrym-is
2788 1963 3123 2034 pmriitentize
3144 1978 3383 2019 manere.
3412 1963 3521 2017 liae
3553 1964 3716 2034 igitur
3746 1978 3885 2020 nnc-

2271 2070 2356 2127 te,
2409 2059 2608 2130 sacpius
2654 2060 2888 2126 repetito
2938 2060 3196 2122 nomine,
3243 2058 3418 2128 ipsum
3464 2058 3682 2112 alleluia
3731 2058 3881 2113 allati

2270 2169 2494 2219 smnus;
2543 2151 2943 2223 quodammodo
2971 2151 3100 2206 illud
3143 2153 3293 2222 quasi
3327 2151 3594 2222 hospitem
3638 2152 3884 2210 retinere

2269 2249 2584 2318 cupientes,
2617 2245 2848 2301 dicendo
2891 2245 2964 2300 illi
2999 2263 3012 2298 :
3060 2245 3216 2300 Mane
3246 2246 3386 2316 apud
3430 2262 3529 2301 nos
3577 2245 3780 2314 hodie,
3821 2256 3884 2302 et

2269 2350 2484 2396 ca-tcra.
2525 2338 2625 2395 Cui
2667 2341 2830 2395 etiam
2872 2339 3125 2395 ultimum
3164 2339 3284 2395 vale
3329 2338 3557 2396 fecimus
3581 2340 3828 2396 dicentes
3861 2359 3879 2396 :

2271 2436 2506 2506 Angelus
2529 2436 2702 2489 bonus
2729 2435 3018 2489 comitetur
3045 2443 3243 2497 tecum,
3270 2443 3324 2487 ut
3353 2434 3547 2489 iterum
3578 2448 3701 2488 cum
3738 2449 3879 2504 gau-

2267 2529 2356 2584 dio
2381 2528 2672 2583 revertaris
2700 2527 2765 2580 ad
2795 2541 2914 2591 nos,
2949 2535 3006 2581 ut
3034 2525 3273 2580 sciamus
3301 2540 3406 2579 non
3439 2535 3597 2580 antea
3625 2542 3723 2580 nos
3749 2541 3882 2594 per-

2266 2620 2408 2676 fecte
2435 2620 2716 2691 gavisurus
2740 2659 2756 2686 ,
2799 2633 3080 2690 quousque
3106 2631 3336 2686 corpore
3369 2626 3422 2672 et
3464 2617 3729 2687 sanguine
3757 2616 3872 2673 Re-

2265 2712 2566 2783 demptoris
2594 2711 2763 2767 nostri
2788 2703 3028 2766 renovati
3066 2710 3238 2780 ipsum
3277 2709 3548 2764 canticum
3583 2708 3884 2778 gaudendo

2266 2808 2612 2876 recipiamus.
2664 2803 2973 2874 Antiphona
3005 2803 3268 2873 siquidem
3314 2803 3496 2858 missrc
3517 2844 3531 2868 ,
3556 2817 3673 2871 qua:
3706 2800 3876 2871 vulgo

2266 2899 2522 2952 introitus
2548 2898 2746 2952 dicitur
2766 2937 2779 2961 ,
2805 2910 2928 2952 cum
2974 2892 3360 2964 pmnitcutibus
3391 2891 3595 2963 plangit
3635 2893 3825 2947 dicens
3857 2909 3871 2944 :

2262 2995 2749 3050 Circumdcderunt
2778 3006 2864 3046 me
2891 2990 3110 3046 dolores
3140 2988 3327 3044 mortis
3354 2999 3408 3044 et
3436 2989 3490 3043 in
3525 2987 3877 3043 tribulatione

2265 3104 2408 3144 mea.
2453 3087 2690 3142 Collecta
2737 3084 3003 3154 siquidem
3052 3097 3173 3138 cum
3205 3096 3466 3151 responso
3514 3079 3870 3134 afflictionem

2186 3145 2248 3212 cf
2272 3182 2604 3253 poenitentia:
2653 3186 2867 3234 sonant.
2911 3176 3004 3232 Ille
3041 3174 3276 3245 denique
3319 3184 3543 3239 cantus,
3577 3188 3739 3242 quem
3770 3186 3872 3242 pro

2269 3272 2487 3328 alleluia
2518 3268 3103 3339 commutavimus(qui
3131 3276 3335 3322 tractus
3365 3265 3486 3320 ideo
3508 3264 3705 3319 dicitur
3719 3263 3872 3334 quod

2265 3366 2456 3434 longos
2485 3373 2674 3419 cantus
2723 3363 2964 3432 habeat)
3006 3362 3334 3433 pmnitentes
3362 3357 3632 3432 profundo
3661 3356 3872 3428 gemitu

2265 3459 2332 3513 ad
2377 3457 2546 3514 Deum
2573 3458 2812 3512 clamare
2838 3455 3016 3511 docet.
3063 3452 3132 3508 Et
3170 3453 3248 3508 sic
3274 3437 3474 3508 czetera
3499 3450 3663 3506 verba
3695 3448 3868 3504 officii

2265 3552 2556 3608 ordinatim
2604 3550 2843 3622 digesta,
2895 3564 3002 3603 non
3054 3546 3295 3604 laatitiam
3340 3543 3724 3616 gaudentium,
3768 3541 3870 3597 scd

2264 3647 2468 3702 luctum
2517 3655 2571 3700 et
2621 3658 2910 3700 maerorem
2957 3641 3209 3698 videntur
3260 3640 3568 3711 exprimere
3613 3643 3870 3707 peccato—

2261 3754 2404 3793 Γυιη.

2330 3831 2384 3886 4.
2433 3833 2507 3888 De
2536 3831 2755 3887 nomine
2785 3843 2979 3899 nempe
3009 3828 3148 3892 diei,
3183 3842 3302 3897 quae
3333 3823 3730 3895 septuagesima
3767 3838 3865 3876 vo-

2260 3936 2442 3990 catur,
2473 3926 2516 3980 si
2545 3925 2786 3994 qumritis
2805 3965 2818 3989 ,
2841 3923 3024 3979 sciatis
3045 3922 3169 3992 quia
3192 3935 3296 3974 non
3321 3933 3350 3972 a
3376 3933 3602 3974 numero
3619 3915 3859 3980 dii-rum,

2259 4027 2316 4072 ut
2341 4019 2642 4082 aestimant,
2673 4015 2764 4088 qui
2789 4016 2857 4070 ab
2879 4032 2938 4070 ea
2966 4029 3138 4085 usque
3159 4013 3222 4067 ad
3251 4011 3561 4082 paschalnm
3592 4009 3858 4064 festivita-

2259 4121 2364 4166 tem
2397 4120 2474 4165 tot
2494 4110 2609 4166 dies
2632 4119 2852 4180 putant,
2883 4110 2978 4165 sed
3005 4124 3034 4161 a
3059 4105 3267 4161 numeri
3297 4103 3630 4175 perfectione
3659 4116 3856 4156 nomen

2258 4203 2497 4273 accepit,
2530 4219 2559 4257 a
2591 4218 2694 4272 qua
2727 4202 2868 4258 idem
2903 4215 3161 4256 numerus
3195 4199 3402 4252 initium
3432 4194 3682 4265 sumpsit.
3714 4193 3857 4248 Con-

2256 4307 2362 4351 stat
2388 4307 2567 4351 uutem
2600 4296 2738 4351 idem
2769 4308 3024 4350 numerus
3057 4309 3122 4347 ex
3161 4292 3386 4345 denario
3411 4289 3613 4358 septies
3637 4285 3805 4351 ducto
3840 4307 3852 4340 :

2256 4407 2486 4462 quortuu
2520 4391 2886 4460 septenarium
2919 4388 2987 4444 ad
3019 4398 3228 4457 septem
3259 4385 3491 4455 Spiritus
3536 4381 3708 4437 sancti
3756 4380 3857 4434 do-

2257 4501 2357 4554 na,
2386 4486 2640 4541 denarius
2662 4499 2790 4539 vcro
2818 4485 3050 4554 pertinet
3078 4484 3143 4537 ad
3169 4481 3356 4538 decem
3381 4479 3513 4547 legis
3537 4484 3807 4548 prmccpta
3837 4492 3850 4526 :

2253 4597 2375 4652 qua:
2407 4583 2477 4636 ita
2512 4581 2741 4636 invicem
2780 4580 3076 4650 junguntur
3103 4621 3116 4644 ,
3158 4587 3216 4632 ut
3243 4589 3416 4646 neque
3443 4574 3586 4629 dona
3615 4570 3852 4640 Spiritus

2253 4677 2422 4732 saneti
2454 4676 2571 4730 sine
2594 4675 2726 4746 legis
2749 4683 3050 4744 praerepto;
3082 4687 3255 4740 neque
3280 4675 3549 4740 praecepta
3570 4664 3703 4734 legis
3731 4663 3853 4717 sine

2253 4773 2421 4827 sancti
2445 4770 2678 4839 Spiritus
2702 4768 2848 4824 dono
2885 4765 3143 4822 custodiri
3174 4765 3241 4818 ab
3276 4764 3458 4833 aliquo
3497 4757 3703 4829 possint
3750 4773 3762 4808 :
3796 4764 3852 4809 ct
3935 4796 3942 4800 .

2249 4867 2336 4935 qui
2367 4866 2596 4920 alterum
2620 4862 2944 4928 servaverit,
2979 4860 3207 4914 alterum
3245 4857 3362 4911 sine
3407 4853 3573 4911 dubio
3603 4848 3848 4906 habebit.

2245 4959 2345 5026 Qui
2380 4972 2638 5013 numerus
2662 4967 2809 5011 recte
2834 4952 3216 5023 pamiteutibus
3235 4946 3510 5019 congruit,
3535 4954 3590 4999 ut
3615 4942 3848 5012 gratiam

2248 5053 2486 5122 Spiritus
2515 5050 2718 5114 sancti,
2767 5061 2928 5117 quam
2969 5041 3244 5115 peccando
3285 5038 3607 5112 perdidere,
3653 5034 3844 5089 decem

2243 5145 2377 5216 legis
2403 5151 2674 5214 praecepta
2697 5141 2929 5194 maxime
2961 5139 3012 5193 in
3046 5136 3148 5192 hoc
3179 5147 3420 5203 tempore
3450 5125 3840 5192 custodiendo,

2242 5253 2569 5309 recuperare
2617 5235 2852 5290 valeant.
2903 5225 3076 5288 Aliter
3114 5229 3409 5288 secundum
3451 5223 3714 5296 quosdam
3773 5220 3843 5275 ad

2240 5333 2478 5390 litteram
2520 5330 2920 5402 septuagesima
2958 5329 3187 5393 dicitur,
3217 5340 3284 5382 eo
3321 5323 3466 5395 quod
3514 5315 3842 5376 israeliticus

2239 5429 2474 5502 populus
2513 5429 2565 5483 in
2606 5426 2900 5500 Babylonia
2941 5423 3198 5479 totannis
3228 5421 3390 5475 fuerit
3419 5417 3760 5488 captivatus,
3810 5425 3840 5466 a

2238 5539 2344 5595 qua
2374 5521 2535 5591 longo
2576 5531 2695 5591 post
2723 5528 2967 5591 tempore
3003 5515 3246 5579 rediens,
3280 5511 3474 5568 eodem
3505 5521 3737 5564 numero
3783 5505 3840 5560 in

2236 5609 2755 5674 commemoratione
2786 5611 3030 5684 ejusdem
3069 5607 3404 5664 liberationis
3424 5601 3690 5674 jejunium
3727 5598 3839 5654 Deo

2233 5714 2655 5772 consecraverit.
2675 5711 2781 5768 Sed
2805 5709 2928 5781 quia
2956 5715 3012 5763 et
3036 5705 3333 5763 secundum
3369 5699 3652 5756 historiam
3674 5707 3726 5752 et
3752 5709 3840 5750 se-

2231 5808 2466 5867 cundum
2488 5795 2799 5878 allegoriam
2820 5799 3206 5876 paenitentibus
3227 5794 3500 5869 congruit,
3521 5792 3836 5850 studeamus
