4194 6184
325 294 430 347 613

824 266 1257 355 MONUMENTA
1299 292 1574 352 verum
1617 291 1712 348 AD
1753 256 2163 347 Antandrium
2203 282 2607 353 uocraman’
2642 284 3129 354 PEnTtNEmra.

3527 294 3633 355 (ΗΟ

322 424 422 465 nos
447 410 548 466 hoc
574 411 623 464 iu
658 414 901 481 tempore
931 421 1151 484 peccata
1182 420 1362 467 nostra
1388 408 1626 477 detlere,
1651 410 1926 465 utanimre
1953 401 2006 464 Α
2039 420 2284 474 purgare,
2331 409 2374 463 si
2420 426 2518 480 per
2546 417 2753 481 portam
2798 408 3129 481 ieiuniorum
3163 410 3349 482 polluti
3378 411 3628 469 volumus

322 512 522 559 nostra:
552 512 673 574 post
692 504 833 560 hanc
856 507 1018 560 vitam
1038 550 1052 573 ,
1080 523 1198 575 qua:
1220 514 1428 577 septem
1454 505 1643 561 diebus
1670 505 1923 570 volvitur,

322 609 353 648 a
387 595 678 667 Babylonia
699 640 711 659 ,
748 595 802 652 id
833 606 917 652 est
944 590 1195 653 inferuali
1232 598 1573 669 captivitate,
1602 597 1846 653 liberata)
1874 606 1928 653 et

321 685 483 742 donis
511 689 677 743 sancti
704 682 935 758 Spiritus
960 689 1165 758 dilatae,
1190 699 1243 746 et
1268 706 1524 746 coronam
1550 689 1925 744 immarcesci-

323 779 489 835 bilem
517 792 613 851 pro
634 796 831 848 cursu,
866 790 921 837 et
953 782 1232 838 denarium
1266 799 1363 855 pro
1392 782 1587 840 diurno
1619 782 1806 837 labore
1846 782 1925 837 vi-

324 891 464 938 nem.
521 890 550 928 a
606 874 751 946 R’ege
804 890 990 947 regum
1046 877 1257 948 possint
1307 876 1604 949 gaudentes
1652 875 1920 946 recipere.

324 966 522 1023 Amen.

580 1080 846 1138 .SERMO
868 1081 935 1138 ll.
963 1080 1033 1139 ΙΝ
1056 1081 1630 1151 QUADRAGESIMA.

403 1241 449 1295 l.
468 1239 714 1309 Studete,
738 1240 1065 1307 charissimi,
1081 1241 1172 1312 qui
1196 1250 1402 1297 vestras
1428 1241 1637 1295 animas
1658 1256 1687 1296 a
1703 1249 1924 1311 peccato

325 1334 589 1389 mundare
619 1334 846 1404 cupitis,
874 1351 944 1390 ne
972 1336 1041 1390 ab
1072 1334 1172 1390 hac
1197 1335 1280 1389 via
1309 1334 1635 1405 ieiuniorum
1664 1344 1717 1390 et
1739 1349 1925 1389 emen-

323 1427 589 1496 dalionis,
637 1442 796 1495 quam
850 1428 1138 1484 tenendam
1189 1427 1529 1498 sumpsistis,
1578 1426 1762 1497 aliquo
1812 1424 1954 1481 tur-3

322 1519 587 1590 pitudinis
620 1518 940 1576 diverticqu
969 1521 1257 1576 recedatis.
1298 1520 1394 1575 Est
1422 1521 1565 1575 enim
1596 1519 1921 1591 quibusdam

324 1623 564 1668 vestrum
606 1628 672 1667 ex
706 1612 1119 1683 deceptionibus
1157 1611 1365 1684 antiqui
1404 1612 1574 1668 hostis
1614 1614 1668 1669 in
1698 1614 1797 1667 hac
1835 1614 1924 1670 die

323 1707 568 1777 qumdam
613 1707 812 1777 injecta
842 1706 1211 1771 consuetudo,
1247 1721 1353 1762 non
1404 1716 1611 1762 tantum
1648 1708 1921 1779 sequenda

2034 497 2281 553 intrare?

2099 591 2153 646 2.
2201 591 2452 650 Fortasse
2481 596 2610 649 mihi
2647 596 2773 651 talia
2807 598 3093 668 castiganti
3139 606 3188 653 et
3232 613 3349 653 mea
3407 611 3629 670 peccata

2028 701 2148 741 cum
2180 687 2413 742 aliorum
2459 689 2836 760 iniquitatibus
2879 690 3299 761 reprehendenti
3337 692 3632 762 responde-

2026 776 2107 834 bit
2158 778 2354 849 aliquis
2398 779 2725 848 et'frenatus,
2775 783 2896 853 plus
2955 784 3322 853 voluptatibus
3380 784 3631 855 corporis

2026 888 2185 943 quam
2213 873 2421 943 legibus
2451 875 2540 928 Dei
2593 874 2854 931 obediens
2882 894 2895 930 :
2925 877 3026 942 'l‘u,
3052 877 3141 946 qui
3181 878 3476 932 naturalem
3512 894 3628 933 ma-

2026 964 2160 1020 sculi
2189 972 2246 1019 et
2272 965 2485 1020 feminae
2515 966 2956 1036 coniunctionem
2990 978 3044 1024 et
3066 970 3267 1024 amoris
3297 970 3568 1028 vinculum
3598 987 3629 1026 a

2026 1058 2291 1127 principio
2316 1059 2672 1118 constitutum
2700 1058 3121 1131 disiungendum
3147 1061 3411 1132 praedicas
3434 1104 3448 1124 ,
3480 1062 3637 1133 omni

2026 1150 2185 1206 modo
2213 1151 2570 1222 impossibilia
2599 1162 2656 1208 et
2684 1153 2895 1209 inutilia
2928 1170 3106 1227 rogas,
3134 1156 3197 1210 ut
3222 1154 3403 1227 aliquo
3422 1156 3631 1226 ieiunio

2025 1245 2099 1298 ita
2129 1262 2155 1298 a
2182 1245 2410 1300 muliere
2432 1289 2446 1312 ,
2477 1260 2599 1315 quin
2623 1263 2738 1303 mea
2772 1262 2900 1303 caro
2932 1256 3017 1304 est
3037 1291 3050 1310 ,
3083 1258 3355 1320 tamquam
3386 1265 3414 1303 a
3454 1250 3589 1305 cibis
3614 1293 3631 1319 ,

2025 1336 2347 1393 abstineam.
2386 1336 2489 1393 Cui
2536 1355 2658 1410 ego,
2693 1341 2943 1410 quamvis
2986 1352 3260 1412 peccator,
3296 1341 3436 1396 facili
3480 1342 3628 1397 dictu

2029 1429 2365 1499 respondebo
2403 1450 2416 1485 :
2452 1431 2587 1497 Quia
2638 1424 2777 1487 Deus
2822 1433 2961 1488 bona
2994 1430 3179 1488 saeculi
3228 1450 3334 1488 non
3384 1433 3533 1489 dedit
3575 1441 3634 1490 ut

2024 1522 2339 1591 abutamur,
2370 1524 2464 1578 sed
2501 1532 2557 1578 ut
2581 1524 2728 1594 iuste
2763 1532 3000 1579 utamur.
3034 1523 3355 1596 Coniugium
3385 1526 3586 1582 etenim
3613 1568 3629 1594 ,

2023 1614 2163 1668 sicut
2200 1622 2255 1669 et
2281 1622 2496 1670 cmtera:
2536 1616 2740 1671 diviti-.e
2781 1618 2997 1684 mundi,
3029 1618 3156 1671 dum
3182 1618 3330 1687 iust‘e
3378 1628 3631 1686 tenetur,

2026 1708 2225 1763 bonum
2259 1710 2372 1777 cst‘;
2404 1710 2531 1764 dum
2554 1710 2781 1779 iniuste,
2809 1711 3041 1766 vertitur
3063 1712 3113 1764 in
3145 1723 3448 1781 peccatum.
3476 1709 3632 1768 Unde

324 1810 584 1871 quantum
614 1800 986 1872 drSpicienda;
1016 1800 1160 1873 quod
1190 1816 1290 1872 pro
1320 1800 1636 1856 solocarnis
1659 1801 1799 1867 cibo,
1834 1801 1926 1872 qui
1953 1786 2004 1860 Β
2032 1799 2324 1871 Gregorius
2363 1820 2376 1854 :
2421 1803 2674 1873 quicquid
2706 1803 2782 1857 ‘ad
2827 1819 2982 1858 usum
3024 1802 3150 1859 vita:
3190 1804 3523 1873 accipimus,
3565 1804 3633 1860 ad

326 1895 481 1949 nobis
514 1896 673 1951 hodie
705 1911 811 1952 nou
847 1897 1082 1961 tollitur,
1119 1894 1320 1966 putatis
1352 1912 1448 1950 vos
1479 1912 1693 1951 onmem
1732 1912 1927 1967 corpo-

324 1986 399 2041 ris
444 1987 859 2043 delectationem
906 1997 961 2044 et
998 2004 1227 2059 quaeque
1273 1991 1447 2059 turpia
1498 2003 1654 2058 posse
1700 1990 1926 2044 licenter

324 2081 567 2149 operari,
604 2081 705 2136 hac
736 2081 952 2137 inventa
982 2084 1034 2136 in
1064 2081 1215 2137 vobis
1244 2082 1566 2148 occasione,
1600 2095 1657 2139 ut
1700 2082 1822 2155 quia
1863 2083 1927 2139 li-

323 2176 486 2231 citum
535 2186 619 2231 est
670 2176 822 2232 vobis
868 2177 1121 2231 carnibus
1176 2177 1354 2242 vesci,
1407 2176 1611 2232 licitum
1661 2178 1737 2233 sit‘
1758 2178 1922 2234 etiam

321 2270 503 2325 carnis
530 2268 897 2339 voluptatibus
929 2269 1030 2324 uti.
1076 2271 1202 2325 lltnc
1248 2270 1394 2325 enim
1424 2286 1586 2339 opera
1622 2286 1726 2326 non
1768 2268 1924 2327 Chri-

323 2362 621 2418 stianorum
679 2371 842 2430 sunt,
873 2361 969 2416 sed
998 2378 1349 2432 paganorum.
1380 2361 1578 2434 Pagani
1622 2365 1797 2429 enim,
1832 2363 1923 2434 qui

322 2463 376 2511 et
404 2456 633 2526 gentiles
660 2465 941 2522 vocantur,
976 2454 1203 2511 deorum
1233 2472 1455 2511 suorum
1481 2498 1494 2522 ,
1534 2455 1586 2511 id
1616 2465 1697 2511 cst
1727 2456 1880 2512 Jovis
1902 2498 1920 2526 ,

322 2547 578 2616 Saturni,
609 2546 865 2602 Minervzn
894 2558 947 2602 et
979 2547 1203 2602 Veneris
1250 2546 1609 2605 festivitatem
1639 2547 1879 2604 colentes
1903 2591 1918 2617 ,

323 2651 445 2713 post
471 2642 791 2696 immensam
820 2641 926 2696 cibi
955 2649 1011 2696 et
1052 2648 1213 2713 putus
1243 2640 1593 2697 voracitatem
1634 2652 1923 2713 turpesque

320 2736 784 2801 comessationes,
814 2734 901 2790 ad
927 2732 1196 2790 theatrum
1217 2777 1231 2799 ,
1265 2733 1408 2804 quod
1458 2744 1513 2789 et
1552 2735 1777 2805 lupanar
1826 2751 1923 2789 vo-

321 2840 502 2895 catur,
539 2827 685 2882 foras
707 2827 976 2883 civitatem
1006 2827 1403 2883 conveniebant
1429 2846 1441 2881 :
1474 2827 1654 2897 ibique
1686 2827 1919 2897 primum

314 2919 456 2991 iocis
480 2918 678 2974 diversi
706 2918 951 2989 generis,
982 2919 1049 2973 ad
1079 2918 1323 2973 ultimum
1352 2934 1475 2973 cum
1507 2918 1882 2974 meretricibus
1903 2961 1918 2985 ,

319 3027 442 3081 quae
471 3012 525 3066 in
550 3011 799 3067 cavernis
819 3011 1064 3081 eiusdem
1090 3011 1283 3065 theatri
1309 3011 1567 3074 latebant,
1596 3010 1921 3066 luxuriaudo
1969 3028 1979 3033 '

319 3118 550 3173 corpora
581 3102 898 3174 fatigabant.
929 3102 1010 3157 Ad
1044 3105 1181 3157 hanc
1220 3103 1384 3171 igitur
1422 3102 1768 3172 turpitudinis
1814 3104 1917 3156 im-

2032 1900 2187 1948 u'sum
2217 1893 2468 1949 vitiorum
2494 1895 2842 1951 ri-llectimus.
2870 1897 2978 1951 Nec
3003 1913 3103 1967 ego
3145 1896 3380 1966 praedico
3411 1908 3515 1952 tam
3549 1895 3635 1952 sa-

2028 1996 2193 2041 eratte
2223 1987 2502 2043 Societatis
2527 1989 2924 2067 separationem
2955 2031 2968 2055 ,
2998 1988 3091 2043 sed
3123 1987 3188 2043 ad
3221 1989 3385 2045 breve
3424 1998 3636 2059 tempus

2029 2098 2189 2137 xxxvr
2217 2082 2424 2138 dierum
2473 2083 2651 2138 iudico
2670 2078 3062 2139 abstinentiam
3094 2092 3141 2135 τι.
3185 2076 3317 2137 Nam
3356 2084 3483 2153 qttid
3514 2099 3637 2155 pro-

2027 2166 2149 2231 dest
2173 2176 2448 2232 abstinere
2475 2192 2504 2230 a
2534 2174 2789 2233 carnibus
2811 2217 2825 2240 ,
2857 2185 2912 2231 et
2939 2172 3175 2231 carnalia
3207 2190 3372 2246 Opera
3399 2187 3509 2231 non
3543 2175 3639 2231 de-

2029 2270 2270 2339 ponere?
2300 2267 2401 2338 Qui
2436 2269 2580 2325 enim
2626 2277 2741 2324 toto
2765 2284 2907 2322 anno
2954 2268 3005 2323 in
3050 2264 3134 2323 his
3162 2278 3216 2324 et
3260 2267 3383 2323 aliis
3428 2267 3636 2323 deliciis

2027 2367 2237 2437 positus
2268 2360 2452 2422 vixisti
2478 2409 2492 2433 ,
2522 2365 2716 2421 saltem
2764 2365 2819 2420 in
2852 2365 2952 2421 hoc
2991 2379 3158 2435 parvo
3187 2364 3363 2433 Spati'o
3394 2380 3493 2436 pro
3522 2364 3636 2419 Deo

2026 2475 2244 2516 cessare
2268 2462 2456 2517 debes.
2481 2456 2593 2515 Cur
2617 2459 2760 2516 enim
2789 2460 2873 2515 vir
2898 2475 2927 2514 a
2959 2459 3163 2514 virtute
3190 2459 3441 2529 corporis
3476 2446 3638 2514 voca-

2028 2555 2104 2609 ris
2124 2597 2139 2623 ,
2167 2555 2210 2610 si
2243 2555 2383 2610 hanc
2406 2555 2663 2608 virtutem
2696 2554 2749 2607 in
2779 2552 2962 2606 animo
2991 2567 3096 2606 non
3129 2550 3417 2619 habueris,
3452 2560 3507 2605 ut
3541 2565 3636 2620 pro

2029 2645 2172 2713 Deo,
2213 2647 2299 2717 qui
2334 2640 2435 2700 tibi
2459 2652 2655 2700 cuncta
2674 2642 2848 2705 dedit,
2881 2650 2937 2697 et
2965 2658 2994 2696 a
3025 2658 3129 2712 quo
3159 2641 3400 2713 quotidie
3431 2640 3634 2711 maiora

2028 2739 2194 2808 petis,
2231 2737 2439 2794 decima
2474 2747 2626 2807 parte
2649 2732 2774 2789 anni
2801 2732 3051 2804 ieiunare
3077 2748 3183 2787 non
3213 2732 3422 2803 possis?
3524 2720 3529 2725 ’

2099 2828 2152 2886 5.
2194 2830 2327 2885 Nam
2374 2830 2625 2901 quisquis
2656 2827 2926 2883 subtiliter
2957 2828 3227 2892 intuetur,
3261 2841 3367 2880 non
3399 2824 3635 2895 amplius

2026 2941 2187 2996 quam
2220 2934 2385 2979 xxx‘vr
2416 2922 2565 2989 dies,
2596 2920 2684 2993 qui
2734 2929 2859 3002 sunt
2888 2919 3118 2976 decimae
3160 2918 3287 2974 anni
3313 2962 3328 2985 ,
3358 2919 3411 2974 in
3443 2916 3634 2974 eadem

2028 3016 2356 3072 abstinentia
2405 3014 2771 3086 reperiuntur.
2819 3009 2952 3067 Cum
3012 3008 3155 3068 enim
3205 3026 3381 3067 annus
3429 3011 3638 3081 integer

2026 3124 2253 3165 ccccxvn
2282 3104 2475 3162 diebus
2505 3113 2720 3161 constet
2745 3146 2758 3169 ,
2791 3104 2836 3159 si
2867 3102 3258 3159 subtrahuntur
3284 3117 3518 3168 cccxxx,
3554 3102 3637 3156 to'-

319 3194 637 3252 munditiam
657 3238 672 3261 ,
695 3195 995 3252 utOrosius
1017 3192 1213 3251 Paulus
1238 3205 1451 3261 narrat,
1480 3197 1622 3250 idem
1648 3195 1920 3263 diabolus,
1949 3188 1997 3252 C
2031 3203 2196 3257 tidem
2224 3210 2355 3272 quot
2382 3192 2491 3256 dixi
2522 3196 2881 3269 dies,jejunio
2903 3205 3244 3255 consecrant.
3276 3194 3478 3249 Horum
3506 3210 3639 3265 ergo

319 3282 801 3359 quem'coh-bant,
852 3289 974 3343 illos
1011 3286 1369 3359 provocabat;
1414 3296 1472 3342 ut
1512 3289 1598 3343 cui
1642 3287 1929 3343 solvebant

317 3381 650 3437 sacrificium
688 3381 758 3437 de
798 3382 1032 3436 victimis
1061 3380 1410 3448 animalium,
1440 3380 1717 3436 solverent
1748 3376 1922 3435 etiam

316 3476 644 3532 sacriﬁcium
676 3476 744 3532 de
773 3477 977 3533 viribus
1005 3477 1343 3547 propriorum
1375 3490 1689 3545 corporum.
1722 3473 1920 3530 Diabo-

314 3570 403 3624 lus
435 3570 577 3624 enim
610 3569 846 3640 pollutus
877 3579 931 3625 et
961 3568 1273 3625 immundus
1302 3578 1408 3635 est,
1442 3569 1701 3647 pollutum
1729 3578 1784 3624 et
1813 3568 1918 3623 im-

314 3662 579 3718 mundum
612 3663 937 3719 sacriﬁcium
981 3664 1080 3718 sibi
1125 3663 1351 3732 requirit
1382 3681 1394 3717 :
1443 3663 1584 3719 unde
1615 3663 1874 3734 pelliceus
1897 3705 1915 3730 ,

315 3753 373 3810 id
403 3764 485 3810 est
512 3755 667 3827 pellis
698 3755 867 3827 gratia
902 3757 1316 3825 interpretatur,
1347 3754 1471 3826 quia
1507 3755 1732 3810 multum
1762 3755 1919 3810 luxu-

314 3846 398 3902 ria
438 3846 771 3915 delecmtur,
812 3864 933 3919 qua:
984 3849 1138 3920 pellis
1182 3848 1585 3919 pulchritudine
1624 3849 1914 3905 excitatur.

313 3939 426 3996 Sed
454 3946 711 4011 Quantum
743 3942 909 3997 distat
933 3943 1076 3998 inter
1100 3942 1416 3998 servitutem
1459 3942 1551 3998 Dei
1594 3950 1647 3998 et
1677 3942 1913 4008 diaboli,

314 4040 528 4090 tantum
554 4036 700 4092 inter
729 4035 891 4090 vitam
924 4035 1139 4092 illorum
1179 4037 1269 4108 qui
1299 4052 1328 4091 a
1372 4035 1591 4093 Christo
1617 4035 1916 4094 Christiani

313 4126 600 4195 dicuntur,
633 4139 686 4184 et
715 4126 925 4184 illorum
956 4129 1046 4200 qui
1086 4128 1303 4185 diabolo
1333 4124 1530 4185 subditi
1576 4132 1628 4186 in
1661 4131 1913 4189 omnibus

314 4218 663 4276 famulantur.
696 4221 925 4294 Propter
953 4222 1055 4278 hoc
1082 4216 1404 4278 cessandum
1437 4233 1550 4290 est,
1582 4223 1802 4291 fratres,
1847 4225 1915 4282 ab

314 4309 420 4366 hac
441 4321 495 4366 et
522 4313 590 4369 ab
609 4315 756 4367 omni
785 4315 925 4369 mala
946 4314 1338 4370 consuetudine
1366 4314 1617 4386 praesenti
1643 4315 1749 4381 die,
1777 4331 1915 4386 quo-

313 4402 459 4458 niam
492 4404 608 4459 haec
639 4404 758 4461 dies
778 4422 884 4462 non
916 4407 1089 4462 solum
1120 4418 1277 4476 caput
1312 4417 1395 4463 est
1416 4408 1744 4477 ieiuniorum
1769 4451 1782 4474 ,
1817 4410 1915 4467 sed

312 4495 481 4551 etiam
501 4498 843 4553 saeculorum.
868 4498 962 4554 Est
986 4500 1165 4570 itaque
1193 4517 1388 4572 magno
1409 4503 1552 4557 cultu
1574 4512 1627 4558 et
1650 4502 1919 4576 religione

2030 3310 2125 3349 sex
2178 3292 2387 3348 dierum
2412 3334 2428 3357 ,
2469 3292 2559 3361 qui
2593 3290 2754 3345 etiam
2800 3305 2922 3345 cum
2967 3289 3079 3343 suis
3109 3286 3356 3343 noctibus
3385 3302 3451 3341 cr.
3486 3282 3636 3341 horis

2027 3394 2301 3451 constant,
2326 3384 2531 3439 decima
2556 3397 2681 3454 pars
2713 3398 2785 3437 xv
2816 3382 2962 3435 borge
2985 3388 3130 3435 sunt.
3164 3379 3271 3436 Sed
3296 3380 3419 3450 quia
3449 3380 3519 3434 ex
3549 3376 3631 3450 ip-

2028 3480 2104 3534 sis
2132 3482 2394 3549 iutegram
2426 3476 2566 3530 diem
2600 3490 2722 3531 cum
2768 3473 3015 3545 sequenti
3047 3481 3203 3529 nocte
3238 3472 3497 3543 colligere
3526 3472 3643 3528 non’

2027 3573 2307 3637 valemus,
2364 3568 2790 3639 quamfprarfato
2834 3582 3065 3622 numero
3120 3564 3380 3621 addentes
3424 3562 3643 3634 ieiunio

2027 3663 2434 3735 mancipemus,
2462 3675 2587 3717 usus
2626 3659 3027 3716 ecclesiasticus
3069 3660 3294 3725 statuit,
3315 3668 3372 3713 ut
3396 3656 3549 3729 quod
3580 3660 3634 3714 in

2026 3756 2120 3813 illa
2143 3771 2249 3811 non
2272 3754 2517 3811 redditur
2537 3797 2551 3819 ,
2586 3754 2638 3808 in
2682 3752 2970 3807 dominicis
3000 3746 3191 3807 diebus
3223 3751 3464 3821 ejusdem
3497 3761 3636 3806 tem-

2026 3849 2195 3920 poris,
2224 3865 2250 3902 a
2276 3863 2441 3903 carne
2463 3858 2513 3903 et
2533 3862 2563 3902 a
2593 3843 2904 3901 carnalibus
2926 3843 3291 3914 voluptatibus
3303 3836 3631 3914 i'eiunando,

2026 3946 2409 4016 adimpleatur.
2440 3943 2497 3998 Iu
2532 3943 2615 3998 his
2639 3942 2865 4005 etenim,
2890 3940 3014 4011 quia
3038 3941 3089 3995 in
3122 3935 3242 4011 ipso
3272 3936 3368 3994 Dei
3403 3937 3626 3993 nomine

2025 4039 2223 4096 sacrati
2262 4044 2420 4104 sunt,
2455 4036 2798 4107 refrigerium
2839 4033 2944 4089 cibi
2976 4026 3307 4102 impenditur
3331 4040 3389 4086 et
3413 4030 3631 4086 licentia

2024 4134 2285 4203 peccandi
2332 4131 2686 4189 subtrahitur.
2730 4125 2899 4183 Datur
2938 4125 3133 4192 nobis,
3164 4124 3306 4196 quod
3351 4124 3513 4179 vitam
3554 4122 3636 4178 af-

2025 4226 2135 4281 fert
2164 4236 2217 4281 et
2249 4225 2445 4281 melius
2490 4234 2612 4290 est;
2642 4218 2975 4277 subtrahitur
3007 4217 3186 4284 nobis,
3218 4215 3375 4288 quod‘
3395 4225 3626 4271 mortem

2027 4318 2184 4375 affert
2210 4329 2263 4374 et
2298 4317 2448 4389 peius
2477 4323 2580 4372 est.
2626 4312 2781 4381 Quod
2822 4312 2867 4368 si
2901 4311 3000 4367 hos
3034 4306 3177 4365 vitiis
3216 4320 3272 4364 et
3304 4309 3509 4393 carnali
3549 4307 3648 4362 in;
3686 4369 3699 4375 ,

2026 4415 2381 4485 quinamento
2411 4426 2517 4465 non
2548 4406 2923 4477 polluerimus,
2959 4400 3205 4474 profecto
3232 4416 3295 4455 ex
3329 4398 3412 4453 hi‘s
3446 4400 3634 4468 plenas

2028 4508 2221 4577 integri
2251 4504 2372 4558 anni
2398 4502 2636 4558 decimas
2667 4505 3059 4554 restauramus.
3103 4493 3209 4550 Sed
3246 4493 3515 4563 quoniam
3536 4507 3637 4547 no-

313 4592 620 4646 veneranda
641 4634 656 4658 ,
687 4602 741 4648 et
780 4609 885 4648 non
920 4592 1223 4649 libidinosis
1263 4595 1628 4665 voluptatibus
1662 4598 1923 4667 polluen-
1947 4570 2005 4634 D
2033 4600 2115 4656 bis
2139 4614 2294 4654 sacro
2318 4596 2467 4652 fonte
2497 4592 2846 4665 regeneratis,
2872 4599 2927 4645 et
2956 4605 3059 4644 non
3082 4589 3188 4659 iam
3219 4584 3506 4651 ﬁgurati“.
3536 4580 3646 4641 sedi

310 4682 405 4749 da,
456 4686 580 4755 quia
636 4686 854 4741 nomine
901 4693 956 4740 et
994 4688 1257 4759 mysterio
1305 4702 1413 4757 pra:
1443 4689 1655 4742 emtoris
1706 4688 1925 4745 videtur

310 4790 438 4833 esse
459 4778 934 4835 sacrata.Voeatur
955 4786 1135 4834 autem
1166 4796 1196 4835 a
1224 4780 1450 4836 Domino
1476 4781 1594 4837 dies
1616 4781 1916 4852 dominica,

308 4871 459 4940 quod
485 4887 604 4927 eam
636 4872 691 4928 in
719 4874 912 4951 ordine
942 4874 1151 4931 dierum
1181 4875 1407 4946 primam
1437 4877 1615 4946 posuit
1640 4919 1653 4944 ,
1685 4889 1739 4933 et
1771 4883 1916 4950 quod

309 4973 567 5034 superata
594 4975 795 5031 morte,
826 4980 985 5037 quam
1018 4983 1117 5036 pro
1156 4969 1312 5023 nobis
1352 4962 1588 5040 indignis
1631 4971 1918 5042 suscepit,

309 5058 564 5129 victoque
593 5060 843 5128 inimico,
886 5059 952 5115 de
982 5060 1135 5132 cujus
1165 5076 1262 5115 nos
1284 5060 1564 5129 potestate
1594 5063 1771 5133 rapuit
1796 5106 1812 5131 ,
1855 5065 1913 5118 in‘

308 5167 376 5208 ea
405 5161 654 5222 potenter
682 5168 713 5206 a
740 5154 967 5208 mortuis
1015 5155 1348 5221 resurrexit,
1382 5162 1436 5211 et
1480 5157 1531 5210 iu
1566 5156 1772 5215 honore
1798 5173 1912 5215 sure

311 5244 733 5300 resurrectionis
761 5244 917 5301 nobis
944 5245 1089 5301 illam
1118 5247 1400 5303 colendam
1432 5250 1730 5304 constituit.
1767 5252 1917 5319 Quo-—

310 5341 478 5396 modo
519 5341 679 5411 igitur
721 5341 969 5410 cupimus
997 5356 1023 5394 a
1055 5349 1230 5397 morte
1272 5341 1467 5398 animae
1497 5358 1781 5414 resurgere
1805 5387 1819 5413 ,
1868 5344 1917 5400 si

309 5430 458 5486 diem
484 5432 900 5488 resurrectionis
924 5433 1206 5490 dominico
1229 5436 1483 5492 nolumus
1514 5436 1822 5493 lmuorare?
1848 5434 1919 5493 Et

310 5538 418 5594 qua
463 5523 685 5582 ratione
734 5510 982 5597 putamus
1031 5538 1240 5585 mentes
1292 5540 1507 5587 nostras
1559 5547 1655 5601 per
1705 5528 1912 5602 ieiunia

387 5666 413 5695 α
430 5657 784 5744 Νοιὶεξίηιυιιι
811 5675 915 5744 est,
944 5669 1282 5744 coniugalem
1303 5670 1918 5744 quadragesimalitem-

316 5744 451 5814 pore
477 5730 861 5791 abstinentiam
876 5730 944 5792 in
988 5730 1335 5798 diversorum:
1354 5730 1578 5814 Patru'in
1602 5742 1840 5798 hominis
1858 5752 1935 5799 αι’

310 5813 696 5874 episcoporum
732 5817 970 5864 veterum
1000 5813 1436 5871 sacramentariis
1463 5814 1664 5887 aliquot
1693 5828 1924 5887 magno-

2032 4684 2159 4749 veri
2178 4690 2301 4761 agni
2342 4703 2534 4745 carnes
2564 4682 3006 4758 degustantibus,
3038 4681 3239 4736 dictum
3270 4677 3338 4735 ab
3369 4681 3487 4750 ipso
3533 4672 3636 4734 ne-
3680 4750 3683 4752 ἓ

2030 4789 2206 4853 mino,
2250 4785 2349 4840 nisi
2371 4782 2701 4837 abundaverit
2735 4778 2948 4850 justitia
2981 4785 3148 4831 vestra
3176 4775 3451 4847 plusquam
3483 4773 3633 4830 Scri-

2031 4881 2208 4937 barum
2274 4888 2320 4933 et
2364 4868 2783 4940 Pharisaeorum,
2814 4865 2941 4924 'non
2996 4867 3267 4923 inti-abitis
3312 4860 3366 4920 in
3406 4867 3651 4939 ‘regnum‘

2030 4975 2307 5038 caelorum;
2345 4968 2526 5025 statuit
2555 4966 2851 5023 christiana
2888 4958 3099 5034 religio,
3123 4970 3181 5016 ut
3207 4975 3314 5014 non
3339 4960 3512 5013 solum
3540 4960 3647 5012 hos

2032 5068 2252 5139 triginta
2298 5080 2394 5121 sex
2440 5072 2659 5132 propter
2699 5057 2826 5113 anni
2857 5057 3136 5121 decimas,
3175 5052 3269 5108 sed
3300 5051 3462 5107 etiam
3510 5050 3647 5104 cum‘

2031 5162 2139 5229 bis,
2162 5170 2392 5233 quatuor
2419 5157 2508 5229 qui
2551 5171 2579 5209 a
2634 5152 2813 5224 capite
2852 5148 3048 5221 ieiunii
3091 5142 3647 5227 inchoant',pr0p1er

2031 5257 2164 5313 tanti
2188 5244 2429 5327 mysterii
2456 5248 2870 5322 perfectionem,
2901 5258 2970 5299 xt.
2993 5240 3110 5298 dies
3143 5240 3205 5294 in'
3221 5235 3485 5307 jejunium
3514 5246 3636 5327 nm-

2027 5358 2191 5407 taret.
2216 5347 2329 5404 Hoc
2359 5342 2559 5401 etenim
2593 5337 3058 5413 quadragesimale
3083 5327 3348 5403 jejunium
3385 5328 3649 5392 inagnatn'

2030 5444 2414 5503 auctoritatem
2452 5440 2616 5495 habet
2646 5446 2699 5492 et
2729 5450 2759 5489 a
2804 5433 2946 5501 Lege
2987 5438 3040 5482 et
3084 5436 3115 5481 a
3153 5418 3442 5491 Prophctis
3471 5427 3524 5473 et
3569 5414 3651 5473 ali‘

2033 5537 2357 5610 Evangelio.
2386 5532 2518 5590 Nam
2550 5527 2825 5601 legislator
2857 5524 3094 5593 Moyses,
3125 5516 3183 5573 ut
3209 5516 3382 5586 legem
3424 5512 3640 5582 accipe-

2033 5690 2167 5747 pere
2208 5687 2330 5730 esse
2367 5663 2806 5747 commendatam
2832 5703 2857 5747 ,.
2887 5656 3294 5747 quamvisjam
3343 5666 3638 5722 numquam

2035 5728 2678 5814 ἶιιίἱίιεὴιιιιεῖηιρεηνὶι
2698 5728 2947 5792 districta
2972 5728 3240 5786 Ecclesia.
