4194 6184
548 239 652 294 (δι-ι

1048 229 1480 292 MONUMENTA
1518 226 1800 287 VETERA
1847 223 1937 280 AD
1977 215 2387 279 ARIANORUM
2429 213 2828 274 DOCTRINAM
2865 210 3352 272 PERTINENTIA.

3755 211 3866 268 648

545 359 668 417 ret,
695 364 761 403 χι.
796 348 984 403 diebus
1007 347 1291 418 jejunavit.
1338 343 1602 401 Similiter
1652 342 1833 397 llelias
1873 339 2150 394 maximus
2177 340 2230 399 Α
2257 332 2410 408 Unde
2449 344 2534 390 est
2563 352 2576 388 :
2609 332 2940 401 Sacriﬁcium
2983 331 3094 387 Deo
3121 332 3335 403 spiritus
3363 327 3759 383 contribulatus.
3800 327 3869 381 Et

547 443 964 512 Prophetarum,
998 442 1086 511 qui
1109 457 1269 495 curru
1298 441 1454 510 igneo
1477 439 1591 508 rapi
1624 438 1819 492 meruit
1839 437 1890 490 in
1916 436 2112 491 cmlum
2133 474 2147 498 ,

553 551 675 592 cum
703 536 1132 606 persequebatur
1157 550 1188 589 a
1212 533 1428 589 Jezabel
1447 576 1461 600 ,
1492 532 1739 602 angelico
1767 531 1996 602 primum
2032 529 2154 583 cibo

550 635 756 700 pastus,
787 633 974 696 postea
1005 626 1232 681 totidem
1262 625 1331 680 ab
1362 625 1508 679 omni
1540 639 1666 680 esca
1697 621 1958 679 abstinuit
1993 630 2041 674 ³.

716 763 952 822 SEBMO
989 761 1075 817 lll.
1119 763 1188 818 IN
1229 761 1562 820 DOMINICA
1603 758 1979 816 PASSIONIS.

627 898 678 952 l.
717 895 1022 952 Decedente
1048 896 1159 964 jam
1203 894 1639 966 Quadragesinue
1664 900 1942 962 tempore,
1972 898 2027 945 et
2065 904 2160 958 ap-

554 989 1044 1060 pmpinquantibus
1064 988 1445 1043 sacratissiune
1465 985 1902 1042 Resurrectionis
1925 982 2157 1053 gaudiis,

555 1087 760 1142 mentio
801 1085 1096 1140 Domiuiete
1139 1087 1409 1156 passionis
1455 1085 1634 1149 nobis,
1672 1083 2006 1138 dilectissimi
2055 1081 2162 1136 fra-

558 1191 690 1248 tres,
723 1183 1001 1238 annuatim
1029 1184 1284 1249 occurrit,
1319 1199 1440 1253 quae
1465 1181 1824 1237 universalem
1855 1178 2159 1234 Ecclesium

561 1275 724 1331 hodie
751 1278 1054 1348 laerymoso
1081 1277 1256 1332 relatu
1287 1275 1552 1345 percellit.
1578 1275 1647 1328 Et
1671 1274 1919 1344 quamvis
1943 1271 2162 1342 plurimi

552 1368 669 1424 dies
695 1369 972 1438 supersint
992 1369 1060 1422 ab
1087 1367 1187 1422 hac
1229 1383 1397 1437 usque
1445 1366 1512 1421 ad
1543 1367 1686 1422 illam
1707 1409 1720 1434 ,
1744 1382 1864 1437 quae
1885 1374 2161 1421 auctorem

554 1474 713 1515 suum
744 1459 1064 1515 crucifixum
1101 1459 1412 1530 specialiter
1442 1457 1628 1514 videre
1657 1460 1889 1524 meruit;
1927 1468 2106 1513 tamen
2134 1472 2165 1512 a

553 1553 764 1609 sanctis
801 1553 1044 1623 patribus
1081 1568 1178 1623 per
1221 1553 1319 1608 hos
1364 1553 1480 1608 dies
1504 1595 1518 1619 ,
1543 1555 1637 1620 qui
1673 1562 1992 1622 sequuntur,
2027 1550 2162 1606 reci-

556 1647 717 1701 tanda
763 1646 916 1702 nobis
959 1646 1151 1702 eadem
1207 1646 1384 1716 passio
1423 1646 1823 1711 committitur,
1852 1646 2089 1700 maxime
2134 1659 2164 1697 a

558 1737 720 1792 beato
747 1736 1035 1807 Gregorio,
1059 1738 1149 1808 qui
1183 1738 1233 1791 in
1263 1737 1517 1792 omnibus
1543 1736 1926 1791 ecclesiasticis
1950 1735 2163 1802 officiis,

554 1828 764 1884 diurnis
792 1829 1000 1884 scilicet
1032 1838 1086 1884 et
1109 1830 1537 1895 nocturnalibus,
1575 1829 1702 1884 hinc
1733 1843 1901 1898 usque
1931 1828 1998 1882 ad
2031 1827 2161 1882 Pas-

555 1920 714 1978 chale
737 1920 957 1988 festum,
990 1922 1155 1977 verba
1179 1934 1231 1977 et
1260 1923 1459 1978 lui-tum
1492 1923 1760 1992 passionis
1793 1921 2000 1977 inducit
2033 1939 2044 1973 :
2080 1921 2163 1975 in-

555 2013 780 2068 sinuans
811 2029 908 2069 nos
953 2029 1052 2084 pro
1078 2015 1170 2068 illo
1215 2015 1414 2091 debere
1447 2013 1611 2080 ﬂere,
1644 2016 1760 2070 sine
1800 2029 1910 2086 quo
1955 2013 2158 2069 nullam

556 2104 800 2160 laetitiam
828 2104 1062 2176 perfecte
1085 2121 1373 2175 possumus
1400 2107 1622 2162 habere.
1657 2107 1993 2176 Quicumque
2031 2119 2160 2176 ergo

555 2195 941 2264 Redemptoris
981 2196 1154 2252 nostri
1185 2199 1426 2252 membra
1459 2200 1573 2255 fore
1617 2199 1937 2254 confidimus
1958 2242 1973 2267 ,
2002 2199 2160 2254 dolo-

557 2304 672 2344 rem
715 2299 768 2344 et
804 2289 1054 2359 injuriam
1095 2291 1227 2344 tanti
1267 2291 1459 2360 capitis
1487 2292 1807 2347 sentiamus.
1840 2291 1998 2347 Unde
2035 2308 2162 2362 pro-

558 2379 721 2450 pheta
756 2398 768 2434 :
806 2380 972 2436 Omne
1011 2392 1165 2454 caput
1195 2383 1532 2454 languidum,
1565 2394 1613 2437 et
1636 2401 1784 2438 omne
1804 2401 1892 2438 cor
1916 2400 2162 2450 mmrens;

557 2489 590 2527 α
616 2474 794 2545 planta
822 2474 967 2545 pedis
998 2491 1152 2546 usque
1179 2476 1249 2529 ad
1280 2476 1518 2530 verticem
1546 2493 1648 2530 non
1672 2487 1744 2530 est
1771 2478 1826 2531 in
1852 2493 1911 2531 eo
1941 2479 2158 2530 sanitas.

560 2565 626 2621 Et
646 2567 942 2636 Apostolus
968 2585 980 2620 :
1016 2569 1078 2623 Si
1101 2571 1297 2641 patitur
1322 2587 1479 2624 unum
1501 2571 1810 2634 membrum,
1835 2572 2159 2642 compatiun-

560 2668 646 2714 tur
673 2662 850 2716 enmia
893 2661 1138 2716 membra.
1171 2662 1308 2731 Quia
1335 2677 1467 2719 vero
1507 2665 1668 2719 altius
1701 2674 1757 2719 et
1792 2663 2163 2720 honorabilius

559 2756 862 2811 membrum
887 2798 902 2825 ,
925 2754 1198 2813 Christum
1235 2758 1524 2826 videlicet,
1557 2759 1649 2830 qui
1691 2769 1852 2831 caput
1893 2768 1950 2816 et
1977 2771 2162 2816 vertex

559 2854 746 2901 noster
767 2855 872 2915 est,
907 2862 1120 2917 passum
1153 2849 1319 2905 fuisse
1348 2851 1761 2920 cognoscimus,
1793 2863 1892 2905 nos
1921 2851 2162 2906 membra

559 2935 816 2992 inferiora
857 2952 980 2993 cum
1012 2953 1078 2995 eo
1110 2941 1379 3010 patiamur
1413 2958 1425 2994 :
1456 2941 1691 2997 maxime
1737 2957 1860 2997 cum
1911 2956 2018 2996 non
2066 2958 2163 3013 pro

560 3031 801 3103 qualibet
841 3033 924 3088 sui
959 3035 1235 3090 commissi
1284 3035 1472 3105 culpa,
1500 3036 1597 3091 sed
1646 3051 1742 3106 pro
1790 3035 2164 3107 redemptione

2259 429 2742 511 licetimpossibile
2777 428 2846 482 sit
2879 442 3198 504 corpoream
3229 424 3574 496 fragilitatem
3617 430 3862 477 nostram

2260 521 2566 593 sequiillius
2587 522 2912 576 immensam
2939 518 3221 584 deitatem,
3249 517 3388 572 bene
3409 525 3587 571 tamen
3610 530 3732 571 eum
3767 528 3866 584 pro

2260 614 2482 669 modulo
2516 613 2872 668 humanitatis
2898 611 3178 683 sequimur
3197 652 3210 676 ,
3239 615 3282 665 si
3313 610 3442 664 vitia
3470 607 3718 678 corporis
3768 621 3868 675 per

2255 707 2519 779 jejunium
2557 714 2612 762 et
2657 707 2933 760 orationes
2981 713 3144 776 atque
3187 703 3398 772 vigilias
3435 711 3734 756 mactamus
3773 715 3786 751 :
3818 697 3866 752 si

2263 801 2449 856 mundi
2473 809 2528 856 et
2555 799 2708 854 nitidi
2738 815 2922 854 coram
2955 798 3071 869 ejus
3099 797 3275 853 oculis
3303 811 3521 852 manere
3543 795 3862 867 gaudemus.

2262 893 2418 950 Unde
2447 893 2707 964 prOpheta
2737 909 2749 945 :
2784 890 3075 956 Lavamini,
3111 890 3291 944 mutuli
3320 898 3497 954 estote,
3527 899 3577 943 et
3606 888 3830 958 reliqua.

2333 987 2388 1040 2.
2431 986 2536 1041 Sed
2587 985 2860 1056 quomodo
2906 983 3221 1039 imminente
3264 983 3414 1038 rabie
3454 980 3866 1052 persecu:oris,

2265 1081 2426 1134 vitam
2469 1095 2565 1149 pro
2601 1094 2668 1134 eo
2710 1075 2936 1148 posituri
2976 1092 3196 1142 sumus,
3229 1076 3319 1146 qui
3355 1091 3452 1145 pro
3489 1073 3606 1143 ejus
3641 1088 3868 1134 amore,

2265 1172 2458 1228 saltem
2485 1185 2658 1242 pauco
2690 1179 2937 1241 tempore
2963 1184 2992 1222 a
3024 1169 3165 1224 vitiis
3201 1179 3256 1223 et
3289 1185 3317 1220 a
3343 1165 3676 1238 quibuslibet
3728 1166 3871 1220 cibis

2258 1265 2508 1336 jejuuare
2573 1280 2678 1318 non
2722 1262 3052 1334 possumus?
3112 1261 3166 1315 lu
3206 1279 3312 1331 quo
3359 1260 3519 1330 igitur
3557 1262 3870 1330 passionem

2267 1359 2412 1414 illius
2443 1359 2748 1424 imitamttr,
2781 1357 2873 1426 qui
2903 1371 2932 1410 a
2973 1355 3137 1411 nullis
3171 1355 3450 1426 spurcitiis
3478 1369 3709 1424 corpora
3737 1367 3873 1424 pro-

2269 1451 2556 1506 hibemus?
2582 1451 2809 1520 lllSUpCl‘
2831 1449 3029 1505 etenim
3047 1490 3061 1515 ,
3088 1449 3230 1519 quod
3256 1447 3408 1519 pejus
3460 1457 3576 1513 est,
3625 1462 3877 1519 praecep-

2270 1546 2337 1599 tis
2366 1545 2506 1598 illius
2535 1543 2750 1598 fortiter
2781 1553 3176 1613 repugnantes,
3210 1539 3365 1611 quasi
3398 1539 3616 1594 inimico
3644 1548 3872 1594 contra-

2270 1635 2335 1690 rii
2366 1651 2574 1690 sumus.
2618 1634 2751 1688 Nam
2777 1635 3046 1688 clamante
3071 1648 3136 1688 co
3180 1633 3233 1686 in
3272 1631 3451 1687 Veteri
3484 1632 3872 1686 Testamento:

2195 1743 2243 1804 Β
2273 1728 2389 1783 Non
2420 1729 2666 1794 occides,
2728 1743 2837 1781 non
2893 1725 3095 1781 furtum
3142 1725 3340 1793 facies',
3390 1734 3446 1781 et
3495 1734 3692 1781 cratera
3735 1725 3878 1796 legis

2271 1831 2562 1893 praecepta;
2594 1821 2759 1877 veluti
2791 1822 2926 1887 iram
2953 1821 3098 1875 illius
3138 1830 3329 1874 contra
3353 1835 3454 1875 nos
3481 1830 3870 1890 provocantes,

2270 1915 2443 1970 insani
2485 1924 2539 1970 et
2569 1923 2816 1969 amentes
2853 1923 2908 1969 et
2945 1913 3313 1980 ll'lfBChatllul',
3354 1922 3410 1969 et
3439 1913 3771 1980 occidimus,
3817 1924 3878 1970 et

2270 2010 2468 2065 furtum
2519 2009 2745 2064 facimus
2775 2026 2787 2060 :
2831 2010 3052 2079 insuper
3082 2009 3264 2063 omnia
3306 2007 3466 2075 vitia,
3496 2023 3604 2078 quo
3634 2008 3878 2078 amplius

2270 2102 2425 2159 nobis
2457 2103 2723 2173 prohibita
2758 2110 2919 2166 sunt,
2949 2116 3015 2156 eo
3045 2086 3218 2172 magis,
3242 2100 3397 2171 sequi
3425 2111 3477 2156 et
3500 2116 3685 2156 amare
3716 2115 3880 2154 cura-

2269 2214 2407 2254 mus.
2451 2197 2713 2253 Similiter
2741 2197 2980 2252 minante
3009 2211 3075 2251 eo
3120 2195 3174 2250 in
3205 2209 3347 2250 novo
3374 2193 3652 2265 Evangelii
3680 2193 3879 2249 Testa-

2268 2301 2453 2346 mento
2483 2307 2495 2343 :
2529 2290 2706 2344 omnis
2728 2330 2742 2354 ,
2779 2288 2870 2360 qui
2905 2288 3104 2343 dixerit
3141 2287 3295 2342 fratri
3335 2301 3435 2342 suo
3465 2285 3624 2342 raeha
3645 2327 3660 2352 ,
3691 2295 3746 2341 et
3778 2285 3877 2356 qui

2267 2385 2464 2439 dixerit
2501 2383 2646 2438 fatue
2668 2424 2681 2448 ,
2712 2398 2840 2438 reus
2882 2382 2987 2437 erit
3021 2381 3286 2452 gehennae
3329 2381 3504 2451 ignis;
3536 2395 3634 2434 nos
3674 2395 3705 2434 c
3734 2396 3873 2434 cou-

2270 2487 2352 2532 tra
2379 2478 2495 2532 zelo
2523 2476 2743 2531 invidia:
2776 2475 2938 2542 tacti,
2968 2475 3149 2529 omnia
3179 2473 3632 2544 improperiorum
3679 2473 3874 2528 convi-

2266 2571 2348 2624 cia
2375 2569 2632 2624 fratribus
2655 2569 2856 2623 nostris
2886 2568 3119 2638 superbe
3160 2576 3215 2622 et
3242 2567 3871 2638 contumacitergingeri-

2269 2678 2410 2718 mus.
2443 2661 2594 2719 Unde
2621 2677 2650 2715 a
2684 2661 2881 2717 talibus
2916 2662 3063 2716 etab
3096 2659 3180 2714 his
3203 2659 3474 2714 similibus
3505 2667 3741 2715 mentem
3773 2674 3875 2713 co-

2268 2757 2458 2812 hibere
2504 2756 2802 2822 debemus,
2851 2757 2895 2809 si
2949 2753 3344 2824 redemptionis
3388 2753 3534 2808 illius
3581 2751 3874 2824 participes

2267 2863 2390 2904 esse
2415 2863 2718 2919 speramus.
2750 2847 2870 2917 Ipse
2895 2855 2984 2903 est
3012 2847 3156 2902 enim
3188 2861 3349 2902 verus
3377 2845 3634 2901 sacerdos
3654 2856 3705 2901 et
3737 2861 3872 2915 pon-

2268 2941 2399 2997 tifex
2431 2928 2744 2998 futurorum
2787 2942 3088 3008 honorum,
3138 2941 3229 3010 qui
3280 2941 3390 2996 Deo
3432 2939 3580 2994 Patri
3609 2955 3709 2995 suo
3761 2955 3872 2995 non

2267 3034 2583 3105 sanguinem
2611 3035 2886 3090 hircorum
2915 3043 2970 3090 et
3010 3043 3320 3101 taurorum,
3354 3033 3449 3089 sed
3479 3034 3867 3104 semetipsum,

559 3134 745 3181 nostra
775 3125 883 3195 pati
914 3126 1177 3191 voluerit,
1211 3135 1396 3182 ut'nos
1425 3129 1493 3182 ab
1511 3127 1728 3197 antiqua
1757 3127 1959 3183 diaboli
1991 3129 2164 3184 servi-
2192 3137 2236 3199 ρ
2269 3143 2464 3200 agnum
2528 3130 2781 3185 videlicet
2840 3130 3281 3197 immaculatum,
3348 3129 3545 3185 obtulit
3597 3129 3870 3185 mundatis

557 3225 670 3272 tute
691 3217 1006 3285 redimeret,
1027 3226 1081 3274 et
1099 3221 1285 3290 patriae
1307 3219 1566 3286 caelestis,
1581 3234 1610 3273 a
1633 3234 1738 3290 qua
1761 3220 1960 3290 captivi
1978 3219 2163 3275 exclu-

556 3309 859 3377 debamur,
891 3322 1182 3382 perpetuos
1235 3312 1444 3368 incolas
1494 3313 1716 3368 faceret.
1766 3313 1886 3383 Ipse
1929 3329 2162 3385 namque

559 3402 907 3460 ineliabiliter
935 3405 1248 3472 misericors
1277 3448 1290 3471 ,
1326 3422 1430 3460 non
1461 3421 1593 3462 auro
1623 3421 1720 3462 seu
1749 3406 2038 3477 cujuslibet
2065 3422 2161 3478 ge-

559 3511 692 3552 nere
722 3497 948 3564 metalli,
975 3498 1060 3553 vel
1086 3499 1324 3568 pulchra:
1353 3502 1632 3557 varietatis
1655 3501 1861 3572 palliis,
1885 3518 1983 3557 nec
1999 3502 2182 3557 etiam

558 3597 882 3645 czeterorum
924 3590 1235 3645 animalium
1269 3591 1502 3648 victimis
1527 3634 1540 3659 ,
1565 3593 1657 3649 sed
1691 3594 1912 3665 proprio
1933 3609 2161 3665 corpore

556 3681 612 3738 in
656 3697 747 3737 ara
792 3683 968 3738 crucis
1005 3681 1117 3739 Deo
1152 3683 1297 3739 Patri
1337 3685 1648 3752 immolato,
1685 3697 1739 3741 et
1767 3689 2160 3758 pretiosissimo

555 3777 815 3847 sanguine
843 3775 982 3843 fuso,
1015 3785 1236 3848 peccata
1267 3786 1451 3833 nostra
1491 3787 1653 3849 atque
1682 3779 1931 3851 antiquas
1961 3781 2160 3850 iniqui-

554 3880 695 3928 tates
738 3881 959 3928 nostras
991 3887 1222 3942 purgare
1250 3872 1437 3928 voluit.
1484 3872 1637 3929 Unde
1683 3874 1987 3943 prepheta:
2027 3873 2162 3928 Vere

554 3970 830 4041 languores
860 3970 969 4040 ipse
997 3970 1115 4022 tulit
1134 4010 1148 4031 ,
1167 3970 1492 4037 infirmitates
1528 3978 1730 4023 nostras
1774 3970 1888 4038 ipse
1913 3970 2152 4040 portavit.

553 4061 622 4116 Et
644 4061 760 4131 ipse
788 4060 1056 4116 mediator
1079 4069 1263 4114 noster
1291 4061 1357 4115 ad
1389 4061 1606 4116 Patrem
1650 4061 1787 4115 dixit
1818 4072 1831 4114 :
1863 4060 2160 4115 Holocaus-

555 4159 662 4207 tum
714 4163 759 4207 et
811 4168 904 4222 pro
959 4160 1164 4222 peccato
1210 4168 1315 4206 non
1362 4153 1674 4222 postulasti:
1704 4162 1826 4207 tunc
1869 4153 1977 4208 dixi
2003 4194 2018 4220 ,
2045 4171 2160 4209 ecce

551 4247 720 4302 venio.
755 4247 824 4302 Et
850 4257 933 4302 est
967 4259 1160 4301 sensus
1186 4262 1198 4298 :
1227 4245 1307 4300 οι.
1336 4247 1348 4298 !
1381 4246 1520 4301 Deus
1546 4245 1705 4302 Pater
1729 4289 1743 4314 ,
1771 4245 1897 4317 quia
1937 4262 2032 4315 pro
2054 4246 2156 4302 hu-

556 4341 699 4395 mani
741 4341 956 4412 generis
988 4337 1362 4409 redemptione
1408 4353 1514 4394 non
1537 4339 1643 4394 vidi
1687 4348 1738 4395 te
1783 4340 2155 4396 holocaustum

554 4433 868 4489 animalium
895 4441 1136 4502 captare,
1163 4432 1341 4486 statim
1366 4431 1476 4486 dixi
1495 4473 1511 4500 ,
1535 4446 1665 4488 ecce
1692 4432 1853 4488 venio
1878 4442 1934 4487 ut
1965 4433 2158 4487 immo-

2267 3224 2650 3278 conscientiam
2696 3233 2938 3280 nostram
2964 3223 3035 3278 ab
3061 3224 3321 3294 cperibus
3350 3225 3609 3290 mortuis,
3643 3225 3694 3279 id
3725 3234 3810 3281 est
3839 3242 3869 3280 a

2269 3318 2504 3385 peccatis
2539 3337 2552 3371 :
2602 3330 2665 3371 ac
2706 3331 2802 3386 per
2826 3317 2927 3372 hoc
2947 3318 3116 3372 semel
3165 3317 3410 3371 introivit
3446 3318 3509 3378 in
3551 3320 3872 3391 sanctagut

2265 3418 2524 3480 appareat
2549 3425 2691 3465 nunc
2721 3410 2891 3464 vultui
2923 3410 3017 3465 Dei
3052 3410 3227 3464 Patris
3256 3425 3353 3480 pro
3381 3409 3557 3465 nobis.
3581 3409 3690 3464 Alii
3721 3425 3872 3465 nam-

2265 3517 2370 3572 que
2411 3502 2722 3558 sacerdotes
2765 3504 3017 3557 mactatis
3062 3501 3378 3556 animalimn
3421 3502 3673 3558 carnibus
3707 3503 3869 3573 juxta

2264 3609 2470 3650 morem
2501 3596 2696 3651 veteris
2721 3595 2855 3666 legis
2878 3636 2892 3661 ,
2923 3595 3150 3666 singulis
3181 3596 3339 3652 annis
3365 3597 3536 3653 semel
3569 3597 3871 3654 introibant

2264 3685 2318 3740 in
2346 3697 2531 3742 sancta
2558 3704 2570 3740 :
2606 3689 2706 3743 iste
2743 3687 3004 3744 sacerdos
3037 3689 3092 3743 in
3125 3698 3424 3759 aeternum,
3463 3690 3555 3762 qui
3586 3707 3691 3746 non
3720 3692 3870 3748 venit

2263 3779 2436 3851 legem
2464 3783 2702 3847 solvere,
2723 3782 2817 3838 sed
2837 3781 3165 3854 adimplere,
3185 3799 3293 3839 non
3321 3785 3571 3857 singulis,
3607 3785 3703 3842 sed
3735 3787 3867 3841 ulti-

2263 3890 2352 3929 mo
2391 3876 2517 3929 vita:
2548 3890 2662 3929 sure
2681 3889 2856 3942 anno,
2899 3885 3133 3931 mactato
3181 3891 3242 3932 se
3273 3877 3390 3948 ipso
3421 3877 3474 3931 in
3525 3893 3617 3932 ara
3647 3880 3829 3934 crucis
3851 3921 3863 3942 ,

2263 3968 2436 4021 semel
2466 3967 2709 4020 introivit
2729 3967 2780 4020 iu
2811 3979 3020 4032 sanc1a,
3049 3969 3099 4023 id
3128 3969 3291 4024 estin
3318 3970 3537 4036 crelum,
3571 3983 3627 4026 ut
3650 3971 3866 4027 famulis

2261 4072 2320 4113 se
2361 4073 2456 4129 per
2497 4057 2656 4114 [idem
2705 4061 3092 4130 sequentibus,
3144 4076 3343 4116 arcana
3398 4061 3576 4118 Patris
3619 4075 3861 4130 reseret,

2261 4165 2382 4221 quae
2426 4161 2545 4221 post
2577 4149 2737 4206 finem
2791 4152 2923 4224 ipsis
2969 4152 3292 4222 possidenda
3338 4153 3604 4210 conferat.
3639 4156 3744 4210 Alii
3775 4172 3861 4212 sa—

2260 4242 2511 4298 cerdotes
2537 4244 2754 4314 expleto
2786 4243 3039 4298 sacrificii
3072 4253 3348 4315 tempore,
3379 4245 3447 4300 ad
3481 4247 3749 4318 templum
3777 4265 3863 4304 se-

2260 4336 2446 4405 queuti
2474 4352 2615 4391 anno
2640 4336 2950 4404 reversuri,
2978 4336 3043 4392 ad
3082 4340 3298 4409 propria
3337 4343 3532 4395 reverti
3560 4343 3859 4398 curabant:

2263 4429 2354 4484 ille
2388 4439 2609 4498 peracto
2646 4431 2916 4501 passionis
2954 4442 3007 4486 et
3048 4435 3466 4490 resurrectionis
3497 4439 3865 4510 sme'mystc-

555 4529 635 4584 ler
680 4543 776 4599 pro
820 4525 1003 4599 populi
1038 4526 1142 4582 mei
1171 4525 1367 4581 salute.
1397 4527 1554 4592 Ecce,
1580 4524 1772 4580 fratres
1805 4525 2110 4581 charissimi
2135 4569 2149 4593 ,
2184 4532 2231 4591 ι)
2260 4525 2372 4592 rio,
2422 4525 2487 4579 ad
2539 4526 2755 4595 prepria
2791 4524 2915 4580 coeli
2962 4527 3156 4596 palatia
3199 4543 3456 4586 reversus
3487 4539 3601 4597 est,
3636 4548 3742 4586 non
3771 4549 3856 4589 sc-

555 4623 834 4680 Christum
889 4639 987 4694 pro
1032 4621 1186 4678 nobis
1227 4621 1558 4676 iuunolatum
1608 4619 1910 4674 audivimus
1951 4637 1961 4672 :
2008 4619 2149 4674 unde

556 4714 846 4770 admodum
885 4715 1124 4785 gaudere
1153 4718 1209 4767 et
1255 4712 1455 4766 tristari
1500 4726 1789 4781 possmnus
1822 4727 1834 4763 :
1874 4710 2110 4780 gaudere
2135 4753 2148 4774 ,

555 4809 682 4880 quia
709 4807 835 4862 felix
865 4808 1022 4877 culpa
1052 4822 1172 4877 qua:
1197 4806 1356 4860 talem
1381 4820 1443 4861 ac
1474 4813 1681 4859 tantum
1710 4803 1896 4860 habuit
1920 4804 2153 4862 Redem-

554 4911 766 4973 ptprem
793 4917 806 4955 :
840 4899 1041 4955 tristari
1073 4899 1196 4969 quia
1225 4897 1429 4952 nullum
1464 4897 1710 4953 videmus
1742 4907 1903 4953 tanta}
1947 4899 2155 4969 passio-

554 4968 640 5050 nis
661 4993 1009 5050 imitatorem.
1045 4990 1164 5061 Ipse
1201 5004 1431 5059 namque
1468 4991 1825 5059 corporaliter
1849 4999 2096 5045 mortuus
2133 5031 2146 5056 ,

553 5104 664 5146 non
691 5088 866 5145 solum
888 5087 956 5142 de
985 5085 1230 5156 corporis
1262 5084 1434 5139 nostri
1459 5094 1653 5149 morte,
1683 5085 1727 5139 si
1761 5099 1984 5140 necesse
2012 5094 2097 5139 est
2132 5127 2146 5150 ,

551 5182 649 5239 sed
679 5182 748 5238 de
773 5181 898 5236 vitae
927 5175 1308 5236 emendatione
1333 5187 1385 5232 et
1419 5178 1642 5246 Spiritus
1670 5176 2042 5231 humiliatione
2063 5192 2149 5232 sa-

549 5278 813 5336 crificium
845 5274 1090 5346 requirit.
1124 5271 1348 5328 Scilicet
1388 5281 1447 5325 ut
1474 5271 1698 5341 Spiritus
1729 5279 1913 5326 noster
1942 5285 2007 5325 ex
2037 5277 2144 5324 tam

552 5384 747 5441 magna
770 5377 827 5425 et
864 5365 1124 5423 ineﬂ'abili
1171 5366 1250 5420 sui
1301 5362 1596 5419 conditoris
1640 5361 1938 5418 humilitate
1981 5362 2148 5417 admi-

550 5479 678 5520 rans
725 5467 1158 5527 contremeseat,
1191 5467 1247 5514 et
1286 5456 1464 5513 carnis
1513 5454 1794 5510 illecebras
1830 5470 2094 5524 superans
2126 5497 2141 5520 ,

549 5571 671 5612 cum
721 5556 840 5625 ipso
878 5567 1038 5626 passo
1091 5549 1378 5623 quamdam
1433 5548 1867 5619 compassioncm
1921 5547 2138 5605 habeat.

2257 4617 2443 4686 quenti
2471 4633 2646 4685 anno,
2676 4617 2772 4672 sed
2807 4618 2858 4672 in
2893 4618 2999 4674 [ine
3033 4620 3218 4675 sceculi
3273 4630 3560 4687 venturus,
3592 4633 3650 4678 ut
3680 4626 3858 4681 bono-

2261 4725 2378 4763 rum
2410 4718 2464 4764 et
2490 4710 2761 4766 malorum
2799 4712 2990 4767 merita
3018 4724 3169 4768 recto
3196 4716 3450 4772 examine
3486 4715 3773 4783 discutiat,
3808 4731 3862 4776 et

2259 4801 2415 4857 bonis
2463 4805 2716 4873 praemia,
2765 4806 2923 4860 malis
2951 4808 3215 4878 supplicia
3257 4810 3468 4865 reddat.
3501 4811 3639 4879 Quid
3683 4814 3738 4867 iu
3769 4815 3861 4870 illa

2258 4894 2348 4949 die
2395 4897 2566 4950 acturi
2617 4912 2835 4964 sumus,
2885 4897 3108 4965 fratres,
3163 4900 3215 4955 in
3264 4917 3369 4972 qua
3414 4919 3520 4958 non
3566 4905 3744 4960 solum
3791 4908 3862 4962 de

2257 4986 2511 5057 operibus
2552 4988 2746 5055 malis,
2779 4990 2872 5044 sed
2919 4993 3142 5062 insuper
3189 4994 3352 5049 etiam
3392 4994 3459 5051 de
3485 4997 3676 5054 otiosis
3710 4999 3862 5054 locu-

2259 5081 2495 5137 tioni‘uus
2525 5083 2788 5138 rationem
2820 5084 3079 5140 reddituri
3111 5091 3335 5144 sumus?
3363 5089 3429 5145 Et
3457 5090 3501 5145 si
3532 5107 3722 5148 omnes
3756 5093 3860 5148 lin.

2254 5191 2374 5245 guae
2422 5177 2639 5246 culpas,
2711 5193 2834 5247 quae
2880 5195 2909 5233 a
2958 5181 3114 5236 nobis
3174 5198 3271 5251 pro
3317 5181 3489 5241 nihilo
3543 5186 3852 5256 ducuntur,

2255 5269 2604 5335 senserimus;
2636 5271 2763 5340 quid
2795 5272 2863 5327 de
2892 5275 3102 5328 caeteris
3134 5276 3392 5340 membris
3421 5279 3718 5335 timendum
3748 5293 3850 5348 εει,

2256 5362 2506 5418 manibus
2537 5364 2745 5420 scilicet
2782 5373 2838 5421 et
2881 5367 3106 5438 pedibus
3140 5369 3400 5442 aliisque,
3431 5386 3552 5442 qua:
3611 5372 3732 5429 sine
3758 5375 3858 5429 dit--

2255 5456 2341 5510 bio
2381 5457 2545 5512 multa
2597 5459 2781 5514 illicita
2828 5460 3023 5517 fecisse
3067 5467 3482 5534 cognoscimus?
3520 5465 3653 5522 Nam
3700 5470 3746 5522 si
3787 5483 3855 5524 ex

2250 5552 2501 5610 omnibus
2526 5553 2734 5626 culpis,
2786 5571 2906 5627 quae
2953 5555 3216 5627 fecimus,
3251 5574 3441 5631 pcenas
3491 5561 3850 5632 solt-erimus,

624 5713 1013 5771 'Desideratur
1061 5710 1261 5783 aliquid
1298 5710 1365 5767 ad
1411 5707 1676 5769 sermonis
1716 5706 2052 5775 clauSulam;
2090 5716 2145 5765 et
2173 5716 2325 5767 certe
2372 5711 2680 5784 exemplum
2707 5712 2908 5770 Christi
2935 5715 3145 5772 Domini
3193 5732 3260 5772 χι.
3303 5717 3496 5778 diebus
3531 5722 3847 5795 jejunantis.
