  <div class='ocr_page' id='page_1' title='image "/cluster/home/n/w/nwhite01/storage/ocr_20150623/13/hvd.32044096580428/330.png"; bbox 0 0 4194 6184; ppageno 0'>
   <div class='ocr_carea' id='block_1_1' title="bbox 349 255 454 312">
    <p class='ocr_par' dir='ltr' id='par_1_1' title="bbox 349 255 454 312">
     <span class='ocr_line' id='line_1_1' title="bbox 349 255 454 312; baseline 0.019 -2"><span class='ocrx_word' id='word_1_1' title='bbox 349 255 454 312; x_wconf 61' lang='grc'><strong>649</strong></span> 
     </span>
    </p>
   </div>
   <div class='ocr_carea' id='block_1_2' title="bbox 815 251 3117 314">
    <p class='ocr_par' dir='ltr' id='par_1_2' title="bbox 815 251 3117 314">
     <span class='ocr_line' id='line_1_2' title="bbox 815 251 3117 314; baseline -0 -3"><span class='ocrx_word' id='word_1_2' title='bbox 815 254 1244 314; x_wconf 72' lang='grc' dir='ltr'><strong>ΜΟΝῸΜΕΝΤΑ</strong></span> <span class='ocrx_word' id='word_1_3' title='bbox 1289 254 1568 313; x_wconf 79' lang='lat' dir='ltr'><strong>VETERA</strong></span> <span class='ocrx_word' id='word_1_4' title='bbox 1608 254 1700 311; x_wconf 78' lang='lat' dir='ltr'><strong>AD</strong></span> <span class='ocrx_word' id='word_1_5' title='bbox 1741 252 2148 311; x_wconf 79' lang='lat' dir='ltr'><strong>ARIANORUM</strong></span> <span class='ocrx_word' id='word_1_6' title='bbox 2189 251 2591 309; x_wconf 79' lang='lat' dir='ltr'><strong>DOCTRINAM</strong></span> <span class='ocrx_word' id='word_1_7' title='bbox 2630 252 3117 311; x_wconf 78' lang='lat' dir='ltr'><strong>PERTINENTIA.</strong></span> 
     </span>
    </p>
   </div>
   <div class='ocr_carea' id='block_1_3' title="bbox 3539 256 3646 312">
    <p class='ocr_par' dir='ltr' id='par_1_3' title="bbox 3539 256 3646 312">
     <span class='ocr_line' id='line_1_3' title="bbox 3539 256 3646 312; baseline 0 -1"><span class='ocrx_word' id='word_1_8' title='bbox 3539 256 3646 312; x_wconf 82' lang='lat'><strong>650</strong></span> 
     </span>
    </p>
   </div>
   <div class='ocr_carea' id='block_1_4' title="bbox 342 373 3642 448">
    <p class='ocr_par' dir='ltr' id='par_1_4' title="bbox 342 373 3642 448">
     <span class='ocr_line' id='line_1_4' title="bbox 342 373 3642 448; baseline 0.001 -20"><span class='ocrx_word' id='word_1_9' title='bbox 342 374 673 429; x_wconf 74' lang='lat' dir='ltr'><strong>zeternaliter</strong></span> <span class='ocrx_word' id='word_1_10' title='bbox 718 374 955 430; x_wconf 89' lang='lat' dir='ltr'><strong>damnati</strong></span> <span class='ocrx_word' id='word_1_11' title='bbox 987 388 1042 431; x_wconf 89' lang='lat' dir='ltr'><strong>et</strong></span> <span class='ocrx_word' id='word_1_12' title='bbox 1083 377 1278 448; x_wconf 77' lang='lat' dir='ltr'><strong>perditi</strong></span> <span class='ocrx_word' id='word_1_13' title='bbox 1320 391 1525 431; x_wconf 91' lang='lat' dir='ltr'><strong>sumus.</strong></span> <span class='ocrx_word' id='word_1_14' title='bbox 1585 375 1729 446; x_wconf 86' lang='lat' dir='ltr'><strong>Ergo</strong></span> <span class='ocrx_word' id='word_1_15' title='bbox 1770 391 1938 430; x_wconf 90' lang='lat' dir='ltr'><strong>unus-</strong></span> <span class='ocrx_word' id='word_1_16' title='bbox 1963 378 2016 438; x_wconf 85' lang='grc' dir='ltr'><strong>Λ</strong></span> <span class='ocrx_word' id='word_1_17' title='bbox 2043 384 2100 428; x_wconf 92' lang='lat' dir='ltr'><strong>ut</strong></span> <span class='ocrx_word' id='word_1_18' title='bbox 2148 374 2500 445; x_wconf 83' lang='lat' dir='ltr'><strong>Redemptori</strong></span> <span class='ocrx_word' id='word_1_19' title='bbox 2552 390 2651 430; x_wconf 91' lang='lat' dir='ltr'><strong>suo</strong></span> <span class='ocrx_word' id='word_1_20' title='bbox 2697 377 2940 446; x_wconf 84' lang='lat' dir='ltr'><strong>gaudens</strong></span> <span class='ocrx_word' id='word_1_21' title='bbox 2968 388 3256 430; x_wconf 88' lang='lat' dir='ltr'><strong>occurrere</strong></span> <span class='ocrx_word' id='word_1_22' title='bbox 3298 373 3491 445; x_wconf 86' lang='lat' dir='ltr'><strong>possit.</strong></span> <span class='ocrx_word' id='word_1_23' title='bbox 3530 376 3642 433; x_wconf 85' lang='lat' dir='ltr'><strong>Nec</strong></span> 
     </span>
    </p>
   </div>
   <div class='ocr_carea' id='block_1_5' title="bbox 339 465 1938 538">
    <p class='ocr_par' dir='ltr' id='par_1_5' title="bbox 339 465 1938 538">
     <span class='ocr_line' id='line_1_5' title="bbox 339 465 1938 538; baseline 0.003 -23"><span class='ocrx_word' id='word_1_24' title='bbox 339 465 569 537; x_wconf 85' lang='lat' dir='ltr'><strong>quisque</strong></span> <span class='ocrx_word' id='word_1_25' title='bbox 598 477 837 522; x_wconf 91' lang='lat' dir='ltr'><strong>nostrum</strong></span> <span class='ocrx_word' id='word_1_26' title='bbox 862 477 1063 538; x_wconf 88' lang='lat' dir='ltr'><strong>quanto</strong></span> <span class='ocrx_word' id='word_1_27' title='bbox 1093 469 1327 522; x_wconf 86' lang='lat' dir='ltr'><strong>animam</strong></span> <span class='ocrx_word' id='word_1_28' title='bbox 1362 483 1514 523; x_wconf 89' lang='lat' dir='ltr'><strong>suam</strong></span> <span class='ocrx_word' id='word_1_29' title='bbox 1545 467 1752 536; x_wconf 78' lang='lat' dir='ltr'><strong>diligit,</strong></span> <span class='ocrx_word' id='word_1_30' title='bbox 1786 473 1938 520; x_wconf 88' lang='lat' dir='ltr'><strong>tanto</strong></span> 
     </span>
    </p>
   </div>
   <div class='ocr_carea' id='block_1_6' title="bbox 340 562 1939 631">
    <p class='ocr_par' dir='ltr' id='par_1_6' title="bbox 340 562 1939 631">
     <span class='ocr_line' id='line_1_6' title="bbox 340 562 1939 631; baseline 0.003 -20"><span class='ocrx_word' id='word_1_31' title='bbox 340 571 570 628; x_wconf 82' lang='lat' dir='ltr'><strong>peccata</strong></span> <span class='ocrx_word' id='word_1_32' title='bbox 599 562 865 630; x_wconf 62' lang='lat' dir='ltr'><strong>praeterita</strong></span> <span class='ocrx_word' id='word_1_33' title='bbox 891 578 986 629; x_wconf 92' lang='lat' dir='ltr'><strong>per</strong></span> <span class='ocrx_word' id='word_1_34' title='bbox 1010 563 1383 631; x_wconf 74' lang='lat' dir='ltr'><strong>pmniteutiam</strong></span> <span class='ocrx_word' id='word_1_35' title='bbox 1423 562 1634 625; x_wconf 86' lang='lat' dir='ltr'><strong>deleat,</strong></span> <span class='ocrx_word' id='word_1_36' title='bbox 1667 574 1720 615; x_wconf 89' lang='lat' dir='ltr'><strong>ct.</strong></span> <span class='ocrx_word' id='word_1_37' title='bbox 1743 570 1939 615; x_wconf 84' lang='lat' dir='ltr'><strong>caveat</strong></span> 
     </span>
    </p>
   </div>
   <div class='ocr_carea' id='block_1_7' title="bbox 340 653 1936 728">
    <p class='ocr_par' dir='ltr' id='par_1_7' title="bbox 340 653 1936 728">
     <span class='ocr_line' id='line_1_7' title="bbox 340 653 1936 728; baseline 0.003 -20"><span class='ocrx_word' id='word_1_38' title='bbox 340 669 412 708; x_wconf 89' lang='lat' dir='ltr'><strong>ne</strong></span> <span class='ocrx_word' id='word_1_39' title='bbox 444 653 557 724; x_wconf 90' lang='lat' dir='ltr'><strong>ipsa</strong></span> <span class='ocrx_word' id='word_1_40' title='bbox 603 657 821 710; x_wconf 87' lang='lat' dir='ltr'><strong>reiteret</strong></span> <span class='ocrx_word' id='word_1_41' title='bbox 842 699 857 721; x_wconf 93' lang='lat'><strong>,</strong></span> <span class='ocrx_word' id='word_1_42' title='bbox 882 666 936 713; x_wconf 91' lang='lat' dir='ltr'><strong>et</strong></span> <span class='ocrx_word' id='word_1_43' title='bbox 970 658 1111 728; x_wconf 90' lang='lat' dir='ltr'><strong>quod</strong></span> <span class='ocrx_word' id='word_1_44' title='bbox 1145 659 1312 713; x_wconf 86' lang='lat' dir='ltr'><strong>semel</strong></span> <span class='ocrx_word' id='word_1_45' title='bbox 1340 672 1436 728; x_wconf 92' lang='lat' dir='ltr'><strong>per</strong></span> <span class='ocrx_word' id='word_1_46' title='bbox 1461 658 1685 727; x_wconf 83' lang='lat' dir='ltr'><strong>gratiam</strong></span> <span class='ocrx_word' id='word_1_47' title='bbox 1717 657 1811 711; x_wconf 94' lang='lat' dir='ltr'><strong>Dei</strong></span> <span class='ocrx_word' id='word_1_48' title='bbox 1844 673 1936 712; x_wconf 80' lang='lat' dir='ltr'><strong>cx-</strong></span> 
     </span>
    </p>
   </div>
   <div class='ocr_carea' id='block_1_8' title="bbox 340 748 1933 820">
    <p class='ocr_par' dir='ltr' id='par_1_8' title="bbox 340 748 1933 820">
     <span class='ocr_line' id='line_1_8' title="bbox 340 748 1933 820; baseline 0.001 -17"><span class='ocrx_word' id='word_1_49' title='bbox 340 748 536 813; x_wconf 80' lang='lat' dir='ltr'><strong>tinxit,</strong></span> <span class='ocrx_word' id='word_1_50' title='bbox 584 749 816 820; x_wconf 83' lang='lat' dir='ltr'><strong>amplius</strong></span> <span class='ocrx_word' id='word_1_51' title='bbox 864 766 933 805; x_wconf 88' lang='lat' dir='ltr'><strong>nc</strong></span> <span class='ocrx_word' id='word_1_52' title='bbox 981 751 1265 806; x_wconf 82' lang='lat' dir='ltr'><strong>accendat.</strong></span> <span class='ocrx_word' id='word_1_53' title='bbox 1311 751 1412 817; x_wconf 84' lang='lat' dir='ltr'><strong>Qui</strong></span> <span class='ocrx_word' id='word_1_54' title='bbox 1462 751 1604 805; x_wconf 90' lang='lat' dir='ltr'><strong>enim</strong></span> <span class='ocrx_word' id='word_1_55' title='bbox 1656 764 1933 820; x_wconf 75' lang='lat' dir='ltr'><strong>precatum</strong></span> 
     </span>
    </p>
   </div>
   <div class='ocr_carea' id='block_1_9' title="bbox 335 840 1936 912">
    <p class='ocr_par' dir='ltr' id='par_1_9' title="bbox 335 840 1936 912">
     <span class='ocr_line' id='line_1_9' title="bbox 335 840 1936 912; baseline 0.005 -21"><span class='ocrx_word' id='word_1_56' title='bbox 335 842 480 908; x_wconf 91' lang='lat' dir='ltr'><strong>quod</strong></span> <span class='ocrx_word' id='word_1_57' title='bbox 501 840 612 908; x_wconf 90' lang='lat' dir='ltr'><strong>jam</strong></span> <span class='ocrx_word' id='word_1_58' title='bbox 641 840 899 912; x_wconf 78' lang='lat' dir='ltr'><strong>ingemuit</strong></span> <span class='ocrx_word' id='word_1_59' title='bbox 927 844 1176 908; x_wconf 84' lang='lat' dir='ltr'><strong>reiterat,</strong></span> <span class='ocrx_word' id='word_1_60' title='bbox 1208 845 1372 900; x_wconf 92' lang='lat' dir='ltr'><strong>Deum</strong></span> <span class='ocrx_word' id='word_1_61' title='bbox 1417 844 1518 899; x_wconf 89' lang='lat' dir='ltr'><strong>sibi</strong></span> <span class='ocrx_word' id='word_1_62' title='bbox 1543 844 1607 898; x_wconf 87' lang='lat' dir='ltr'><strong>ad</strong></span> <span class='ocrx_word' id='word_1_63' title='bbox 1647 845 1782 899; x_wconf 88' lang='lat' dir='ltr'><strong>iram</strong></span> <span class='ocrx_word' id='word_1_64' title='bbox 1811 860 1936 912; x_wconf 87' lang='lat' dir='ltr'><strong>pro-</strong></span> 
     </span>
    </p>
   </div>
   <div class='ocr_carea' id='block_1_10' title="bbox 337 936 1931 1004">
    <p class='ocr_par' dir='ltr' id='par_1_10' title="bbox 337 936 1931 1004">
     <span class='ocr_line' id='line_1_10' title="bbox 337 936 1931 1004; baseline 0.004 -20"><span class='ocrx_word' id='word_1_65' title='bbox 337 940 526 997; x_wconf 81' lang='lat' dir='ltr'><strong>vocat,</strong></span> <span class='ocrx_word' id='word_1_66' title='bbox 574 942 630 986; x_wconf 93' lang='lat' dir='ltr'><strong>ut</strong></span> <span class='ocrx_word' id='word_1_67' title='bbox 674 949 795 988; x_wconf 91' lang='lat' dir='ltr'><strong>eum</strong></span> <span class='ocrx_word' id='word_1_68' title='bbox 827 946 1048 990; x_wconf 87' lang='lat' dir='ltr'><strong>vocatus</strong></span> <span class='ocrx_word' id='word_1_69' title='bbox 1088 952 1193 991; x_wconf 92' lang='lat' dir='ltr'><strong>non</strong></span> <span class='ocrx_word' id='word_1_70' title='bbox 1222 936 1427 991; x_wconf 85' lang='lat' dir='ltr'><strong>audiat.</strong></span> <span class='ocrx_word' id='word_1_71' title='bbox 1462 936 1617 992; x_wconf 85' lang='lat' dir='ltr'><strong>Unde</strong></span> <span class='ocrx_word' id='word_1_72' title='bbox 1647 954 1741 1004; x_wconf 88' lang='lat' dir='ltr'><strong>per</strong></span> <span class='ocrx_word' id='word_1_73' title='bbox 1775 937 1931 992; x_wconf 81' lang='lat' dir='ltr'><strong>Salo-</strong></span> 
     </span>
    </p>
   </div>
   <div class='ocr_carea' id='block_1_11' title="bbox 332 1025 1933 1098">
    <p class='ocr_par' dir='ltr' id='par_1_11' title="bbox 332 1025 1933 1098">
     <span class='ocr_line' id='line_1_11' title="bbox 332 1025 1933 1098; baseline 0.003 -19"><span class='ocrx_word' id='word_1_74' title='bbox 332 1038 551 1080; x_wconf 78' lang='lat' dir='ltr'><strong>mouem</strong></span> <span class='ocrx_word' id='word_1_75' title='bbox 578 1025 740 1080; x_wconf 86' lang='lat' dir='ltr'><strong>dicit:</strong></span> <span class='ocrx_word' id='word_1_76' title='bbox 774 1026 971 1082; x_wconf 87' lang='lat' dir='ltr'><strong>Vocavi</strong></span> <span class='ocrx_word' id='word_1_77' title='bbox 990 1070 1006 1091; x_wconf 96' lang='lat'><strong>,</strong></span> <span class='ocrx_word' id='word_1_78' title='bbox 1032 1038 1085 1083; x_wconf 89' lang='lat' dir='ltr'><strong>et</strong></span> <span class='ocrx_word' id='word_1_79' title='bbox 1108 1029 1394 1095; x_wconf 91' lang='lat' dir='ltr'><strong>renuistis,</strong></span> <span class='ocrx_word' id='word_1_80' title='bbox 1425 1029 1751 1098; x_wconf 85' lang='lat' dir='ltr'><strong>despexistis</strong></span> <span class='ocrx_word' id='word_1_81' title='bbox 1771 1044 1933 1085; x_wconf 88' lang='lat' dir='ltr'><strong>omne</strong></span> 
     </span>
    </p>
   </div>
   <div class='ocr_carea' id='block_1_12' title="bbox 332 1117 1929 1192">
    <p class='ocr_par' dir='ltr' id='par_1_12' title="bbox 332 1117 1929 1192">
     <span class='ocr_line' id='line_1_12' title="bbox 332 1117 1929 1192; baseline 0.003 -20"><span class='ocrx_word' id='word_1_82' title='bbox 332 1117 621 1172; x_wconf 56' lang='lat' dir='ltr'><strong>consilium</strong></span> <span class='ocrx_word' id='word_1_83' title='bbox 655 1134 867 1183; x_wconf 82' lang='lat' dir='ltr'><strong>meum,</strong></span> <span class='ocrx_word' id='word_1_84' title='bbox 896 1128 952 1174; x_wconf 91' lang='lat' dir='ltr'><strong>ct</strong></span> <span class='ocrx_word' id='word_1_85' title='bbox 971 1120 1371 1190; x_wconf 83' lang='lat' dir='ltr'><strong>increpatiOues</strong></span> <span class='ocrx_word' id='word_1_86' title='bbox 1399 1137 1546 1176; x_wconf 87' lang='lat' dir='ltr'><strong>meas</strong></span> <span class='ocrx_word' id='word_1_87' title='bbox 1575 1123 1929 1192; x_wconf 84' lang='lat' dir='ltr'><strong>neglexistis:</strong></span> 
     </span>
    </p>
   </div>
   <div class='ocr_carea' id='block_1_13' title="bbox 329 1214 1932 1282">
    <p class='ocr_par' dir='ltr' id='par_1_13' title="bbox 329 1214 1932 1282">
     <span class='ocr_line' id='line_1_13' title="bbox 329 1214 1932 1282; baseline 0.003 -17"><span class='ocrx_word' id='word_1_88' title='bbox 329 1225 433 1279; x_wconf 76' lang='lat' dir='ltr'><strong>ego</strong></span> <span class='ocrx_word' id='word_1_89' title='bbox 462 1227 677 1282; x_wconf 87' lang='lat' dir='ltr'><strong>quoque</strong></span> <span class='ocrx_word' id='word_1_90' title='bbox 704 1214 756 1266; x_wconf 91' lang='lat' dir='ltr'><strong>in</strong></span> <span class='ocrx_word' id='word_1_91' title='bbox 789 1214 1007 1268; x_wconf 84' lang='lat' dir='ltr'><strong>interitu</strong></span> <span class='ocrx_word' id='word_1_92' title='bbox 1038 1226 1220 1270; x_wconf 78' lang='lat' dir='ltr'><strong>vestio</strong></span> <span class='ocrx_word' id='word_1_93' title='bbox 1252 1216 1471 1279; x_wconf 89' lang='lat' dir='ltr'><strong>ridebo,</strong></span> <span class='ocrx_word' id='word_1_94' title='bbox 1502 1227 1555 1270; x_wconf 88' lang='lat' dir='ltr'><strong>et</strong></span> <span class='ocrx_word' id='word_1_95' title='bbox 1583 1217 1932 1272; x_wconf 79' lang='lat' dir='ltr'><strong>subsannabo</strong></span> 
     </span>
    </p>
   </div>
   <div class='ocr_carea' id='block_1_14' title="bbox 332 1304 1932 1375">
    <p class='ocr_par' dir='ltr' id='par_1_14' title="bbox 332 1304 1932 1375">
     <span class='ocr_line' id='line_1_14' title="bbox 332 1304 1932 1375; baseline 0.003 -17"><span class='ocrx_word' id='word_1_96' title='bbox 332 1317 455 1358; x_wconf 88' lang='lat' dir='ltr'><strong>cum</strong></span> <span class='ocrx_word' id='word_1_97' title='bbox 505 1304 660 1356; x_wconf 91' lang='lat' dir='ltr'><strong>vobis</strong></span> <span class='ocrx_word' id='word_1_98' title='bbox 702 1305 843 1373; x_wconf 88' lang='lat' dir='ltr'><strong>quod</strong></span> <span class='ocrx_word' id='word_1_99' title='bbox 892 1306 1161 1360; x_wconf 89' lang='lat' dir='ltr'><strong>timebatis</strong></span> <span class='ocrx_word' id='word_1_100' title='bbox 1197 1308 1498 1362; x_wconf 78' lang='lat' dir='ltr'><strong>advenerit.</strong></span> <span class='ocrx_word' id='word_1_101' title='bbox 1539 1308 1710 1375; x_wconf 75' lang='lat' dir='ltr'><strong>Quam</strong></span> <span class='ocrx_word' id='word_1_102' title='bbox 1746 1308 1932 1363; x_wconf 89' lang='lat' dir='ltr'><strong>formi-</strong></span> 
     </span>
    </p>
   </div>
   <div class='ocr_carea' id='block_1_15' title="bbox 327 1394 1931 1468">
    <p class='ocr_par' dir='ltr' id='par_1_15' title="bbox 327 1394 1931 1468">
     <span class='ocr_line' id='line_1_15' title="bbox 327 1394 1931 1468; baseline 0.002 -18"><span class='ocrx_word' id='word_1_103' title='bbox 327 1394 507 1450; x_wconf 86' lang='lat' dir='ltr'><strong>danda</strong></span> <span class='ocrx_word' id='word_1_104' title='bbox 531 1411 650 1461; x_wconf 63' lang='grc' dir='ltr'><strong>τοι,</strong></span> <span class='ocrx_word' id='word_1_105' title='bbox 678 1394 1246 1465; x_wconf 72' lang='lat' dir='ltr'><strong>fratresdilecﬁssimi,</strong></span> <span class='ocrx_word' id='word_1_106' title='bbox 1270 1415 1371 1468; x_wconf 88' lang='lat' dir='ltr'><strong>qua</strong></span> <span class='ocrx_word' id='word_1_107' title='bbox 1398 1398 1729 1467; x_wconf 83' lang='lat' dir='ltr'><strong>Redemptor</strong></span> <span class='ocrx_word' id='word_1_108' title='bbox 1748 1410 1931 1455; x_wconf 89' lang='lat' dir='ltr'><strong>noster</strong></span> 
     </span>
    </p>
   </div>
   <div class='ocr_carea' id='block_1_16' title="bbox 326 1487 1933 1557">
    <p class='ocr_par' dir='ltr' id='par_1_16' title="bbox 326 1487 1933 1557">
     <span class='ocr_line' id='line_1_16' title="bbox 326 1487 1933 1557; baseline 0.002 -14"><span class='ocrx_word' id='word_1_109' title='bbox 326 1487 399 1543; x_wconf 89' lang='lat' dir='ltr'><strong>de</strong></span> <span class='ocrx_word' id='word_1_110' title='bbox 420 1489 839 1543; x_wconf 89' lang='lat' dir='ltr'><strong>uostrointeritu</strong></span> <span class='ocrx_word' id='word_1_111' title='bbox 857 1504 916 1544; x_wconf 82' lang='lat' dir='ltr'><strong>se</strong></span> <span class='ocrx_word' id='word_1_112' title='bbox 934 1491 1168 1544; x_wconf 89' lang='lat' dir='ltr'><strong>risurum</strong></span> <span class='ocrx_word' id='word_1_113' title='bbox 1190 1492 1415 1545; x_wconf 71' lang='lat' dir='ltr'><strong>minatur</strong></span> <span class='ocrx_word' id='word_1_114' title='bbox 1434 1493 1447 1545; x_wconf 91' lang='lat'>!</span> <span class='ocrx_word' id='word_1_115' title='bbox 1463 1491 1824 1557; x_wconf 79' lang='lat' dir='ltr'><strong>Quamobrem</strong></span> <span class='ocrx_word' id='word_1_116' title='bbox 1844 1508 1933 1546; x_wconf 82' lang='lat' dir='ltr'><strong>au-</strong></span> 
     </span>
    </p>
   </div>
   <div class='ocr_carea' id='block_1_17' title="bbox 324 1585 1927 1660">
    <p class='ocr_par' dir='ltr' id='par_1_17' title="bbox 324 1585 1927 1660">
     <span class='ocr_line' id='line_1_17' title="bbox 324 1585 1927 1660; baseline 0.004 -23"><span class='ocrx_word' id='word_1_117' title='bbox 324 1598 419 1638; x_wconf 96' lang='lat' dir='ltr'><strong>res</strong></span> <span class='ocrx_word' id='word_1_118' title='bbox 437 1593 635 1639; x_wconf 68' lang='lat' dir='ltr'><strong>nostra:</strong></span> <span class='ocrx_word' id='word_1_119' title='bbox 658 1585 855 1639; x_wconf 87' lang='lat' dir='ltr'><strong>mentis</strong></span> <span class='ocrx_word' id='word_1_120' title='bbox 884 1587 1169 1657; x_wconf 86' lang='lat' dir='ltr'><strong>praeceptis</strong></span> <span class='ocrx_word' id='word_1_121' title='bbox 1197 1588 1340 1642; x_wconf 90' lang='lat' dir='ltr'><strong>illius</strong></span> <span class='ocrx_word' id='word_1_122' title='bbox 1361 1588 1579 1660; x_wconf 86' lang='lat' dir='ltr'><strong>assidue</strong></span> <span class='ocrx_word' id='word_1_123' title='bbox 1609 1590 1927 1655; x_wconf 84' lang='lat' dir='ltr'><strong>pandamus,</strong></span> 
     </span>
    </p>
   </div>
   <div class='ocr_carea' id='block_1_18' title="bbox 325 1677 1930 1746">
    <p class='ocr_par' dir='ltr' id='par_1_18' title="bbox 325 1677 1930 1746">
     <span class='ocr_line' id='line_1_18' title="bbox 325 1677 1930 1746; baseline 0.003 -15"><span class='ocrx_word' id='word_1_124' title='bbox 325 1685 388 1731; x_wconf 87' lang='lat' dir='ltr'><strong>ut</strong></span> <span class='ocrx_word' id='word_1_125' title='bbox 408 1692 530 1733; x_wconf 88' lang='lat' dir='ltr'><strong>eum</strong></span> <span class='ocrx_word' id='word_1_126' title='bbox 552 1678 603 1731; x_wconf 92' lang='lat' dir='ltr'><strong>in</strong></span> <span class='ocrx_word' id='word_1_127' title='bbox 628 1677 835 1746; x_wconf 88' lang='lat' dir='ltr'><strong>judicio</strong></span> <span class='ocrx_word' id='word_1_128' title='bbox 856 1694 961 1733; x_wconf 92' lang='lat' dir='ltr'><strong>non</strong></span> <span class='ocrx_word' id='word_1_129' title='bbox 990 1680 1312 1746; x_wconf 88' lang='lat' dir='ltr'><strong>terribilem,</strong></span> <span class='ocrx_word' id='word_1_130' title='bbox 1346 1682 1440 1735; x_wconf 91' lang='lat' dir='ltr'><strong>sed</strong></span> <span class='ocrx_word' id='word_1_131' title='bbox 1468 1681 1722 1736; x_wconf 89' lang='lat' dir='ltr'><strong>blandum</strong></span> <span class='ocrx_word' id='word_1_132' title='bbox 1754 1682 1930 1736; x_wconf 86' lang='lat' dir='ltr'><strong>videa-</strong></span> 
     </span>
    </p>
   </div>
   <div class='ocr_carea' id='block_1_19' title="bbox 2043 468 3636 538">
    <p class='ocr_par' dir='ltr' id='par_1_19' title="bbox 2043 468 3636 538">
     <span class='ocr_line' id='line_1_19' title="bbox 2043 468 3636 538; baseline 0.001 -16"><span class='ocrx_word' id='word_1_133' title='bbox 2043 484 2150 522; x_wconf 90' lang='lat' dir='ltr'><strong>non</strong></span> <span class='ocrx_word' id='word_1_134' title='bbox 2177 471 2337 523; x_wconf 91' lang='lat' dir='ltr'><strong>etiam</strong></span> <span class='ocrx_word' id='word_1_135' title='bbox 2384 470 2500 524; x_wconf 91' lang='lat' dir='ltr'><strong>dies</strong></span> <span class='ocrx_word' id='word_1_136' title='bbox 2531 470 2820 525; x_wconf 82' lang='lat' dir='ltr'><strong>Ramorum</strong></span> <span class='ocrx_word' id='word_1_137' title='bbox 2852 470 3083 527; x_wconf 77' lang='lat' dir='ltr'><strong>dicitur.</strong></span> <span class='ocrx_word' id='word_1_138' title='bbox 3127 468 3253 538; x_wconf 86' lang='lat' dir='ltr'><strong>quia</strong></span> <span class='ocrx_word' id='word_1_139' title='bbox 3288 468 3358 524; x_wconf 94' lang='lat' dir='ltr'><strong>ob</strong></span> <span class='ocrx_word' id='word_1_140' title='bbox 3388 469 3636 524; x_wconf 84' lang='lat' dir='ltr'><strong>eamdem</strong></span> 
     </span>
    </p>
   </div>
   <div class='ocr_carea' id='block_1_20' title="bbox 2041 563 3637 632">
    <p class='ocr_par' dir='ltr' id='par_1_20' title="bbox 2041 563 3637 632">
     <span class='ocr_line' id='line_1_20' title="bbox 2041 563 3637 632; baseline 0.001 -17"><span class='ocrx_word' id='word_1_141' title='bbox 2041 575 2256 615; x_wconf 85' lang='lat' dir='ltr'><strong>causam</strong></span> <span class='ocrx_word' id='word_1_142' title='bbox 2291 576 2396 616; x_wconf 91' lang='lat' dir='ltr'><strong>non</strong></span> <span class='ocrx_word' id='word_1_143' title='bbox 2440 564 2613 616; x_wconf 80' lang='lat' dir='ltr'><strong>Solum</strong></span> <span class='ocrx_word' id='word_1_144' title='bbox 2659 563 2874 632; x_wconf 77' lang='lat' dir='ltr'><strong>palmzc,</strong></span> <span class='ocrx_word' id='word_1_145' title='bbox 2903 563 2999 617; x_wconf 90' lang='lat' dir='ltr'><strong>sed</strong></span> <span class='ocrx_word' id='word_1_146' title='bbox 3029 564 3191 617; x_wconf 80' lang='lat' dir='ltr'><strong>etiam</strong></span> <span class='ocrx_word' id='word_1_147' title='bbox 3235 563 3471 618; x_wconf 83' lang='lat' dir='ltr'><strong>virentes</strong></span> <span class='ocrx_word' id='word_1_148' title='bbox 3501 564 3637 617; x_wconf 88' lang='lat' dir='ltr'><strong>rami</strong></span> 
     </span>
    </p>
   </div>
   <div class='ocr_carea' id='block_1_21' title="bbox 2038 652 3634 724">
    <p class='ocr_par' dir='ltr' id='par_1_21' title="bbox 2038 652 3634 724">
     <span class='ocr_line' id='line_1_21' title="bbox 2038 652 3634 724; baseline 0.003 -18"><span class='ocrx_word' id='word_1_149' title='bbox 2038 652 2107 706; x_wconf 87' lang='lat' dir='ltr'><strong>ab</strong></span> <span class='ocrx_word' id='word_1_150' title='bbox 2131 653 2385 708; x_wconf 75' lang='lat' dir='ltr'><strong>Ecclesia:</strong></span> <span class='ocrx_word' id='word_1_151' title='bbox 2422 654 2545 708; x_wconf 90' lang='lat' dir='ltr'><strong>filiis</strong></span> <span class='ocrx_word' id='word_1_152' title='bbox 2568 655 2730 710; x_wconf 89' lang='lat' dir='ltr'><strong>hodie</strong></span> <span class='ocrx_word' id='word_1_153' title='bbox 2756 666 3056 723; x_wconf 82' lang='lat' dir='ltr'><strong>portantur.</strong></span> <span class='ocrx_word' id='word_1_154' title='bbox 3090 656 3340 711; x_wconf 86' lang='lat' dir='ltr'><strong>Hosanna</strong></span> <span class='ocrx_word' id='word_1_155' title='bbox 3366 657 3634 724; x_wconf 87' lang='lat' dir='ltr'><strong>siquidem</strong></span> 
     </span>
    </p>
   </div>
   <div class='ocr_carea' id='block_1_22' title="bbox 2038 743 3633 815">
    <p class='ocr_par' dir='ltr' id='par_1_22' title="bbox 2038 743 3633 815">
     <span class='ocr_line' id='line_1_22' title="bbox 2038 743 3633 815; baseline 0.004 -18"><span class='ocrx_word' id='word_1_156' title='bbox 2038 743 2159 797; x_wconf 92' lang='lat' dir='ltr'><strong>ideo</strong></span> <span class='ocrx_word' id='word_1_157' title='bbox 2212 755 2466 807; x_wconf 78' lang='lat' dir='ltr'><strong>Vocatur,</strong></span> <span class='ocrx_word' id='word_1_158' title='bbox 2523 748 2645 814; x_wconf 84' lang='lat' dir='ltr'><strong>quia</strong></span> <span class='ocrx_word' id='word_1_159' title='bbox 2700 747 2854 815; x_wconf 89' lang='lat' dir='ltr'><strong>plebs</strong></span> <span class='ocrx_word' id='word_1_160' title='bbox 2923 747 3274 801; x_wconf 78' lang='lat' dir='ltr'><strong>llebra-orutn</strong></span> <span class='ocrx_word' id='word_1_161' title='bbox 3346 750 3633 803; x_wconf 87' lang='lat' dir='ltr'><strong>Dominum</strong></span> 
     </span>
    </p>
   </div>
   <div class='ocr_carea' id='block_1_23' title="bbox 2037 834 3636 907">
    <p class='ocr_par' dir='ltr' id='par_1_23' title="bbox 2037 834 3636 907">
     <span class='ocr_line' id='line_1_23' title="bbox 2037 834 3636 907; baseline 0.005 -20"><span class='ocrx_word' id='word_1_162' title='bbox 2037 834 2463 905; x_wconf 81' lang='lat' dir='ltr'><strong>praecedentium</strong></span> <span class='ocrx_word' id='word_1_163' title='bbox 2509 846 2563 891; x_wconf 91' lang='lat' dir='ltr'><strong>et</strong></span> <span class='ocrx_word' id='word_1_164' title='bbox 2611 838 2981 904; x_wconf 83' lang='lat' dir='ltr'><strong>sequentium,</strong></span> <span class='ocrx_word' id='word_1_165' title='bbox 3033 838 3319 903; x_wconf 83' lang='lat' dir='ltr'><strong>Hosaona,</strong></span> <span class='ocrx_word' id='word_1_166' title='bbox 3351 841 3492 907; x_wconf 90' lang='lat' dir='ltr'><strong>quod</strong></span> <span class='ocrx_word' id='word_1_167' title='bbox 3532 839 3636 895; x_wconf 88' lang='lat' dir='ltr'><strong>La-</strong></span> 
     </span>
    </p>
   </div>
   <div class='ocr_carea' id='block_1_24' title="bbox 2040 927 3633 998">
    <p class='ocr_par' dir='ltr' id='par_1_24' title="bbox 2040 927 3633 998">
     <span class='ocr_line' id='line_1_24' title="bbox 2040 927 3633 998; baseline 0.004 -17"><span class='ocrx_word' id='word_1_168' title='bbox 2040 927 2145 983; x_wconf 89' lang='lat' dir='ltr'><strong>tine</strong></span> <span class='ocrx_word' id='word_1_169' title='bbox 2174 929 2560 998; x_wconf 81' lang='lat' dir='ltr'><strong>interpretatur</strong></span> <span class='ocrx_word' id='word_1_170' title='bbox 2609 929 2885 995; x_wconf 88' lang='lat' dir='ltr'><strong>Salvifica,</strong></span> <span class='ocrx_word' id='word_1_171' title='bbox 2935 930 3113 984; x_wconf 88' lang='lat' dir='ltr'><strong>eidem</strong></span> <span class='ocrx_word' id='word_1_172' title='bbox 3157 931 3383 985; x_wconf 90' lang='lat' dir='ltr'><strong>Domino</strong></span> <span class='ocrx_word' id='word_1_173' title='bbox 3409 944 3633 987; x_wconf 84' lang='lat' dir='ltr'><strong>cantare</strong></span> 
     </span>
    </p>
   </div>
   <div class='ocr_carea' id='block_1_25' title="bbox 2035 1020 3632 1090">
    <p class='ocr_par' dir='ltr' id='par_1_25' title="bbox 2035 1020 3632 1090">
     <span class='ocr_line' id='line_1_25' title="bbox 2035 1020 3632 1090; baseline 0.003 -17"><span class='ocrx_word' id='word_1_174' title='bbox 2035 1020 2336 1074; x_wconf 86' lang='lat' dir='ltr'><strong>videbatur.</strong></span> <span class='ocrx_word' id='word_1_175' title='bbox 2383 1020 2588 1075; x_wconf 81' lang='lat' dir='ltr'><strong>Pascha</strong></span> <span class='ocrx_word' id='word_1_176' title='bbox 2635 1021 2858 1090; x_wconf 88' lang='lat' dir='ltr'><strong>petitum</strong></span> <span class='ocrx_word' id='word_1_177' title='bbox 2887 1023 3003 1076; x_wconf 88' lang='lat' dir='ltr'><strong>sive</strong></span> <span class='ocrx_word' id='word_1_178' title='bbox 3039 1022 3461 1089; x_wconf 81' lang='lat' dir='ltr'><strong>competentiam</strong></span> <span class='ocrx_word' id='word_1_179' title='bbox 3493 1024 3632 1077; x_wconf 91' lang='lat' dir='ltr'><strong>dici-</strong></span> 
     </span>
    </p>
   </div>
   <div class='ocr_carea' id='block_1_26' title="bbox 2036 1113 3635 1185">
    <p class='ocr_par' dir='ltr' id='par_1_26' title="bbox 2036 1113 3635 1185">
     <span class='ocr_line' id='line_1_26' title="bbox 2036 1113 3635 1185; baseline 0.004 -18"><span class='ocrx_word' id='word_1_180' title='bbox 2036 1121 2153 1174; x_wconf 87' lang='lat' dir='ltr'><strong>tur,</strong></span> <span class='ocrx_word' id='word_1_181' title='bbox 2183 1114 2307 1184; x_wconf 89' lang='lat' dir='ltr'><strong>quia</strong></span> <span class='ocrx_word' id='word_1_182' title='bbox 2337 1113 2439 1167; x_wconf 91' lang='lat' dir='ltr'><strong>hoc</strong></span> <span class='ocrx_word' id='word_1_183' title='bbox 2460 1114 2549 1168; x_wconf 89' lang='lat' dir='ltr'><strong>die</strong></span> <span class='ocrx_word' id='word_1_184' title='bbox 2576 1115 2910 1185; x_wconf 88' lang='lat' dir='ltr'><strong>symbolum,</strong></span> <span class='ocrx_word' id='word_1_185' title='bbox 2936 1115 2986 1168; x_wconf 90' lang='lat' dir='ltr'><strong>id</strong></span> <span class='ocrx_word' id='word_1_186' title='bbox 3022 1126 3103 1169; x_wconf 89' lang='lat' dir='ltr'><strong>est</strong></span> <span class='ocrx_word' id='word_1_187' title='bbox 3134 1116 3255 1170; x_wconf 88' lang='lat' dir='ltr'><strong>fidei</strong></span> <span class='ocrx_word' id='word_1_188' title='bbox 3284 1126 3489 1171; x_wconf 59' lang='lat' dir='ltr'><strong>sancta:</strong></span> <span class='ocrx_word' id='word_1_189' title='bbox 3515 1132 3635 1173; x_wconf 89' lang='lat' dir='ltr'><strong>cre-</strong></span> 
     </span>
    </p>
   </div>
   <div class='ocr_carea' id='block_1_27' title="bbox 2034 1204 3633 1279">
    <p class='ocr_par' dir='ltr' id='par_1_27' title="bbox 2034 1204 3633 1279">
     <span class='ocr_line' id='line_1_27' title="bbox 2034 1204 3633 1279; baseline 0.004 -21"><span class='ocrx_word' id='word_1_190' title='bbox 2034 1204 2236 1259; x_wconf 88' lang='lat' dir='ltr'><strong>dulitas</strong></span> <span class='ocrx_word' id='word_1_191' title='bbox 2276 1206 2709 1275; x_wconf 82' lang='lat' dir='ltr'><strong>competentibus</strong></span> <span class='ocrx_word' id='word_1_192' title='bbox 2747 1207 3036 1277; x_wconf 85' lang='lat' dir='ltr'><strong>ueopbytis</strong></span> <span class='ocrx_word' id='word_1_193' title='bbox 3082 1207 3426 1273; x_wconf 69' lang='lat' dir='ltr'><strong>tradebatur,</strong></span> <span class='ocrx_word' id='word_1_194' title='bbox 3458 1221 3515 1262; x_wconf 89' lang='lat' dir='ltr'><strong>nt</strong></span> <span class='ocrx_word' id='word_1_195' title='bbox 3542 1212 3633 1279; x_wconf 92' lang='lat' dir='ltr'><strong>qui</strong></span> 
     </span>
    </p>
   </div>
   <div class='ocr_carea' id='block_1_28' title="bbox 2034 1299 3634 1369">
    <p class='ocr_par' dir='ltr' id='par_1_28' title="bbox 2034 1299 3634 1369">
     <span class='ocr_line' id='line_1_28' title="bbox 2034 1299 3634 1369; baseline 0.003 -15"><span class='ocrx_word' id='word_1_196' title='bbox 2034 1300 2099 1354; x_wconf 90' lang='lat' dir='ltr'><strong>ad</strong></span> <span class='ocrx_word' id='word_1_197' title='bbox 2126 1299 2220 1354; x_wconf 92' lang='lat' dir='ltr'><strong>Dei</strong></span> <span class='ocrx_word' id='word_1_198' title='bbox 2258 1302 2483 1366; x_wconf 77' lang='lat' dir='ltr'><strong>gratiam</strong></span> <span class='ocrx_word' id='word_1_199' title='bbox 2538 1300 2941 1369; x_wconf 90' lang='lat' dir='ltr'><strong>percipiendam</strong></span> <span class='ocrx_word' id='word_1_200' title='bbox 2984 1300 3038 1354; x_wconf 92' lang='lat' dir='ltr'><strong>in</strong></span> <span class='ocrx_word' id='word_1_201' title='bbox 3084 1302 3332 1355; x_wconf 89' lang='lat' dir='ltr'><strong>Paschali</strong></span> <span class='ocrx_word' id='word_1_202' title='bbox 3373 1303 3634 1359; x_wconf 80' lang='lat' dir='ltr'><strong>solemni-</strong></span> 
     </span>
    </p>
   </div>
   <div class='ocr_carea' id='block_1_29' title="bbox 2036 1393 3635 1464">
    <p class='ocr_par' dir='ltr' id='par_1_29' title="bbox 2036 1393 3635 1464">
     <span class='ocr_line' id='line_1_29' title="bbox 2036 1393 3635 1464; baseline 0.003 -17"><span class='ocrx_word' id='word_1_203' title='bbox 2036 1402 2144 1447; x_wconf 86' lang='lat' dir='ltr'><strong>tate</strong></span> <span class='ocrx_word' id='word_1_204' title='bbox 2205 1393 2563 1455; x_wconf 82' lang='lat' dir='ltr'><strong>festinabant,</strong></span> <span class='ocrx_word' id='word_1_205' title='bbox 2631 1394 2789 1447; x_wconf 91' lang='lat' dir='ltr'><strong>fidem</strong></span> <span class='ocrx_word' id='word_1_206' title='bbox 2849 1410 3009 1464; x_wconf 74' lang='lat' dir='ltr'><strong>quam</strong></span> <span class='ocrx_word' id='word_1_207' title='bbox 3064 1395 3312 1450; x_wconf 85' lang='lat' dir='ltr'><strong>confiteri</strong></span> <span class='ocrx_word' id='word_1_208' title='bbox 3370 1398 3635 1453; x_wconf 85' lang='lat' dir='ltr'><strong>deberent</strong></span> 
     </span>
    </p>
   </div>
   <div class='ocr_carea' id='block_1_30' title="bbox 2032 1486 3633 1557">
    <p class='ocr_par' dir='ltr' id='par_1_30' title="bbox 2032 1486 3633 1557">
     <span class='ocr_line' id='line_1_30' title="bbox 2032 1486 3633 1557; baseline 0.005 -20"><span class='ocrx_word' id='word_1_209' title='bbox 2032 1495 2409 1555; x_wconf 77' lang='lat' dir='ltr'><strong>agnoscerent.</strong></span> <span class='ocrx_word' id='word_1_210' title='bbox 2467 1486 2854 1555; x_wconf 90' lang='lat' dir='ltr'><strong>Competentes</strong></span> <span class='ocrx_word' id='word_1_211' title='bbox 2919 1488 3064 1541; x_wconf 90' lang='lat' dir='ltr'><strong>enim</strong></span> <span class='ocrx_word' id='word_1_212' title='bbox 3132 1487 3419 1554; x_wconf 89' lang='lat' dir='ltr'><strong>dicuntur,</strong></span> <span class='ocrx_word' id='word_1_213' title='bbox 3476 1490 3633 1557; x_wconf 86' lang='lat' dir='ltr'><strong>quasi</strong></span> 
     </span>
    </p>
   </div>
   <div class='ocr_carea' id='block_1_31' title="bbox 2032 1578 3633 1654">
    <p class='ocr_par' dir='ltr' id='par_1_31' title="bbox 2032 1578 3633 1654">
     <span class='ocr_line' id='line_1_31' title="bbox 2032 1578 3633 1654; baseline 0.006 -23"><span class='ocrx_word' id='word_1_214' title='bbox 2032 1578 2195 1632; x_wconf 90' lang='lat' dir='ltr'><strong>simul</strong></span> <span class='ocrx_word' id='word_1_215' title='bbox 2224 1587 2501 1646; x_wconf 88' lang='lat' dir='ltr'><strong>petentes.</strong></span> <span class='ocrx_word' id='word_1_216' title='bbox 2535 1578 2585 1632; x_wconf 93' lang='lat' dir='ltr'><strong>id</strong></span> <span class='ocrx_word' id='word_1_217' title='bbox 2617 1589 2701 1633; x_wconf 88' lang='lat' dir='ltr'><strong>est</strong></span> <span class='ocrx_word' id='word_1_218' title='bbox 2729 1581 2953 1648; x_wconf 76' lang='lat' dir='ltr'><strong>gratiam</strong></span> <span class='ocrx_word' id='word_1_219' title='bbox 3002 1580 3097 1635; x_wconf 90' lang='lat' dir='ltr'><strong>Dei</strong></span> <span class='ocrx_word' id='word_1_220' title='bbox 3131 1594 3400 1651; x_wconf 91' lang='lat' dir='ltr'><strong>petentes.</strong></span> <span class='ocrx_word' id='word_1_221' title='bbox 3442 1583 3633 1654; x_wconf 90' lang='lat' dir='ltr'><strong>Capita</strong></span> 
     </span>
    </p>
   </div>
   <div class='ocr_carea' id='block_1_32' title="bbox 2035 1671 3635 1744">
    <p class='ocr_par' dir='ltr' id='par_1_32' title="bbox 2035 1671 3635 1744">
     <span class='ocr_line' id='line_1_32' title="bbox 2035 1671 3635 1744; baseline 0.006 -20"><span class='ocrx_word' id='word_1_222' title='bbox 2035 1671 2328 1725; x_wconf 84' lang='lat' dir='ltr'><strong>lavantium</strong></span> <span class='ocrx_word' id='word_1_223' title='bbox 2374 1671 2515 1725; x_wconf 88' lang='lat' dir='ltr'><strong>hunc</strong></span> <span class='ocrx_word' id='word_1_224' title='bbox 2555 1672 2700 1727; x_wconf 90' lang='lat' dir='ltr'><strong>diem</strong></span> <span class='ocrx_word' id='word_1_225' title='bbox 2727 1673 2963 1741; x_wconf 82' lang='lat' dir='ltr'><strong>appellat</strong></span> <span class='ocrx_word' id='word_1_226' title='bbox 3002 1674 3227 1744; x_wconf 87' lang='lat' dir='ltr'><strong>vulgus,</strong></span> <span class='ocrx_word' id='word_1_227' title='bbox 3274 1678 3399 1742; x_wconf 86' lang='lat' dir='ltr'><strong>quia</strong></span> <span class='ocrx_word' id='word_1_228' title='bbox 3444 1692 3511 1732; x_wconf 90' lang='lat' dir='ltr'><strong>eo</strong></span> <span class='ocrx_word' id='word_1_229' title='bbox 3544 1678 3635 1735; x_wconf 87' lang='lat' dir='ltr'><strong>die</strong></span> 
     </span>
    </p>
   </div>
   <div class='ocr_carea' id='block_1_33' title="bbox 322 1765 3633 1840">
    <p class='ocr_par' dir='ltr' id='par_1_33' title="bbox 322 1765 3633 1840">
     <span class='ocr_line' id='line_1_33' title="bbox 322 1765 3633 1840; baseline 0.003 -16"><span class='ocrx_word' id='word_1_230' title='bbox 322 1785 467 1824; x_wconf 90' lang='lat' dir='ltr'><strong>mus.</strong></span> <span class='ocrx_word' id='word_1_231' title='bbox 502 1770 564 1824; x_wconf 86' lang='lat' dir='ltr'><strong>Et</strong></span> <span class='ocrx_word' id='word_1_232' title='bbox 613 1771 887 1840; x_wconf 90' lang='lat' dir='ltr'><strong>quomodo</strong></span> <span class='ocrx_word' id='word_1_233' title='bbox 917 1772 1067 1825; x_wconf 89' lang='lat' dir='ltr'><strong>illum</strong></span> <span class='ocrx_word' id='word_1_234' title='bbox 1100 1773 1392 1827; x_wconf 82' lang='lat' dir='ltr'><strong>terribilem</strong></span> <span class='ocrx_word' id='word_1_235' title='bbox 1426 1782 1480 1828; x_wconf 89' lang='lat' dir='ltr'><strong>et</strong></span> <span class='ocrx_word' id='word_1_236' title='bbox 1509 1775 1706 1827; x_wconf 90' lang='lat' dir='ltr'><strong>iratum</strong></span> <span class='ocrx_word' id='word_1_237' title='bbox 1738 1786 1926 1830; x_wconf 89' lang='lat' dir='ltr'><strong>eontra</strong></span> <span class='ocrx_word' id='word_1_238' title='bbox 1958 1776 2005 1835; x_wconf 92' lang='lat' dir='ltr'><strong>B</strong></span> <span class='ocrx_word' id='word_1_239' title='bbox 2033 1780 2150 1819; x_wconf 72' lang='lat'><strong>&quot;105</strong></span> <span class='ocrx_word' id='word_1_240' title='bbox 2175 1765 2519 1819; x_wconf 70' lang='lat' dir='ltr'><strong>erallavalldi</strong></span> <span class='ocrx_word' id='word_1_241' title='bbox 2550 1770 2723 1836; x_wconf 67' lang='grc' dir='ltr'><strong>εθρίιθ</strong></span> <span class='ocrx_word' id='word_1_242' title='bbox 2755 1766 3067 1832; x_wconf 58' lang='lat' dir='ltr'><strong>infandum.</strong></span> <span class='ocrx_word' id='word_1_243' title='bbox 3091 1769 3181 1839; x_wconf 77' lang='lat' dir='ltr'><strong>qui</strong></span> <span class='ocrx_word' id='word_1_244' title='bbox 3212 1772 3446 1839; x_wconf 66' lang='lat' dir='ltr'><strong>&quot;ligendi</strong></span> <span class='ocrx_word' id='word_1_245' title='bbox 3476 1782 3633 1828; x_wconf 75' lang='lat' dir='ltr'><strong>erant</strong></span> 
     </span>
    </p>
   </div>
   <div class='ocr_carea' id='block_1_34' title="bbox 324 1861 1926 1934">
    <p class='ocr_par' dir='ltr' id='par_1_34' title="bbox 324 1861 1926 1934">
     <span class='ocr_line' id='line_1_34' title="bbox 324 1861 1926 1934; baseline 0.002 -17"><span class='ocrx_word' id='word_1_246' title='bbox 324 1878 428 1917; x_wconf 87' lang='lat' dir='ltr'><strong>nos</strong></span> <span class='ocrx_word' id='word_1_247' title='bbox 458 1861 683 1917; x_wconf 70' lang='lat' dir='ltr'><strong>sufferre</strong></span> <span class='ocrx_word' id='word_1_248' title='bbox 719 1865 1049 1932; x_wconf 86' lang='lat' dir='ltr'><strong>poterimus,</strong></span> <span class='ocrx_word' id='word_1_249' title='bbox 1079 1865 1169 1934; x_wconf 90' lang='lat' dir='ltr'><strong>qui</strong></span> <span class='ocrx_word' id='word_1_250' title='bbox 1216 1865 1267 1918; x_wconf 91' lang='lat' dir='ltr'><strong>iu</strong></span> <span class='ocrx_word' id='word_1_251' title='bbox 1300 1865 1555 1933; x_wconf 63' lang='lat' dir='ltr'><strong>praesenti</strong></span> <span class='ocrx_word' id='word_1_252' title='bbox 1598 1867 1703 1921; x_wconf 89' lang='lat' dir='ltr'><strong>vita</strong></span> <span class='ocrx_word' id='word_1_253' title='bbox 1736 1881 1926 1921; x_wconf 87' lang='lat' dir='ltr'><strong>corus-</strong></span> 
     </span>
    </p>
   </div>
   <div class='ocr_carea' id='block_1_35' title="bbox 322 1954 1926 2028">
    <p class='ocr_par' dir='ltr' id='par_1_35' title="bbox 322 1954 1926 2028">
     <span class='ocr_line' id='line_1_35' title="bbox 322 1954 1926 2028; baseline 0.001 -18"><span class='ocrx_word' id='word_1_254' title='bbox 322 1954 595 2010; x_wconf 86' lang='lat' dir='ltr'><strong>cationem</strong></span> <span class='ocrx_word' id='word_1_255' title='bbox 636 1964 730 2009; x_wconf 90' lang='lat' dir='ltr'><strong>aut</strong></span> <span class='ocrx_word' id='word_1_256' title='bbox 774 1956 1069 2011; x_wconf 85' lang='lat' dir='ltr'><strong>tonitruum</strong></span> <span class='ocrx_word' id='word_1_257' title='bbox 1113 1957 1255 2011; x_wconf 90' lang='lat' dir='ltr'><strong>illius</strong></span> <span class='ocrx_word' id='word_1_258' title='bbox 1295 1958 1383 2012; x_wconf 83' lang='lat' dir='ltr'><strong>vix</strong></span> <span class='ocrx_word' id='word_1_259' title='bbox 1412 1973 1524 2028; x_wconf 62' lang='lat' dir='ltr'><strong>prie</strong></span> <span class='ocrx_word' id='word_1_260' title='bbox 1555 1972 1755 2026; x_wconf 86' lang='lat' dir='ltr'><strong>pavore</strong></span> <span class='ocrx_word' id='word_1_261' title='bbox 1788 1960 1926 2013; x_wconf 89' lang='lat' dir='ltr'><strong>tole-</strong></span> 
     </span>
    </p>
   </div>
   <div class='ocr_carea' id='block_1_36' title="bbox 321 2048 1929 2119">
    <p class='ocr_par' dir='ltr' id='par_1_36' title="bbox 321 2048 1929 2119">
     <span class='ocr_line' id='line_1_36' title="bbox 321 2048 1929 2119; baseline 0.003 -16"><span class='ocrx_word' id='word_1_262' title='bbox 321 2063 450 2103; x_wconf 86' lang='lat' dir='ltr'><strong>rare.</strong></span> <span class='ocrx_word' id='word_1_263' title='bbox 478 2048 805 2119; x_wconf 82' lang='lat' dir='ltr'><strong>possumus?</strong></span> <span class='ocrx_word' id='word_1_264' title='bbox 855 2048 920 2102; x_wconf 88' lang='lat' dir='ltr'><strong>Et</strong></span> <span class='ocrx_word' id='word_1_265' title='bbox 952 2050 997 2103; x_wconf 87' lang='lat' dir='ltr'><strong>si</strong></span> <span class='ocrx_word' id='word_1_266' title='bbox 1028 2060 1175 2104; x_wconf 91' lang='lat' dir='ltr'><strong>motu</strong></span> <span class='ocrx_word' id='word_1_267' title='bbox 1203 2060 1469 2106; x_wconf 67' lang='lat' dir='ltr'><strong>creaturae</strong></span> <span class='ocrx_word' id='word_1_268' title='bbox 1500 2052 1662 2106; x_wconf 90' lang='lat' dir='ltr'><strong>unius</strong></span> <span class='ocrx_word' id='word_1_269' title='bbox 1699 2052 1763 2105; x_wconf 91' lang='lat' dir='ltr'><strong>ad</strong></span> <span class='ocrx_word' id='word_1_270' title='bbox 1794 2062 1929 2107; x_wconf 89' lang='lat' dir='ltr'><strong>tem-</strong></span> 
     </span>
    </p>
   </div>
   <div class='ocr_carea' id='block_1_37' title="bbox 322 2141 1927 2214">
    <p class='ocr_par' dir='ltr' id='par_1_37' title="bbox 322 2141 1927 2214">
     <span class='ocr_line' id='line_1_37' title="bbox 322 2141 1927 2214; baseline 0.004 -19"><span class='ocrx_word' id='word_1_271' title='bbox 322 2157 429 2211; x_wconf 85' lang='lat' dir='ltr'><strong>pus</strong></span> <span class='ocrx_word' id='word_1_272' title='bbox 467 2150 766 2207; x_wconf 90' lang='lat' dir='ltr'><strong>terremur,</strong></span> <span class='ocrx_word' id='word_1_273' title='bbox 805 2158 911 2210; x_wconf 91' lang='lat' dir='ltr'><strong>qua</strong></span> <span class='ocrx_word' id='word_1_274' title='bbox 947 2141 1263 2197; x_wconf 90' lang='lat' dir='ltr'><strong>fortitudine</strong></span> <span class='ocrx_word' id='word_1_275' title='bbox 1291 2142 1607 2198; x_wconf 82' lang='lat' dir='ltr'><strong>Creatorem</strong></span> <span class='ocrx_word' id='word_1_276' title='bbox 1636 2159 1758 2199; x_wconf 92' lang='lat' dir='ltr'><strong>cum</strong></span> <span class='ocrx_word' id='word_1_277' title='bbox 1804 2146 1927 2214; x_wconf 90' lang='lat' dir='ltr'><strong>igne</strong></span> 
     </span>
    </p>
   </div>
   <div class='ocr_carea' id='block_1_38' title="bbox 323 2233 1926 2304">
    <p class='ocr_par' dir='ltr' id='par_1_38' title="bbox 323 2233 1926 2304">
     <span class='ocr_line' id='line_1_38' title="bbox 323 2233 1926 2304; baseline 0.004 -18"><span class='ocrx_word' id='word_1_278' title='bbox 323 2234 396 2287; x_wconf 89' lang='lat' dir='ltr'><strong>ad</strong></span> <span class='ocrx_word' id='word_1_279' title='bbox 416 2233 773 2302; x_wconf 66' lang='lat' dir='ltr'><strong>iudicandum</strong></span> <span class='ocrx_word' id='word_1_280' title='bbox 801 2234 1105 2290; x_wconf 83' lang='lat' dir='ltr'><strong>venientem</strong></span> <span class='ocrx_word' id='word_1_281' title='bbox 1126 2276 1140 2299; x_wconf 89' lang='lat'><strong>,</strong></span> <span class='ocrx_word' id='word_1_282' title='bbox 1170 2245 1225 2291; x_wconf 88' lang='lat' dir='ltr'><strong>et</strong></span> <span class='ocrx_word' id='word_1_283' title='bbox 1250 2252 1354 2291; x_wconf 91' lang='lat' dir='ltr'><strong>non</strong></span> <span class='ocrx_word' id='word_1_284' title='bbox 1386 2237 1560 2291; x_wconf 88' lang='lat' dir='ltr'><strong>solum</strong></span> <span class='ocrx_word' id='word_1_285' title='bbox 1609 2246 1797 2304; x_wconf 89' lang='lat' dir='ltr'><strong>terras,</strong></span> <span class='ocrx_word' id='word_1_286' title='bbox 1830 2238 1926 2293; x_wconf 86' lang='lat' dir='ltr'><strong>sed</strong></span> 
     </span>
    </p>
   </div>
   <div class='ocr_carea' id='block_1_39' title="bbox 322 2328 1927 2402">
    <p class='ocr_par' dir='ltr' id='par_1_39' title="bbox 322 2328 1927 2402">
     <span class='ocr_line' id='line_1_39' title="bbox 322 2328 1927 2402; baseline 0.004 -19"><span class='ocrx_word' id='word_1_287' title='bbox 322 2328 489 2383; x_wconf 87' lang='lat' dir='ltr'><strong>etiam</strong></span> <span class='ocrx_word' id='word_1_288' title='bbox 534 2329 704 2383; x_wconf 67' lang='lat' dir='ltr'><strong>caelos</strong></span> <span class='ocrx_word' id='word_1_289' title='bbox 753 2329 1195 2393; x_wconf 82' lang='lat' dir='ltr'><strong>conentieutem,</strong></span> <span class='ocrx_word' id='word_1_290' title='bbox 1243 2341 1561 2400; x_wconf 85' lang='lat' dir='ltr'><strong>exspectare</strong></span> <span class='ocrx_word' id='word_1_291' title='bbox 1591 2334 1927 2402; x_wconf 85' lang='lat' dir='ltr'><strong>poterimus?</strong></span> 
     </span>
    </p>
   </div>
   <div class='ocr_carea' id='block_1_40' title="bbox 320 2419 1927 2497">
    <p class='ocr_par' dir='ltr' id='par_1_40' title="bbox 320 2419 1927 2497">
     <span class='ocr_line' id='line_1_40' title="bbox 320 2419 1927 2497; baseline 0.004 -23"><span class='ocrx_word' id='word_1_292' title='bbox 320 2419 459 2474; x_wconf 83' lang='lat' dir='ltr'><strong>Nam</strong></span> <span class='ocrx_word' id='word_1_293' title='bbox 485 2429 543 2474; x_wconf 88' lang='lat' dir='ltr'><strong>ut</strong></span> <span class='ocrx_word' id='word_1_294' title='bbox 568 2420 853 2475; x_wconf 85' lang='lat' dir='ltr'><strong>Psalntista</strong></span> <span class='ocrx_word' id='word_1_295' title='bbox 875 2420 1005 2475; x_wconf 88' lang='lat' dir='ltr'><strong>dicit</strong></span> <span class='ocrx_word' id='word_1_296' title='bbox 1030 2439 1042 2473; x_wconf 90' lang='lat'><strong>:</strong></span> <span class='ocrx_word' id='word_1_297' title='bbox 1076 2420 1223 2490; x_wconf 76' lang='lat' dir='ltr'><strong>Ignis</strong></span> <span class='ocrx_word' id='word_1_298' title='bbox 1249 2428 1303 2475; x_wconf 78' lang='lat' dir='ltr'><strong>in</strong></span> <span class='ocrx_word' id='word_1_299' title='bbox 1329 2434 1604 2494; x_wconf 79' lang='lat' dir='ltr'><strong>conspectu</strong></span> <span class='ocrx_word' id='word_1_300' title='bbox 1640 2428 1749 2497; x_wconf 82' lang='lat' dir='ltr'><strong>ejus</strong></span> <span class='ocrx_word' id='word_1_301' title='bbox 1774 2426 1927 2479; x_wconf 87' lang='lat' dir='ltr'><strong>arde-</strong></span> 
     </span>
    </p>
   </div>
   <div class='ocr_carea' id='block_1_41' title="bbox 326 2510 1924 2587">
    <p class='ocr_par' dir='ltr' id='par_1_41' title="bbox 326 2510 1924 2587">
     <span class='ocr_line' id='line_1_41' title="bbox 326 2510 1924 2587; baseline 0.006 -24"><span class='ocrx_word' id='word_1_302' title='bbox 326 2510 423 2572; x_wconf 86' lang='lat' dir='ltr'><strong>bit,</strong></span> <span class='ocrx_word' id='word_1_303' title='bbox 451 2521 498 2565; x_wconf 86' lang='lat' dir='ltr'><strong>et</strong></span> <span class='ocrx_word' id='word_1_304' title='bbox 528 2512 579 2564; x_wconf 81' lang='lat' dir='ltr'><strong>in</strong></span> <span class='ocrx_word' id='word_1_305' title='bbox 608 2512 826 2565; x_wconf 80' lang='lat' dir='ltr'><strong>circuitu</strong></span> <span class='ocrx_word' id='word_1_306' title='bbox 853 2516 965 2585; x_wconf 82' lang='lat' dir='ltr'><strong>ejus</strong></span> <span class='ocrx_word' id='word_1_307' title='bbox 997 2523 1267 2585; x_wconf 68' lang='lat' dir='ltr'><strong>tempestas</strong></span> <span class='ocrx_word' id='word_1_308' title='bbox 1297 2515 1489 2569; x_wconf 78' lang='lat' dir='ltr'><strong>valida.</strong></span> <span class='ocrx_word' id='word_1_309' title='bbox 1526 2516 1590 2573; x_wconf 83' lang='lat' dir='ltr'><strong>Et</strong></span> <span class='ocrx_word' id='word_1_310' title='bbox 1619 2517 1736 2587; x_wconf 90' lang='lat' dir='ltr'><strong>ipse</strong></span> <span class='ocrx_word' id='word_1_311' title='bbox 1758 2518 1924 2586; x_wconf 80' lang='lat' dir='ltr'><strong>judex</strong></span> 
     </span>
    </p>
   </div>
   <div class='ocr_carea' id='block_1_42' title="bbox 323 2606 1926 2679">
    <p class='ocr_par' dir='ltr' id='par_1_42' title="bbox 323 2606 1926 2679">
     <span class='ocr_line' id='line_1_42' title="bbox 323 2606 1926 2679; baseline 0.005 -19"><span class='ocrx_word' id='word_1_312' title='bbox 323 2621 427 2676; x_wconf 87' lang='lat' dir='ltr'><strong>per</strong></span> <span class='ocrx_word' id='word_1_313' title='bbox 458 2606 773 2676; x_wconf 83' lang='lat' dir='ltr'><strong>prophetam</strong></span> <span class='ocrx_word' id='word_1_314' title='bbox 805 2606 972 2661; x_wconf 89' lang='lat' dir='ltr'><strong>dicit:</strong></span> <span class='ocrx_word' id='word_1_315' title='bbox 1008 2607 1201 2664; x_wconf 86' lang='lat' dir='ltr'><strong>Adhuc</strong></span> <span class='ocrx_word' id='word_1_316' title='bbox 1230 2611 1432 2676; x_wconf 90' lang='lat' dir='ltr'><strong>semel,</strong></span> <span class='ocrx_word' id='word_1_317' title='bbox 1469 2618 1523 2665; x_wconf 90' lang='lat' dir='ltr'><strong>et</strong></span> <span class='ocrx_word' id='word_1_318' title='bbox 1563 2626 1663 2679; x_wconf 85' lang='lat' dir='ltr'><strong>ego</strong></span> <span class='ocrx_word' id='word_1_319' title='bbox 1694 2628 1807 2665; x_wconf 83' lang='lat' dir='ltr'><strong>mm</strong></span> <span class='ocrx_word' id='word_1_320' title='bbox 1821 2614 1926 2667; x_wconf 86' lang='lat' dir='ltr'><strong>eho</strong></span> 
     </span>
    </p>
   </div>
   <div class='ocr_carea' id='block_1_43' title="bbox 319 2698 1921 2771">
    <p class='ocr_par' dir='ltr' id='par_1_43' title="bbox 319 2698 1921 2771">
     <span class='ocr_line' id='line_1_43' title="bbox 319 2698 1921 2771; baseline 0.004 -20"><span class='ocrx_word' id='word_1_321' title='bbox 319 2711 436 2751; x_wconf 88' lang='lat' dir='ltr'><strong>non</strong></span> <span class='ocrx_word' id='word_1_322' title='bbox 463 2699 635 2751; x_wconf 91' lang='lat' dir='ltr'><strong>solum</strong></span> <span class='ocrx_word' id='word_1_323' title='bbox 670 2707 869 2752; x_wconf 89' lang='lat' dir='ltr'><strong>terram</strong></span> <span class='ocrx_word' id='word_1_324' title='bbox 890 2740 905 2763; x_wconf 95' lang='lat'><strong>,</strong></span> <span class='ocrx_word' id='word_1_325' title='bbox 934 2698 1027 2753; x_wconf 88' lang='lat' dir='ltr'><strong>sed</strong></span> <span class='ocrx_word' id='word_1_326' title='bbox 1056 2703 1218 2754; x_wconf 85' lang='lat' dir='ltr'><strong>etiam</strong></span> <span class='ocrx_word' id='word_1_327' title='bbox 1250 2701 1472 2757; x_wconf 71' lang='lat' dir='ltr'><strong>cmlum.</strong></span> <span class='ocrx_word' id='word_1_328' title='bbox 1509 2702 1886 2757; x_wconf 86' lang='lat' dir='ltr'><strong>Pertimescite</strong></span> <span class='ocrx_word' id='word_1_329' title='bbox 1906 2745 1921 2771; x_wconf 96' lang='lat'><strong>,</strong></span> 
     </span>
    </p>
   </div>
   <div class='ocr_carea' id='block_1_44' title="bbox 319 2787 1917 2862">
    <p class='ocr_par' dir='ltr' id='par_1_44' title="bbox 319 2787 1917 2862">
     <span class='ocr_line' id='line_1_44' title="bbox 319 2787 1917 2862; baseline 0.005 -20"><span class='ocrx_word' id='word_1_330' title='bbox 319 2787 555 2854; x_wconf 72' lang='lat' dir='ltr'><strong>fratres,</strong></span> <span class='ocrx_word' id='word_1_331' title='bbox 587 2789 876 2844; x_wconf 81' lang='lat' dir='ltr'><strong>adventum</strong></span> <span class='ocrx_word' id='word_1_332' title='bbox 916 2790 1061 2845; x_wconf 87' lang='lat' dir='ltr'><strong>illius</strong></span> <span class='ocrx_word' id='word_1_333' title='bbox 1096 2791 1328 2861; x_wconf 86' lang='lat' dir='ltr'><strong>judieis,</strong></span> <span class='ocrx_word' id='word_1_334' title='bbox 1362 2795 1414 2846; x_wconf 93' lang='lat' dir='ltr'><strong>in</strong></span> <span class='ocrx_word' id='word_1_335' title='bbox 1458 2794 1615 2862; x_wconf 88' lang='lat' dir='ltr'><strong>cujus</strong></span> <span class='ocrx_word' id='word_1_336' title='bbox 1661 2796 1917 2849; x_wconf 86' lang='lat' dir='ltr'><strong>determi-</strong></span> 
     </span>
    </p>
   </div>
   <div class='ocr_carea' id='block_1_45' title="bbox 320 2884 1923 2957">
    <p class='ocr_par' dir='ltr' id='par_1_45' title="bbox 320 2884 1923 2957">
     <span class='ocr_line' id='line_1_45' title="bbox 320 2884 1923 2957; baseline 0.003 -19"><span class='ocrx_word' id='word_1_337' title='bbox 320 2894 457 2938; x_wconf 82' lang='lat' dir='ltr'><strong>nato</strong></span> <span class='ocrx_word' id='word_1_338' title='bbox 496 2884 702 2952; x_wconf 81' lang='lat' dir='ltr'><strong>judicio</strong></span> <span class='ocrx_word' id='word_1_339' title='bbox 734 2901 839 2938; x_wconf 91' lang='lat' dir='ltr'><strong>non</strong></span> <span class='ocrx_word' id='word_1_340' title='bbox 869 2885 974 2939; x_wconf 89' lang='lat' dir='ltr'><strong>crit</strong></span> <span class='ocrx_word' id='word_1_341' title='bbox 1002 2886 1235 2954; x_wconf 86' lang='lat' dir='ltr'><strong>Spatium</strong></span> <span class='ocrx_word' id='word_1_342' title='bbox 1282 2886 1691 2955; x_wconf 88' lang='lat' dir='ltr'><strong>redemptionis.</strong></span> <span class='ocrx_word' id='word_1_343' title='bbox 1721 2890 1765 2942; x_wconf 82' lang='lat' dir='ltr'><strong>A</strong></span> <span class='ocrx_word' id='word_1_344' title='bbox 1801 2904 1923 2957; x_wconf 88' lang='lat' dir='ltr'><strong>pra-</strong></span> 
     </span>
    </p>
   </div>
   <div class='ocr_carea' id='block_1_46' title="bbox 316 2976 1921 3050">
    <p class='ocr_par' dir='ltr' id='par_1_46' title="bbox 316 2976 1921 3050">
     <span class='ocr_line' id='line_1_46' title="bbox 316 2976 1921 3050; baseline 0.004 -21"><span class='ocrx_word' id='word_1_345' title='bbox 316 2976 409 3030; x_wconf 80' lang='lat' dir='ltr'><strong>vis</strong></span> <span class='ocrx_word' id='word_1_346' title='bbox 437 2978 679 3032; x_wconf 87' lang='lat' dir='ltr'><strong>moribus</strong></span> <span class='ocrx_word' id='word_1_347' title='bbox 704 2986 757 3031; x_wconf 88' lang='lat' dir='ltr'><strong>ct</strong></span> <span class='ocrx_word' id='word_1_348' title='bbox 785 2994 813 3029; x_wconf 90' lang='lat' dir='ltr'><strong>a</strong></span> <span class='ocrx_word' id='word_1_349' title='bbox 842 2978 984 3032; x_wconf 89' lang='lat' dir='ltr'><strong>mala</strong></span> <span class='ocrx_word' id='word_1_350' title='bbox 1012 2979 1408 3035; x_wconf 83' lang='lat' dir='ltr'><strong>consuetudine</strong></span> <span class='ocrx_word' id='word_1_351' title='bbox 1449 2980 1623 3050; x_wconf 85' lang='lat' dir='ltr'><strong>turpis</strong></span> <span class='ocrx_word' id='word_1_352' title='bbox 1652 2981 1776 3034; x_wconf 63' lang='lat' dir='ltr'><strong>vitae</strong></span> <span class='ocrx_word' id='word_1_353' title='bbox 1797 2996 1921 3036; x_wconf 89' lang='lat' dir='ltr'><strong>ces-</strong></span> 
     </span>
    </p>
   </div>
   <div class='ocr_carea' id='block_1_47' title="bbox 320 3070 1917 3141">
    <p class='ocr_par' dir='ltr' id='par_1_47' title="bbox 320 3070 1917 3141">
     <span class='ocr_line' id='line_1_47' title="bbox 320 3070 1917 3141; baseline 0.003 -17"><span class='ocrx_word' id='word_1_354' title='bbox 320 3078 476 3132; x_wconf 88' lang='lat' dir='ltr'><strong>sate,</strong></span> <span class='ocrx_word' id='word_1_355' title='bbox 511 3079 567 3124; x_wconf 89' lang='lat' dir='ltr'><strong>et</strong></span> <span class='ocrx_word' id='word_1_356' title='bbox 594 3070 828 3139; x_wconf 89' lang='lat' dir='ltr'><strong>compati</strong></span> <span class='ocrx_word' id='word_1_357' title='bbox 867 3085 989 3125; x_wconf 92' lang='lat' dir='ltr'><strong>cum</strong></span> <span class='ocrx_word' id='word_1_358' title='bbox 1041 3071 1402 3141; x_wconf 77' lang='lat' dir='ltr'><strong>Redemptore</strong></span> <span class='ocrx_word' id='word_1_359' title='bbox 1446 3082 1629 3127; x_wconf 90' lang='lat' dir='ltr'><strong>vestro</strong></span> <span class='ocrx_word' id='word_1_360' title='bbox 1668 3073 1917 3141; x_wconf 90' lang='lat' dir='ltr'><strong>studete,</strong></span> 
     </span>
    </p>
   </div>
   <div class='ocr_carea' id='block_1_48' title="bbox 2031 1857 3630 1929">
    <p class='ocr_par' dir='ltr' id='par_1_48' title="bbox 2031 1857 3630 1929">
     <span class='ocr_line' id='line_1_48' title="bbox 2031 1857 3630 1929; baseline 0.006 -19"><span class='ocrx_word' id='word_1_361' title='bbox 2031 1868 2221 1911; x_wconf 89' lang='lat' dir='ltr'><strong>sancto</strong></span> <span class='ocrx_word' id='word_1_362' title='bbox 2269 1859 2525 1924; x_wconf 88' lang='lat' dir='ltr'><strong>sabbato,</strong></span> <span class='ocrx_word' id='word_1_363' title='bbox 2580 1874 2649 1913; x_wconf 90' lang='lat' dir='ltr'><strong>ne</strong></span> <span class='ocrx_word' id='word_1_364' title='bbox 2700 1857 3323 1929; x_wconf 72' lang='lat' dir='ltr'><strong>forte-Quadragesitme</strong></span> <span class='ocrx_word' id='word_1_365' title='bbox 3366 1864 3630 1920; x_wconf 84' lang='lat' dir='ltr'><strong>observa-</strong></span> 
     </span>
    </p>
   </div>
   <div class='ocr_carea' id='block_1_49' title="bbox 2032 1949 3627 2013">
    <p class='ocr_par' dir='ltr' id='par_1_49' title="bbox 2032 1949 3627 2013">
     <span class='ocr_line' id='line_1_49' title="bbox 2032 1949 3627 2013; baseline 0.008 -11"><span class='ocrx_word' id='word_1_366' title='bbox 2032 1949 2175 2004; x_wconf 90' lang='lat' dir='ltr'><strong>tione</strong></span> <span class='ocrx_word' id='word_1_367' title='bbox 2202 1950 2463 2005; x_wconf 89' lang='lat' dir='ltr'><strong>sordidati</strong></span> <span class='ocrx_word' id='word_1_368' title='bbox 2485 1952 2804 2007; x_wconf 87' lang='lat' dir='ltr'><strong>accederent</strong></span> <span class='ocrx_word' id='word_1_369' title='bbox 2829 1953 2893 2007; x_wconf 86' lang='lat' dir='ltr'><strong>ad</strong></span> <span class='ocrx_word' id='word_1_370' title='bbox 2919 1954 3249 2009; x_wconf 79' lang='lat' dir='ltr'><strong>unctionem.</strong></span> <span class='ocrx_word' id='word_1_371' title='bbox 3281 1955 3407 2011; x_wconf 67' lang='grc' dir='ltr'><strong>ΙΙωο</strong></span> <span class='ocrx_word' id='word_1_372' title='bbox 3447 1967 3627 2013; x_wconf 87' lang='lat' dir='ltr'><strong>autem</strong></span> 
     </span>
    </p>
   </div>
   <div class='ocr_carea' id='block_1_50' title="bbox 2032 2043 3621 2118">
    <p class='ocr_par' dir='ltr' id='par_1_50' title="bbox 2032 2043 3621 2118">
     <span class='ocr_line' id='line_1_50' title="bbox 2032 2043 3621 2118; baseline 0.006 -22"><span class='ocrx_word' id='word_1_373' title='bbox 2032 2043 2367 2099; x_wconf 85' lang='lat' dir='ltr'><strong>hebdomada</strong></span> <span class='ocrx_word' id='word_1_374' title='bbox 2409 2045 2529 2100; x_wconf 91' lang='lat' dir='ltr'><strong>ideo</strong></span> <span class='ocrx_word' id='word_1_375' title='bbox 2575 2045 2748 2115; x_wconf 84' lang='lat' dir='ltr'><strong>major</strong></span> <span class='ocrx_word' id='word_1_376' title='bbox 2776 2046 3008 2113; x_wconf 91' lang='lat' dir='ltr'><strong>dicitur,</strong></span> <span class='ocrx_word' id='word_1_377' title='bbox 3041 2048 3125 2101; x_wconf 88' lang='lat' dir='ltr'><strong>vel</strong></span> <span class='ocrx_word' id='word_1_378' title='bbox 3171 2048 3293 2118; x_wconf 91' lang='lat' dir='ltr'><strong>quia</strong></span> <span class='ocrx_word' id='word_1_379' title='bbox 3335 2050 3509 2118; x_wconf 90' lang='lat' dir='ltr'><strong>major</strong></span> <span class='ocrx_word' id='word_1_380' title='bbox 3539 2066 3621 2106; x_wconf 53' lang='lat' dir='ltr'><strong>so.</strong></span> 
     </span>
    </p>
   </div>
   <div class='ocr_carea' id='block_1_51' title="bbox 2030 2136 3629 2209">
    <p class='ocr_par' dir='ltr' id='par_1_51' title="bbox 2030 2136 3629 2209">
     <span class='ocr_line' id='line_1_51' title="bbox 2030 2136 3629 2209; baseline 0.006 -19"><span class='ocrx_word' id='word_1_381' title='bbox 2030 2136 2233 2190; x_wconf 88' lang='lat' dir='ltr'><strong>brietas</strong></span> <span class='ocrx_word' id='word_1_382' title='bbox 2262 2138 2313 2190; x_wconf 94' lang='lat' dir='ltr'><strong>iu</strong></span> <span class='ocrx_word' id='word_1_383' title='bbox 2356 2152 2418 2191; x_wconf 74' lang='lat' dir='ltr'><strong>ea</strong></span> <span class='ocrx_word' id='word_1_384' title='bbox 2449 2149 2732 2203; x_wconf 89' lang='lat' dir='ltr'><strong>servatur,</strong></span> <span class='ocrx_word' id='word_1_385' title='bbox 2767 2139 2848 2193; x_wconf 89' lang='lat' dir='ltr'><strong>vel</strong></span> <span class='ocrx_word' id='word_1_386' title='bbox 2879 2139 3002 2209; x_wconf 87' lang='lat' dir='ltr'><strong>quia</strong></span> <span class='ocrx_word' id='word_1_387' title='bbox 3032 2138 3206 2209; x_wconf 87' lang='lat' dir='ltr'><strong>majus</strong></span> <span class='ocrx_word' id='word_1_388' title='bbox 3242 2157 3403 2209; x_wconf 91' lang='lat' dir='ltr'><strong>quam</strong></span> <span class='ocrx_word' id='word_1_389' title='bbox 3437 2145 3491 2197; x_wconf 88' lang='lat' dir='ltr'><strong>in</strong></span> <span class='ocrx_word' id='word_1_390' title='bbox 3519 2158 3629 2200; x_wconf 62' lang='lat' dir='ltr'><strong>cce-</strong></span> 
     </span>
    </p>
   </div>
   <div class='ocr_carea' id='block_1_52' title="bbox 2016 2215 3412 2289">
    <p class='ocr_par' dir='ltr' id='par_1_52' title="bbox 2016 2215 3412 2289">
     <span class='ocr_line' id='line_1_52' title="bbox 2016 2215 3412 2289; baseline 0.003 -6"><span class='ocrx_word' id='word_1_391' title='bbox 2016 2215 2162 2284; x_wconf 72' lang='lat' dir='ltr'><strong>teris</strong></span> <span class='ocrx_word' id='word_1_392' title='bbox 2190 2229 2618 2286; x_wconf 86' lang='lat' dir='ltr'><strong>hebdomadibus</strong></span> <span class='ocrx_word' id='word_1_393' title='bbox 2646 2230 2880 2286; x_wconf 89' lang='lat' dir='ltr'><strong>officium</strong></span> <span class='ocrx_word' id='word_1_394' title='bbox 2912 2233 2964 2285; x_wconf 95' lang='lat' dir='ltr'><strong>in</strong></span> <span class='ocrx_word' id='word_1_395' title='bbox 2992 2247 3054 2287; x_wconf 91' lang='lat' dir='ltr'><strong>ea</strong></span> <span class='ocrx_word' id='word_1_396' title='bbox 3083 2232 3412 2289; x_wconf 88' lang='lat' dir='ltr'><strong>celebratur.</strong></span> 
     </span>
    </p>
   </div>
   <div class='ocr_carea' id='block_1_53' title="bbox 2098 2322 3630 2393">
    <p class='ocr_par' dir='ltr' id='par_1_53' title="bbox 2098 2322 3630 2393">
     <span class='ocr_line' id='line_1_53' title="bbox 2098 2322 3630 2393; baseline 0.005 -19"><span class='ocrx_word' id='word_1_397' title='bbox 2098 2322 2154 2375; x_wconf 75' lang='grc'><strong>2.</strong></span> <span class='ocrx_word' id='word_1_398' title='bbox 2198 2322 2324 2377; x_wconf 67' lang='lat' dir='ltr'><strong>iisne</strong></span> <span class='ocrx_word' id='word_1_399' title='bbox 2346 2323 2412 2376; x_wconf 91' lang='lat' dir='ltr'><strong>de</strong></span> <span class='ocrx_word' id='word_1_400' title='bbox 2454 2322 2763 2377; x_wconf 89' lang='lat' dir='ltr'><strong>nominibus</strong></span> <span class='ocrx_word' id='word_1_401' title='bbox 2804 2322 3029 2393; x_wconf 88' lang='lat' dir='ltr'><strong>hujusce</strong></span> <span class='ocrx_word' id='word_1_402' title='bbox 3074 2323 3181 2379; x_wconf 90' lang='lat' dir='ltr'><strong>diei</strong></span> <span class='ocrx_word' id='word_1_403' title='bbox 3214 2324 3450 2380; x_wconf 84' lang='lat' dir='ltr'><strong>breviter</strong></span> <span class='ocrx_word' id='word_1_404' title='bbox 3485 2326 3630 2381; x_wconf 90' lang='lat' dir='ltr'><strong>dicta</strong></span> 
     </span>
    </p>
   </div>
   <div class='ocr_carea' id='block_1_54' title="bbox 2028 2414 3633 2485">
    <p class='ocr_par' dir='ltr' id='par_1_54' title="bbox 2028 2414 3633 2485">
     <span class='ocr_line' id='line_1_54' title="bbox 2028 2414 3633 2485; baseline 0.004 -16"><span class='ocrx_word' id='word_1_405' title='bbox 2028 2414 2303 2470; x_wconf 86' lang='lat' dir='ltr'><strong>sufficiant</strong></span> <span class='ocrx_word' id='word_1_406' title='bbox 2325 2433 2337 2467; x_wconf 86' lang='lat'><strong>:</strong></span> <span class='ocrx_word' id='word_1_407' title='bbox 2361 2431 2590 2485; x_wconf 90' lang='lat' dir='ltr'><strong>quorum</strong></span> <span class='ocrx_word' id='word_1_408' title='bbox 2622 2415 2867 2485; x_wconf 70' lang='lat' dir='ltr'><strong>qurcdam</strong></span> <span class='ocrx_word' id='word_1_409' title='bbox 2901 2428 2958 2469; x_wconf 88' lang='lat' dir='ltr'><strong>ut</strong></span> <span class='ocrx_word' id='word_1_410' title='bbox 2983 2417 3048 2469; x_wconf 90' lang='lat' dir='ltr'><strong>ad</strong></span> <span class='ocrx_word' id='word_1_411' title='bbox 3074 2417 3307 2471; x_wconf 88' lang='lat' dir='ltr'><strong>litteram</strong></span> <span class='ocrx_word' id='word_1_412' title='bbox 3352 2417 3633 2475; x_wconf 84' lang='lat' dir='ltr'><strong>intellecta</strong></span> 
     </span>
    </p>
   </div>
   <div class='ocr_carea' id='block_1_55' title="bbox 2028 2506 3634 2578">
    <p class='ocr_par' dir='ltr' id='par_1_55' title="bbox 2028 2506 3634 2578">
     <span class='ocr_line' id='line_1_55' title="bbox 2028 2506 3634 2578; baseline 0.004 -18"><span class='ocrx_word' id='word_1_413' title='bbox 2028 2517 2193 2572; x_wconf 90' lang='lat' dir='ltr'><strong>sunt,</strong></span> <span class='ocrx_word' id='word_1_414' title='bbox 2222 2506 2295 2560; x_wconf 90' lang='lat' dir='ltr'><strong>ita</strong></span> <span class='ocrx_word' id='word_1_415' title='bbox 2342 2519 2695 2577; x_wconf 89' lang='lat' dir='ltr'><strong>permanent;</strong></span> <span class='ocrx_word' id='word_1_416' title='bbox 2740 2507 2986 2576; x_wconf 67' lang='lat' dir='ltr'><strong>quaedam</strong></span> <span class='ocrx_word' id='word_1_417' title='bbox 3038 2508 3183 2561; x_wconf 91' lang='lat' dir='ltr'><strong>aliud</strong></span> <span class='ocrx_word' id='word_1_418' title='bbox 3220 2510 3513 2578; x_wconf 79' lang='lat' dir='ltr'><strong>allegorice</strong></span> <span class='ocrx_word' id='word_1_419' title='bbox 3558 2511 3634 2566; x_wconf 91' lang='lat' dir='ltr'><strong>si-</strong></span> 
     </span>
    </p>
   </div>
   <div class='ocr_carea' id='block_1_56' title="bbox 2027 2598 3631 2669">
    <p class='ocr_par' dir='ltr' id='par_1_56' title="bbox 2027 2598 3631 2669">
     <span class='ocr_line' id='line_1_56' title="bbox 2027 2598 3631 2669; baseline 0.004 -19"><span class='ocrx_word' id='word_1_420' title='bbox 2027 2598 2301 2668; x_wconf 88' lang='lat' dir='ltr'><strong>gnificant.</strong></span> <span class='ocrx_word' id='word_1_421' title='bbox 2338 2599 2395 2653; x_wconf 88' lang='lat' dir='ltr'><strong>In</strong></span> <span class='ocrx_word' id='word_1_422' title='bbox 2442 2599 2589 2653; x_wconf 89' lang='lat' dir='ltr'><strong>omni</strong></span> <span class='ocrx_word' id='word_1_423' title='bbox 2634 2598 2779 2654; x_wconf 89' lang='lat' dir='ltr'><strong>enim</strong></span> <span class='ocrx_word' id='word_1_424' title='bbox 2840 2598 3116 2669; x_wconf 89' lang='lat' dir='ltr'><strong>Scriptura</strong></span> <span class='ocrx_word' id='word_1_425' title='bbox 3174 2599 3374 2655; x_wconf 72' lang='lat' dir='ltr'><strong>veteris</strong></span> <span class='ocrx_word' id='word_1_426' title='bbox 3421 2612 3471 2655; x_wconf 89' lang='lat' dir='ltr'><strong>et</strong></span> <span class='ocrx_word' id='word_1_427' title='bbox 3507 2603 3631 2657; x_wconf 90' lang='lat' dir='ltr'><strong>novi</strong></span> 
     </span>
    </p>
   </div>
   <div class='ocr_carea' id='block_1_57' title="bbox 2027 2689 3631 2761">
    <p class='ocr_par' dir='ltr' id='par_1_57' title="bbox 2027 2689 3631 2761">
     <span class='ocr_line' id='line_1_57' title="bbox 2027 2689 3631 2761; baseline 0.002 -16"><span class='ocrx_word' id='word_1_428' title='bbox 2027 2689 2399 2755; x_wconf 85' lang='lat' dir='ltr'><strong>Testantenti,</strong></span> <span class='ocrx_word' id='word_1_429' title='bbox 2454 2692 2628 2760; x_wconf 87' lang='lat' dir='ltr'><strong>palma</strong></span> <span class='ocrx_word' id='word_1_430' title='bbox 2678 2705 2893 2759; x_wconf 89' lang='lat' dir='ltr'><strong>semper</strong></span> <span class='ocrx_word' id='word_1_431' title='bbox 2944 2692 3223 2745; x_wconf 81' lang='lat' dir='ltr'><strong>victoriam</strong></span> <span class='ocrx_word' id='word_1_432' title='bbox 3283 2693 3631 2761; x_wconf 76' lang='lat' dir='ltr'><strong>significavit.</strong></span> 
     </span>
    </p>
   </div>
   <div class='ocr_carea' id='block_1_58' title="bbox 2027 2780 3630 2854">
    <p class='ocr_par' dir='ltr' id='par_1_58' title="bbox 2027 2780 3630 2854">
     <span class='ocr_line' id='line_1_58' title="bbox 2027 2780 3630 2854; baseline 0.003 -18"><span class='ocrx_word' id='word_1_433' title='bbox 2027 2780 2131 2836; x_wconf 91' lang='lat' dir='ltr'><strong>Per</strong></span> <span class='ocrx_word' id='word_1_434' title='bbox 2159 2797 2338 2836; x_wconf 90' lang='lat' dir='ltr'><strong>ramos</strong></span> <span class='ocrx_word' id='word_1_435' title='bbox 2366 2780 2529 2851; x_wconf 80' lang='lat' dir='ltr'><strong>igitur</strong></span> <span class='ocrx_word' id='word_1_436' title='bbox 2554 2782 2852 2852; x_wconf 89' lang='lat' dir='ltr'><strong>palmarum</strong></span> <span class='ocrx_word' id='word_1_437' title='bbox 2894 2781 2984 2834; x_wconf 89' lang='lat' dir='ltr'><strong>illa</strong></span> <span class='ocrx_word' id='word_1_438' title='bbox 3017 2782 3240 2836; x_wconf 68' lang='lat' dir='ltr'><strong>victoria</strong></span> <span class='ocrx_word' id='word_1_439' title='bbox 3270 2784 3590 2854; x_wconf 87' lang='lat' dir='ltr'><strong>designatur</strong></span> <span class='ocrx_word' id='word_1_440' title='bbox 3616 2830 3630 2853; x_wconf 93' lang='lat'><strong>,</strong></span> 
     </span>
    </p>
   </div>
   <div class='ocr_carea' id='block_1_59' title="bbox 2027 2875 3634 2945">
    <p class='ocr_par' dir='ltr' id='par_1_59' title="bbox 2027 2875 3634 2945">
     <span class='ocr_line' id='line_1_59' title="bbox 2027 2875 3634 2945; baseline 0.003 -17"><span class='ocrx_word' id='word_1_441' title='bbox 2027 2890 2130 2944; x_wconf 92' lang='lat' dir='ltr'><strong>qua</strong></span> <span class='ocrx_word' id='word_1_442' title='bbox 2166 2875 2423 2930; x_wconf 91' lang='lat' dir='ltr'><strong>Dominus</strong></span> <span class='ocrx_word' id='word_1_443' title='bbox 2451 2886 2641 2930; x_wconf 87' lang='lat' dir='ltr'><strong>uoster</strong></span> <span class='ocrx_word' id='word_1_444' title='bbox 2667 2890 2762 2945; x_wconf 88' lang='lat' dir='ltr'><strong>per</strong></span> <span class='ocrx_word' id='word_1_445' title='bbox 2784 2887 3011 2931; x_wconf 89' lang='lat' dir='ltr'><strong>mortem</strong></span> <span class='ocrx_word' id='word_1_446' title='bbox 3036 2892 3188 2931; x_wconf 87' lang='lat' dir='ltr'><strong>suam</strong></span> <span class='ocrx_word' id='word_1_447' title='bbox 3207 2919 3223 2943; x_wconf 96' lang='lat'><strong>,</strong></span> <span class='ocrx_word' id='word_1_448' title='bbox 3250 2889 3477 2934; x_wconf 87' lang='lat' dir='ltr'><strong>mortem</strong></span> <span class='ocrx_word' id='word_1_449' title='bbox 3535 2897 3634 2934; x_wconf 83' lang='lat' dir='ltr'><strong>no-</strong></span> 
     </span>
    </p>
   </div>
   <div class='ocr_carea' id='block_1_60' title="bbox 2026 2968 3630 3042">
    <p class='ocr_par' dir='ltr' id='par_1_60' title="bbox 2026 2968 3630 3042">
     <span class='ocr_line' id='line_1_60' title="bbox 2026 2968 3630 3042; baseline 0.003 -19"><span class='ocrx_word' id='word_1_450' title='bbox 2026 2978 2193 3023; x_wconf 87' lang='lat' dir='ltr'><strong>stram</strong></span> <span class='ocrx_word' id='word_1_451' title='bbox 2229 2968 2496 3024; x_wconf 76' lang='lat' dir='ltr'><strong>deStruxit</strong></span> <span class='ocrx_word' id='word_1_452' title='bbox 2519 3010 2532 3031; x_wconf 95' lang='lat'><strong>,</strong></span> <span class='ocrx_word' id='word_1_453' title='bbox 2565 2978 2619 3023; x_wconf 90' lang='lat' dir='ltr'><strong>et</strong></span> <span class='ocrx_word' id='word_1_454' title='bbox 2652 2984 2746 3039; x_wconf 91' lang='lat' dir='ltr'><strong>per</strong></span> <span class='ocrx_word' id='word_1_455' title='bbox 2787 2980 3052 3037; x_wconf 64' lang='lat' dir='ltr'><strong>tropaeum</strong></span> <span class='ocrx_word' id='word_1_456' title='bbox 3101 2970 3279 3025; x_wconf 66' lang='lat' dir='ltr'><strong>crucis</strong></span> <span class='ocrx_word' id='word_1_457' title='bbox 3327 2972 3630 3042; x_wconf 71' lang='lat' dir='ltr'><strong>principem</strong></span> 
     </span>
    </p>
   </div>
   <div class='ocr_carea' id='block_1_61' title="bbox 2026 3060 3632 3130">
    <p class='ocr_par' dir='ltr' id='par_1_61' title="bbox 2026 3060 3632 3130">
     <span class='ocr_line' id='line_1_61' title="bbox 2026 3060 3632 3130; baseline 0.002 -14"><span class='ocrx_word' id='word_1_458' title='bbox 2026 3061 2218 3117; x_wconf 86' lang='lat' dir='ltr'><strong>mortis</strong></span> <span class='ocrx_word' id='word_1_459' title='bbox 2244 3061 2519 3117; x_wconf 88' lang='lat' dir='ltr'><strong>diabolum</strong></span> <span class='ocrx_word' id='word_1_460' title='bbox 2571 3061 2866 3130; x_wconf 81' lang='lat' dir='ltr'><strong>superavit.</strong></span> <span class='ocrx_word' id='word_1_461' title='bbox 2896 3061 2999 3116; x_wconf 88' lang='lat' dir='ltr'><strong>Per</strong></span> <span class='ocrx_word' id='word_1_462' title='bbox 3028 3060 3191 3117; x_wconf 88' lang='lat' dir='ltr'><strong>flores</strong></span> <span class='ocrx_word' id='word_1_463' title='bbox 3235 3064 3373 3117; x_wconf 91' lang='lat' dir='ltr'><strong>odor</strong></span> <span class='ocrx_word' id='word_1_464' title='bbox 3416 3066 3632 3120; x_wconf 88' lang='lat' dir='ltr'><strong>virtutis</strong></span> 
     </span>
    </p>
   </div>
   <div class='ocr_carea' id='block_1_62' title="bbox 321 3154 1920 3237">
    <p class='ocr_par' dir='ltr' id='par_1_62' title="bbox 321 3163 1920 3237">
     <span class='ocr_line' id='line_1_62' title="bbox 321 3163 1920 3237; baseline 0.004 -20"><span class='ocrx_word' id='word_1_465' title='bbox 321 3170 388 3217; x_wconf 88' lang='lat' dir='ltr'><strong>ut</strong></span> <span class='ocrx_word' id='word_1_466' title='bbox 435 3174 636 3217; x_wconf 89' lang='lat' dir='ltr'><strong>etcum</strong></span> <span class='ocrx_word' id='word_1_467' title='bbox 689 3164 784 3217; x_wconf 91' lang='lat' dir='ltr'><strong>illo</strong></span> <span class='ocrx_word' id='word_1_468' title='bbox 822 3163 890 3219; x_wconf 92' lang='lat' dir='ltr'><strong>de</strong></span> <span class='ocrx_word' id='word_1_469' title='bbox 940 3166 1162 3220; x_wconf 90' lang='lat' dir='ltr'><strong>tumulis</strong></span> <span class='ocrx_word' id='word_1_470' title='bbox 1206 3167 1456 3221; x_wconf 89' lang='lat' dir='ltr'><strong>vitiorum</strong></span> <span class='ocrx_word' id='word_1_471' title='bbox 1492 3169 1711 3237; x_wconf 84' lang='lat' dir='ltr'><strong>possitis</strong></span> <span class='ocrx_word' id='word_1_472' title='bbox 1743 3184 1920 3224; x_wconf 90' lang='lat' dir='ltr'><strong>resur-</strong></span> 
     </span>
    </p>
   </div>
   <div class='ocr_carea' id='block_1_63' title="bbox 2025 3154 3628 3237">
    <p class='ocr_par' dir='ltr' id='par_1_63' title="bbox 2028 3154 3628 3225">
     <span class='ocr_line' id='line_1_63' title="bbox 2028 3154 3628 3225; baseline 0.001 -16"><span class='ocrx_word' id='word_1_473' title='bbox 2028 3155 2389 3225; x_wconf 82' lang='lat' dir='ltr'><strong>exprimitur,</strong></span> <span class='ocrx_word' id='word_1_474' title='bbox 2418 3168 2526 3224; x_wconf 89' lang='lat' dir='ltr'><strong>quo</strong></span> <span class='ocrx_word' id='word_1_475' title='bbox 2566 3165 2741 3223; x_wconf 77' lang='lat' dir='ltr'><strong>captae</strong></span> <span class='ocrx_word' id='word_1_476' title='bbox 2773 3154 2959 3209; x_wconf 78' lang='lat' dir='ltr'><strong>fideles</strong></span> <span class='ocrx_word' id='word_1_477' title='bbox 3001 3156 3194 3209; x_wconf 64' lang='lat' dir='ltr'><strong>anima:</strong></span> <span class='ocrx_word' id='word_1_478' title='bbox 3236 3170 3417 3225; x_wconf 86' lang='lat' dir='ltr'><strong>regem</strong></span> <span class='ocrx_word' id='word_1_479' title='bbox 3470 3172 3628 3211; x_wconf 81' lang='lat' dir='ltr'><strong>suum</strong></span> 
     </span>
    </p>
   </div>
   <div class='ocr_carea' id='block_1_64' title="bbox 318 3257 1928 3332">
    <p class='ocr_par' dir='ltr' id='par_1_64' title="bbox 318 3257 1928 3332">
     <span class='ocr_line' id='line_1_64' title="bbox 318 3257 1928 3332; baseline 0.007 -23"><span class='ocrx_word' id='word_1_480' title='bbox 318 3270 473 3325; x_wconf 87' lang='lat' dir='ltr'><strong>gere.</strong></span> <span class='ocrx_word' id='word_1_481' title='bbox 502 3268 556 3311; x_wconf 88' lang='lat' dir='ltr'><strong>et</strong></span> <span class='ocrx_word' id='word_1_482' title='bbox 581 3257 646 3311; x_wconf 92' lang='lat' dir='ltr'><strong>ad</strong></span> <span class='ocrx_word' id='word_1_483' title='bbox 676 3258 921 3315; x_wconf 68' lang='lat' dir='ltr'><strong>caalestia</strong></span> <span class='ocrx_word' id='word_1_484' title='bbox 951 3275 1114 3331; x_wconf 85' lang='lat' dir='ltr'><strong>regna</strong></span> <span class='ocrx_word' id='word_1_485' title='bbox 1149 3269 1272 3330; x_wconf 89' lang='lat' dir='ltr'><strong>post</strong></span> <span class='ocrx_word' id='word_1_486' title='bbox 1291 3261 1553 3332; x_wconf 89' lang='lat' dir='ltr'><strong>judicium</strong></span> <span class='ocrx_word' id='word_1_487' title='bbox 1577 3262 1810 3320; x_wconf 80' lang='lat' dir='ltr'><strong>feliciter</strong></span> <span class='ocrx_word' id='word_1_488' title='bbox 1840 3279 1928 3319; x_wconf 84' lang='lat' dir='ltr'><strong>as-</strong></span> 
     </span>
    </p>
   </div>
   <div class='ocr_carea' id='block_1_65' title="bbox 319 3350 815 3407">
    <p class='ocr_par' dir='ltr' id='par_1_65' title="bbox 319 3350 815 3407">
     <span class='ocr_line' id='line_1_65' title="bbox 319 3350 815 3407; baseline 0.004 -4"><span class='ocrx_word' id='word_1_489' title='bbox 319 3350 585 3405; x_wconf 87' lang='lat' dir='ltr'><strong>cendere.</strong></span> <span class='ocrx_word' id='word_1_490' title='bbox 618 3350 815 3407; x_wconf 88' lang='lat' dir='ltr'><strong>Amen.</strong></span> 
     </span>
    </p>
   </div>
   <div class='ocr_carea' id='block_1_66' title="bbox 464 3484 1772 3546">
    <p class='ocr_par' dir='ltr' id='par_1_66' title="bbox 464 3484 1772 3546">
     <span class='ocr_line' id='line_1_66' title="bbox 464 3484 1772 3546; baseline 0.002 -4"><span class='ocrx_word' id='word_1_491' title='bbox 464 3484 696 3542; x_wconf 76' lang='lat' dir='ltr'><strong>SERMO</strong></span> <span class='ocrx_word' id='word_1_492' title='bbox 745 3486 834 3541; x_wconf 82' lang='lat' dir='ltr'><strong>IV.</strong></span> <span class='ocrx_word' id='word_1_493' title='bbox 881 3486 947 3541; x_wconf 78' lang='lat' dir='ltr'><strong>IN</strong></span> <span class='ocrx_word' id='word_1_494' title='bbox 993 3486 1319 3543; x_wconf 77' lang='lat' dir='ltr'><strong>DOMINICA</strong></span> <span class='ocrx_word' id='word_1_495' title='bbox 1363 3488 1772 3546; x_wconf 75' lang='lat' dir='ltr'><strong>PALMARUM.</strong></span> 
     </span>
    </p>
   </div>
   <div class='ocr_carea' id='block_1_67' title="bbox 399 3601 1921 3671">
    <p class='ocr_par' dir='ltr' id='par_1_67' title="bbox 399 3601 1921 3671">
     <span class='ocr_line' id='line_1_67' title="bbox 399 3601 1921 3671; baseline 0.002 -16"><span class='ocrx_word' id='word_1_496' title='bbox 399 3601 448 3655; x_wconf 78' lang='lat' dir='ltr'><strong>t.</strong></span> <span class='ocrx_word' id='word_1_497' title='bbox 521 3601 887 3656; x_wconf 89' lang='lat' dir='ltr'><strong>Delectatione</strong></span> <span class='ocrx_word' id='word_1_498' title='bbox 938 3602 1225 3671; x_wconf 80' lang='lat' dir='ltr'><strong>praesentis</strong></span> <span class='ocrx_word' id='word_1_499' title='bbox 1269 3601 1412 3668; x_wconf 87' lang='lat' dir='ltr'><strong>diei,</strong></span> <span class='ocrx_word' id='word_1_500' title='bbox 1465 3602 1663 3658; x_wconf 81' lang='lat' dir='ltr'><strong>fratres</strong></span> <span class='ocrx_word' id='word_1_501' title='bbox 1710 3602 1921 3658; x_wconf 87' lang='lat' dir='ltr'><strong>charis-</strong></span> 
     </span>
    </p>
   </div>
   <div class='ocr_carea' id='block_1_68' title="bbox 323 3695 1921 3767">
    <p class='ocr_par' dir='ltr' id='par_1_68' title="bbox 323 3695 1921 3767">
     <span class='ocr_line' id='line_1_68' title="bbox 323 3695 1921 3767; baseline 0 -17"><span class='ocrx_word' id='word_1_502' title='bbox 323 3696 493 3759; x_wconf 88' lang='lat' dir='ltr'><strong>simi,</strong></span> <span class='ocrx_word' id='word_1_503' title='bbox 544 3696 711 3749; x_wconf 55' lang='lat' dir='ltr'><strong>laetati</strong></span> <span class='ocrx_word' id='word_1_504' title='bbox 762 3695 1017 3766; x_wconf 87' lang='lat' dir='ltr'><strong>mysteria</strong></span> <span class='ocrx_word' id='word_1_505' title='bbox 1062 3695 1256 3765; x_wconf 91' lang='lat' dir='ltr'><strong>quibus</strong></span> <span class='ocrx_word' id='word_1_506' title='bbox 1306 3695 1475 3765; x_wconf 91' lang='lat' dir='ltr'><strong>fulget</strong></span> <span class='ocrx_word' id='word_1_507' title='bbox 1513 3695 1723 3751; x_wconf 89' lang='lat' dir='ltr'><strong>debetis</strong></span> <span class='ocrx_word' id='word_1_508' title='bbox 1754 3711 1921 3767; x_wconf 86' lang='lat' dir='ltr'><strong>agno-</strong></span> 
     </span>
    </p>
   </div>
   <div class='ocr_carea' id='block_1_69' title="bbox 315 3785 1917 3856">
    <p class='ocr_par' dir='ltr' id='par_1_69' title="bbox 315 3785 1917 3856">
     <span class='ocr_line' id='line_1_69' title="bbox 315 3785 1917 3856; baseline 0.004 -17"><span class='ocrx_word' id='word_1_509' title='bbox 315 3799 477 3840; x_wconf 90' lang='lat' dir='ltr'><strong>scere</strong></span> <span class='ocrx_word' id='word_1_510' title='bbox 520 3785 777 3854; x_wconf 87' lang='lat' dir='ltr'><strong>solliciti,</strong></span> <span class='ocrx_word' id='word_1_511' title='bbox 832 3797 889 3839; x_wconf 93' lang='lat' dir='ltr'><strong>ut</strong></span> <span class='ocrx_word' id='word_1_512' title='bbox 929 3785 1130 3841; x_wconf 71' lang='lat' dir='ltr'><strong>laetitie</strong></span> <span class='ocrx_word' id='word_1_513' title='bbox 1170 3787 1361 3856; x_wconf 87' lang='lat' dir='ltr'><strong>gaudia</strong></span> <span class='ocrx_word' id='word_1_514' title='bbox 1409 3803 1529 3855; x_wconf 82' lang='lat' dir='ltr'><strong>quae</strong></span> <span class='ocrx_word' id='word_1_515' title='bbox 1572 3788 1917 3845; x_wconf 87' lang='lat' dir='ltr'><strong>celebramus</strong></span> 
     </span>
    </p>
   </div>
   <div class='ocr_carea' id='block_1_70' title="bbox 314 3879 1918 3945">
    <p class='ocr_par' dir='ltr' id='par_1_70' title="bbox 314 3879 1918 3945">
     <span class='ocr_line' id='line_1_70' title="bbox 314 3879 1918 3945; baseline 0.003 -12"><span class='ocrx_word' id='word_1_516' title='bbox 314 3880 591 3945; x_wconf 81' lang='lat' dir='ltr'><strong>exterius,</strong></span> <span class='ocrx_word' id='word_1_517' title='bbox 626 3879 767 3934; x_wconf 90' lang='lat' dir='ltr'><strong>unde</strong></span> <span class='ocrx_word' id='word_1_518' title='bbox 797 3879 1069 3945; x_wconf 89' lang='lat' dir='ltr'><strong>oriuntur,</strong></span> <span class='ocrx_word' id='word_1_519' title='bbox 1104 3879 1260 3934; x_wconf 86' lang='lat' dir='ltr'><strong>docta</strong></span> <span class='ocrx_word' id='word_1_520' title='bbox 1293 3896 1446 3935; x_wconf 90' lang='lat' dir='ltr'><strong>mens</strong></span> <span class='ocrx_word' id='word_1_521' title='bbox 1492 3882 1747 3936; x_wconf 90' lang='lat' dir='ltr'><strong>discutiat</strong></span> <span class='ocrx_word' id='word_1_522' title='bbox 1780 3883 1918 3938; x_wconf 87' lang='lat' dir='ltr'><strong>inte-</strong></span> 
     </span>
    </p>
   </div>
   <div class='ocr_carea' id='block_1_71' title="bbox 314 3971 1917 4041">
    <p class='ocr_par' dir='ltr' id='par_1_71' title="bbox 314 3971 1917 4041">
     <span class='ocr_line' id='line_1_71' title="bbox 314 3971 1917 4041; baseline 0.005 -15"><span class='ocrx_word' id='word_1_523' title='bbox 314 3971 457 4026; x_wconf 84' lang='lat' dir='ltr'><strong>rius.</strong></span> <span class='ocrx_word' id='word_1_524' title='bbox 501 3971 609 4026; x_wconf 91' lang='lat' dir='ltr'><strong>Sed</strong></span> <span class='ocrx_word' id='word_1_525' title='bbox 659 3987 727 4026; x_wconf 93' lang='lat' dir='ltr'><strong>ne</strong></span> <span class='ocrx_word' id='word_1_526' title='bbox 754 3972 1104 4041; x_wconf 82' lang='lat' dir='ltr'><strong>superfluitas</strong></span> <span class='ocrx_word' id='word_1_527' title='bbox 1146 3976 1433 4028; x_wconf 85' lang='lat' dir='ltr'><strong>verborum</strong></span> <span class='ocrx_word' id='word_1_528' title='bbox 1483 3976 1678 4029; x_wconf 85' lang='lat' dir='ltr'><strong>animis</strong></span> <span class='ocrx_word' id='word_1_529' title='bbox 1716 3978 1917 4034; x_wconf 73' lang='lat' dir='ltr'><strong>vesuis</strong></span> 
     </span>
    </p>
   </div>
   <div class='ocr_carea' id='block_1_72' title="bbox 315 4063 1915 4138">
    <p class='ocr_par' dir='ltr' id='par_1_72' title="bbox 315 4063 1915 4138">
     <span class='ocr_line' id='line_1_72' title="bbox 315 4063 1915 4138; baseline 0.008 -23"><span class='ocrx_word' id='word_1_530' title='bbox 315 4063 508 4134; x_wconf 82' lang='lat' dir='ltr'><strong>gignat</strong></span> <span class='ocrx_word' id='word_1_531' title='bbox 536 4065 772 4131; x_wconf 77' lang='lat' dir='ltr'><strong>tzedium;</strong></span> <span class='ocrx_word' id='word_1_532' title='bbox 807 4066 1040 4120; x_wconf 80' lang='lat' dir='ltr'><strong>maxime</strong></span> <span class='ocrx_word' id='word_1_533' title='bbox 1068 4081 1188 4121; x_wconf 92' lang='lat' dir='ltr'><strong>cum</strong></span> <span class='ocrx_word' id='word_1_534' title='bbox 1231 4066 1391 4138; x_wconf 91' lang='lat' dir='ltr'><strong>hujus</strong></span> <span class='ocrx_word' id='word_1_535' title='bbox 1422 4068 1528 4124; x_wconf 88' lang='lat' dir='ltr'><strong>diei</strong></span> <span class='ocrx_word' id='word_1_536' title='bbox 1573 4070 1813 4125; x_wconf 82' lang='lat' dir='ltr'><strong>officium</strong></span> <span class='ocrx_word' id='word_1_537' title='bbox 1862 4073 1915 4127; x_wconf 91' lang='lat' dir='ltr'><strong>in</strong></span> 
     </span>
    </p>
   </div>
   <div class='ocr_carea' id='block_1_73' title="bbox 312 4156 1917 4229">
    <p class='ocr_par' dir='ltr' id='par_1_73' title="bbox 312 4156 1917 4229">
     <span class='ocr_line' id='line_1_73' title="bbox 312 4156 1917 4229; baseline 0.005 -19"><span class='ocrx_word' id='word_1_538' title='bbox 312 4156 653 4226; x_wconf 82' lang='lat' dir='ltr'><strong>longissimis</strong></span> <span class='ocrx_word' id='word_1_539' title='bbox 704 4156 1049 4223; x_wconf 82' lang='lat' dir='ltr'><strong>protrahatur</strong></span> <span class='ocrx_word' id='word_1_540' title='bbox 1092 4159 1343 4213; x_wconf 83' lang='lat' dir='ltr'><strong>cautibus</strong></span> <span class='ocrx_word' id='word_1_541' title='bbox 1382 4168 1441 4214; x_wconf 90' lang='lat' dir='ltr'><strong>et</strong></span> <span class='ocrx_word' id='word_1_542' title='bbox 1489 4162 1817 4229; x_wconf 68' lang='lat' dir='ltr'><strong>gratissimis</strong></span> <span class='ocrx_word' id='word_1_543' title='bbox 1847 4162 1917 4218; x_wconf 90' lang='lat' dir='ltr'><strong>de</strong></span> 
     </span>
    </p>
   </div>
   <div class='ocr_carea' id='block_1_74' title="bbox 314 4248 1910 4324">
    <p class='ocr_par' dir='ltr' id='par_1_74' title="bbox 314 4248 1910 4324">
     <span class='ocr_line' id='line_1_74' title="bbox 314 4248 1910 4324; baseline 0.004 -21"><span class='ocrx_word' id='word_1_544' title='bbox 314 4248 434 4303; x_wconf 86' lang='lat' dir='ltr'><strong>Deo</strong></span> <span class='ocrx_word' id='word_1_545' title='bbox 490 4258 675 4303; x_wconf 89' lang='lat' dir='ltr'><strong>nostro</strong></span> <span class='ocrx_word' id='word_1_546' title='bbox 721 4250 1166 4320; x_wconf 88' lang='lat' dir='ltr'><strong>jubilatiouibus;</strong></span> <span class='ocrx_word' id='word_1_547' title='bbox 1224 4252 1293 4307; x_wconf 90' lang='lat' dir='ltr'><strong>de</strong></span> <span class='ocrx_word' id='word_1_548' title='bbox 1350 4252 1596 4321; x_wconf 86' lang='lat' dir='ltr'><strong>ejusdem</strong></span> <span class='ocrx_word' id='word_1_549' title='bbox 1656 4257 1910 4324; x_wconf 89' lang='lat' dir='ltr'><strong>nomine,</strong></span> 
     </span>
    </p>
   </div>
   <div class='ocr_carea' id='block_1_75' title="bbox 312 4338 1914 4415">
    <p class='ocr_par' dir='ltr' id='par_1_75' title="bbox 312 4338 1914 4415">
     <span class='ocr_line' id='line_1_75' title="bbox 312 4338 1914 4415; baseline 0.007 -24"><span class='ocrx_word' id='word_1_550' title='bbox 312 4338 463 4409; x_wconf 85' lang='lat' dir='ltr'><strong>quod</strong></span> <span class='ocrx_word' id='word_1_551' title='bbox 498 4340 729 4395; x_wconf 83' lang='lat' dir='ltr'><strong>diversis</strong></span> <span class='ocrx_word' id='word_1_552' title='bbox 787 4342 1065 4398; x_wconf 88' lang='lat' dir='ltr'><strong>vocabulis</strong></span> <span class='ocrx_word' id='word_1_553' title='bbox 1114 4344 1497 4415; x_wconf 87' lang='lat' dir='ltr'><strong>distinguitur,</strong></span> <span class='ocrx_word' id='word_1_554' title='bbox 1545 4361 1715 4415; x_wconf 86' lang='lat' dir='ltr'><strong>pauca</strong></span> <span class='ocrx_word' id='word_1_555' title='bbox 1763 4348 1914 4404; x_wconf 88' lang='lat' dir='ltr'><strong>vobis</strong></span> 
     </span>
    </p>
   </div>
   <div class='ocr_carea' id='block_1_76' title="bbox 312 4433 1913 4503">
    <p class='ocr_par' dir='ltr' id='par_1_76' title="bbox 312 4433 1913 4503">
     <span class='ocr_line' id='line_1_76' title="bbox 312 4433 1913 4503; baseline 0.005 -16"><span class='ocrx_word' id='word_1_556' title='bbox 312 4433 551 4503; x_wconf 88' lang='lat' dir='ltr'><strong>primum</strong></span> <span class='ocrx_word' id='word_1_557' title='bbox 592 4434 875 4503; x_wconf 65' lang='lat' dir='ltr'><strong>praelibare</strong></span> <span class='ocrx_word' id='word_1_558' title='bbox 919 4437 1171 4492; x_wconf 85' lang='lat' dir='ltr'><strong>studebo.</strong></span> <span class='ocrx_word' id='word_1_559' title='bbox 1210 4438 1411 4492; x_wconf 82' lang='lat' dir='ltr'><strong>Dicitur</strong></span> <span class='ocrx_word' id='word_1_560' title='bbox 1460 4439 1603 4493; x_wconf 89' lang='lat' dir='ltr'><strong>enim</strong></span> <span class='ocrx_word' id='word_1_561' title='bbox 1643 4440 1760 4495; x_wconf 91' lang='lat' dir='ltr'><strong>dies</strong></span> <span class='ocrx_word' id='word_1_562' title='bbox 1790 4441 1913 4495; x_wconf 85' lang='lat' dir='ltr'><strong>Pal-</strong></span> 
     </span>
    </p>
   </div>
   <div class='ocr_carea' id='block_1_77' title="bbox 2027 3246 3631 3312">
    <p class='ocr_par' dir='ltr' id='par_1_77' title="bbox 2027 3246 3631 3312">
     <span class='ocr_line' id='line_1_77' title="bbox 2027 3246 3631 3312; baseline 0 -10"><span class='ocrx_word' id='word_1_563' title='bbox 2027 3248 2093 3302; x_wconf 90' lang='lat' dir='ltr'><strong>ad</strong></span> <span class='ocrx_word' id='word_1_564' title='bbox 2129 3248 2483 3312; x_wconf 81' lang='lat' dir='ltr'><strong>Hierusalem,</strong></span> <span class='ocrx_word' id='word_1_565' title='bbox 2520 3247 2572 3301; x_wconf 89' lang='lat' dir='ltr'><strong>id</strong></span> <span class='ocrx_word' id='word_1_566' title='bbox 2590 3257 2672 3301; x_wconf 90' lang='lat' dir='ltr'><strong>est</strong></span> <span class='ocrx_word' id='word_1_567' title='bbox 2697 3247 2763 3301; x_wconf 93' lang='lat' dir='ltr'><strong>ad</strong></span> <span class='ocrx_word' id='word_1_568' title='bbox 2795 3258 3035 3301; x_wconf 86' lang='lat' dir='ltr'><strong>sanctam</strong></span> <span class='ocrx_word' id='word_1_569' title='bbox 3070 3246 3368 3300; x_wconf 86' lang='lat' dir='ltr'><strong>Ecclesiatn</strong></span> <span class='ocrx_word' id='word_1_570' title='bbox 3399 3247 3631 3302; x_wconf 85' lang='lat' dir='ltr'><strong>tenden-</strong></span> 
     </span>
    </p>
   </div>
   <div class='ocr_carea' id='block_1_78' title="bbox 2027 3336 3625 3403">
    <p class='ocr_par' dir='ltr' id='par_1_78' title="bbox 2027 3336 3625 3403">
     <span class='ocr_line' id='line_1_78' title="bbox 2027 3336 3625 3403; baseline -0.001 -9"><span class='ocrx_word' id='word_1_571' title='bbox 2027 3349 2134 3395; x_wconf 91' lang='lat' dir='ltr'><strong>tem</strong></span> <span class='ocrx_word' id='word_1_572' title='bbox 2163 3339 2525 3403; x_wconf 89' lang='lat' dir='ltr'><strong>comitantur;</strong></span> <span class='ocrx_word' id='word_1_573' title='bbox 2555 3350 2615 3393; x_wconf 90' lang='lat' dir='ltr'><strong>ut</strong></span> <span class='ocrx_word' id='word_1_574' title='bbox 2641 3354 2760 3393; x_wconf 91' lang='lat' dir='ltr'><strong>cum</strong></span> <span class='ocrx_word' id='word_1_575' title='bbox 2792 3353 2859 3392; x_wconf 92' lang='lat' dir='ltr'><strong>eo</strong></span> <span class='ocrx_word' id='word_1_576' title='bbox 2890 3337 3119 3398; x_wconf 84' lang='lat' dir='ltr'><strong>Pascha,</strong></span> <span class='ocrx_word' id='word_1_577' title='bbox 3150 3336 3202 3391; x_wconf 92' lang='lat' dir='ltr'><strong>id</strong></span> <span class='ocrx_word' id='word_1_578' title='bbox 3235 3346 3315 3392; x_wconf 91' lang='lat' dir='ltr'><strong>est</strong></span> <span class='ocrx_word' id='word_1_579' title='bbox 3337 3337 3625 3393; x_wconf 79' lang='lat' dir='ltr'><strong>transitum</strong></span> 
     </span>
    </p>
   </div>
   <div class='ocr_carea' id='block_1_79' title="bbox 2026 3429 3632 3499">
    <p class='ocr_par' dir='ltr' id='par_1_79' title="bbox 2026 3429 3632 3499">
     <span class='ocr_line' id='line_1_79' title="bbox 2026 3429 3632 3499; baseline -0.002 -11"><span class='ocrx_word' id='word_1_580' title='bbox 2026 3432 2371 3488; x_wconf 88' lang='lat' dir='ltr'><strong>celebrantes</strong></span> <span class='ocrx_word' id='word_1_581' title='bbox 2395 3474 2410 3497; x_wconf 92' lang='lat'><strong>,</strong></span> <span class='ocrx_word' id='word_1_582' title='bbox 2437 3446 2559 3485; x_wconf 92' lang='lat' dir='ltr'><strong>cum</strong></span> <span class='ocrx_word' id='word_1_583' title='bbox 2587 3445 2654 3485; x_wconf 93' lang='lat' dir='ltr'><strong>eo</strong></span> <span class='ocrx_word' id='word_1_584' title='bbox 2683 3430 2749 3484; x_wconf 92' lang='lat' dir='ltr'><strong>ad</strong></span> <span class='ocrx_word' id='word_1_585' title='bbox 2779 3429 3019 3485; x_wconf 67' lang='lat' dir='ltr'><strong>caelestia</strong></span> <span class='ocrx_word' id='word_1_586' title='bbox 3047 3444 3336 3499; x_wconf 87' lang='lat' dir='ltr'><strong>resurgere</strong></span> <span class='ocrx_word' id='word_1_587' title='bbox 3382 3445 3632 3484; x_wconf 81' lang='lat' dir='ltr'><strong>merean-</strong></span> 
     </span>
    </p>
   </div>
   <div class='ocr_carea' id='block_1_80' title="bbox 2025 3521 3628 3590">
    <p class='ocr_par' dir='ltr' id='par_1_80' title="bbox 2025 3521 3628 3590">
     <span class='ocr_line' id='line_1_80' title="bbox 2025 3521 3628 3590; baseline -0.002 -10"><span class='ocrx_word' id='word_1_588' title='bbox 2025 3535 2133 3580; x_wconf 89' lang='lat' dir='ltr'><strong>tur.</strong></span> <span class='ocrx_word' id='word_1_589' title='bbox 2167 3525 2272 3580; x_wconf 90' lang='lat' dir='ltr'><strong>Per</strong></span> <span class='ocrx_word' id='word_1_590' title='bbox 2298 3524 2552 3578; x_wconf 88' lang='lat' dir='ltr'><strong>arborum</strong></span> <span class='ocrx_word' id='word_1_591' title='bbox 2586 3536 2768 3578; x_wconf 91' lang='lat' dir='ltr'><strong>ramos</strong></span> <span class='ocrx_word' id='word_1_592' title='bbox 2808 3521 2956 3576; x_wconf 91' lang='lat' dir='ltr'><strong>dicta</strong></span> <span class='ocrx_word' id='word_1_593' title='bbox 2983 3522 3353 3590; x_wconf 85' lang='lat' dir='ltr'><strong>significantur</strong></span> <span class='ocrx_word' id='word_1_594' title='bbox 3382 3532 3628 3577; x_wconf 74' lang='lat' dir='ltr'><strong>veterum</strong></span> 
     </span>
    </p>
   </div>
   <div class='ocr_carea' id='block_1_81' title="bbox 2023 3614 3628 3689">
    <p class='ocr_par' dir='ltr' id='par_1_81' title="bbox 2023 3614 3628 3689">
     <span class='ocr_line' id='line_1_81' title="bbox 2023 3614 3628 3689; baseline -0.002 -16"><span class='ocrx_word' id='word_1_595' title='bbox 2023 3617 2441 3689; x_wconf 86' lang='lat' dir='ltr'><strong>prophetarum,</strong></span> <span class='ocrx_word' id='word_1_596' title='bbox 2467 3632 2603 3687; x_wconf 90' lang='lat' dir='ltr'><strong>quos</strong></span> <span class='ocrx_word' id='word_1_597' title='bbox 2636 3616 2723 3670; x_wconf 90' lang='lat' dir='ltr'><strong>ille</strong></span> <span class='ocrx_word' id='word_1_598' title='bbox 2768 3614 3031 3670; x_wconf 88' lang='lat' dir='ltr'><strong>collectos</strong></span> <span class='ocrx_word' id='word_1_599' title='bbox 3062 3615 3114 3668; x_wconf 91' lang='lat' dir='ltr'><strong>in</strong></span> <span class='ocrx_word' id='word_1_600' title='bbox 3165 3615 3247 3669; x_wconf 89' lang='lat' dir='ltr'><strong>via</strong></span> <span class='ocrx_word' id='word_1_601' title='bbox 3296 3616 3492 3670; x_wconf 80' lang='lat' dir='ltr'><strong>sternit</strong></span> <span class='ocrx_word' id='word_1_602' title='bbox 3534 3616 3628 3685; x_wconf 93' lang='lat' dir='ltr'><strong>qui</strong></span> 
     </span>
    </p>
   </div>
   <div class='ocr_carea' id='block_1_82' title="bbox 2020 3704 3628 3778">
    <p class='ocr_par' dir='ltr' id='par_1_82' title="bbox 2020 3704 3628 3778">
     <span class='ocr_line' id='line_1_82' title="bbox 2020 3704 3628 3778; baseline -0.002 -13"><span class='ocrx_word' id='word_1_603' title='bbox 2020 3708 2287 3778; x_wconf 89' lang='lat' dir='ltr'><strong>simplicia</strong></span> <span class='ocrx_word' id='word_1_604' title='bbox 2334 3707 2498 3762; x_wconf 90' lang='lat' dir='ltr'><strong>corda</strong></span> <span class='ocrx_word' id='word_1_605' title='bbox 2529 3705 2754 3760; x_wconf 88' lang='lat' dir='ltr'><strong>fratrum</strong></span> <span class='ocrx_word' id='word_1_606' title='bbox 2801 3716 2856 3760; x_wconf 89' lang='lat' dir='ltr'><strong>et</strong></span> <span class='ocrx_word' id='word_1_607' title='bbox 2883 3705 3060 3759; x_wconf 92' lang='lat' dir='ltr'><strong>minus</strong></span> <span class='ocrx_word' id='word_1_608' title='bbox 3098 3704 3309 3759; x_wconf 88' lang='lat' dir='ltr'><strong>erudita</strong></span> <span class='ocrx_word' id='word_1_609' title='bbox 3354 3705 3628 3774; x_wconf 69' lang='lat' dir='ltr'><strong>exemplis</strong></span> 
     </span>
    </p>
   </div>
   <div class='ocr_carea' id='block_1_83' title="bbox 2020 3798 3626 3866">
    <p class='ocr_par' dir='ltr' id='par_1_83' title="bbox 2020 3798 3626 3866">
     <span class='ocr_line' id='line_1_83' title="bbox 2020 3798 3626 3866; baseline -0.003 -9"><span class='ocrx_word' id='word_1_610' title='bbox 2020 3803 2260 3866; x_wconf 85' lang='lat' dir='ltr'><strong>instruit,</strong></span> <span class='ocrx_word' id='word_1_611' title='bbox 2291 3817 2358 3856; x_wconf 94' lang='lat' dir='ltr'><strong>ne</strong></span> <span class='ocrx_word' id='word_1_612' title='bbox 2388 3802 2438 3855; x_wconf 92' lang='lat' dir='ltr'><strong>in</strong></span> <span class='ocrx_word' id='word_1_613' title='bbox 2473 3802 2554 3855; x_wconf 87' lang='lat' dir='ltr'><strong>via</strong></span> <span class='ocrx_word' id='word_1_614' title='bbox 2584 3800 2828 3855; x_wconf 85' lang='lat' dir='ltr'><strong>veritatis</strong></span> <span class='ocrx_word' id='word_1_615' title='bbox 2855 3799 3133 3853; x_wconf 85' lang='lat' dir='ltr'><strong>oberrent.</strong></span> <span class='ocrx_word' id='word_1_616' title='bbox 3164 3798 3299 3852; x_wconf 86' lang='lat' dir='ltr'><strong>illud</strong></span> <span class='ocrx_word' id='word_1_617' title='bbox 3325 3809 3503 3852; x_wconf 90' lang='lat' dir='ltr'><strong>autem</strong></span> <span class='ocrx_word' id='word_1_618' title='bbox 3532 3798 3626 3853; x_wconf 89' lang='lat' dir='ltr'><strong>ho-</strong></span> 
     </span>
    </p>
   </div>
   <div class='ocr_carea' id='block_1_84' title="bbox 2021 3886 3622 3960">
    <p class='ocr_par' dir='ltr' id='par_1_84' title="bbox 2021 3886 3622 3960">
     <span class='ocr_line' id='line_1_84' title="bbox 2021 3886 3622 3960; baseline -0.003 -11"><span class='ocrx_word' id='word_1_619' title='bbox 2021 3908 2192 3949; x_wconf 89' lang='lat' dir='ltr'><strong>sanna</strong></span> <span class='ocrx_word' id='word_1_620' title='bbox 2242 3892 2444 3947; x_wconf 89' lang='lat' dir='ltr'><strong>totiens</strong></span> <span class='ocrx_word' id='word_1_621' title='bbox 2487 3908 2517 3946; x_wconf 93' lang='lat' dir='ltr'><strong>a</strong></span> <span class='ocrx_word' id='word_1_622' title='bbox 2568 3891 2723 3960; x_wconf 78' lang='lat' dir='ltr'><strong>plebe</strong></span> <span class='ocrx_word' id='word_1_623' title='bbox 2762 3889 3052 3957; x_wconf 90' lang='lat' dir='ltr'><strong>repetitum</strong></span> <span class='ocrx_word' id='word_1_624' title='bbox 3105 3898 3157 3943; x_wconf 91' lang='lat' dir='ltr'><strong>et</strong></span> <span class='ocrx_word' id='word_1_625' title='bbox 3205 3886 3622 3960; x_wconf 73' lang='lat' dir='ltr'><strong>ing&#39;cmioatum,</strong></span> 
     </span>
    </p>
   </div>
   <div class='ocr_carea' id='block_1_85' title="bbox 2019 3980 3621 4052">
    <p class='ocr_par' dir='ltr' id='par_1_85' title="bbox 2019 3980 3621 4052">
     <span class='ocr_line' id='line_1_85' title="bbox 2019 3980 3621 4052; baseline -0.004 -11"><span class='ocrx_word' id='word_1_626' title='bbox 2019 3987 2280 4041; x_wconf 77' lang='lat' dir='ltr'><strong>anitatem</strong></span> <span class='ocrx_word' id='word_1_627' title='bbox 2314 3985 2436 4038; x_wconf 87' lang='lat' dir='ltr'><strong>fidei</strong></span> <span class='ocrx_word' id='word_1_628' title='bbox 2471 3993 2672 4038; x_wconf 72' lang='lat' dir='ltr'><strong>nostra:</strong></span> <span class='ocrx_word' id='word_1_629' title='bbox 2698 3998 2801 4052; x_wconf 90' lang='lat' dir='ltr'><strong>qua</strong></span> <span class='ocrx_word' id='word_1_630' title='bbox 2836 3980 3014 4035; x_wconf 88' lang='lat' dir='ltr'><strong>vivere</strong></span> <span class='ocrx_word' id='word_1_631' title='bbox 3036 3981 3298 4035; x_wconf 90' lang='lat' dir='ltr'><strong>debemus</strong></span> <span class='ocrx_word' id='word_1_632' title='bbox 3330 3981 3621 4049; x_wconf 79' lang='lat' dir='ltr'><strong>significat;</strong></span> 
     </span>
    </p>
   </div>
   <div class='ocr_carea' id='block_1_86' title="bbox 2020 4074 3619 4148">
    <p class='ocr_par' dir='ltr' id='par_1_86' title="bbox 2020 4074 3619 4148">
     <span class='ocr_line' id='line_1_86' title="bbox 2020 4074 3619 4148; baseline -0.001 -19"><span class='ocrx_word' id='word_1_633' title='bbox 2020 4082 2146 4148; x_wconf 88' lang='lat' dir='ltr'><strong>quia</strong></span> <span class='ocrx_word' id='word_1_634' title='bbox 2193 4079 2320 4133; x_wconf 90' lang='lat' dir='ltr'><strong>licet</strong></span> <span class='ocrx_word' id='word_1_635' title='bbox 2365 4078 2436 4131; x_wconf 90' lang='lat' dir='ltr'><strong>sit</strong></span> <span class='ocrx_word' id='word_1_636' title='bbox 2482 4077 2534 4131; x_wconf 94' lang='lat' dir='ltr'><strong>in</strong></span> <span class='ocrx_word' id='word_1_637' title='bbox 2585 4077 2741 4143; x_wconf 86' lang='lat' dir='ltr'><strong>plebe</strong></span> <span class='ocrx_word' id='word_1_638' title='bbox 2787 4074 3024 4131; x_wconf 89' lang='lat' dir='ltr'><strong>fidelium</strong></span> <span class='ocrx_word' id='word_1_639' title='bbox 3055 4085 3164 4130; x_wconf 91' lang='lat' dir='ltr'><strong>tam</strong></span> <span class='ocrx_word' id='word_1_640' title='bbox 3207 4074 3417 4129; x_wconf 90' lang='lat' dir='ltr'><strong>ordinis</strong></span> <span class='ocrx_word' id='word_1_641' title='bbox 3456 4090 3619 4143; x_wconf 89' lang='lat' dir='ltr'><strong>quam</strong></span> 
     </span>
    </p>
   </div>
   <div class='ocr_carea' id='block_1_87' title="bbox 2019 4171 3622 4236">
    <p class='ocr_par' dir='ltr' id='par_1_87' title="bbox 2019 4171 3622 4236">
     <span class='ocr_line' id='line_1_87' title="bbox 2019 4171 3622 4236; baseline -0.002 -9"><span class='ocrx_word' id='word_1_642' title='bbox 2019 4187 2184 4228; x_wconf 81' lang='lat' dir='ltr'><strong>sexus</strong></span> <span class='ocrx_word' id='word_1_643' title='bbox 2232 4182 2287 4227; x_wconf 90' lang='lat' dir='ltr'><strong>et</strong></span> <span class='ocrx_word' id='word_1_644' title='bbox 2334 4172 2510 4226; x_wconf 66' lang='lat' dir='ltr'><strong>{etatis</strong></span> <span class='ocrx_word' id='word_1_645' title='bbox 2558 4171 2881 4236; x_wconf 75' lang='lat' dir='ltr'><strong>diversitas,</strong></span> <span class='ocrx_word' id='word_1_646' title='bbox 2916 4185 3021 4224; x_wconf 92' lang='lat' dir='ltr'><strong>uno</strong></span> <span class='ocrx_word' id='word_1_647' title='bbox 3071 4181 3247 4224; x_wconf 91' lang='lat' dir='ltr'><strong>tamen</strong></span> <span class='ocrx_word' id='word_1_648' title='bbox 3297 4185 3394 4224; x_wconf 90' lang='lat' dir='ltr'><strong>ore</strong></span> <span class='ocrx_word' id='word_1_649' title='bbox 3430 4180 3488 4223; x_wconf 84' lang='lat' dir='ltr'><strong>ct</strong></span> <span class='ocrx_word' id='word_1_650' title='bbox 3517 4185 3622 4224; x_wconf 87' lang='lat' dir='ltr'><strong>una</strong></span> 
     </span>
    </p>
   </div>
   <div class='ocr_carea' id='block_1_88' title="bbox 2018 4259 3621 4319">
    <p class='ocr_par' dir='ltr' id='par_1_88' title="bbox 2018 4259 3621 4319">
     <span class='ocr_line' id='line_1_88' title="bbox 2018 4259 3621 4319; baseline -0.004 0"><span class='ocrx_word' id='word_1_651' title='bbox 2018 4263 2381 4319; x_wconf 69' lang='lat' dir='ltr'><strong>confessionis</strong></span> <span class='ocrx_word' id='word_1_652' title='bbox 2414 4262 2573 4317; x_wconf 89' lang='lat' dir='ltr'><strong>laude</strong></span> <span class='ocrx_word' id='word_1_653' title='bbox 2602 4264 2941 4318; x_wconf 86' lang='lat' dir='ltr'><strong>Salvatorem</strong></span> <span class='ocrx_word' id='word_1_654' title='bbox 2989 4272 3233 4315; x_wconf 90' lang='lat' dir='ltr'><strong>nostrum</strong></span> <span class='ocrx_word' id='word_1_655' title='bbox 3261 4260 3499 4315; x_wconf 88' lang='lat' dir='ltr'><strong>clamare</strong></span> <span class='ocrx_word' id='word_1_656' title='bbox 3526 4259 3621 4314; x_wconf 90' lang='lat' dir='ltr'><strong>de-</strong></span> 
     </span>
    </p>
   </div>
   <div class='ocr_carea' id='block_1_89' title="bbox 2018 4351 3616 4417">
    <p class='ocr_par' dir='ltr' id='par_1_89' title="bbox 2018 4351 3616 4417">
     <span class='ocr_line' id='line_1_89' title="bbox 2018 4351 3616 4417; baseline -0.004 -6"><span class='ocrx_word' id='word_1_657' title='bbox 2018 4356 2209 4411; x_wconf 87' lang='lat' dir='ltr'><strong>benms</strong></span> <span class='ocrx_word' id='word_1_658' title='bbox 2231 4354 2489 4409; x_wconf 90' lang='lat' dir='ltr'><strong>dicendo:</strong></span> <span class='ocrx_word' id='word_1_659' title='bbox 2518 4354 2788 4417; x_wconf 84' lang='lat' dir='ltr'><strong>llosanna,</strong></span> <span class='ocrx_word' id='word_1_660' title='bbox 2812 4353 2865 4406; x_wconf 90' lang='lat' dir='ltr'><strong>id</strong></span> <span class='ocrx_word' id='word_1_661' title='bbox 2891 4360 2977 4405; x_wconf 90' lang='lat' dir='ltr'><strong>est</strong></span> <span class='ocrx_word' id='word_1_662' title='bbox 2997 4351 3235 4405; x_wconf 87' lang='lat' dir='ltr'><strong>salvifica</strong></span> <span class='ocrx_word' id='word_1_663' title='bbox 3264 4352 3381 4404; x_wconf 89' lang='lat' dir='ltr'><strong>sive</strong></span> <span class='ocrx_word' id='word_1_664' title='bbox 3407 4351 3616 4405; x_wconf 83' lang='lat' dir='ltr'><strong>salvum</strong></span> 
     </span>
    </p>
   </div>
   <div class='ocr_carea' id='block_1_90' title="bbox 2017 4442 3619 4511">
    <p class='ocr_par' dir='ltr' id='par_1_90' title="bbox 2017 4442 3619 4511">
     <span class='ocr_line' id='line_1_90' title="bbox 2017 4442 3619 4511; baseline -0.002 -9"><span class='ocrx_word' id='word_1_665' title='bbox 2017 4448 2101 4502; x_wconf 88' lang='lat' dir='ltr'><strong>fac</strong></span> <span class='ocrx_word' id='word_1_666' title='bbox 2131 4466 2143 4500; x_wconf 91' lang='lat'><strong>:</strong></span> <span class='ocrx_word' id='word_1_667' title='bbox 2172 4456 2257 4502; x_wconf 89' lang='lat' dir='ltr'><strong>est</strong></span> <span class='ocrx_word' id='word_1_668' title='bbox 2303 4448 2447 4501; x_wconf 93' lang='lat' dir='ltr'><strong>enim</strong></span> <span class='ocrx_word' id='word_1_669' title='bbox 2493 4444 2779 4500; x_wconf 73' lang='lat' dir='ltr'><strong>Hebrazum</strong></span> <span class='ocrx_word' id='word_1_670' title='bbox 2826 4444 3049 4498; x_wconf 73' lang='lat' dir='ltr'><strong>verbum</strong></span> <span class='ocrx_word' id='word_1_671' title='bbox 3071 4484 3087 4508; x_wconf 93' lang='lat'><strong>,</strong></span> <span class='ocrx_word' id='word_1_672' title='bbox 3119 4442 3262 4511; x_wconf 87' lang='lat' dir='ltr'><strong>quod</strong></span> <span class='ocrx_word' id='word_1_673' title='bbox 3307 4444 3497 4497; x_wconf 83' lang='lat' dir='ltr'><strong>Latine</strong></span> <span class='ocrx_word' id='word_1_674' title='bbox 3524 4458 3619 4498; x_wconf 80' lang='lat' dir='ltr'><strong>cx-</strong></span> 
     </span>
    </p>
   </div>
   <div class='ocr_carea' id='block_1_91' title="bbox 313 4527 3614 4612">
    <p class='ocr_par' dir='ltr' id='par_1_91' title="bbox 313 4527 3614 4612">
     <span class='ocr_line' id='line_1_91' title="bbox 313 4527 3614 4612; baseline 0.003 -33"><span class='ocrx_word' id='word_1_675' title='bbox 313 4540 558 4591; x_wconf 82' lang='lat' dir='ltr'><strong>Inaruin,</strong></span> <span class='ocrx_word' id='word_1_676' title='bbox 589 4527 703 4582; x_wconf 86' lang='lat' dir='ltr'><strong>sive</strong></span> <span class='ocrx_word' id='word_1_677' title='bbox 744 4527 995 4596; x_wconf 86' lang='lat' dir='ltr'><strong>Florum,</strong></span> <span class='ocrx_word' id='word_1_678' title='bbox 1028 4539 1191 4599; x_wconf 88' lang='lat' dir='ltr'><strong>atque</strong></span> <span class='ocrx_word' id='word_1_679' title='bbox 1212 4530 1539 4597; x_wconf 86' lang='lat' dir='ltr'><strong>Ramorum,</strong></span> <span class='ocrx_word' id='word_1_680' title='bbox 1584 4547 1682 4587; x_wconf 91' lang='lat' dir='ltr'><strong>nec</strong></span> <span class='ocrx_word' id='word_1_681' title='bbox 1720 4548 1824 4587; x_wconf 86' lang='lat' dir='ltr'><strong>non</strong></span> <span class='ocrx_word' id='word_1_682' title='bbox 1858 4542 1913 4588; x_wconf 91' lang='lat' dir='ltr'><strong>et</strong></span> <span class='ocrx_word' id='word_1_683' title='bbox 1936 4545 1992 4606; x_wconf 84' lang='grc' dir='ltr'><strong>Ῑ)</strong></span> <span class='ocrx_word' id='word_1_684' title='bbox 2019 4556 2263 4612; x_wconf 86' lang='lat' dir='ltr'><strong>pressum</strong></span> <span class='ocrx_word' id='word_1_685' title='bbox 2311 4548 2498 4603; x_wconf 84' lang='lat' dir='ltr'><strong>sonat,</strong></span> <span class='ocrx_word' id='word_1_686' title='bbox 2548 4538 2807 4602; x_wconf 88' lang='lat' dir='ltr'><strong>salvitica,</strong></span> <span class='ocrx_word' id='word_1_687' title='bbox 2841 4536 2955 4592; x_wconf 89' lang='lat' dir='ltr'><strong>sive</strong></span> <span class='ocrx_word' id='word_1_688' title='bbox 2982 4535 3196 4591; x_wconf 88' lang='lat' dir='ltr'><strong>salvum</strong></span> <span class='ocrx_word' id='word_1_689' title='bbox 3239 4536 3321 4589; x_wconf 89' lang='lat' dir='ltr'><strong>fac</strong></span> <span class='ocrx_word' id='word_1_690' title='bbox 3359 4535 3614 4606; x_wconf 85' lang='lat' dir='ltr'><strong>populum</strong></span> 
     </span>
    </p>
   </div>
   <div class='ocr_carea' id='block_1_92' title="bbox 312 4615 1907 4695">
    <p class='ocr_par' dir='ltr' id='par_1_92' title="bbox 312 4615 1907 4695">
     <span class='ocr_line' id='line_1_92' title="bbox 312 4615 1907 4695; baseline 0.005 -23"><span class='ocrx_word' id='word_1_691' title='bbox 312 4615 570 4673; x_wconf 81' lang='lat' dir='ltr'><strong>Hasanna</strong></span> <span class='ocrx_word' id='word_1_692' title='bbox 594 4660 610 4686; x_wconf 90' lang='lat'><strong>,</strong></span> <span class='ocrx_word' id='word_1_693' title='bbox 647 4619 848 4675; x_wconf 83' lang='lat' dir='ltr'><strong>Pascha</strong></span> <span class='ocrx_word' id='word_1_694' title='bbox 883 4622 1107 4689; x_wconf 89' lang='lat' dir='ltr'><strong>petitum</strong></span> <span class='ocrx_word' id='word_1_695' title='bbox 1137 4623 1301 4677; x_wconf 87' lang='lat' dir='ltr'><strong>etiam</strong></span> <span class='ocrx_word' id='word_1_696' title='bbox 1334 4640 1431 4678; x_wconf 89' lang='lat' dir='ltr'><strong>seu</strong></span> <span class='ocrx_word' id='word_1_697' title='bbox 1456 4626 1907 4695; x_wconf 87' lang='lat' dir='ltr'><strong>competentium,</strong></span> 
     </span>
    </p>
   </div>
   <div class='ocr_carea' id='block_1_93' title="bbox 309 4713 1909 4787">
    <p class='ocr_par' dir='ltr' id='par_1_93' title="bbox 309 4713 1909 4787">
     <span class='ocr_line' id='line_1_93' title="bbox 309 4713 1909 4787; baseline 0.005 -20"><span class='ocrx_word' id='word_1_698' title='bbox 309 4719 374 4767; x_wconf 87' lang='lat' dir='ltr'><strong>et</strong></span> <span class='ocrx_word' id='word_1_699' title='bbox 401 4716 571 4777; x_wconf 73' lang='lat' dir='ltr'><strong>capita</strong></span> <span class='ocrx_word' id='word_1_700' title='bbox 605 4713 919 4767; x_wconf 88' lang='lat' dir='ltr'><strong>lavantium.</strong></span> <span class='ocrx_word' id='word_1_701' title='bbox 950 4714 1079 4782; x_wconf 71' lang='lat' dir='ltr'><strong>Quae</strong></span> <span class='ocrx_word' id='word_1_702' title='bbox 1124 4716 1250 4771; x_wconf 88' lang='lat' dir='ltr'><strong>licet</strong></span> <span class='ocrx_word' id='word_1_703' title='bbox 1281 4718 1489 4787; x_wconf 88' lang='lat' dir='ltr'><strong>vulgari</strong></span> <span class='ocrx_word' id='word_1_704' title='bbox 1520 4733 1670 4773; x_wconf 90' lang='lat' dir='ltr'><strong>more</strong></span> <span class='ocrx_word' id='word_1_705' title='bbox 1702 4717 1774 4772; x_wconf 88' lang='lat' dir='ltr'><strong>ita</strong></span> <span class='ocrx_word' id='word_1_706' title='bbox 1810 4735 1909 4775; x_wconf 89' lang='lat' dir='ltr'><strong>no-</strong></span> 
     </span>
    </p>
   </div>
   <div class='ocr_carea' id='block_1_94' title="bbox 310 4806 1912 4873">
    <p class='ocr_par' dir='ltr' id='par_1_94' title="bbox 310 4806 1912 4873">
     <span class='ocr_line' id='line_1_94' title="bbox 310 4806 1912 4873; baseline 0.005 -14"><span class='ocrx_word' id='word_1_707' title='bbox 310 4806 612 4873; x_wconf 85' lang='lat' dir='ltr'><strong>minentur,</strong></span> <span class='ocrx_word' id='word_1_708' title='bbox 639 4808 816 4860; x_wconf 86' lang='lat' dir='ltr'><strong>omuia</strong></span> <span class='ocrx_word' id='word_1_709' title='bbox 852 4816 1032 4863; x_wconf 88' lang='lat' dir='ltr'><strong>tamen</strong></span> <span class='ocrx_word' id='word_1_710' title='bbox 1062 4818 1265 4863; x_wconf 84' lang='lat' dir='ltr'><strong>certain</strong></span> <span class='ocrx_word' id='word_1_711' title='bbox 1298 4821 1353 4864; x_wconf 89' lang='lat' dir='ltr'><strong>et</strong></span> <span class='ocrx_word' id='word_1_712' title='bbox 1379 4811 1790 4867; x_wconf 86' lang='lat' dir='ltr'><strong>convenientem</strong></span> <span class='ocrx_word' id='word_1_713' title='bbox 1825 4828 1912 4867; x_wconf 85' lang='lat' dir='ltr'><strong>re-</strong></span> 
     </span>
    </p>
   </div>
   <div class='ocr_carea' id='block_1_95' title="bbox 310 4898 1911 4973">
    <p class='ocr_par' dir='ltr' id='par_1_95' title="bbox 310 4898 1911 4973">
     <span class='ocr_line' id='line_1_95' title="bbox 310 4898 1911 4973; baseline 0.005 -19"><span class='ocrx_word' id='word_1_714' title='bbox 310 4898 493 4954; x_wconf 80' lang='lat' dir='ltr'><strong>tinent</strong></span> <span class='ocrx_word' id='word_1_715' title='bbox 537 4899 1010 4969; x_wconf 83' lang='lat' dir='ltr'><strong>significatioaetn.</strong></span> <span class='ocrx_word' id='word_1_716' title='bbox 1064 4903 1187 4958; x_wconf 86' lang='lat' dir='ltr'><strong>Dies</strong></span> <span class='ocrx_word' id='word_1_717' title='bbox 1229 4904 1388 4973; x_wconf 85' lang='lat' dir='ltr'><strong>igitur</strong></span> <span class='ocrx_word' id='word_1_718' title='bbox 1439 4906 1743 4961; x_wconf 78' lang='lat' dir='ltr'><strong>Paltnarum</strong></span> <span class='ocrx_word' id='word_1_719' title='bbox 1790 4908 1911 4962; x_wconf 90' lang='lat' dir='ltr'><strong>ideo</strong></span> 
     </span>
    </p>
   </div>
   <div class='ocr_carea' id='block_1_96' title="bbox 307 4995 1906 5069">
    <p class='ocr_par' dir='ltr' id='par_1_96' title="bbox 307 4995 1906 5069">
     <span class='ocr_line' id='line_1_96' title="bbox 307 4995 1906 5069; baseline 0.005 -22"><span class='ocrx_word' id='word_1_720' title='bbox 307 5004 571 5056; x_wconf 81' lang='lat' dir='ltr'><strong>vocatur,</strong></span> <span class='ocrx_word' id='word_1_721' title='bbox 620 4995 741 5064; x_wconf 87' lang='lat' dir='ltr'><strong>quia</strong></span> <span class='ocrx_word' id='word_1_722' title='bbox 770 4995 820 5049; x_wconf 92' lang='lat' dir='ltr'><strong>iu</strong></span> <span class='ocrx_word' id='word_1_723' title='bbox 853 5013 918 5050; x_wconf 88' lang='lat' dir='ltr'><strong>eo</strong></span> <span class='ocrx_word' id='word_1_724' title='bbox 962 4996 1219 5051; x_wconf 78' lang='lat' dir='ltr'><strong>[ieiunius</strong></span> <span class='ocrx_word' id='word_1_725' title='bbox 1251 5010 1438 5054; x_wconf 80' lang='lat' dir='ltr'><strong>noster</strong></span> <span class='ocrx_word' id='word_1_726' title='bbox 1467 5002 1637 5055; x_wconf 86' lang='lat' dir='ltr'><strong>asello</strong></span> <span class='ocrx_word' id='word_1_727' title='bbox 1685 5001 1906 5069; x_wconf 89' lang='lat' dir='ltr'><strong>sedens,</strong></span> 
     </span>
    </p>
   </div>
   <div class='ocr_carea' id='block_1_97' title="bbox 305 5088 1908 5164">
    <p class='ocr_par' dir='ltr' id='par_1_97' title="bbox 305 5088 1908 5164">
     <span class='ocr_line' id='line_1_97' title="bbox 305 5088 1908 5164; baseline 0.006 -25"><span class='ocrx_word' id='word_1_728' title='bbox 305 5102 414 5158; x_wconf 82' lang='lat' dir='ltr'><strong>pro</strong></span> <span class='ocrx_word' id='word_1_729' title='bbox 452 5088 625 5142; x_wconf 89' lang='lat' dir='ltr'><strong>salute</strong></span> <span class='ocrx_word' id='word_1_730' title='bbox 662 5088 877 5157; x_wconf 83' lang='lat' dir='ltr'><strong>generis</strong></span> <span class='ocrx_word' id='word_1_731' title='bbox 918 5088 1141 5144; x_wconf 86' lang='lat' dir='ltr'><strong>humani</strong></span> <span class='ocrx_word' id='word_1_732' title='bbox 1182 5106 1458 5159; x_wconf 89' lang='lat' dir='ltr'><strong>passurus,</strong></span> <span class='ocrx_word' id='word_1_733' title='bbox 1478 5092 1908 5164; x_wconf 80' lang='lat' dir='ltr'><strong>Hierosolymam</strong></span> 
     </span>
    </p>
   </div>
   <div class='ocr_carea' id='block_1_98' title="bbox 306 5182 1905 5256">
    <p class='ocr_par' dir='ltr' id='par_1_98' title="bbox 306 5182 1905 5256">
     <span class='ocr_line' id='line_1_98' title="bbox 306 5182 1905 5256; baseline 0.006 -24"><span class='ocrx_word' id='word_1_734' title='bbox 306 5182 585 5249; x_wconf 84' lang='lat' dir='ltr'><strong>perrexit;</strong></span> <span class='ocrx_word' id='word_1_735' title='bbox 618 5183 702 5233; x_wconf 85' lang='lat' dir='ltr'><strong>cui</strong></span> <span class='ocrx_word' id='word_1_736' title='bbox 731 5184 961 5234; x_wconf 88' lang='lat' dir='ltr'><strong>occurrit</strong></span> <span class='ocrx_word' id='word_1_737' title='bbox 1000 5184 1229 5251; x_wconf 85' lang='lat' dir='ltr'><strong>plurima</strong></span> <span class='ocrx_word' id='word_1_738' title='bbox 1277 5184 1432 5238; x_wconf 88' lang='lat' dir='ltr'><strong>turba</strong></span> <span class='ocrx_word' id='word_1_739' title='bbox 1476 5187 1764 5254; x_wconf 83' lang='lat' dir='ltr'><strong>gaudentis</strong></span> <span class='ocrx_word' id='word_1_740' title='bbox 1809 5201 1905 5256; x_wconf 87' lang='lat' dir='ltr'><strong>p0-</strong></span> 
     </span>
    </p>
   </div>
   <div class='ocr_carea' id='block_1_99' title="bbox 306 5271 1904 5342">
    <p class='ocr_par' dir='ltr' id='par_1_99' title="bbox 306 5271 1904 5342">
     <span class='ocr_line' id='line_1_99' title="bbox 306 5271 1904 5342; baseline 0.006 -19"><span class='ocrx_word' id='word_1_741' title='bbox 306 5271 424 5340; x_wconf 88' lang='lat' dir='ltr'><strong>pttli</strong></span> <span class='ocrx_word' id='word_1_742' title='bbox 470 5286 593 5325; x_wconf 88' lang='lat' dir='ltr'><strong>cum</strong></span> <span class='ocrx_word' id='word_1_743' title='bbox 640 5274 805 5327; x_wconf 90' lang='lat' dir='ltr'><strong>ramis</strong></span> <span class='ocrx_word' id='word_1_744' title='bbox 848 5274 1145 5342; x_wconf 85' lang='lat' dir='ltr'><strong>palmarum</strong></span> <span class='ocrx_word' id='word_1_745' title='bbox 1178 5282 1234 5329; x_wconf 85' lang='lat' dir='ltr'><strong>et</strong></span> <span class='ocrx_word' id='word_1_746' title='bbox 1272 5275 1606 5330; x_wconf 84' lang='lat' dir='ltr'><strong>diversarum</strong></span> <span class='ocrx_word' id='word_1_747' title='bbox 1650 5279 1904 5333; x_wconf 89' lang='lat' dir='ltr'><strong>arborum</strong></span> 
     </span>
    </p>
   </div>
   <div class='ocr_carea' id='block_1_100' title="bbox 307 5362 1909 5437">
    <p class='ocr_par' dir='ltr' id='par_1_100' title="bbox 307 5362 1909 5437">
     <span class='ocr_line' id='line_1_100' title="bbox 307 5362 1909 5437; baseline 0.006 -20"><span class='ocrx_word' id='word_1_748' title='bbox 307 5363 596 5417; x_wconf 84' lang='lat' dir='ltr'><strong>clamando</strong></span> <span class='ocrx_word' id='word_1_749' title='bbox 626 5381 637 5415; x_wconf 88' lang='lat'><strong>:</strong></span> <span class='ocrx_word' id='word_1_750' title='bbox 683 5362 933 5419; x_wconf 83' lang='lat' dir='ltr'><strong>llosannu</strong></span> <span class='ocrx_word' id='word_1_751' title='bbox 955 5408 968 5429; x_wconf 89' lang='lat'><strong>,</strong></span> <span class='ocrx_word' id='word_1_752' title='bbox 1008 5366 1301 5421; x_wconf 67' lang='lat' dir='ltr'><strong>benedictus</strong></span> <span class='ocrx_word' id='word_1_753' title='bbox 1336 5369 1424 5437; x_wconf 85' lang='lat' dir='ltr'><strong>qui</strong></span> <span class='ocrx_word' id='word_1_754' title='bbox 1453 5369 1585 5422; x_wconf 81' lang='lat' dir='ltr'><strong>venit</strong></span> <span class='ocrx_word' id='word_1_755' title='bbox 1624 5371 1676 5423; x_wconf 85' lang='lat' dir='ltr'><strong>in</strong></span> <span class='ocrx_word' id='word_1_756' title='bbox 1706 5372 1909 5425; x_wconf 80' lang='lat' dir='ltr'><strong>nomine</strong></span> 
     </span>
    </p>
   </div>
   <div class='ocr_carea' id='block_1_101' title="bbox 306 5454 1904 5533">
    <p class='ocr_par' dir='ltr' id='par_1_101' title="bbox 306 5454 1904 5533">
     <span class='ocr_line' id='line_1_101' title="bbox 306 5454 1904 5533; baseline 0.005 -23"><span class='ocrx_word' id='word_1_757' title='bbox 306 5454 546 5510; x_wconf 77' lang='lat' dir='ltr'><strong>Domini.</strong></span> <span class='ocrx_word' id='word_1_758' title='bbox 585 5457 705 5511; x_wconf 90' lang='lat' dir='ltr'><strong>Dies</strong></span> <span class='ocrx_word' id='word_1_759' title='bbox 733 5462 894 5513; x_wconf 88' lang='lat' dir='ltr'><strong>etiam</strong></span> <span class='ocrx_word' id='word_1_760' title='bbox 920 5459 1140 5515; x_wconf 88' lang='lat' dir='ltr'><strong>Florum</strong></span> <span class='ocrx_word' id='word_1_761' title='bbox 1171 5462 1369 5515; x_wconf 86' lang='lat' dir='ltr'><strong>ideirco</strong></span> <span class='ocrx_word' id='word_1_762' title='bbox 1396 5460 1624 5523; x_wconf 84' lang='lat' dir='ltr'><strong>dicitur.</strong></span> <span class='ocrx_word' id='word_1_763' title='bbox 1656 5479 1722 5517; x_wconf 90' lang='lat' dir='ltr'><strong>eo</strong></span> <span class='ocrx_word' id='word_1_764' title='bbox 1761 5465 1904 5533; x_wconf 90' lang='lat' dir='ltr'><strong>quod</strong></span> 
     </span>
    </p>
   </div>
   <div class='ocr_carea' id='block_1_102' title="bbox 303 5550 1906 5618">
    <p class='ocr_par' dir='ltr' id='par_1_102' title="bbox 303 5550 1906 5618">
     <span class='ocr_line' id='line_1_102' title="bbox 303 5550 1906 5618; baseline 0.004 -15"><span class='ocrx_word' id='word_1_765' title='bbox 303 5561 496 5603; x_wconf 81' lang='lat' dir='ltr'><strong>saneta</strong></span> <span class='ocrx_word' id='word_1_766' title='bbox 553 5558 727 5603; x_wconf 86' lang='lat' dir='ltr'><strong>mater</strong></span> <span class='ocrx_word' id='word_1_767' title='bbox 789 5550 1055 5618; x_wconf 77' lang='lat' dir='ltr'><strong>Ecclesia,</strong></span> <span class='ocrx_word' id='word_1_768' title='bbox 1091 5555 1142 5607; x_wconf 94' lang='lat' dir='ltr'><strong>in</strong></span> <span class='ocrx_word' id='word_1_769' title='bbox 1200 5555 1717 5609; x_wconf 84' lang='lat' dir='ltr'><strong>conuneiuoratioue</strong></span> <span class='ocrx_word' id='word_1_770' title='bbox 1774 5556 1906 5609; x_wconf 89' lang='lat' dir='ltr'><strong>tanti</strong></span> 
     </span>
    </p>
   </div>
   <div class='ocr_carea' id='block_1_103' title="bbox 304 5641 1906 5713">
    <p class='ocr_par' dir='ltr' id='par_1_103' title="bbox 304 5641 1906 5713">
     <span class='ocr_line' id='line_1_103' title="bbox 304 5641 1906 5713; baseline 0.005 -18"><span class='ocrx_word' id='word_1_771' title='bbox 304 5641 515 5712; x_wconf 84' lang='lat' dir='ltr'><strong>gaudii,</strong></span> <span class='ocrx_word' id='word_1_772' title='bbox 550 5642 651 5696; x_wconf 84' lang='lat' dir='ltr'><strong>hac</strong></span> <span class='ocrx_word' id='word_1_773' title='bbox 682 5642 769 5697; x_wconf 86' lang='lat' dir='ltr'><strong>die</strong></span> <span class='ocrx_word' id='word_1_774' title='bbox 800 5658 911 5713; x_wconf 67' lang='lat' dir='ltr'><strong>prae</strong></span> <span class='ocrx_word' id='word_1_775' title='bbox 928 5646 1141 5700; x_wconf 75' lang='lat' dir='ltr'><strong>caneris</strong></span> <span class='ocrx_word' id='word_1_776' title='bbox 1167 5662 1343 5702; x_wconf 91' lang='lat' dir='ltr'><strong>annua</strong></span> <span class='ocrx_word' id='word_1_777' title='bbox 1377 5647 1713 5702; x_wconf 88' lang='lat' dir='ltr'><strong>revolutione</strong></span> <span class='ocrx_word' id='word_1_778' title='bbox 1744 5647 1906 5703; x_wconf 87' lang='lat' dir='ltr'><strong>flores</strong></span> 
     </span>
    </p>
   </div>
   <div class='ocr_carea' id='block_1_104' title="bbox 308 5735 1903 5812">
    <p class='ocr_par' dir='ltr' id='par_1_104' title="bbox 308 5735 1903 5812">
     <span class='ocr_line' id='line_1_104' title="bbox 308 5735 1903 5812; baseline 0.002 -19"><span class='ocrx_word' id='word_1_779' title='bbox 308 5735 627 5793; x_wconf 88' lang='lat' dir='ltr'><strong>benedictos</strong></span> <span class='ocrx_word' id='word_1_780' title='bbox 653 5745 709 5791; x_wconf 89' lang='lat' dir='ltr'><strong>et</strong></span> <span class='ocrx_word' id='word_1_781' title='bbox 734 5747 1083 5793; x_wconf 84' lang='lat' dir='ltr'><strong>consecratos</strong></span> <span class='ocrx_word' id='word_1_782' title='bbox 1109 5741 1381 5798; x_wconf 88' lang='lat' dir='ltr'><strong>cantando</strong></span> <span class='ocrx_word' id='word_1_783' title='bbox 1410 5749 1627 5812; x_wconf 86' lang='lat' dir='ltr'><strong>portare</strong></span> <span class='ocrx_word' id='word_1_784' title='bbox 1652 5740 1903 5807; x_wconf 85' lang='lat' dir='ltr'><strong>voluerit,</strong></span> 
     </span>
    </p>
   </div>
   <div class='ocr_carea' id='block_1_105' title="bbox 592 5829 1110 5893">
    <p class='ocr_par' dir='ltr' id='par_1_105' title="bbox 592 5829 1110 5893">
     <span class='ocr_line' id='line_1_105' title="bbox 592 5829 1110 5893; baseline 0.002 -4"><span class='ocrx_word' id='word_1_785' title='bbox 592 5829 870 5893; x_wconf 64' lang='grc' dir='ltr'><strong>Ρλτκοι.</strong></span> <span class='ocrx_word' id='word_1_786' title='bbox 936 5831 1110 5893; x_wconf 79' lang='lat' dir='ltr'><strong>X111.</strong></span> 
     </span>
    </p>
   </div>
   <div class='ocr_carea' id='block_1_106' title="bbox 2015 4629 2866 4699">
    <p class='ocr_par' dir='ltr' id='par_1_106' title="bbox 2015 4629 2866 4699">
     <span class='ocr_line' id='line_1_106' title="bbox 2015 4629 2866 4699; baseline -0.012 -10"><span class='ocrx_word' id='word_1_787' title='bbox 2015 4643 2166 4689; x_wconf 88' lang='lat' dir='ltr'><strong>tuum</strong></span> <span class='ocrx_word' id='word_1_788' title='bbox 2186 4673 2203 4699; x_wconf 91' lang='lat'><strong>,</strong></span> <span class='ocrx_word' id='word_1_789' title='bbox 2235 4633 2353 4687; x_wconf 88' lang='lat' dir='ltr'><strong>sive</strong></span> <span class='ocrx_word' id='word_1_790' title='bbox 2385 4639 2556 4685; x_wconf 90' lang='lat' dir='ltr'><strong>totum</strong></span> <span class='ocrx_word' id='word_1_791' title='bbox 2585 4629 2866 4683; x_wconf 90' lang='lat' dir='ltr'><strong>mundum.</strong></span> 
     </span>
    </p>
   </div>
   <div class='ocr_carea' id='block_1_107' title="bbox 2086 4720 3615 4790">
    <p class='ocr_par' dir='ltr' id='par_1_107' title="bbox 2086 4720 3615 4790">
     <span class='ocr_line' id='line_1_107' title="bbox 2086 4720 3615 4790; baseline 0.001 -11"><span class='ocrx_word' id='word_1_792' title='bbox 2086 4726 2139 4779; x_wconf 74' lang='grc' dir='ltr'><strong>ὅ.</strong></span> <span class='ocrx_word' id='word_1_793' title='bbox 2168 4725 2303 4790; x_wconf 79' lang='lat' dir='ltr'><strong>Quia</strong></span> <span class='ocrx_word' id='word_1_794' title='bbox 2336 4739 2464 4779; x_wconf 85' lang='lat' dir='ltr'><strong>vero</strong></span> <span class='ocrx_word' id='word_1_795' title='bbox 2496 4723 2618 4777; x_wconf 90' lang='lat' dir='ltr'><strong>huic</strong></span> <span class='ocrx_word' id='word_1_796' title='bbox 2641 4722 2748 4776; x_wconf 76' lang='lat' dir='ltr'><strong>dici</strong></span> <span class='ocrx_word' id='word_1_797' title='bbox 2784 4721 2910 4774; x_wconf 92' lang='lat' dir='ltr'><strong>talia</strong></span> <span class='ocrx_word' id='word_1_798' title='bbox 2942 4720 3161 4775; x_wconf 90' lang='lat' dir='ltr'><strong>nomina</strong></span> <span class='ocrx_word' id='word_1_799' title='bbox 3187 4735 3251 4775; x_wconf 82' lang='lat' dir='ltr'><strong>ex</strong></span> <span class='ocrx_word' id='word_1_800' title='bbox 3283 4722 3615 4780; x_wconf 85' lang='lat' dir='ltr'><strong>convenien-</strong></span> 
     </span>
    </p>
   </div>
   <div class='ocr_carea' id='block_1_108' title="bbox 2014 4814 3618 4888">
    <p class='ocr_par' dir='ltr' id='par_1_108' title="bbox 2014 4814 3618 4888">
     <span class='ocr_line' id='line_1_108' title="bbox 2014 4814 3618 4888; baseline -0.001 -15"><span class='ocrx_word' id='word_1_801' title='bbox 2014 4818 2160 4873; x_wconf 89' lang='lat' dir='ltr'><strong>tibus</strong></span> <span class='ocrx_word' id='word_1_802' title='bbox 2208 4817 2591 4888; x_wconf 82' lang='lat' dir='ltr'><strong>mysteriorum</strong></span> <span class='ocrx_word' id='word_1_803' title='bbox 2624 4814 3109 4885; x_wconf 82' lang='lat' dir='ltr'><strong>significationibus</strong></span> <span class='ocrx_word' id='word_1_804' title='bbox 3151 4823 3403 4884; x_wconf 86' lang='lat' dir='ltr'><strong>aptantur</strong></span> <span class='ocrx_word' id='word_1_805' title='bbox 3430 4858 3443 4882; x_wconf 94' lang='lat'><strong>,</strong></span> <span class='ocrx_word' id='word_1_806' title='bbox 3482 4834 3618 4887; x_wconf 89' lang='lat' dir='ltr'><strong>quo-</strong></span> 
     </span>
    </p>
   </div>
   <div class='ocr_carea' id='block_1_109' title="bbox 2016 4910 3615 4980">
    <p class='ocr_par' dir='ltr' id='par_1_109' title="bbox 2016 4910 3615 4980">
     <span class='ocr_line' id='line_1_109' title="bbox 2016 4910 3615 4980; baseline 0 -13"><span class='ocrx_word' id='word_1_807' title='bbox 2016 4913 2145 4967; x_wconf 73' lang='lat' dir='ltr'><strong>libet</strong></span> <span class='ocrx_word' id='word_1_808' title='bbox 2172 4911 2510 4980; x_wconf 88' lang='lat' dir='ltr'><strong>breviloquio</strong></span> <span class='ocrx_word' id='word_1_809' title='bbox 2554 4910 3038 4964; x_wconf 84' lang='lat' dir='ltr'><strong>demonstrandum</strong></span> <span class='ocrx_word' id='word_1_810' title='bbox 3059 4952 3071 4969; x_wconf 88' lang='lat'><strong>,</strong></span> <span class='ocrx_word' id='word_1_811' title='bbox 3097 4910 3427 4976; x_wconf 75' lang='lat' dir='ltr'><strong>charissimi,</strong></span> <span class='ocrx_word' id='word_1_812' title='bbox 3458 4914 3615 4968; x_wconf 84' lang='lat' dir='ltr'><strong>vobis</strong></span> 
     </span>
    </p>
   </div>
   <div class='ocr_carea' id='block_1_110' title="bbox 2017 5001 3609 5073">
    <p class='ocr_par' dir='ltr' id='par_1_110' title="bbox 2017 5001 3609 5073">
     <span class='ocr_line' id='line_1_110' title="bbox 2017 5001 3609 5073; baseline -0.001 -15"><span class='ocrx_word' id='word_1_813' title='bbox 2017 5015 2097 5059; x_wconf 89' lang='lat' dir='ltr'><strong>est</strong></span> <span class='ocrx_word' id='word_1_814' title='bbox 2123 5047 2136 5069; x_wconf 91' lang='lat'><strong>,</strong></span> <span class='ocrx_word' id='word_1_815' title='bbox 2191 5004 2386 5073; x_wconf 81' lang='lat' dir='ltr'><strong>quibus</strong></span> <span class='ocrx_word' id='word_1_816' title='bbox 2424 5002 2681 5071; x_wconf 77' lang='lat' dir='ltr'><strong>operibus</strong></span> <span class='ocrx_word' id='word_1_817' title='bbox 2730 5002 2902 5056; x_wconf 87' lang='lat' dir='ltr'><strong>nostri</strong></span> <span class='ocrx_word' id='word_1_818' title='bbox 2949 5001 3249 5057; x_wconf 82' lang='lat' dir='ltr'><strong>Salvatoris</strong></span> <span class='ocrx_word' id='word_1_819' title='bbox 3290 5002 3609 5057; x_wconf 86' lang='lat' dir='ltr'><strong>illustratur.</strong></span> 
     </span>
    </p>
   </div>
   <div class='ocr_carea' id='block_1_111' title="bbox 2018 5093 3613 5161">
    <p class='ocr_par' dir='ltr' id='par_1_111' title="bbox 2018 5093 3613 5161">
     <span class='ocr_line' id='line_1_111' title="bbox 2018 5093 3613 5161; baseline -0.002 -12"><span class='ocrx_word' id='word_1_820' title='bbox 2018 5095 2230 5149; x_wconf 81' lang='lat' dir='ltr'><strong>Etenim</strong></span> <span class='ocrx_word' id='word_1_821' title='bbox 2259 5094 2398 5148; x_wconf 89' lang='lat' dir='ltr'><strong>sicut</strong></span> <span class='ocrx_word' id='word_1_822' title='bbox 2424 5104 2642 5149; x_wconf 88' lang='lat' dir='ltr'><strong>sanctus</strong></span> <span class='ocrx_word' id='word_1_823' title='bbox 2656 5094 2982 5161; x_wconf 85' lang='lat' dir='ltr'><strong>evangelista</strong></span> <span class='ocrx_word' id='word_1_824' title='bbox 3009 5094 3199 5156; x_wconf 85' lang='lat' dir='ltr'><strong>refert,</strong></span> <span class='ocrx_word' id='word_1_825' title='bbox 3224 5099 3351 5145; x_wconf 87' lang='lat' dir='ltr'><strong>ante</strong></span> <span class='ocrx_word' id='word_1_826' title='bbox 3372 5108 3465 5145; x_wconf 78' lang='lat' dir='ltr'><strong>sex</strong></span> <span class='ocrx_word' id='word_1_827' title='bbox 3491 5093 3613 5148; x_wconf 75' lang='lat' dir='ltr'><strong>dies</strong></span> 
     </span>
    </p>
   </div>
   <div class='ocr_carea' id='block_1_112' title="bbox 2014 5186 3604 5257">
    <p class='ocr_par' dir='ltr' id='par_1_112' title="bbox 2014 5186 3604 5257">
     <span class='ocr_line' id='line_1_112' title="bbox 2014 5186 3604 5257; baseline -0.004 -15"><span class='ocrx_word' id='word_1_828' title='bbox 2014 5189 2215 5243; x_wconf 84' lang='lat' dir='ltr'><strong>veteris</strong></span> <span class='ocrx_word' id='word_1_829' title='bbox 2251 5188 2485 5257; x_wconf 64' lang='lat' dir='ltr'><strong>paschae,</strong></span> <span class='ocrx_word' id='word_1_830' title='bbox 2518 5187 2609 5254; x_wconf 90' lang='lat' dir='ltr'><strong>qui</strong></span> <span class='ocrx_word' id='word_1_831' title='bbox 2655 5188 2724 5241; x_wconf 86' lang='lat' dir='ltr'><strong>ab</strong></span> <span class='ocrx_word' id='word_1_832' title='bbox 2769 5186 3020 5242; x_wconf 69' lang='lat' dir='ltr'><strong>hesterna</strong></span> <span class='ocrx_word' id='word_1_833' title='bbox 3070 5186 3161 5239; x_wconf 88' lang='lat' dir='ltr'><strong>die</strong></span> <span class='ocrx_word' id='word_1_834' title='bbox 3190 5191 3604 5253; x_wconf 81' lang='lat' dir='ltr'><strong>computantur,</strong></span> 
     </span>
    </p>
   </div>
   <div class='ocr_carea' id='block_1_113' title="bbox 2013 5276 3609 5343">
    <p class='ocr_par' dir='ltr' id='par_1_113' title="bbox 2013 5276 3609 5343">
     <span class='ocr_line' id='line_1_113' title="bbox 2013 5276 3609 5343; baseline -0.003 -8"><span class='ocrx_word' id='word_1_835' title='bbox 2013 5283 2159 5335; x_wconf 82' lang='lat' dir='ltr'><strong>venit</strong></span> <span class='ocrx_word' id='word_1_836' title='bbox 2188 5281 2344 5336; x_wconf 84' lang='lat' dir='ltr'><strong>Jesos</strong></span> <span class='ocrx_word' id='word_1_837' title='bbox 2377 5281 2690 5334; x_wconf 77' lang='lat' dir='ltr'><strong>Bethaniam</strong></span> <span class='ocrx_word' id='word_1_838' title='bbox 2719 5281 2771 5334; x_wconf 89' lang='lat' dir='ltr'><strong>in</strong></span> <span class='ocrx_word' id='word_1_839' title='bbox 2797 5281 2958 5333; x_wconf 90' lang='lat' dir='ltr'><strong>domo</strong></span> <span class='ocrx_word' id='word_1_840' title='bbox 2976 5278 3216 5334; x_wconf 84' lang='lat' dir='ltr'><strong>Simonis</strong></span> <span class='ocrx_word' id='word_1_841' title='bbox 3247 5276 3445 5343; x_wconf 75' lang='lat' dir='ltr'><strong>leprosi</strong></span> <span class='ocrx_word' id='word_1_842' title='bbox 3469 5317 3483 5339; x_wconf 96' lang='lat'><strong>,</strong></span> <span class='ocrx_word' id='word_1_843' title='bbox 3519 5278 3609 5332; x_wconf 89' lang='lat' dir='ltr'><strong>ubi</strong></span> 
     </span>
    </p>
   </div>
   <div class='ocr_carea' id='block_1_114' title="bbox 2013 5367 3607 5437">
    <p class='ocr_par' dir='ltr' id='par_1_114' title="bbox 2013 5367 3607 5437">
     <span class='ocr_line' id='line_1_114' title="bbox 2013 5367 3607 5437; baseline -0.004 -10"><span class='ocrx_word' id='word_1_844' title='bbox 2013 5371 2275 5427; x_wconf 69' lang='lat' dir='ltr'><strong>Laurunt</strong></span> <span class='ocrx_word' id='word_1_845' title='bbox 2308 5374 2699 5437; x_wconf 82' lang='lat' dir='ltr'><strong>suscitaverat,</strong></span> <span class='ocrx_word' id='word_1_846' title='bbox 2745 5382 2800 5425; x_wconf 90' lang='lat' dir='ltr'><strong>et</strong></span> <span class='ocrx_word' id='word_1_847' title='bbox 2852 5369 3094 5423; x_wconf 86' lang='lat' dir='ltr'><strong>fecerunt</strong></span> <span class='ocrx_word' id='word_1_848' title='bbox 3142 5368 3189 5420; x_wconf 91' lang='lat' dir='ltr'><strong>ei</strong></span> <span class='ocrx_word' id='word_1_849' title='bbox 3238 5381 3446 5419; x_wconf 65' lang='lat' dir='ltr'><strong>«mnam</strong></span> <span class='ocrx_word' id='word_1_850' title='bbox 3484 5367 3607 5421; x_wconf 89' lang='lat' dir='ltr'><strong>ibi:</strong></span> 
     </span>
    </p>
   </div>
   <div class='ocr_carea' id='block_1_115' title="bbox 2012 5460 3613 5535">
    <p class='ocr_par' dir='ltr' id='par_1_115' title="bbox 2012 5460 3613 5535">
     <span class='ocr_line' id='line_1_115' title="bbox 2012 5460 3613 5535; baseline -0.001 -18"><span class='ocrx_word' id='word_1_851' title='bbox 2012 5480 2121 5535; x_wconf 85' lang='lat' dir='ltr'><strong>quo</strong></span> <span class='ocrx_word' id='word_1_852' title='bbox 2166 5467 2327 5520; x_wconf 85' lang='lat' dir='ltr'><strong>etiam</strong></span> <span class='ocrx_word' id='word_1_853' title='bbox 2378 5466 2538 5519; x_wconf 86' lang='lat' dir='ltr'><strong>Maria</strong></span> <span class='ocrx_word' id='word_1_854' title='bbox 2589 5465 2859 5530; x_wconf 85' lang='lat' dir='ltr'><strong>accipiens</strong></span> <span class='ocrx_word' id='word_1_855' title='bbox 2906 5462 3094 5515; x_wconf 91' lang='lat' dir='ltr'><strong>libram</strong></span> <span class='ocrx_word' id='word_1_856' title='bbox 3148 5460 3425 5527; x_wconf 80' lang='lat' dir='ltr'><strong>unguenti,</strong></span> <span class='ocrx_word' id='word_1_857' title='bbox 3457 5461 3613 5515; x_wconf 76' lang='lat' dir='ltr'><strong>unxit</strong></span> 
     </span>
    </p>
   </div>
   <div class='ocr_carea' id='block_1_116' title="bbox 2010 5551 3609 5625">
    <p class='ocr_par' dir='ltr' id='par_1_116' title="bbox 2010 5551 3609 5625">
     <span class='ocr_line' id='line_1_116' title="bbox 2010 5551 3609 5625; baseline -0.003 -13"><span class='ocrx_word' id='word_1_858' title='bbox 2010 5556 2174 5625; x_wconf 86' lang='lat' dir='ltr'><strong>pedes</strong></span> <span class='ocrx_word' id='word_1_859' title='bbox 2210 5558 2419 5610; x_wconf 90' lang='lat' dir='ltr'><strong>Domini</strong></span> <span class='ocrx_word' id='word_1_860' title='bbox 2441 5598 2456 5622; x_wconf 94' lang='lat'><strong>,</strong></span> <span class='ocrx_word' id='word_1_861' title='bbox 2489 5564 2544 5610; x_wconf 92' lang='lat' dir='ltr'><strong>et</strong></span> <span class='ocrx_word' id='word_1_862' title='bbox 2568 5554 2779 5623; x_wconf 89' lang='lat' dir='ltr'><strong>capillis</strong></span> <span class='ocrx_word' id='word_1_863' title='bbox 2810 5553 2921 5606; x_wconf 89' lang='lat' dir='ltr'><strong>suis</strong></span> <span class='ocrx_word' id='word_1_864' title='bbox 2952 5551 3111 5605; x_wconf 84' lang='lat' dir='ltr'><strong>tersit</strong></span> <span class='ocrx_word' id='word_1_865' title='bbox 3138 5569 3150 5603; x_wconf 76' lang='grc' dir='ltr'>ε</span> <span class='ocrx_word' id='word_1_866' title='bbox 3188 5567 3284 5620; x_wconf 90' lang='lat' dir='ltr'><strong>pro</strong></span> <span class='ocrx_word' id='word_1_867' title='bbox 3311 5566 3415 5619; x_wconf 88' lang='lat' dir='ltr'><strong>qua</strong></span> <span class='ocrx_word' id='word_1_868' title='bbox 3442 5568 3500 5605; x_wconf 93' lang='lat' dir='ltr'><strong>re</strong></span> <span class='ocrx_word' id='word_1_869' title='bbox 3524 5555 3609 5608; x_wconf 84' lang='lat' dir='ltr'><strong>in-</strong></span> 
     </span>
    </p>
   </div>
   <div class='ocr_carea' id='block_1_117' title="bbox 2010 5644 3611 5731">
    <p class='ocr_par' dir='ltr' id='par_1_117' title="bbox 2010 5644 3611 5731">
     <span class='ocr_line' id='line_1_117' title="bbox 2010 5644 3611 5731; baseline -0.001 -28"><span class='ocrx_word' id='word_1_870' title='bbox 2010 5648 2265 5719; x_wconf 90' lang='lat' dir='ltr'><strong>dignante</strong></span> <span class='ocrx_word' id='word_1_871' title='bbox 2292 5649 2426 5704; x_wconf 85' lang='lat' dir='ltr'><strong>Juda</strong></span> <span class='ocrx_word' id='word_1_872' title='bbox 2459 5646 2754 5717; x_wconf 86' lang='lat' dir='ltr'><strong>proditore,</strong></span> <span class='ocrx_word' id='word_1_873' title='bbox 2778 5645 2937 5700; x_wconf 82' lang='lat' dir='ltr'><strong>Jcsus</strong></span> <span class='ocrx_word' id='word_1_874' title='bbox 2961 5646 3012 5699; x_wconf 91' lang='lat' dir='ltr'><strong>in</strong></span> <span class='ocrx_word' id='word_1_875' title='bbox 3046 5644 3203 5699; x_wconf 89' lang='lat' dir='ltr'><strong>laude</strong></span> <span class='ocrx_word' id='word_1_876' title='bbox 3240 5644 3483 5731; x_wconf 77' lang='lat' dir='ltr'><strong>mulieris</strong></span> <span class='ocrx_word' id='word_1_877' title='bbox 3524 5662 3611 5703; x_wconf 84' lang='lat' dir='ltr'><strong>re-</strong></span> 
     </span>
    </p>
   </div>
   <div class='ocr_carea' id='block_1_118' title="bbox 2011 5738 3612 5813">
    <p class='ocr_par' dir='ltr' id='par_1_118' title="bbox 2011 5738 3612 5813">
     <span class='ocr_line' id='line_1_118' title="bbox 2011 5738 3612 5813; baseline -0.001 -15"><span class='ocrx_word' id='word_1_878' title='bbox 2011 5743 2273 5813; x_wconf 87' lang='lat' dir='ltr'><strong>spondit:</strong></span> <span class='ocrx_word' id='word_1_879' title='bbox 2308 5741 2454 5812; x_wconf 69' lang='lat' dir='ltr'><strong>Opus</strong></span> <span class='ocrx_word' id='word_1_880' title='bbox 2487 5741 2676 5795; x_wconf 87' lang='lat' dir='ltr'><strong>bonum</strong></span> <span class='ocrx_word' id='word_1_881' title='bbox 2700 5747 2913 5809; x_wconf 82' lang='lat' dir='ltr'><strong>operata</strong></span> <span class='ocrx_word' id='word_1_882' title='bbox 2957 5748 3029 5793; x_wconf 72' lang='lat' dir='ltr'><strong>est</strong></span> <span class='ocrx_word' id='word_1_883' title='bbox 3076 5738 3133 5791; x_wconf 82' lang='lat' dir='ltr'><strong>in</strong></span> <span class='ocrx_word' id='word_1_884' title='bbox 3179 5753 3288 5804; x_wconf 83' lang='lat' dir='ltr'><strong>me,</strong></span> <span class='ocrx_word' id='word_1_885' title='bbox 3338 5744 3395 5794; x_wconf 91' lang='lat' dir='ltr'><strong>et</strong></span> <span class='ocrx_word' id='word_1_886' title='bbox 3414 5748 3612 5797; x_wconf 71' lang='lat' dir='ltr'><strong>cartera</strong></span> 
     </span>
    </p>
   </div>
   <div class='ocr_carea' id='block_1_119' title="bbox 3038 5829 3112 5890">
    <p class='ocr_par' dir='ltr' id='par_1_119' title="bbox 3038 5829 3112 5890">
     <span class='ocr_line' id='line_1_119' title="bbox 3038 5829 3112 5890; baseline 0.014 -1"><span class='ocrx_word' id='word_1_887' title='bbox 3038 5829 3112 5890; x_wconf 70' lang='grc'>21</span> 
     </span>
    </p>
   </div>
  </div>
