4194 6184
588 267 686 328 Gal

1095 256 1532 328 MONUMENTA
1572 266 1850 325 VETERA
1896 270 1988 324 AD
2025 261 2432 326 animosum
2475 268 2872 326 DOCTRINAM
2913 253 3399 325 prxumum.

3783 269 3895 325 652

591 405 710 461 (ιηω
738 390 790 443 in
826 388 1076 457 passione
1107 385 1176 439 de
1220 383 1532 453 hujusmodi
1556 397 1719 438 causa
1748 392 2179 453 prosequuntur.
2211 387 2261 445 Α
2288 383 2623 450 dicaturum,
2657 400 2821 438 unum
2850 385 2902 438 in
2933 384 3378 451 circumcisione,
3415 383 3647 438 alterum
3681 385 3733 438 in
3759 400 3897 455 gen-

588 486 756 550 Quam
791 479 914 533 boni
945 478 1126 546 Operis
1156 475 1607 531 consuetudinem
1656 489 1892 545 sequens
1922 473 2004 529 vir
2033 486 2187 529 sanc-

587 585 672 628 tus
712 570 1006 640 Gregorius
1049 572 1151 623 hac
1199 566 1316 638 ipsa
1341 566 1461 634 die,
1495 567 1750 622 hesterna
1799 566 2079 628 videlicet,
2127 579 2188 620 se

584 673 753 720 tutum
781 661 976 716 dandis
999 660 1366 730 eleemosynis
1396 656 1736 730 pedibusque
1773 671 2072 727 pauperum
2112 655 2190 711 la-

585 755 777 811 vandis
803 751 1136 822 occupabat,
1172 760 1229 805 ut
1257 749 1405 820 quod
1426 748 1778 804 devotissima
1805 748 2002 803 mulier
2027 741 2187 817 capiti

583 850 736 915 iecit,
769 847 821 903 id
849 854 932 902 est
957 843 1313 908 Christo,iste
1341 843 1600 898 membris
1625 841 1763 912 ejus,
1795 835 1848 896 id
1880 849 1966 896 est
1985 851 2190 910 paupet

583 943 735 999 ribus
784 940 1010 994 faceret.
1039 936 1198 993 Unde
1237 935 1356 992 dies
1383 936 1573 991 eadem
1607 935 1813 1005 absque
1851 933 2035 990 oiﬁcio
2065 948 2189 1004 pro-

585 1036 706 1106 prio
755 1045 1024 1099 manens,
1059 1031 1134 1084 ita
1185 1028 1546 1100 prtetitulatur
1597 1028 1651 1083 in
1681 1024 2123 1084 Soeramentario
2170 1042 2184 1078 :

583 1127 810 1183 sabbato
858 1132 1008 1178 vacat
1039 1137 1068 1175 a
1098 1120 1335 1176 statione
1373 1119 1588 1190 publica
1613 1155 1628 1186 ,
1670 1119 1892 1190 quando
1937 1119 2191 1174 dominus

585 1235 723 1292 papa
754 1219 1159 1286 eleemosynam
1190 1213 1299 1269 dat.
1332 1213 1407 1268 De
1433 1227 1541 1282 quo
1569 1209 1732 1278 iacto,
1761 1212 1806 1266 si
1833 1211 2026 1266 liorem
2056 1211 2192 1266 alle—

584 1315 826 1385 goricum
881 1323 1107 1378 carpere
1152 1308 1353 1371 vultis,
1422 1307 1619 1360 scitote
1681 1306 1806 1374 quia
1856 1313 2191 1376 unguentum

585 1401 857 1476 signiﬁcat
878 1400 1140 1473 justitiam
1165 1442 1179 1466 ,
1225 1399 1458 1468 ideoque
1483 1399 1622 1454 libra
1659 1400 1825 1456 fuisse
1852 1399 2190 1469 perhibetur.

585 1499 688 1568 Qui
736 1497 880 1552 enim
923 1493 1187 1564 justitiam
1234 1491 1476 1562 perfecte
1517 1499 1736 1558 servat,
1771 1492 1938 1560 pedes
1980 1490 2197 1546 Domini

583 1591 704 1646 sine
743 1587 910 1643 dubio
957 1587 1103 1640 lavat
1141 1593 1240 1639 :et
1280 1583 1376 1654 qui
1424 1583 1565 1638 bene
1612 1582 1846 1638 vivendo
1886 1583 2193 1638 misericor—

585 1681 731 1738 diam
772 1677 984 1749 diligit,
1007 1675 1174 1746 pedes
1219 1675 1365 1729 illius
1409 1683 1683 1744 unguento
1707 1675 1978 1744 perungit.
2005 1673 2075 1728 Et
2103 1673 2197 1744 qui

2291 480 2470 543 tibus,
2504 478 2844 549 signiﬁcant,
2895 480 2980 534 vel
3021 479 3240 534 Petrum
3281 487 3334 534 et
3381 477 3728 548 Philippum,
3757 495 3898 549 quos

2292 572 2440 626 misit
2467 571 2716 627 Christus
2751 572 2818 626 ad
2848 572 3184 628 Hierusalem
3205 613 3218 637 ,
3248 571 3302 626 id
3325 579 3409 627 est
3431 581 3673 626 sanctam
3700 571 3894 627 Eccle-

2290 665 2466 730 siam;
2516 677 2746 735 quorum
2779 665 2950 732 alter,
3011 665 3169 720 idest
3215 664 3534 733 Philippus,-
3589 663 3893 720 Samariam

2291 758 2444 828 quasi
2475 757 2881 824 asinam;alter,
2908 757 2959 812 id
2977 766 3063 813 est
3089 755 3304 822 Petrus,
3325 755 3639 812 Cornelium
3667 771 3734 812 ex
3758 769 3894 825 gen-

2293 849 2437 905 tibus
2475 849 2631 921 quasi
2675 849 2880 918 pullum
2931 849 3000 904 ad
3040 848 3201 905 ﬁdem
3222 847 3428 904 Christi
3455 848 3728 918 perduxit.
3758 847 3894 904 Item

2294 955 2392 1012 per
2430 941 2539 997 duo
2581 941 2835 996 animalia
2881 941 2988 997 duo
3035 941 3255 1012 populi,
3285 940 3547 996 Judaicus
3590 941 3803 996 scilicet
3843 950 3898 994 et

2292 1033 2529 1092 Gentilis
2576 1034 2904 1104 ﬁgurantur;
2957 1047 3079 1105 quae
3122 1034 3177 1088 in
3223 1033 3456 1088 adventu
3497 1030 3898 1102 discipulorum

2293 1126 2456 1198 ligata
2487 1133 2663 1189 erant,
2686 1125 2812 1196 quia
2839 1133 3067 1195 uterque
3108 1123 3340 1194 populus
3370 1123 3594 1177 vinculis
3638 1130 3904 1192 peccato-

2295 1233 2416 1274 rum
2461 1233 2683 1274 suorum
2726 1219 3055 1273 constrictus
3097 1226 3234 1271 erat.
3283 1216 3614 1271 Vestimenta
3659 1219 3907 1285 Aposto-

2297 1306 2472 1360 lorum
2504 1305 2592 1360 vel
2617 1303 2884 1360 doctrinae
2930 1311 3057 1357 sunt
3082 1303 3368 1364 virtutum,
3397 1301 3486 1357 vel
3535 1316 3699 1371 opera
3743 1302 3909 1370 justi-

2299 1399 2408 1452 tite.
2457 1395 2610 1453 Unde
2641 1396 2920 1466 psalmista
2954 1412 2967 1448 :
2997 1395 3308 1450 Sacerdotes
3348 1395 3426 1447 tui
3463 1395 3753 1447 induantur
3778 1394 3907 1463 jus-

2294 1489 2484 1542 titiam.
2515 1487 2697 1542 Turba
2743 1495 2928 1542 autem
2975 1485 3203 1556 plurima
3226 1527 3242 1550 ,
3267 1501 3390 1556 quae
3430 1483 3758 1540 vestimenta
3805 1499 3907 1540 sua

2298 1581 2461 1636 invia
2487 1581 2712 1647 stravit,
2743 1579 3199 1636 innumerabilem
3245 1577 3651 1660 multitudinem
3695 1588 3906 1650 marty—

2299 1689 2418 1728 rum
2449 1671 2748 1742 signiﬁcat,
2781 1673 2873 1741 qui
2895 1687 2957 1728 se
2989 1672 3209 1740 pr0prio
3252 1680 3520 1726 exuentes
3555 1669 3908 1734 indumento,

582 1770 926 1829 abundanter
976 1767 1308 1838 pauperibus
1357 1765 1578 1833 tribuit,
1603 1766 1818 1836 capillis
1861 1766 1978 1820 suis
2024 1766 2192 1837 pedes
2223 1772 2271 1832 Β
2298 1762 2725 1834 simplicioribus
2776 1763 2920 1818 viam
2952 1763 3188 1828 faciunt,
3216 1777 3323 1832 qua
3351 1762 3419 1818 ad
3465 1763 3729 1818 visionem
3757 1763 3914 1832 pacis

586 1863 798 1922 Domini
823 1860 1006 1931 tergit.
1036 1860 1239 1914 Domus
1266 1872 1399 1928 ergo
1429 1859 1634 1929 repleta
1661 1872 1728 1911 ex
1759 1857 1928 1913 odore
1958 1872 2193 1929 unguen-

587 1959 669 2023 ti,
701 1954 756 2010 id
779 1962 864 2010 est
887 1953 1066 2007 omnis
1106 1950 1374 2012 mundus,
1407 1957 1462 2004 et
1502 1948 1644 2003 fama
1673 1957 1784 2003 tam
1829 1948 2198 2004 devotissima:

589 2044 833 2102 mulieris
853 2083 872 2109 ,
905 2051 962 2098 et
991 2042 1192 2096 virtute
1221 2041 1463 2096 ﬁdelium
1491 2040 1640 2095 illam
1670 2041 1722 2094 in
1751 2040 1951 2096 talibus
1985 2041 2200 2095 imitanl

587 2138 746 2193 tium.
777 2135 912 2190 Nam
939 2132 1084 2202 quod
1111 2140 1238 2186 ante
1257 2147 1355 2188 sex
1381 2132 1501 2186 dies
1545 2131 1771 2187 Pascha:
1801 2147 2061 2202 passurus
2106 2133 2201 2188 Dei

592 2229 762 2284 Filius
809 2225 1126 2281 Bethaniam
1179 2223 1334 2288 adiit,
1374 2223 1646 2293 signiﬁcat
1688 2225 1833 2292 quod
1879 2225 2199 2291 hominem,

591 2335 757 2391 quem
786 2326 944 2375 sexta
974 2317 1107 2372 feria
1134 2316 1437 2379 conditum,
1465 2315 1777 2383 serpentina
1806 2314 1996 2372 fraude
2023 2316 2205 2387 perdi-

590 2413 768 2476 derat,
810 2424 907 2480 per
943 2407 1288 2473 Bethaniam,
1318 2405 1370 2460 id
1396 2414 1482 2460 est
1510 2420 1606 2474 per
1633 2405 1856 2460 domum
1881 2407 2207 2464 obedientite

591 2503 869 2562 transiens
887 2539 904 2570 ,
931 2501 1124 2558 eadem
1153 2509 1310 2555 sexta
1341 2499 1475 2554 feria
1507 2499 1729 2568 proprio
1765 2501 2032 2570 sanguine
2061 2501 2209 2558 redi-

595 2613 750 2655 mere
793 2595 1144 2668 properabat.
1178 2593 1225 2648 A
1267 2606 1371 2662 qua
1406 2590 1661 2661 praedicta
1687 2591 1908 2646 civitate
1946 2592 2209 2648 Bethania

593 2692 833 2749 crastina
858 2690 948 2745 die
971 2689 1184 2754 exiens,
1210 2688 1404 2758 quinto
1429 2685 1686 2741 videlicet
1713 2685 1802 2740 die
1827 2696 1953 2741 ante
1977 2687 2208 2754 Pascha,

595 2785 743 2858 quod
769 2793 855 2839 est
881 2782 1044 2836 hodie
1062 2819 1078 2846 ,
1105 2779 1256 2834 misit
1285 2779 1424 2833 duos
1453 2777 1755 2846 discipulos
1787 2790 1920 2832 suos
1952 2776 2212 2832 Hierusa-

597 2877 708 2932 lem
729 2873 921 2927 dioens
947 2871 1029 2925 eis
1059 2887 1072 2922 :
1102 2866 1183 2923 Ite
1208 2870 1264 2923 in
1291 2866 1588 2931 castellum,
1616 2867 1759 2938 quod
1784 2877 1964 2922 contra
1994 2884 2083 2922 vos
2103 2877 2177 2922 est
2198 2911 2212 2935 ,

601 2977 650 3023 et
698 2963 962 3020 invenietis
1005 2963 1212 3016 asinam
1260 2971 1310 3014 et
1355 2960 1560 3030 pullum
1590 2976 1609 3013 :
1649 2960 1833 3014 soluite
1877 2971 1927 3016 et
1971 2961 2218 3016 adducite

601 3058 752 3114 mihi.
776 3057 886 3122 Qui
931 3055 1182 3110 solantes
1230 3052 1562 3107 adduxerunt
1607 3052 1675 3105 ad
1703 3051 1920 3118 Jesum,
1949 3066 1998 3108 et
2042 3055 2214 3124 impo-

2299 1857 2590 1926 pervenire
2629 1855 2863 1911 valeant.
2892 1855 2998 1912 Per
3037 1857 3271 1913 asellum
3305 1856 3486 1924 enim,
3516 1857 3570 1911 in
3613 1871 3722 1926 quo
3749 1855 3910 1912 sede-

2300 1947 2411 2012 bat,
2440 1946 2706 2015 simplicia
2727 1946 3045 2015 gentilitatis
3071 1946 3232 2002 corda
3263 1947 3592 2017 ﬁgurantur;
3615 1962 3739 2017 qua:
3761 1947 3920 2002 velut

2302 2039 2560 2095 indomita
2608 2037 2773 2093 nullis
2814 2038 3115 2105 disciplinae
3162 2039 3480 2094 retinaculis
3531 2039 3695 2108 ligata
3726 2053 3919 2093 mane-

2303 2133 2436 2199 bat;
2494 2132 2561 2186 ad
2615 2130 2911 2186 simulacra
2959 2140 3142 2196 muta,
3175 2142 3336 2201 prout
3385 2130 3720 2198 ducebatur,
3762 2135 3914 2188 ince-

2304 2225 2443 2284 dens
2474 2241 2487 2276 :
2517 2238 2682 2293 quam
2729 2223 2991 2278 Dominus
3019 2221 3366 2293 praesidendo
3406 2233 3462 2276 et
3511 2223 3750 2292 regendo
3794 2236 3922 2292 per-

2307 2317 2544 2374 ducebat
2585 2316 2652 2370 ad
2700 2316 2964 2371 visionem
3007 2315 3156 2386 pacis
3205 2325 3446 2371 :eternae.
3499 2315 3745 2386 Denique
3807 2332 3917 2370 non

2309 2413 2517 2481 absque
2564 2409 2744 2480 magni
2769 2423 2932 2465 causa
2977 2408 3304 2464 sacramenti
3351 2406 3705 2464 factumesse
3733 2408 3920 2463 credi-

2312 2512 2416 2570 tur,
2449 2503 2593 2574 quod
2623 2503 2883 2558 Dominus
2907 2502 3010 2558 hac
3030 2501 3120 2558 die
3146 2501 3460 2572 specialiter
3479 2500 3920 2571 Hierosolymam

2313 2597 2541 2652 tendens
2573 2595 2872 2652 ministeria
2895 2596 3264 2664 iumentorum
3297 2592 3403 2648 sibi
3431 2591 3774 2658 adhibuerit;
3804 2591 3924 2660 pal-

2316 2703 2522 2745 marum
2552 2702 2770 2758 quoque
2806 2697 2862 2743 et
2909 2701 3185 2743 ramorum
3231 2701 3332 2741 seu
3361 2685 3554 2741 ﬂorum
3583 2673 3732 2740 varia
3759 2699 3924 2740 orna-

2315 2789 2499 2836 menta
2539 2779 2682 2835 circa
2727 2793 2788 2835 se
2830 2780 3071 2848 portari,
3116 2791 3406 2848 regemque
3448 2787 3506 2833 et
3551 2777 3926 2832 Dominnmse

2314 2873 2578 2943 appellari
2611 2873 2843 2928 voluerit
2873 2891 2886 2927 :
2913 2888 3037 2942 qua:
3064 2873 3248 2928 omnia
3279 2886 3425 2941 saepe
3461 2871 3800 2928 Hierusalem
3831 2886 3924 2926 ve-

2315 2968 2472 3022 niens
2510 2975 2668 3021 antea
2715 2966 2830 3021 ﬁeri
2856 2965 3164 3021 recusabat.
3199 2964 3325 3021 ideo
3354 2979 3589 3034 namque
3617 2978 3742 3020 cum
3769 2974 3920 3018 tanta

2320 3058 2486 3128 gloria
2533 3067 2617 3112 est
2655 3058 2962 3128 ingressus,
2991 3066 3052 3112 ut
3087 3059 3214 3126 quia
3240 3065 3455 3126 tempus
3497 3055 3767 3124 passionis
3805 3071 3926 3109 sua:

603 3159 816 3210 suerunt
839 3166 996 3220 super
1025 3165 1116 3204 eos
1161 3148 1460 3202 uestimenta
1489 3163 1586 3202 sua
1605 3178 1622 3212 ~,
1653 3156 1701 3200 et
1725 3163 1845 3201 eum
1868 3149 2092 3218 desuper
2134 3167 2215 3204 se-
2236 3145 2285 3207 C
2314 3149 2425 3218 iam
2455 3149 2658 3204 instare
2687 3148 2932 3215 sciebat,
2961 3147 3272 3204 Judaeorum
3315 3147 3527 3201 animos
3565 3147 3791 3202 excitari
3833 3161 3930 3201 co-

607 3245 730 3299 dere
773 3246 1023 3313 fecerunt.
1063 3237 1196 3293 Cum
1242 3238 1473 3292 audisset
1519 3237 1699 3303 turba,
1741 3251 1857 3308 quae
1887 3253 2096 3296 uenerat
2147 3243 2216 3295 ad

611 3337 748 3390 diem
780 3337 985 3404 festam,
1011 3332 1149 3402 quod
1173 3328 1330 3385 Iesus
1359 3339 1590 3401 pergeret
1608 3331 1680 3385 ad
1703 3330 2052 3399 Hierusalem,
2075 3350 2220 3389 acce-

610 3434 798 3497 perunt
842 3439 1014 3479 rmos
1066 3424 1378 3494 palmarum,
1430 3433 1778 3492 miseruntque
1824 3425 1870 3477 ei
1919 3425 2219 3490 obuiam,et

615 3517 907 3574 clamabant
938 3530 960 3571 :
1001 3514 1288 3581 Hosanna,
1319 3514 1619 3571 benedictus
1643 3515 1731 3584 qui
1757 3516 1895 3570 venit
1934 3517 1992 3571 in
2017 3519 2224 3572 nomine

629 3607 857 3663 Domini.

690 3697 749 3752 4.
787 3695 899 3752 Sed
925 3695 1053 3767 quia
1076 3694 1194 3751 hinc
1235 3694 1374 3752 facta
1405 3696 1620 3752 Domini
1659 3698 1837 3754 verbis
1877 3701 2222 3771 erangeiistae

616 3799 1045 3850 commemorata
1074 3789 1144 3844 ad
1174 3789 1410 3845 litteram
1447 3791 1580 3844 satis
1604 3798 1824 3859 patens,
1861 3793 2116 3862 quoniam
2157 3795 2229 3850 ita

621 3884 778 3940 fuere
822 3891 886 3938 ut
909 3889 1148 3945 sonant;
1179 3879 1443 3949 mysticus
1486 3893 1684 3935 sensus
1709 3879 1870 3936 nobis
1913 3897 2014 3948 pro
2053 3884 2232 3940 brevi-

2319 3251 2474 3312 geret
2497 3252 2686 3297 contra
2710 3256 2792 3310 se,
2824 3251 2882 3297 ut
2907 3257 3002 3312 per
3026 3250 3258 3298 mortem
3284 3241 3531 3311 corporis
3556 3240 3664 3306 sui,
3692 3251 3928 3298 mortem

2322 3338 2621 3390 animarum
2665 3346 2971 3391 nostrarum
3017 3337 3343 3391 destrueret.
3391 3335 3564 3406 Ergo,
3598 3346 3679 3392 ter
3727 3335 3934 3390 beatis-

2325 3429 2482 3493 simi,
2513 3429 2602 3499 qui
2655 3429 2957 3498 passionem
2994 3428 3138 3481 illius
3181 3428 3475 3482 recoiimus
3499 3468 3514 3492 ,
3548 3426 3651 3484 etsi
3681 3443 3783 3498 pro
3838 3428 3932 3481 illo

2328 3531 2516 3575 omnes
2558 3520 2698 3574 mori
2749 3533 2854 3573 non
2886 3531 3206 3589 possumus,
3233 3528 3287 3573 et
3327 3516 3624 3589 paciﬁcatis
3668 3515 3934 3573 Ecclesim

2329 3611 2850 3679 calumniatoribus,
2902 3609 3106 3667 bellum
3155 3621 3278 3665 eum
3331 3611 3410 3665 eis
3465 3621 3572 3664 non
3621 3610 3932 3677 habemus,

2331 3705 2459 3759 vitia
2486 3713 2668 3759 tamen
2699 3704 3066 3760 membrorum
3113 3711 3424 3758 nostrorum
3466 3699 3795 3756 mortiﬁcare
3832 3715 3935 3755 eu-

2333 3807 2543 3861 remus,
2575 3803 2637 3850 ut
2677 3805 2801 3864 post
2844 3795 3047 3850 luctum
3075 3793 3343 3865 passionis
3367 3835 3383 3860 ,
3415 3793 3612 3863 gaudia
3649 3807 3934 3848 resurrec-

2333 3887 2496 3942 tionis
2519 3887 2821 3957 capientes,
2846 3901 2972 3942 cum
2999 3900 3067 3941 eo
3088 3885 3161 3942 de
3188 3885 3337 3940 vitiis
3375 3883 3446 3940 ad
3473 3885 3734 3939 virtut”
3777 3883 3939 3938 celsi-

622 3981 739 4029 tate
762 3970 1085 4042 pandenda
1105 3977 1194 4025 at
1211 4007 1230 4034 ,
1262 3969 1355 4036 qui
1398 3969 1608 4023 cunctis
1634 3969 1742 4025 nisi
1785 3970 2124 4039 sapientibus
2142 3988 2236 4030 oc-
2336 3977 2577 4034 tudinem
2601 3991 2889 4048 resurgere
2908 3991 3194 4050 queamus.
3229 3979 3422 4032 Amen.

623 4064 885 4120 enitatur.
917 4063 1032 4116 Duo
1076 4074 1314 4128 namque
1359 4057 1616 4129 discipuli
1663 4060 1801 4116 duos
1845 4062 2064 4119 ordines
2094 4079 2234 4136 pra:-

623 4193 1007 4216 ﬂ

1733 4277 2383 4378 EXPOSITIO
2441 4291 2508 4378 F
2511 4293 2546 4376 Ι
2554 4289 2758 4380 DEI
2790 4294 2860 4380 ³.

703 4560 1142 4617 Proﬁtemurnos
1163 4553 1390 4640 credere
1411 4553 1798 4613 iudivisibilem
1817 4571 1875 4615 et
1898 4562 2234 4633 inseparabiz
2261 4546 2318 4606 Β
2342 4548 2562 4624 naturas
2589 4567 2998 4627 introducentes
3023 4579 3082 4627 ut
3110 4569 3273 4626 Arius
3299 4567 3640 4640 biasphemat
3665 4609 3678 4634 ,
3708 4565 3798 4638 qui
3835 4575 3946 4622 tres

636 4657 742 4712 lem
766 4659 1008 4708 sanctam
1029 4639 1376 4710 Trinitatem,
1397 4646 1500 4700 hoc
1523 4656 1603 4701 est
1637 4647 1852 4705 Patrem
1881 4663 1935 4707 et
1960 4653 2158 4710 Filium
2185 4669 2240 4712 ct

638 4743 899 4813 Spiritum
917 4747 1356 4805 sanctum,unum
1375 4737 1567 4804 Deum,
1587 4738 1661 4793 ita
1679 4752 1846 4796 unum
1866 4752 1920 4798 et
1938 4745 2162 4813 trinum,
2187 4758 2242 4804 et

635 4835 712 4888 ita
737 4833 937 4888 trinum
959 4839 1014 4884 et
1030 4842 1194 4883 unum
1215 4826 1561 4882 :Trin‘rtetem
1594 4828 1644 4882 in
1665 4829 1932 4889 distinctis
1953 4845 2116 4907 atque
2129 4837 2241 4893 dis-

639 4927 804 4984 cretis
825 4922 1112 4994 personis:
1136 4919 1240 4974 hoc
1263 4928 1350 4974 est
1366 4919 1581 4975 Patrem
1602 4935 1668 4977 es
1692 4939 1801 4994 quo
1815 4929 2023 4988 munia.
2047 4929 2239 4985 Filium

637 5035 736 5093 per
752 5032 910 5090 quem
929 5013 1398 5084 omnia,Spiritum
1411 5023 1655 5070 sanctum
1676 5019 1729 5071 in
1748 5036 1854 5088 quo
1867 5023 2070 5087 omnia;
2087 5024 2243 5079 unius

637 5124 821 5169 tamen
849 5106 1088 5171 deitatis,
1116 5105 1272 5160 unius
1296 5107 1572 5175 esse-mide,
1597 5110 1866 5180 uniusque
1889 5113 2208 5170 substantia:
2226 5158 2239 5181 ,

633 5211 686 5265 in
715 5207 887 5262 tribus
911 5202 1125 5272 quidem
1150 5198 1521 5256 subsistentiis
1542 5216 1640 5256 seu
1661 5206 1916 5271 personis
1941 5243 1955 5270 ,
1988 5215 2048 5260 ut
2080 5207 2242 5263 Pater

633 5310 791 5372 pater
820 5298 923 5362 sit,
950 5293 1120 5348 Filius
1167 5293 1309 5348 ﬁiius
1337 5293 1439 5359 sit,
1470 5293 1704 5362 Spiritus
1751 5305 1971 5351 sanctus
2019 5299 2242 5369 spiritus

635 5399 855 5448 sanctus
889 5388 998 5453 sit,
1045 5385 1101 5440 in
1153 5397 1255 5439 una
1301 5394 1496 5439 natura
1535 5398 1752 5456 unaque
1801 5388 2139 5460 substantia,
2181 5403 2245 5448 ut

635 5483 780 5538 Deus
825 5493 966 5537 unm
1003 5486 1061 5534 et
1103 5478 1253 5533 solus
1301 5487 1357 5532 et
1395 5491 1646 5532 summus
1679 5479 1957 5536 credatur.
1986 5483 2101 5539 Non
2127 5493 2245 5543 tres

710 5632 736 5660 ιι
766 5622 1096 5702 Eam-tique
1117 5615 1316 5702 neglige
1338 5618 1627 5702 latinam»,
1654 5621 1785 5679 olim
1812 5622 2091 5698 Bobiensi,
2113 5643 2244 5702 post

635 5689 807 5753 libros
831 5685 892 5750 ὃς
923 5683 1212 5763 Augustini
1237 5687 1307 5746 de
1338 5683 1620 5748 Trinitate.

2345 4661 2475 4718 deos
2519 4663 2830 4732 prmdicavit
2855 4707 2868 4732 ,
2897 4665 3343 4722 excellentiorem
3367 4707 3380 4730 ,
3408 4664 3707 4729 minorem,
3731 4671 3788 4716 et
3810 4659 3949 4716 inie-

2347 4754 2569 4810 riurem.
2600 4755 2710 4814 Nos
2757 4775 2888 4815 vero
2941 4770 3189 4816 sanctam
3239 4757 3562 4815 Trinitatem
3604 4758 3658 4812 in
3705 4757 3946 4820 unitate,

2348 4854 2402 4900 ct
2432 4843 2686 4902 unitatem
2717 4847 2769 4903 in
2803 4860 2987 4907 sancta
3009 4847 3274 4907 Trinitate
3295 4850 3638 4906 conﬁtemur.
3664 4848 3799 4902 Nam
3823 4864 3946 4904 cum

2350 4937 2577 4994 dicimus
2638 4941 3062 5014 omnipotentem
3121 4943 3376 5011 Patrem,
3424 4941 3718 5014 appellatio
3787 4940 3950 5010 hujus

2352 5029 2567 5085 Paterni
2617 5032 2852 5089 nominis
2900 5034 2968 5090 ad
3021 5034 3151 5094 Filii
3199 5051 3482 5106 personam
3523 5031 3846 5090 attenditur.
3880 5031 3953 5086 Et

2350 5137 2472 5179 cum
2517 5123 2745 5181 dicimus
2795 5135 3060 5183 mlernum
3123 5129 3358 5198 Filium,
3409 5126 3478 5184 ad
3529 5125 3723 5183 alterni
3773 5125 3953 5180 Patris

2347 5227 2636 5285 DCI'SOilalll
2701 5217 2954 5275 refertur.
2998 5220 3066 5275 Et
3110 5237 3233 5276 cum
3285 5220 3633 5276 nominamus
3682 5215 3949 5287 Spiritum

2347 5316 2594 5364 Sanctum
2617 5352 2632 5377 ,
2661 5312 2729 5368 ab
2773 5315 2962 5370 aeterni
2993 5314 3174 5370 Patris
3220 5329 3452 5386 persona
3498 5328 3624 5368 eum
3662 5309 3893 5365 credere
3921 5304 3950 5344 δ

2346 5399 2809 5461 demonsu'amus.
2843 5405 2979 5464 Cum
3021 5417 3200 5462 autem
3251 5404 3485 5462 dicimus
3529 5405 3695 5460 Deum
3729 5402 3951 5457 Patrem

2351 5494 2813 5568 ornnipotentcm,
2849 5515 2953 5554 non
2999 5509 3179 5570 potest
3225 5499 3384 5571 hujus
3424 5496 3663 5553 nominis
3695 5492 3958 5549 evacuari

2417 5644 2450 5686 ι
2474 5637 2611 5695 God.
2635 5639 2708 5695 ab
2731 5653 2939 5700 mante
2967 5640 3148 5699 Putris
3177 5655 3399 5715 parum
3424 5648 3474 5695 et
3493 5639 3722 5695 crudae.
