4194 6184
638 275 742 332 355

1137 262 1570 325 MONUMENTA
1608 258 1889 319 VETERA
1928 256 2022 312 AD
2061 251 2467 311 ARIANORUM
2504 248 2905 309 DOCTRINAM
2941 242 3433 305 PERTINENTIAJ

3830 235 3953 297 658

634 385 807 442 mtatis
834 383 1227 439 incrementum
1276 396 1383 434 non
1416 378 1645 442 habuit,
1678 375 1945 430 minorem
1968 385 2234 441 generare
2260 374 2310 430 A
2339 369 2475 437 lius,
2507 384 2614 422 non
2651 367 2741 421 ille
2769 382 2833 419 ex
2866 364 3026 421 Filio.
3060 365 3265 419 Tamen
3296 372 3351 415 ut
3379 356 3741 430 aequalitatem
3768 371 3954 428 agno—

634 496 743 534 non
770 479 969 545 potuit:
1001 475 1095 531 sed
1128 475 1349 530 omnino
1373 473 1545 541 qualis
1578 479 1665 525 est
1688 479 1861 538 pater,
1894 466 2057 520 talem
2087 472 2141 518 et
2172 463 2235 516 ii-

634 572 764 626 lium
796 586 918 625 esse
946 582 1216 638 cognosco
1241 607 1255 631 ,
1290 566 1427 623 sicut
1470 562 1772 631 ipsedicit;
1806 559 1908 624 Qui
1942 573 2021 611 me
2052 555 2187 609 videt
2216 597 2231 622 ,

638 664 773 717 videt
795 672 839 716 et
876 661 1081 714 Patrem
1110 658 1516 731 (Joan.,x1v,9)
1536 666 1618 719 ;et
1648 652 1774 707 alibi
1793 669 1805 705 :
1824 651 1924 715 Qui
1953 665 2054 702 non
2074 647 2237 700 hono-

640 754 811 826 riﬁcat
839 752 888 806 F
891 754 1061 818 ilium,
1097 768 1199 805 non
1225 750 1536 817 honoriﬁcat
1566 746 1773 800 Patrem
1794 744 1881 813 qui
1927 743 2064 795 misit
2088 741 2238 793 illum

634 830 908 922 '(Joun.,v,
932 850 1047 918 25).
1082 847 1191 902 Sed
1222 845 1358 900 forte
1389 842 1511 913 Quia
1536 841 1689 894 audis
1720 839 1965 894 missum.
2001 835 2121 889 ideo
2143 848 2239 903 pu-

642 957 723 1000 tas
756 946 1043 999 minorem.
1072 942 1223 1010 Rogo
1255 953 1304 993 te
1323 980 1338 1004 ,
1375 939 1543 991 Deum
1574 934 1753 990 credis
1782 945 1901 986 esse
1926 928 2150 992 Filium,
2172 941 2240 979 an

562 1068 569 1073 -
647 1040 798 1094 non?
848 1037 979 1090 Sine
1030 1033 1200 1087 dubio
1250 1044 1612 1099 responsurus
1633 1040 1726 1085 es.
1781 1025 1983 1088 Deum;
2035 1020 2163 1090 quia
2190 1026 2246 1073 et

643 1132 689 1187 si
749 1140 804 1184 tu
851 1144 1049 1199 negare
1093 1125 1369 1187 volueris,
1422 1122 1623 1177 sanctis
1674 1119 1968 1185 Scripturis
2022 1114 2242 1169 convin-

646 1223 787 1278 ceris
809 1263 826 1287 ,
861 1220 1075 1273 dicente
1100 1215 1404 1281 Apostolo:
1444 1213 1524 1267 Ea:
1558 1211 1742 1279 quibus
1786 1207 2019 1262 Christus
2058 1222 2242 1260 serun-

648 1313 772 1367 dum
822 1326 1061 1376 carnem,
1089 1308 1179 1378 qui
1207 1317 1282 1361 est
1312 1322 1469 1371 super
1499 1306 1670 1358 omnia
1696 1302 1833 1354 Deus
1871 1299 2163 1353 benedictus
2192 1298 2245 1349 in

648 1406 839 1461 saxum
874 1404 1079 1473 (Rom.,
1111 1417 1185 1466 ix,
1217 1399 1292 1471 5).
1323 1400 1390 1451 Et
1417 1398 1653 1453 Joannes
1680 1398 1730 1449 in
1756 1394 1994 1462 Epistola
2024 1407 2149 1446 sua:
2178 1390 2247 1445 Ut

649 1498 1042 1565 simus,inquit,
1072 1496 1125 1547 in
1150 1510 1265 1547 vero
1296 1491 1438 1546 Filio
1469 1495 1604 1565 ejus,
1634 1491 1722 1553 qui
1751 1499 1822 1542 est
1851 1503 1998 1541 verus
2022 1484 2249 1550 Deus,et

650 1585 753 1638 vita
772 1593 961 1637 (eterna
993 1580 1036 1644 (Ι
1058 1578 1243 1641 Joan.,
1267 1595 1319 1641 ν,
1345 1578 1465 1645 20).
1502 1578 1567 1631 Ει
1590 1575 1825 1630 Thomas
1852 1592 1863 1626 :
1900 1572 2039 1626 Deus
2062 1587 2204 1623 meus
2230 1610 2245 1635 ,

652 1675 864 1744 inquit,
898 1683 944 1725 et
968 1670 1221 1724 Dominus
1244 1686 1387 1723 meus
1428 1666 1637 1733 (Joan.,
1663 1683 1754 1726 xx.
1788 1666 1905 1732 28).
1937 1664 2003 1717 Et
2029 1661 2249 1716 llitvlchi-

2336 460 2620 526 scas,audi
2651 462 2700 513 in
2732 459 3030 528 Scripturis
3062 457 3148 512 ubi
3177 458 3340 511 etiam
3380 453 3526 521 prior
3556 450 3723 505 Filius
3759 451 3953 503 nomi-

2339 566 2512 609 natur.
2541 553 2776 608 Joannes
2795 551 3122 619 evangelista
3152 550 3253 602 ait:
3279 547 3346 601 In
3376 546 3634 615 principio
3661 554 3775 598 erat
3810 542 3953 596 Ver—

2340 648 2481 713 bum,
2504 655 2549 699 et
2586 644 2807 699 Verbum
2835 654 2942 697 erat
2971 641 3112 714 apud
3137 640 3320 703 Deum,
3338 650 3384 693 et
3407 638 3548 693 Deus
3571 648 3679 692 erat
3717 635 3959 690 Verbum

2345 739 2550 803 (Joan.,
2582 754 2619 799 ι.
2650 736 2731 808 ‘2).
2795 737 2850 791 In
2882 735 3059 789 Verbo
3090 734 3275 801 utique
3307 732 3504 786 Filium
3562 728 3836 784 indicavit.
3884 728 3961 781 Et.

2343 834 2634 903 Apostolus
2648 832 2714 886 ad
2733 831 2994 900 Ephesios
3020 846 3032 881 :
3064 829 3142 881 An
3157 826 3362 880 nescitis
3378 826 3503 895 quia
3524 824 3691 877 omnis
3716 822 3953 889 fornica—

2344 934 2423 980 tor
2439 937 2485 979 et
2507 924 2803 978 immundus
2829 940 2930 976 non
2962 921 3109 974 habet
3156 919 3507 973 [nereditatem
3530 918 3583 969 in
3613 931 3772 986 regno
3798 912 3960 969 Chri-

2344 1020 2409 1073 sti
2431 1032 2477 1073 et
2513 1018 2606 1071 Dei
2634 1016 2879 1089 (Ephes.,
2907 1014 3212 1082 v,5)?Eccc
3242 1024 3291 1065 et
3327 1013 3411 1066 hic
3428 1010 3605 1079 priore
3634 1010 3755 1061 loco
3785 1005 3962 1061 Filius

2348 1110 2683 1165 nominatur.
2726 1109 2788 1161 Et
2822 1108 2887 1161 ad
2917 1106 3171 1161 Galatas:
3207 1103 3408 1157 Paulus
3454 1100 3733 1173 Apostolus
3756 1116 3862 1153 non
3893 1097 3964 1151 ab

2348 1201 2667 1267 hominibus,
2700 1216 2859 1270 neque
2891 1214 2980 1266 per
3010 1198 3273 1251 hominem
3293 1236 3308 1261 ,
3335 1193 3424 1248 sed
3452 1209 3536 1263 per
3561 1190 3741 1245 Iesum
3792 1188 3965 1243 Chri-

2348 1308 2480 1352 stum
2499 1307 2544 1349 et
2558 1294 2723 1348 Deum
2747 1292 2955 1346 Patrem
2974 1291 3145 1363 (ϐαίη
3172 1288 3303 1359 1,1).
3323 1289 3390 1343 Et
3411 1287 3476 1339 ad
3501 1284 3969 1340 Thessalonicen-

2348 1403 2472 1444 ses:
2507 1387 2631 1456 Ipse
2659 1398 2824 1441 autem
2856 1384 3108 1438 Dominus
3157 1380 3309 1435 Iesus
3358 1377 3592 1432 Christus
3638 1386 3687 1429 et
3721 1374 3861 1428 Dens
3912 1382 3967 1429 et

2352 1492 2495 1553 pater
2522 1491 2721 1544 noster,
2744 1480 2831 1548 qui
2856 1478 3035 1531 dilexit
3064 1492 3157 1529 nos
3181 1474 3251 1541 (ll
3270 1473 3481 1533 Thess..
3507 1486 3567 1535 ιι,
3602 1468 3719 1540 15).
3743 1468 3823 1521 Ad
3851 1466 3971 1522 Co-

2351 1572 2804 1629 ritttliioszGratia
2837 1569 3045 1623 Domini
3072 1568 3232 1621 nostri
3260 1563 3294 1618 Ι
3302 1581 3389 1618 esu
3422 1561 3614 1617 Christi
3642 1572 3688 1615 et
3724 1559 3962 1612 Charitas

2353 1665 2449 1720 Dei
2484 1664 2677 1729 Patris,
2694 1674 2738 1718 et
2760 1660 3152 1717 communicatio
3176 1659 3340 1712 sancti
3372 1654 3604 1726 Spiritus
3635 1668 3749 1705 cum
3788 1650 3970 1704 omni-

653 1742 1111 1821 sedechsummns
1129 1755 2250 1824 sacerdos:Benedictus,inqtiit,Abraham
2281 1776 2328 1837 Β
2356 1759 2447 1811 bus
2470 1757 2609 1811 vobis
2633 1754 2700 1827 (ll
2730 1753 2876 1815 Cur"
2916 1767 3009 1808 xm
3034 1795 3049 1816 ,
3088 1751 3201 1818 15).
3236 1749 3303 1802 Ει
3332 1748 3449 1817 ipse
3492 1742 3755 1800 Dominus
3789 1742 3928 1796 dicit
3951 1755 3970 1794 :

650 1858 761 1912 Deo
783 1857 1007 1919 excelso,
1031 1856 1117 1925 qui
1130 1853 1317 1907 creavit
1341 1854 1526 1906 caelum
1552 1863 1597 1904 et
1614 1862 1807 1905 (errant
1824 1845 2245 1918 (Gen.,xw,i9).

656 1949 818 2004 Vides
852 1948 976 2018 quia
1009 1962 1113 2001 non
1143 1947 1293 2000 solus
1326 1945 1467 1999 Deus
1494 1986 1508 2009 ,
1540 1942 1634 1998 sed
1670 1942 1810 1995 Deus
1837 1940 2089 1993 excelsus
2124 1936 2253 1990 Mel-

656 2038 945 2094 chisedech
1002 2037 1229 2091 vocibus
1259 2034 1665 2105 comprobatur.
1707 2031 1884 2086 Testis
1912 2038 2069 2084 estet
2112 2026 2253 2081 Osee

657 2132 942 2203 prOpheta,
971 2131 1160 2185 dicens
1186 2146 1199 2183 :
1232 2128 1473 2181 Firntans
1496 2128 1699 2189 caelum,
1734 2135 1781 2179 et
1802 2140 1979 2177 creans
2027 2133 2214 2176 terram
2235 2163 2251 2187 ,

659 2243 751 2297 ego
784 2223 1038 2277 Dominus
1067 2220 1208 2274 Deus
1236 2230 1379 2284 tuus,
1408 2221 1556 2291 cujus
1597 2234 1780 2271 manus
1820 2224 2120 2271 creaverunt
2146 2230 2257 2268 om-

662 2334 778 2372 nem
804 2315 1043 2369 militiam
1072 2313 1186 2367 caeli
1209 2311 1371 2383 (lsa.,
1401 2328 1510 2375 xu,
1532 2311 1618 2373 18;
1640 2309 1861 2380 xui,5).
1886 2309 2083 2377 Siergo
2118 2308 2258 2360 Deus

664 2418 747 2463 εει
780 2406 977 2471 Filius,
1007 2406 1173 2458 immo
1211 2404 1334 2472 quia
1370 2402 1513 2456 Deus
1543 2411 1649 2465 est,
1692 2401 1816 2470 quia
1856 2415 1949 2468 per
1979 2400 2153 2467 ipsum
2184 2397 2261 2451 l'a-

661 2510 748 2555 cta
778 2508 904 2554 sunt
934 2497 1138 2563 omnia,
1171 2506 1224 2550 et
1256 2510 1361 2549 non
1379 2494 1555 2548 solum
1596 2509 1700 2549 non
1734 2492 1931 2556 minor,
1966 2490 2058 2545 sed
2084 2489 2262 2546 excel-

666 2609 760 2650 sus
792 2594 962 2657 Deus;
1016 2592 1292 2660 interrogo
1324 2598 1377 2643 te
1405 2630 1421 2655 ,
1453 2598 1628 2642 utrum
1663 2587 1805 2640 Deus
1833 2585 2025 2654 ubique
2047 2583 2116 2637 sit
2143 2624 2157 2649 ,
2191 2599 2262 2639 an

663 2686 803 2740 forte
833 2682 1126 2739 localiter?
1154 2681 1290 2736 Cum
1317 2680 1540 2750 impium
1569 2680 1636 2732 sit
1667 2692 1863 2746 negare
1892 2675 2037 2747 quod
2067 2675 2263 2745 ubique

663 2779 735 2832 sit
768 2777 929 2840 Deus,
961 2788 1146 2844 quaiso
1168 2782 1242 2839 te,
1270 2771 1356 2825 ubi
1397 2770 1594 2824 missus
1622 2772 1741 2822 est?
1783 2767 1889 2823 Sed
1949 2766 2262 2820 missionem

666 2870 790 2924 Filii
822 2867 1243 2923 incarnationem
1275 2864 1391 2933 ejus
1433 2863 1673 2932 intellige
1694 2905 1707 2927 ,
1742 2862 1858 2930 ipso
1890 2859 2154 2929 Apostolo
2172 2873 2266 2912 ex-

669 2972 902 3030 ponente
933 2980 946 3015 :
978 2957 1145 3023 Misit,
1178 2958 1373 3026 inquit,
1397 2955 1539 3009 Deus
1560 2953 1757 3007 Filium
1784 2969 1933 3006 suam
1963 2956 2158 3024 factum
2203 2967 2266 3005 ea:

668 3054 901 3119 muliere,
932 3056 1125 3122 factum
1148 3048 1241 3103 sub
1270 3048 1377 3119 lege
1409 3046 1665 3117 (Gat.,iv,
1684 3046 1766 3115 4).
1795 3045 2031 3113 Denique
2060 3044 2127 3097 de
2149 3044 2266 3112 ipso

2357 1851 2470 1919 Ego
2501 1859 2549 1903 et
2584 1848 2743 1903 Pater
2769 1864 2925 1902 unum
2954 1863 3130 1900 sumus
3159 1843 3365 1913 (Joan.,
3392 1858 3425 1897 x
3447 1882 3459 1905 ,
3492 1838 3605 1911 '50).
3640 1838 3755 1893 Non
3786 1836 3923 1891 dicit
3951 1853 3967 1889 :

2353 1944 2515 1998 Pater
2536 1952 2589 1997 et
2620 1958 2738 2011 ego.
2771 1941 2836 1994 Et
2859 1940 2985 1995 alibi
3017 1958 3029 1993 :
3061 1938 3164 2005 Qui
3192 1954 3270 1991 me
3292 1935 3425 1989 videt
3449 1975 3463 1999 ,
3504 1934 3638 1988 videt
3667 1941 3715 1985 et
3746 1928 3967 1984 Patrem

2358 2033 2563 2106 (Joan.,
2592 2049 2703 2098 xw,
2718 2034 2796 2103 9).
2825 2032 2887 2086 Et
2909 2032 3103 2085 iterum
3121 2048 3134 2082 :
3151 2030 3254 2098 Qui
3275 2045 3377 2082 non
3400 2026 3705 2097 honoriﬁcat
3729 2022 3955 2087 Filiam,

2356 2147 2459 2183 non
2491 2130 2794 2195 honoriﬁcat
2813 2127 3025 2182 Patrem
3052 2128 3138 2196 qui
3164 2127 3297 2178 misit
3323 2126 3472 2179 illuni
3500 2121 3709 2193 (Joan.,
3744 2137 3797 2185 ν,
3832 2120 3971 2190 25).

2359 2220 2502 2277 Ecce
2526 2222 2739 2291 quoties
2764 2219 2944 2288 priore
2977 2219 3097 2273 loco
3124 2217 3288 2273 Filius
3317 2215 3665 2271 nominatur!
3700 2213 3807 2269 Sed
3838 2212 3969 2283 quia

2362 2311 2418 2367 in
2468 2312 2630 2367 Patre
2659 2324 2714 2367 ει
2741 2312 2880 2366 Filio
2907 2312 3184 2381 aqiialitas
3213 2319 3318 2375 est,
3349 2307 3556 2363 nullum
3588 2304 3970 2376 praeiudicium

2363 2420 2467 2459 nec
2510 2415 2637 2459 ante
2668 2418 2766 2458 nec
2798 2411 2989 2473 postea
3042 2402 3352 2457 nominatus
3377 2400 3533 2455 alteri
3583 2400 3783 2469 poterit
3808 2396 3977 2453 exhi-

2362 2496 2516 2563 bere,
2550 2496 2673 2565 quia
2730 2496 2877 2549 nulla
2917 2505 3001 2549 est
3040 2494 3326 2549 diversitas
3354 2535 3368 2559 ,
3412 2492 3501 2546 ubi
3547 2501 3629 2546 est
3660 2491 3887 2560 aequalis
3916 2492 3975 2547 in

2365 2601 2598 2660 utroque
2624 2589 2900 2644 divinitas.
2926 2587 3030 2643 Sed
3062 2588 3182 2642 ideo
3213 2588 3293 2641 sic
3318 2585 3713 2657 legimus,quia
3734 2585 3975 2639 humana

2364 2683 2567 2738 locutio
2614 2682 2773 2736 aliter
2828 2696 2887 2735 se
2918 2697 3023 2735 non
3067 2679 3211 2734 valet
3258 2678 3558 2750 expedire,
3593 2676 3697 2731 nisi
3740 2686 3796 2730 ut
3846 2690 3973 2730 cum

2368 2789 2536 2827 unum
2571 2773 2767 2828 dixerit
2794 2815 2808 2837 ,
2840 2772 2919 2826 sic
2942 2772 3171 2824 alterum
3203 2770 3366 2825 dicat.
3400 2771 3541 2824 Ecce
3572 2776 3631 2823 ut
3658 2781 3922 2838 agnoscas
3956 2806 3973 2832 ,

2367 2850 2490 2938 quia
2523 2868 2654 2922 nihil
2677 2867 2750 2920 ibi
2782 2866 2978 2937 majus,
3000 2865 3242 2935 nihilque
3271 2864 3446 2919 minus
3472 2872 3576 2927 est,
3626 2864 3793 2916 cessit
3818 2876 3976 2931 qua:-

2368 2963 2475 3013 stio
2498 2960 2562 3012 de
2578 2959 2737 3014 Patre
2755 2960 2996 3012 anterius
3023 2958 3301 3012 nominato
3323 2956 3482 3026 :quia
3501 2953 3592 3009 ubi
3608 2968 3713 3007 una
3738 2960 3825 3007 est
3846 2952 3979 3006 sub-

2370 3053 2591 3113 stantia.
2625 3067 2729 3105 una
2758 3051 2960 3118 deitas,
2992 3058 3048 3104 et
3072 3048 3432 3119 incorporalis
3465 3045 3824 3110 immensitas,
3849 3044 3977 3098 nul-

668 3146 897 3217 legimus
925 3148 977 3199 in
1009 3143 1265 3214 propheta
1287 3142 1513 3195 :Ctelum
1535 3150 1581 3194 et
1608 3153 1796 3195 terram
1826 3157 1919 3210 ego
1946 3140 2158 3207 impleo,
2186 3139 2265 3191 di-

2376 3146 2422 3199 la
2449 3156 2531 3201 est
2560 3147 2849 3216 dispariles
2878 3144 2963 3199 vel
2988 3144 3276 3199 diversitas
3303 3140 3679 3197 existimanda.
3712 3138 3813 3195 Ubi
3828 3138 3978 3193 enim

667 3241 736 3293 cit
764 3239 1015 3293 Dominus
1044 3236 1203 3306 (Jer..
1238 3250 1395 3293 xxttt,
1419 3234 1540 3299 24).
1576 3233 1644 3287 Et
1692 3232 2034 3303 Evangelista
2076 3232 2145 3286 de
2175 3248 2268 3288 eo-

674 3336 796 3389 dem
818 3353 831 3386 :
851 3332 1003 3386 Pleni
1014 3331 1264 3393 tudinem,
1299 3328 1493 3394 inquit,
1520 3330 1633 3399 ejus
1655 3342 1748 3380 nos
1770 3342 1946 3379 omnes
1981 3327 2274 3395 accepimus

679 3426 885 3496 (Joan.,
920 3440 957 3489 ι,
986 3421 1098 3491 16).
1118 3421 1182 3475 Ει
1211 3420 1257 3474 si
1285 3420 1465 3476 omnia
1487 3417 1825 3487 ipsoimplet,
1848 3418 1936 3472 ubi
1969 3419 2165 3471 missus
2191 3424 2277 3471 est

677 3516 832 3585 cujus
855 3514 1137 3582 majeState
1181 3512 1334 3580 plena
1375 3519 1502 3564 sunt
1524 3510 1743 3564 omnia?
1776 3508 1884 3565 Sed
1930 3509 2106 3564 adhuc
2134 3509 2275 3563 forte

676 3608 834 3672 dicis,
865 3607 1005 3660 sicut
1034 3604 1193 3657 habet
1215 3602 1451 3657 carnalis
1481 3602 1784 3656 intellectus
1804 3642 1819 3669 ,
1869 3602 2011 3656 inter
2053 3602 2277 3671 gignen-

681 3712 786 3756 teni
822 3699 1033 3765 Patrem
1066 3706 1122 3752 et
1150 3699 1387 3766 genitum
1421 3694 1613 3749 Filium
1641 3710 1745 3749 n0n
1773 3694 2013 3763 potuisse
2035 3693 2150 3749 lieri
2174 3694 2275 3748 nisi

682 3800 734 3846 ut
758 3789 975 3861 aliquod
1005 3788 1197 3843 fuisset
1223 3788 1478 3858 spatium.
1505 3786 1749 3855 Spatium
1764 3786 1912 3841 horae
1942 3786 2164 3852 faciunt,
2183 3787 2279 3842 ho-

681 3899 758 3937 rae
788 3888 1001 3951 tempus
1045 3880 1361 3950 designant;
1389 3892 1453 3931 ac
1492 3878 1607 3942 sic,
1634 3877 1680 3931 si
1727 3886 1941 3946 tempus
1988 3878 2278 3946 anteponis

684 3976 844 4038 Filio,
877 3992 985 4029 non
1017 3973 1197 4027 omnia
1223 3988 1317 4042 per
1346 3971 1520 4038 ipsum
1548 3970 1683 4025 facta
1708 3969 1913 4024 fateris.
1965 3969 2030 4023 Et
2059 3971 2146 4023 tibi
2196 3979 2281 4027 est

683 4069 813 4122 illud
843 4086 856 4119 :
886 4067 1071 4121 Omnia
1104 4082 1194 4133 per
1230 4067 1399 4133 ipsum
1429 4068 1569 4133 facta
1597 4074 1712 4116 sunt
1767 4062 1817 4132 (Ι
1827 4063 1932 4116 bid.
1952 4104 1966 4131 ,
2000 4062 2056 4135 5)
2078 4064 2101 4117 ?
2121 4064 2280 4121 Certe

684 4160 982 4215 secundum
1014 4168 1155 4210 tuam
1186 4154 1611 4226 propositionem
1652 4154 1977 4222 respoitdeo,
2013 4156 2103 4224 qui
2142 4156 2280 4212 dicis

686 4254 854 4308 fuisse
868 4252 1083 4307 Patrem
1100 4250 1388 4320 aliquando
1402 4250 1521 4306 sine
1536 4250 1895 4319 Filio.Utique
1909 4251 2133 4321 legimus
2148 4253 2284 4321 pari-

689 4360 771 4402 ter
804 4348 855 4401 in
884 4345 1147 4416 Apostolo
1178 4364 1189 4399 :
1216 4342 1474 4397 Christum
1508 4343 1601 4399 Dei
1630 4346 1867 4399 virtutem
1892 4358 1937 4399 et
1964 4345 2055 4400 Dei
2078 4348 2285 4415 sapien-

690 4443 816 4496 tiam
836 4442 875 4513 (l
902 4439 1021 4496 Cor.
1040 4455 1077 4500 ι,
1094 4438 1214 4511 24),
1234 4440 1415 4508 etipse
1427 4438 1495 4493 de
1520 4456 1578 4494 se
1594 4440 1855 4493 Dominus
1880 4440 2145 4510 loquitur:
2174 4439 2283 4512 Ego

2376 3255 2518 3294 unus
2554 3241 2692 3292 Deus
2716 3237 2959 3292 creditur
2982 3277 2997 3301 ,
3038 3236 3109 3291 ibi
3141 3237 3388 3289 minoret
3419 3234 3593 3304 major
3639 3232 3975 3288 excluditur.

2373 3330 2559 3385 Nescit
2588 3330 2732 3384 enim
2768 3343 3055 3383 numerum
3087 3328 3285 3394 unitas,
3320 3337 3373 3383 et
3393 3329 3621 3397 gradum
3652 3341 3757 3379 non
3779 3324 3978 3379 admit-

2376 3424 2437 3477 tit
2465 3424 2748 3494 aequalitas
2773 3465 2787 3489 ,
2822 3423 2965 3477 sicut
2990 3422 3254 3489 scriptum
3290 3432 3373 3475 est
3398 3438 3413 3474 :
3464 3417 3588 3473 Non
3617 3419 3863 3473 ascendes
3888 3433 3980 3488 per

2384 3516 2604 3586 gradum
2634 3517 2700 3569 ad
2722 3514 2885 3568 altare
2914 3530 3079 3567 nteum
3105 3512 3328 3584 (Exod,
3355 3528 3432 3577 ιιι,
3450 3510 3567 3583 26).
3593 3511 3661 3566 Ει
3686 3509 3979 3566 ideoaufe-

2376 3617 2461 3661 rat
2484 3606 2913 3671 contentionem,
2945 3613 3000 3660 et
3031 3613 3211 3660 teneat
3239 3619 3360 3659 cum
3393 3604 3497 3659 [ide
3523 3602 3793 3659 catholica
3825 3603 3979 3658 inse-

2378 3698 2670 3769 parabilem
2690 3696 3031 3761 Trinitatem,
3080 3696 3198 3752 sine
3221 3694 3583 3765 permixtione
3606 3697 3977 3759 coniunctam,

2379 3789 2496 3845 sine
2522 3789 2867 3859 separatione
2884 3789 3235 3857 disjunctam,
3256 3787 3381 3858 quia
3409 3786 3590 3853 Pater,
3622 3796 3678 3843 et
3701 3786 3894 3853 Filius,
3922 3795 3982 3841 et

2379 3881 2614 3952 Spiritus
2640 3891 2885 3950 sanctus,
2922 3882 3068 3937 Deus
3096 3882 3287 3949 plenus
3316 3889 3371 3934 et
3394 3896 3533 3935 unus
3557 3889 3658 3935 est.
3683 3878 3802 3948 Ipsa
3832 3879 3979 3933 enim

2380 3990 2479 4044 per
2498 3989 2561 4030 se
2589 3976 2727 4029 ratio
2759 3975 2948 4039 docet,
2982 3972 3106 4043 quia
3137 3987 3279 4028 unus
3307 3989 3408 4028 nec
3445 3974 3810 4042 posteriorem
3838 3971 3983 4027 reci-

2384 4068 2482 4136 pit,
2508 4082 2609 4121 nec
2640 4065 2878 4135 priorem
2907 4083 2921 4119 :
2955 4067 3418 4137 comparationem
3446 4065 3531 4119 vel
3577 4067 3982 4134 separationem

2384 4160 2557 4214 nescit
2584 4160 2787 4217 habere
2823 4161 2915 4230 qui
2957 4160 3104 4215 solus
3135 4170 3214 4215 est
3241 4176 3255 4225 ;
3288 4161 3465 4215 minor
3496 4176 3603 4215 non
3647 4170 3825 4229 potest
3855 4173 3982 4215 esse

2384 4253 2474 4322 qui
2504 4254 2695 4324 plenus
2725 4264 2837 4321 est,
2865 4253 2992 4324 quia
3023 4252 3344 4323 pet-feetioni
3393 4269 3493 4309 nec
3520 4254 3644 4309 addi
3693 4253 3982 4324 quidquam

2386 4357 2584 4419 potest,
2612 4363 2711 4404 nec
2735 4348 2927 4403 minui.
2952 4348 3257 4404 Credantur
3275 4365 3405 4420 ergo
3437 4360 3547 4406 tres
3581 4365 3856 4420 personae,
3882 4349 3982 4405 sed

2389 4457 2495 4496 non
2530 4452 2640 4497 tres
2661 4443 3010 4507 substantiae;
3045 4452 3152 4499 tres
3179 4443 3564 4513 pr0prietates,
3620 4443 3714 4498 sed
3739 4458 3843 4497 non
3875 4453 3986 4498 tres

688 4552 802 4591 sum
829 4535 933 4597 via,
963 4534 1168 4588 veritas.
1190 4541 1235 4585 et
1259 4532 1361 4585 vita
1389 4531 1570 4602 (Joan.
1595 4549 1704 4598 xiv,
1733 4531 1813 4601 6).
1835 4532 1892 4585 Si
1910 4548 2038 4603 ergo
2058 4531 2157 4587 luit
2180 4532 2282 4585 Pa—
2309 4542 2362 4602 ])
2388 4544 2703 4605 potestates.
2745 4536 2823 4591 Ita
2855 4551 2957 4589 una
2989 4538 3106 4590 sine
3134 4536 3403 4606 principio
3432 4535 3858 4605 sempiternitas,
3880 4534 3988 4588 sic-

692 4638 775 4684 ter
797 4629 913 4684 sine
937 4625 1099 4689 Filio,
1126 4627 1266 4679 sicut
1298 4635 1352 4677 tu
1376 4625 1513 4679 dicis
1536 4667 1551 4690 ,
1584 4626 1683 4679 fuit
1732 4627 1849 4679 sine
1897 4626 2096 4681 virtute
2121 4666 2136 4692 ,
2185 4626 2290 4681 fuit

591 4718 603 4729 ⁸
691 4721 809 4774 sine
836 4718 1121 4787 sapientia,
1159 4716 1255 4769 luit
1285 4716 1402 4769 sine
1430 4718 1557 4783 vita,
1588 4715 1688 4769 fuit
1715 4718 1835 4771 sine
1876 4718 2120 4773 veritate.
2178 4719 2284 4773 Sed

691 4809 814 4878 quia
834 4809 952 4862 sine
968 4809 1050 4861 his
1068 4822 1357 4876 numquam
1378 4807 1543 4862 fuisse
1564 4807 1723 4862 Pater
1742 4809 2045 4865 credendus
2061 4820 2164 4873 cst,
2183 4810 2287 4865 hoc

689 4901 945 4955 convenit
973 4901 1129 4953 saluti
1171 4911 1304 4962 ture,
1343 4908 1400 4952 ut
1425 4898 1577 4968 juxta
1602 4900 1757 4955 tidem
1782 4901 2124 4969 Catholicam,
2154 4918 2285 4957 cou-

694 4994 1085 5064 sempiternum
1132 4991 1277 5045 Patri
1306 5000 1359 5046 et
1385 4995 1645 5063 :t'qttalcm
1668 4994 1861 5050 Filium
1887 4995 2103 5049 fatearis
2128 5014 2141 5049 :
2162 4997 2286 5065 quia

698 5099 751 5142 et
776 5088 949 5141 virtus
969 5087 1086 5152 ejus
1116 5084 1309 5152 legitur
1333 5086 1661 5153 sempiterna
1681 5130 1695 5153 ,
1728 5088 1942 5143 dicente
1984 5088 2244 5156 Apostolo
2269 5106 2283 5143 :

698 5179 1027 5250 Seinpiterna
1050 5191 1250 5245 quoque
1266 5177 1425 5229 virtus
1442 5178 1557 5247 ejus
1577 5189 1623 5232 et
1645 5179 1889 5233 divinitas
1910 5179 2087 5250 (Rom.
2109 5196 2149 5243 ι,
2166 5178 2283 5251 20).

693 5271 957 5327 Similiter
973 5277 1029 5323 et
1053 5266 1120 5320 de
1143 5267 1393 5330 veritate,
1419 5268 1632 5323 dicente
1665 5269 1979 5324 Psalmista:
2008 5270 2075 5323 Et
2102 5275 2289 5326 veritas

690 5361 904 5417 Domini
929 5368 1096 5412 manet
1124 5358 1179 5412 in
1203 5368 1452 5412 attentum
1478 5357 1597 5429 (Ps.
1623 5374 1767 5425 cxvr,
1801 5360 1870 5425 I).
1905 5360 2097 5416 Solent
2124 5365 2285 5418 etiam

694 5455 792 5507 ista
825 5454 967 5509 velut
996 5451 1355 5521 quaestionem
1376 5450 1644 5505 calumnia
1660 5466 1942 5522 generare.
1972 5454 2029 5508 lu
2056 5466 2285 5521 tantum,

698 5546 965 5616 inquiunt,
1001 5543 1174 5610 major
1204 5543 1553 5608 estPater,ut
1584 5545 1762 5612 priore
1793 5560 2010 5615 semper
2041 5547 2287 5603 nomine-

697 5644 783 5690 tur
809 5639 945 5690 loco.
983 5635 1209 5688 Etiamsi
1253 5635 1433 5703 priore
1478 5651 1694 5705 semper
1724 5637 1843 5692 loco
1873 5640 2248 5695 nominaretur
2273 5683 2288 5707 ,

698 5728 850 5783 valde
876 5725 1157 5783 videbatur
1177 5740 1300 5783 esse
1328 5729 1681 5794 conveniens;
1698 5729 1822 5799 quia
1851 5745 1919 5787 ex
1954 5732 2073 5802 ipso
2090 5740 2176 5789 est
2201 5732 2291 5791 Fi-

2397 4638 2453 4682 ut
2480 4643 2583 4681 una
2634 4627 2750 4682 sine
2780 4629 2885 4681 line
2913 4627 3168 4697 majesms
3192 4668 3207 4693 ,
3241 4627 3360 4683 sine
3400 4638 3620 4682 auctore
3646 4627 3840 4693 Pater,
3868 4626 3988 4681 sine

2395 4730 2639 4791 tempore
2686 4720 2727 4775 F
2734 4720 2855 4775 ilius
2879 4760 2896 4782 .
2922 4721 3043 4776 sine
3074 4721 3275 4791 majore
3328 4721 3564 4790 Spiritus
3587 4728 3825 4773 sanctus.
3879 4718 3988 4775 Nos

2393 4814 2537 4866 enim
2568 4812 3122 4867 catholiciDominttm
3150 4812 3316 4867 Deum
3342 4822 3584 4868 nostrum
3605 4812 3790 4866 Jesum
3830 4809 3988 4866 Chri-

2394 4909 2559 4968 stum,
2588 4914 2643 4958 et
2672 4905 2936 4958 minorem
2967 4903 3200 4959 dicimus
3221 4904 3404 4970 Patre,
3424 4903 3785 4974 cttequalem:
3815 4904 3986 4957 mino-

2394 5009 2509 5049 rem
2535 5006 2753 5064 propter
2781 4994 3172 5050 humanitatem
3210 5003 3567 5063 assumptam,
3609 4991 3732 5062 quia
3783 4992 3985 5047 cumin

2394 5084 2565 5139 forma
2601 5086 2695 5140 Dei
2718 5098 2891 5154 esset,
2923 5086 3153 5142 fortnam
3177 5086 3321 5142 servi
3337 5087 3562 5142 induere
3583 5096 3668 5143 est
3695 5087 3945 5155 dignatus
3969 5102 3984 5153 ;

2394 5179 2655 5247 aequalem
2691 5193 2819 5233 vero
2849 5179 3081 5234 dicimus
3113 5188 3335 5249 propter
3354 5180 3609 5234 deitatem
3635 5190 3945 5247 perpetuam
3964 5210 3983 5244 ,

2393 5286 2496 5338 qua
2535 5288 2595 5325 ex
2643 5272 2802 5327 Patre
2846 5273 3086 5327 existens
3108 5273 3278 5329 Filius
3301 5283 3357 5328 et
3386 5272 3859 5341 consempiternus
3902 5278 3987 5325 est

2394 5362 2758 5433 Patri.Quare
2782 5381 2912 5437 ergo
2929 5368 3206 5421 nobiscum
3226 5381 3333 5421 non
3356 5366 3682 5421 confitentur
3697 5362 3982 5433 aequalem,

2393 5469 2513 5511 cum
2540 5473 2639 5513 nos
2669 5474 2790 5513 cum
2821 5460 2925 5513 illis
2942 5476 3047 5513 non
3074 5473 3331 5527 negemus
3353 5456 3658 5513 minorem?
3687 5454 3987 5526 praesertim

2394 5563 2515 5604 cum
2543 5561 2829 5621 utrumque
2853 5552 2904 5605 iit
2936 5552 3139 5606 sanctis
3165 5551 3461 5621 Scripturis
3493 5550 3753 5620 legimus,
3773 5547 3990 5603 dicente

2398 5640 2776 5714 Evangelista:
2812 5644 3116 5713 Propterea,
3146 5645 3352 5714 inquit.
3385 5644 3683 5715 quatiebant
3705 5644 3991 5703 inter/icere

2393 5751 2506 5792 eum
2531 5736 2728 5807 Juda’i,
2742 5739 2864 5809 quia
2877 5754 2980 5793 non
2993 5738 3160 5792 solum
3183 5737 3403 5793 solvebat
3427 5736 3715 5803 sabbatum,
3733 5734 3823 5789 sed
3835 5733 3990 5788 etiam
