4194 6184
295 366 399 423 657

785 366 1226 425 MONUMENTA
1268 367 1549 425 VETERA
1590 372 1682 425 AD
1722 370 2132 430 ARIANORUM
2177 373 2573 432 DOCTBINAM
2613 375 3101 435 PERTINENTIA.

3489 382 3593 438 658

292 482 507 537 Patrem
535 500 687 538 suum
713 484 913 539 dicebat
958 483 1122 538 Deum
1144 528 1157 549 ,
1192 486 1437 555 aqualem
1471 502 1524 539 se
1550 487 1747 557 faciens
1780 486 1889 541 Deo
1920 498 1965 555 Α
1998 490 2194 544 niaut?
2217 490 2406 545 Solent
2451 493 2613 547 etiam
2643 494 2848 557 dicere,
2883 495 3008 551 ideo
3048 496 3226 551 minor
3266 504 3353 551 est
3391 495 3592 563 Filius,

291 571 501 641 (Joan.,
534 589 563 623 v
592 614 606 636 ,
641 574 747 641 18).
784 573 923 627 Ecce
953 573 1532 643 impietasJudteotum
1560 574 1894 645 dicittequa—

286 663 418 727 letu,
446 672 502 718 et
535 678 640 717 non
669 674 883 718 veretur
911 663 1093 718 dicere
1124 665 1465 720 Christianus
1500 667 1790 719 minorem.
1828 667 1895 721 Et

288 757 575 812 alihiidem
602 758 937 826 Evangelista
956 758 1033 810 ait
1059 776 1071 810 :
1102 759 1316 826 Qninon
1337 759 1883 827 Itonori/icatFilium,

287 864 391 902 nan
415 847 723 918 honori/iuit
768 848 999 914 Patrem,
1030 852 1116 917 qui
1147 852 1285 904 misit
1328 852 1477 904 illum
1508 851 1706 923 (lbid.,
1755 853 1825 908 23

288 939 534 1010 qunalis
564 946 708 996 enim
739 940 913 996 honor
940 958 1045 996 non
1089 943 1191 996 nisi
1240 943 1536 1012 aequalibus
1581 945 1887 999 exhibetur.

288 1034 357 1089 Et
382 1034 490 1088 alio
518 1035 637 1088 loco
670 1034 809 1088 idem
842 1036 1009 1089 dicit:
1042 1034 1368 1089 SicutPater
1396 1037 1608 1091 suscitat
1637 1048 1890 1101 mortuos,

290 1137 337 1181 et
358 1126 596 1196 vivificat,
630 1126 704 1180 ita
721 1135 769 1180 et
794 1124 966 1181 Filius
993 1144 1121 1197 quos
1168 1129 1275 1181 vult
1302 1129 1521 1197 vivi/ient
1549 1128 1739 1197 (lbid.,
1774 1129 1889 1196 21).

290 1220 427 1274 Audi
478 1220 794 1276 dicentem:
830 1222 976 1277 Sicut
1022 1221 1219 1287 Pater,
1274 1224 1348 1277 ita
1401 1235 1447 1278 et
1494 1221 1687 1278 Filius.
1750 1225 1890 1281 Audi

290 1314 771 1379 dicentemzauos
800 1314 936 1379 vult,
991 1325 1044 1369 et
1112 1317 1374 1385 aequalem
1429 1330 1551 1369 eum
1600 1316 1781 1382 Patri,
1829 1330 1894 1370 ac

287 1419 405 1459 sua:
436 1405 714 1475 potestatis
760 1420 881 1460 esse
911 1419 1219 1472 cognosce:
1254 1414 1309 1459 et
1358 1422 1463 1460 non
1518 1407 1667 1461 dicas
1722 1408 1892 1461 Deum

288 1498 578 1560 minorem,
610 1496 735 1567 quia
768 1499 1030 1566 nusqbatn
1054 1496 1421 1566 inScriptttris
1451 1500 1653 1552 sanctis
1671 1498 1755 1551 vel
1780 1512 1895 1551 tua-

282 1588 461 1658 joretn
499 1589 665 1643 Deum
701 1590 947 1658 legimus,
982 1590 1065 1643 vel
1116 1591 1407 1644 minorem.
1442 1589 1592 1645 Sicut
1620 1590 1737 1659 ipse
1766 1589 1894 1644 Phi-

286 1678 440 1749 lippo
452 1680 583 1733 dicit
598 1700 606 1727 :
630 1679 731 1745 Qui
755 1696 832 1733 me
845 1680 1001 1744 videt,
1017 1681 1151 1734 via’et
1174 1692 1219 1734 et
1236 1680 1444 1735 Patrem
1463 1680 1667 1752 (Joan.,
1684 1698 1792 1742 xw,
1808 1684 1891 1753 9).

287 1772 390 1827 Et:
409 1772 596 1827 Omnia
624 1790 737 1844 qua:
766 1772 923 1827 Pater
948 1774 1097 1844 facit,
1122 1773 1419 1829 hwceadem
1447 1787 1492 1829 et
1517 1774 1565 1828 F
1568 1777 1690 1829 ilius
1706 1776 1896 1829 simili-

1998 588 2125 657 quia
2157 586 2390 642 visibilis
2413 630 2425 650 .
2460 590 2621 645 Pater
2650 601 2831 645 autem
2863 592 3181 647 invisibilis.
3226 591 3342 646 Non
3392 592 3596 646 iutelli«

1997 690 2124 749 gnnt
2149 720 2164 744 ,
2198 679 2321 746 quin
2367 696 2467 734 nec
2497 682 2667 735 Filius
2700 682 2752 735 in
2784 684 3087 737 substantia
3131 684 3355 738 deitatis
3385 698 3498 737 sua!
3527 683 3603 736 sit

2000 771 2262 832 visibilis,
2294 772 2393 824 nisi
2422 773 2474 824 in
2516 782 2800 841 aSSumpto
2840 773 3080 839 homine,
3128 775 3221 842 qui
3254 782 3310 828 et
3348 773 3601 828 Christus

1998 863 2219 919 dicitur.
2254 862 2387 916 Nam
2415 861 2583 916 Filius
2612 864 2728 925 Dei,
2752 864 2799 916 id
2828 873 2912 918 est
2945 866 3203 931 Verbum,
3232 865 3374 934 quod
3404 875 3520 919 erat
3549 865 3600 919 in

1998 956 2268 1026 principio
2320 957 2462 1010 Deus
2508 954 2649 1023 apud
2696 954 2866 1009 Deum
2894 998 2909 1021 ,
2959 972 3053 1024 per
3095 972 3254 1025 quem
3311 959 3442 1009 facta
3477 965 3603 1010 sunt

1999 1050 2214 1107 omnia.
2265 1048 2435 1102 videri
2487 1048 2539 1101 in
2592 1061 2689 1101 sua
2720 1048 3019 1102 substantia
3075 1063 3180 1101 non
3213 1047 3595 1117 potuit,sicut

1999 1156 2098 1195 nec
2150 1141 2309 1195 Pater
2355 1140 2408 1193 in
2442 1141 2745 1193 substantia
2796 1156 2915 1195 sua.
2959 1140 3239 1209 Interrogo
3271 1148 3451 1193 autem
3484 1139 3603 1192 sine

1996 1231 2079 1286 sui
2115 1232 2307 1301 injuria
2342 1232 2491 1285 illum
2517 1232 2821 1301 ipsum,qui
2844 1233 2973 1286 dicit
2994 1233 3135 1302 quod
3167 1232 3312 1285 visus
3342 1232 3412 1284 sit
3433 1228 3601 1283 Filius

1998 1325 2138 1391 Dei,
2174 1338 2353 1379 utrttm
2405 1327 2640 1379 animam
2676 1342 2826 1379 suam
2876 1326 3144 1382 visibilem
3175 1341 3241 1379 an
3270 1324 3600 1379 invisibilem

1997 1416 2231 1471 fateatur
2266 1435 2278 1470 :
2309 1426 2513 1471 etcum
2547 1418 2748 1471 dixerit
2777 1418 3135 1482 invisibilem,
3170 1419 3385 1471 sicutet
3412 1430 3602 1470 verum

1998 1520 2115 1573 est,
2140 1511 2350 1566 dicatur
2381 1510 2431 1564 ei
2463 1509 2557 1565 :Si
2592 1519 2841 1564 creatura
2862 1553 2875 1574 ,
2901 1510 2951 1562 id
2983 1520 3067 1563 est
3093 1509 3269 1563 anima
3306 1520 3427 1574 tua,
3462 1510 3601 1564 invi-

2000 1604 2175 1658 sibilis
2207 1613 2292 1658 est
2315 1615 2567 1659 creatura
2598 1604 2783 1673 utique
2826 1604 2921 1657 Dei
2948 1644 2960 1661 .
2985 1616 3203 1659 creator
3234 1604 3604 1658 universitatis

1999 1696 2273 1764 quomodo
2322 1695 2497 1763 petuit
2527 1709 2650 1749 esse
2677 1694 2950 1749 visibilis?
2980 1694 3087 1749 Sed
3119 1696 3240 1748 ideo
3270 1694 3446 1749 induit
3489 1709 3604 1749 car-

2000 1803 2124 1842 nem
2147 1804 2269 1858 qu:e
2294 1788 2468 1843 videri
2502 1798 2744 1857 poterat,
2779 1789 2905 1857 quia
2954 1789 3128 1843 deitas
3154 1789 3222 1841 ab
3257 1788 3477 1843 homine
3524 1788 3605 1841 vi-

286 1874 365 1920 ter
384 1867 512 1933 facit
541 1865 697 1933 (Joan
729 1908 743 1931 ,
779 1883 807 1917 v
832 1907 847 1932 ,
882 1866 992 1930 19).
1022 1867 1116 1921 Vel
1163 1869 1293 1923 illttd
1320 1886 1332 1921 :
1368 1869 1504 1923 Deus
1526 1882 1633 1923 erat
1667 1868 1887 1924 Verbum

2006 1881 2112 1935 deri
2143 1897 2247 1934 non
2280 1892 2509 1950 poterat.
2554 1881 2662 1935 Hac
2692 1896 2854 1935 carne
2878 1880 3050 1949 major
3075 1890 3157 1935 est
3189 1880 3348 1935 Pater
3378 1899 3390 1933 :
3422 1894 3605 1949 :cqua.

285 1957 494 2029 (Joan.,
525 1958 643 2028 ι,1).
674 1958 738 2013 Et
760 1960 1071 2027 Apostolus,
1107 1969 1163 2014 ut
1184 1965 1639 2018 memoravimus:
1672 1963 1769 2028 Qui
1799 1977 1893 2029 est,

287 2048 485 2120 inquit,
510 2065 664 2119 suptr
693 2051 865 2101 omnia
891 2050 1025 2103 Deus
1049 2050 1343 2106 benedictus
1367 2054 1422 2106 in
1448 2055 1641 2108 sa'cula
1684 2054 1891 2125 (Rom.,

285 2160 342 2198 lx
370 2183 385 2209 ,
438 2144 497 2213 5)
556 2143 620 2197 Et
662 2142 993 2211 Apostolus:
1034 2143 1280 2210 Quicum
1327 2146 1379 2197 in
1409 2150 1576 2215 forma
1612 2145 1705 2200 Dei
1728 2156 1891 2212 esset,

285 2254 391 2291 non
410 2237 647 2306 rapinam
660 2236 938 2291 arbitratus
958 2248 1030 2291 est
1044 2253 1152 2290 esse
1171 2254 1223 2291 se
1243 2237 1492 2307 aqualem
1505 2237 1613 2292 Deo
1629 2238 1835 2310 (Philip
1848 2279 1860 2292 .
1873 2280 1890 2304 ,

287 2346 348 2396 ll,
376 2330 454 2401 6).
489 2330 668 2398 Quare
714 2329 860 2384 hoc?
887 2330 1010 2399 quia
1047 2345 1206 2385 nemo
1235 2330 1417 2398 rapit,
1453 2332 1555 2385 uisi
1611 2332 1754 2401 quod
1784 2348 1893 2388 non

287 2423 473 2479 habet.
494 2423 591 2478 Ille
621 2439 750 2493 ergo
771 2422 865 2494 qui
894 2421 1127 2477 habebat
1151 2425 1541 2493 tequalitatem,
1567 2439 1673 2478 non
1696 2432 1780 2478 est
1808 2441 1896 2479 ar-

286 2515 521 2572 bitratus
552 2532 646 2586 per
676 2517 919 2585 rapinam
946 2534 958 2569 :
994 2516 1088 2570 sed
1121 2533 1281 2587 quam
1312 2518 1532 2571 rebellis
1560 2518 1787 2587 angelus
1810 2534 1897 2573 as-

286 2624 508 2665 sumere
561 2609 728 2665 voluit
762 2625 857 2679 per
876 2609 1121 2680 rapinam
1150 2652 1165 2674 ,
1208 2609 1459 2665 Christus
1510 2611 1751 2681 possedit
1801 2627 1899 2681 per

289 2712 565 2757 naturam.
614 2701 750 2770 Quia
782 2717 909 2756 vero
953 2712 1036 2757 est
1088 2716 1250 2757 verus
1307 2702 1482 2765 Deus,
1520 2703 1643 2757 audi
1680 2703 1893 2757 beatum

288 2797 555 2853 Joannem
580 2798 845 2852 dicentem
879 2798 932 2851 in
960 2798 1198 2867 Epistula
1230 2813 1325 2852 sua
1352 2816 1364 2849 τ
1401 2797 1467 2851 Et
1490 2800 1670 2866 simus,
1698 2800 1895 2868 inquit,

287 2891 351 2943 in
379 2906 498 2943 vero
524 2890 660 2945 Filio
688 2895 801 2961 eius
829 2888 954 2945 Jesu
974 2890 1180 2946 Christo
1204 2909 1222 2945 :
1252 2891 1335 2945 hic
1361 2901 1433 2945 est
1460 2908 1604 2945 verus
1632 2891 1801 2957 Deus,
1850 2902 1899 2946 et

289 2987 400 3040 vita
421 2996 611 3039 a-terna
652 2983 912 3056 (lJoan.,
941 3001 975 3039 v
999 3025 1014 3051 ,
1042 2984 1156 3055 ‘20).
1186 2985 1357 3039 Audis
1388 3001 1571 3040 verum
1608 2986 1775 3041 Deum
1797 3027 1811 3049 ,
1842 2994 1898 3039 et

290 3080 583 3151 praesumis
611 3078 793 3133 dicere
837 3082 1108 3133 minorem
1136 3120 1149 3140 ,
1183 3088 1237 3131 et
1266 3093 1371 3132 non
1405 3080 1681 3132 conliteris
1713 3095 1895 3146 :t-qua-

288 3171 448 3228 lem?
482 3172 795 3227 Dicitetiam
825 3172 1015 3225 beatus
1054 3170 1349 3241 Apostolus
1371 3170 1437 3225 ad
1454 3172 1663 3225 Titum:
1693 3170 1899 3238 Exspe-

1998 1974 2066 2029 lis
2096 1974 2278 2030 Verbo
2309 1975 2486 2043 major
2523 1990 2687 2029 carne
2720 1991 2732 2026 :
2768 1974 2994 2044 mqttalis
3026 1975 3113 2039 ei,
3164 1990 3263 2043 per
3287 1989 3446 2042 quem
3477 1973 3606 2027 fecit

2000 2081 2101 2119 nos
2122 2108 2135 2130 ,
2162 2066 2338 2134 major
2358 2080 2423 2119 eo
2452 2068 2541 2135 qui
2569 2066 2741 2118 factus
2763 2076 2844 2119 est
2873 2073 3095 2134 propter
3142 2079 3262 2120 nos.
3292 2063 3423 2117 Nam
3456 2063 3599 2133 quod

1999 2156 2145 2211 Deus
2172 2155 2437 2219 sitFitius,
2466 2156 2591 2209 licet
2624 2156 2791 2208 multa
2823 2156 3131 2209 testimonia
3157 2156 3404 2224 superius
3431 2157 3599 2222 posita

2000 2248 2285 2302 evidenter
2338 2247 2707 2315 perdoceaut,
2744 2258 2923 2301 tann-n
2956 2247 3135 2301 adhuc
3181 2260 3353 2315 pauca
3392 2246 3601 2301 credidi

2000 2340 2402 2409 subjungenda.
2438 2340 2494 2395 In
2527 2340 2725 2396 Genesi
2763 2341 3024 2409 scriptum
3056 2349 3141 2394 est
3180 2339 3422 2393 :Creavit
3459 2337 3599 2392 Deus

2001 2438 2183 2487 cazlum
2212 2432 2391 2504 (Gen.,
2425 2450 2463 2493 ι.
2500 2434 2577 2504 1),
2608 2444 2659 2485 et
2692 2434 2876 2503 utique
2923 2432 3269 2502 Evangelista
3310 2432 3602 2486 confirmat

2001 2526 2183 2579 omnia
2208 2544 2233 2577 a
2253 2525 2389 2580 Filio
2411 2539 2531 2579 esse
2560 2536 2741 2579 creata
2775 2524 3038 2596 (Joan.,t,
3065 2524 3141 2593 3).
3162 2525 3290 2577 Item
3323 2524 3395 2577 ibi
3421 2524 3601 2591 sequi-

2004 2618 2341 2671 turzCreavit
2374 2615 2512 2671 Deus
2541 2618 2797 2670 hominem
2819 2617 2888 2669 ad
2917 2618 3193 2685 imaginem
3222 2626 3269 2669 et
3298 2616 3571 2670 similitudi
3590 2646 3603 2657 -

2002 2726 2119 2762 nem
2147 2727 2294 2763 suam
2316 2708 2497 2781 (Gem,
2530 2724 2568 2770 ι,
2598 2708 2864 2775 27).1εῖρεε
2890 2711 2975 2763 hic
3000 2710 3164 2763 Deum
3191 2724 3450 2778 agnosce,
3476 2709 3601 2777 quia

2000 2810 2059 2858 et
2085 2803 2356 2855 hominem
2382 2802 2497 2868 ipse
2540 2804 2766 2855 creavit.
2821 2801 2885 2854 Et
2926 2801 3093 2855 Isaias
3135 2801 3267 2855 dicit
3295 2802 3362 2855 de
3392 2801 3603 2856 Joanne

2002 2910 2343 2966 prtecursore
2376 2894 2621 2948 Domini:
2654 2894 2842 2948 Rectus
2884 2895 3039 2962 facite
3062 2898 3269 2949 semitas
3310 2894 3405 2950 Dei
3432 2897 3594 2949 nostri

2005 2987 2170 3055 (Isa.,
2222 3003 2310 3051 η,
2341 2986 2419 3055 3).
2444 2986 2610 3055 Cujus
2658 2988 2774 3051 Dei,
2814 2987 2916 3041 nisi
2946 2989 3131 3057 utique
3166 2988 3326 3052 Filii,
3356 3004 3515 3059 quem
3548 2989 3600 3043 in

2004 3094 2170 3133 carne
2197 3081 2411 3132 venisse
2436 3094 2538 3131 non
2564 3078 2916 3132 dubitamus?
2962 3079 3031 3133 Et
3075 3080 3236 3149 paulo
3263 3090 3383 3148 post
3410 3097 3421 3132 :
3457 3078 3593 3135 Con-

2004 3174 2192 3240 fortate
2220 3187 2404 3223 manus
2452 3171 2761 3233 dissolutas,
2790 3178 2839 3223 et
2885 3188 3052 3242 genua
3097 3172 3289 3225 debilia
3331 3173 3593 3225 roborate.

296 3276 495 3319 ctantes
521 3265 716 3318 beatam
738 3281 881 3334 spem
910 3306 924 3327 ,
951 3273 1000 3318 et
1031 3265 1301 3317 adventum
1349 3263 1531 3334 gloriae
1575 3269 1748 3335 magni
1796 3264 1896 3319 Dei
1925 3250 1969 3312 C
2005 3263 2180 3317 Dicite
2230 3264 2575 3332 pusillanimis
2611 3261 2788 3317 :Ecce
2842 3263 2979 3317 Deus
3004 3274 3165 3316 vester
3214 3264 3267 3315 in
3298 3264 3603 3331 fortitudine

292 3354 452 3428 (Tit.,
479 3373 542 3422 tt,
577 3357 689 3427 l3).
731 3355 925 3411 Nescio
951 3372 1052 3423 qua
1096 3357 1271 3410 fronte
1300 3372 1475 3410 mmor
1504 3371 1625 3411 esse
1659 3356 1894 3423 dicatur,

294 3465 459 3519 quem
483 3466 735 3519 maguum
770 3450 935 3504 Deum
964 3450 1254 3519 Apostolus
1277 3448 1580 3517 profitetur.
1606 3449 1715 3502 lloc
1732 3451 1895 3503 etiam

292 3540 537 3612 perﬁdus
590 3556 746 3596 error
771 3541 954 3596 dicere
982 3543 1155 3617 solet,
1213 3543 1356 3611 quod
1408 3542 1495 3596 ubi
1527 3542 1576 3594 in
1604 3542 1899 3610 Scriptur'ts

294 3632 529 3703 legimus
566 3642 661 3687 aut
708 3634 885 3689 solum
919 3633 1087 3687 Dettm
1112 3674 1126 3693 ,
1181 3644 1272 3687 aut
1298 3634 1471 3688 solum
1530 3634 1851 3687 altissimum
1879 3675 1895 3699 ,

297 3738 391 3782 aut
415 3728 589 3781 solum
622 3727 944 3795 sapientem,
981 3727 1084 3780 hoc
1111 3741 1216 3780 non
1257 3726 1325 3779 de
1356 3726 1621 3780 Trinitate
1651 3725 1777 3785 dici.
1802 3726 1901 3780 sed

297 3820 370 3876 de
394 3824 508 3874 solo
551 3820 709 3874 Patre
732 3820 904 3887 accipi
938 3818 1152 3873 debeat.
1200 3818 1354 3884 Quod
1383 3834 1543 3886 quam
1604 3816 1899 3871 absurdum

296 3913 373 3969 sit
409 3915 477 3966 ita
522 3912 725 3967 sentire
746 3952 761 3976 ,
809 3911 878 3965 de
908 3912 1011 3964 hoc
1042 3926 1148 3963 uno
1191 3911 1499 3964 testimonio
1527 3911 1897 3964 convincatur.

300 4004 443 4061 DLcit
456 4005 598 4058 enim
615 4005 925 4074 Apostolus:
940 4002 1213 4075 Cognitum
1229 4004 1324 4055 soli
1336 4004 1553 4074 sapienti
1573 4002 1677 4055 Deo
1696 4002 1870 4070 (Rom.
1884 4043 1899 4069 ,

298 4115 417 4163 xvn,
449 4099 562 4169 26);
601 4114 704 4152 non
734 4098 1041 4167 intelligunt
1068 4098 1189 4165 quia
1221 4111 1327 4150 non
1358 4095 1899 4163 dixitzsttlisapienti

301 4190 474 4252 Patri,
506 4191 599 4245 sed
625 4189 769 4245 :Soli
802 4190 1030 4257 sapienti
1064 4189 1193 4251 Deo,
1221 4204 1342 4257 qua».
1367 4198 1449 4241 est
1480 4186 1735 4240 Trinitas.
1768 4186 1899 4239 Nam

300 4283 432 4338 dum
470 4283 575 4336 soli
622 4281 767 4335 Patri
823 4281 926 4336 hoc
970 4282 1272 4350 deputant,
1313 4280 1509 4334 Filium
1559 4280 1900 4348 insipientem

304 4376 705 4443 blaspltemant.
743 4374 808 4427 Et
832 4374 1104 4441 quomodo
1130 4389 1253 4426 eum
1269 4372 1563 4441 Apostolus
1583 4371 1900 4440 sapientiam

305 4467 405 4520 Dei
437 4482 559 4520 esse
585 4466 736 4525 dicit.
766 4467 809 4518 si
840 4466 984 4519 solus
1015 4464 1174 4517 Pater
1198 4475 1279 4519 est
1308 4466 1543 4529 sapiens,
1576 4478 1697 4517 cunt
1723 4462 1904 4516 nullus

304 4557 524 4626 sapiens
550 4558 717 4626 possit
744 4572 866 4611 esse
897 4556 998 4610 nisi
1029 4571 1124 4625 per
1152 4555 1470 4624 sapientiam
1501 4554 1695 4608 suam?
1725 4554 1789 4607 Et
1814 4553 1903 4607 ubi

2004 3356 2189 3419 veniet,
2224 3365 2270 3407 et
2299 3354 2515 3407 salvnbit
2544 3370 2631 3407 vos
2654 3395 2668 3418 ,
2698 3365 2744 3407 et
2788 3367 2908 3407 tunc
2934 3355 3231 3425 aperientur
3270 3355 3407 3406 oculi
3434 3368 3598 3407 ueco-

2006 3465 2123 3501 rum
2154 3446 2315 3517 (lsa.,
2350 3463 2512 3511 xxxv,
2541 3447 2627 3516 3).
2654 3446 2808 3513 Quod
2840 3450 3025 3504 utinue
3055 3448 3107 3501 in
3138 3448 3372 3501 adventu
3403 3447 3605 3503 Christi

2004 3541 2332 3609 completum
2362 3555 2482 3595 esse
2514 3541 2913 3607 coenostimus.
2950 3540 3233 3594 Psalmista
3259 3541 3420 3595 etiam
3445 3540 3598 3607 dicit,

2010 3631 2201 3685 Omnes
2246 3640 2418 3701 gentes
2448 3648 2793 3702 quascumque
2842 3634 3009 3703 fecisti
3030 3676 3042 3695 ,
3076 3636 3312 3699 venient,
3341 3645 3389 3687 et
3415 3635 3603 3687 adora-

2007 3724 2128 3776 bunt
2155 3740 2328 3776 coram
2356 3738 2435 3789 te,
2480 3725 2726 3776 mirabilis
2754 3734 2809 3776 tu
2837 3741 2889 3777 es
2925 3736 2971 3777 et
3001 3727 3197 3795 faciens
3224 3726 3479 3780 mirabilia
3502 3767 3517 3790 ,
3548 3735 3603 3779 tu

2006 3832 2060 3869 es
2082 3815 2225 3870 Deus
2254 3816 2396 3870 solus
2431 3815 2548 3888 (Ps.
2581 3832 2781 3881 Lxxxv,
2808 3818 2886 3886 9).
2922 3817 3039 3871 Noti
3068 3830 3195 3886 puto
3222 3819 3453 3887 aliquem
3481 3832 3604 3873 esse

2009 3922 2117 3967 tam
2143 3915 2388 3982 impium.
2424 3917 2513 3983 qui
2554 3927 2713 3985 neget
2755 3914 2947 3969 Filium
2980 3916 3076 3971 Dei
3116 3927 3168 3970 et
3216 3916 3481 3971 mirabilia
3531 3914 3609 3969 fe-

2006 4003 2171 4069 cisse,
2204 4018 2256 4059 et
2283 4010 2567 4061 universas
2592 4019 2783 4078 gentes
2809 4024 3049 4069 creasse.
3073 4009 3176 4063 nisi
3209 4010 3347 4064 forte
3366 4009 3602 4063 .Iudazos.

2008 4095 2076 4149 Et
2104 4097 2232 4150 alibi
2257 4098 2444 4160 Isaias,
2489 4116 2610 4153 cum
2639 4101 2928 4155 adventum
2965 4101 3170 4155 Christi
3206 4116 3301 4171 per
3340 4102 3603 4169 virginem

2008 4188 2255 4254 nuntiat,
2283 4189 2414 4243 dicit
2443 4190 2587 4245 inter
2612 4200 2809 4244 cattera
2833 4209 2845 4245 :
2882 4190 2949 4244 Et
2992 4193 3257 4246 vocabitur
3284 4208 3466 4246 nomen
3496 4192 3608 4261 ejus

2008 4277 2349 4333 Admirabilis
2374 4322 2387 4345 ,
2421 4279 2787 4346 Consiliarius,
2825 4282 2961 4336 Deus
3006 4285 3158 4351 fortis
3204 4283 3367 4355 (lsu.,
3402 4298 3477 4349 tx,
3528 4281 3610 4351 6).

2011 4368 2119 4424 Sed
2149 4381 2202 4425 et
2237 4372 2429 4425 beatus
2451 4373 2771 4442 Apostolus:
2801 4374 2990 4427 Omnes
3012 4376 3145 4427 enim
3171 4391 3265 4428 nos
3293 4376 3614 4444 manifestari

2012 4471 2211 4531 Oportet
2256 4473 2374 4513 ante
2422 4461 2651 4513 tribunal
2703 4460 2895 4514 Christi
2939 4462 3178 4532 (llCor.,
3222 4464 3420 4532 v,10).
3452 4461 3525 4515 Et
3550 4472 3611 4515 ut

2011 4567 2275 4623 agnoscas
2306 4554 2471 4606 Deum
2504 4568 2625 4606 esse
2647 4552 2944 4619 Christum,
2973 4554 3051 4607 sic
3079 4554 3204 4607 alibi
3224 4553 3390 4607 dicit:
3421 4553 3613 4607 Omnes

304 4660 391 4703 est
422 4650 549 4702 illud
574 4690 587 4713 ,
615 4648 760 4717 quod
790 4648 855 4701 ad
905 4647 1263 4702 CoIOSsenses
1293 4647 1430 4701 idem
1459 4645 1749 4716 Apostolus
1781 4658 1905 4714 pro-
1932 4637 1985 4697 D
2009 4645 2256 4697 stabimus
2287 4653 2404 4697 ante
2430 4642 2661 4697 tribunal
2692 4640 2787 4695 Dei
2824 4644 3023 4711 (liom.,
3046 4659 3156 4709 xtv,
3192 4642 3305 4713 10).
3351 4642 3473 4697 Vivo
3495 4660 3608 4715 ego,

304 4752 537 4797 testatur
588 4742 657 4797 de
717 4742 933 4796 Christo
996 4740 1163 4796 Jrsu:
1218 4739 1283 4793 In
1348 4756 1447 4809 quo
1503 4750 1661 4805 sunt,
1706 4740 1900 4805 inquit,

305 4852 486 4890 omnes
509 4836 737 4889 thesauri
755 4836 1020 4905 sapientia:
1045 4845 1089 4887 et
1110 4834 1332 4887 scientia:
1353 4832 1635 4886 absconditi
1654 4831 1901 4901 (Coloss.,

302 4944 321 4984 ι
346 4970 362 4995 ,
395 4928 492 4997 5)?
522 4926 677 4983 Unde
704 4938 996 4999 agnoscant
1023 4969 1036 4991 ,
1068 4942 1227 4995 quam
1255 4926 1479 4980 stultum
1510 4927 1581 4979 sit
1608 4924 1749 4991 quod
1780 4940 1905 4991 prn-

307 5031 485 5085 mttnt,
517 5030 570 5073 et
594 5019 915 5088 ubicumque
943 5019 1143 5088 aliquid
1175 5018 1424 5073 similiter
1453 5018 1659 5088 legunt,
1683 5034 1787 5070 non
1814 5017 1907 5071 uni

306 5126 561 5181 personas
601 5111 889 5179 deputent,
934 5111 1027 5164 sed
1062 5112 1232 5165 beata:
1284 5109 1567 5175 Trinitati,
1620 5124 1739 5178 qua:
1791 5110 1904 5163 sola

306 5218 557 5258 summus
586 5204 726 5258 Deus
755 5212 809 5257 et
838 5218 998 5258 verus
1025 5213 1128 5258 est.
1154 5202 1288 5257 Nam
1316 5213 1368 5257 et
1389 5204 1455 5257 de
1488 5202 1688 5270 Spiritu
1721 5215 1909 5257 sancto

306 5298 385 5353 sic
435 5298 566 5351 dicit
596 5298 891 5366 Apostolus
924 5315 935 5349 :
973 5297 1075 5350 Alii
1133 5297 1339 5366 quidem
1390 5313 1477 5365 per
1518 5295 1774 5362 Spiritum
1815 5298 1911 5350 da-

310 5402 397 5444 tur
418 5405 585 5442 sermo
603 5391 869 5458 sapientia:
892 5432 907 5454 ,
937 5388 1030 5442 alii
1059 5400 1230 5444 autem
1264 5406 1429 5443 sermo
1456 5393 1684 5445 scientiae
1729 5406 1909 5443 secun-

311 5484 683 5537 dvmeumdem
715 5482 970 5551 Spiritum
991 5482 1036 5550 (1
1054 5481 1196 5544 Cor.,
1223 5498 1317 5544 xu,
1335 5481 1410 5553 8).
1445 5484 1499 5537 Si
1527 5498 1656 5551 ergo
1683 5482 1911 5551 perSpi-

312 5580 478 5634 ritum
523 5586 794 5641 sanctum,
858 5577 1000 5631 sicut
1058 5591 1250 5631 verum
1293 5588 1409 5642 est,
1446 5587 1497 5629 et
1531 5576 1812 5645 sapienti-.e
1858 5587 1912 5630 et

310 5673 560 5729 scientiae
583 5687 765 5726 sermo
789 5671 1056 5735 donatur;
1090 5670 1368 5740 quomodo
1395 5669 1567 5723 solius
1598 5668 1773 5724 Patris
1797 5683 1916 5736 per-

311 5779 468 5821 sonae
525 5763 629 5818 hoc
676 5772 853 5831 potest
902 5762 1122 5830 ascribi,
1184 5763 1326 5832 quod
1356 5763 1505 5817 Solus
1546 5763 1617 5816 sit
1663 5762 1916 5830 sapiens,

316 5859 450 5927 nisi,
484 5867 544 5912 ut
573 5857 781 5914 dictum
810 5866 925 5916 est.
972 5871 1226 5927 tequaevae
1266 5855 1520 5913 Trinitati
1574 5855 1675 5910 ista
1724 5868 1920 5909 contra.

2013 4741 2142 4795 dicit
2175 4741 2457 4805 Dominus,
2486 4741 2607 4809 quia
2639 4738 2765 4792 mihi
2796 4741 3029 4810 ﬂectetur
3059 4756 3209 4793 omne
3233 4756 3387 4810 genu.
3416 4738 3614 4810 Utique

2016 4836 2083 4890 de
2114 4836 2334 4888 Christo
2363 4835 2515 4898 dicit,
2542 4850 2703 4904 quem
2727 4834 2793 4887 ad
2826 4833 3176 4903 judicandum
3209 4834 3364 4887 vivos
3384 4843 3441 4887 et
3468 4849 3614 4888 utor-

2017 4939 2138 4983 tuos
2159 4928 2431 4983 credimus
2462 4942 2582 4982 esse
2612 4937 2920 4981 venturum.
2953 4928 3240 4984 Psaltnista
3264 4943 3427 4984 voces
3450 4944 3615 4998 ange—

2018 5022 2191 5076 lorum
2219 5021 2451 5082 faciens,
2483 5036 2605 5074 cum
2635 5019 2885 5075 Christus
2933 5022 2985 5076 in
3027 5024 3195 5078 caelos
3243 5024 3611 5079 ascendisset:

2020 5112 2247 5178 Tollite,
2295 5113 2506 5182 inquit,
2555 5120 2733 5182 portas
2773 5113 3033 5182 principes
3064 5124 3285 5178 vestras,
3341 5122 3391 5166 et
3445 5113 3614 5165 eleva-

2015 5208 2140 5261 mini
2200 5217 2360 5275 porta:
2410 5206 2699 5268 (eternales,
2745 5216 2793 5258 et
2830 5207 3064 5260 introibit
3113 5223 3206 5261 rea:
3254 5206 3433 5276 gloria:
3478 5202 3611 5275 (Ps.

2014 5297 2327 5369 xxxut.7).
2365 5299 2585 5367 lllisque
2637 5299 3102 5367 interregantibus
3156 5297 3276 5364 quis
3319 5304 3467 5351 esset
3508 5297 3611 5350 iste

2015 5407 2109 5447 res
2135 5391 2345 5461 gloriae,
2372 5392 2649 5459 respondit
2683 5394 2973 5445 Dominus:
3010 5388 3184 5442 Fortis
3206 5398 3255 5441 et
3287 5398 3467 5457 potens
3497 5386 3608 5441 Do-

2018 5484 2187 5537 minus
2217 5484 2495 5545 virtutnm;
2516 5485 2625 5551 ipse
2656 5494 2727 5535 est
2758 5498 2851 5534 rex
2882 5480 3064 5551 gloria:
3095 5478 3284 5548 (lbid.,
3313 5480 3367 5535 8.
3401 5478 3512 5548 10).
3549 5478 3615 5531 Et

2017 5590 2086 5629 ne
2126 5577 2260 5629 forte
2286 5576 2355 5628 de
2384 5575 2546 5628 Patre
2590 5572 2795 5626 dictum
2844 5578 3069 5639 putent,
3124 5569 3397 5637 tlutllllodo
3448 5569 3615 5623 multa

2020 5669 2256 5722 absurde
2287 5667 2627 5735 intelligunt,
2656 5664 2882 5717 audiant
2909 5662 3229 5730 Apostolum
3280 5664 3406 5715 huic
3446 5663 3620 5718 versi-

2024 5760 2147 5814 culo
2192 5758 2626 5812 consentientem
2670 5772 2685 5807 :
2723 5754 2781 5809 St
2811 5756 2971 5818 enim,
2998 5754 3189 5822 inquit,
3222 5755 3619 5825 cognovissent,

2030 5866 2310 5919 numquam
2326 5848 2606 5904 Dominum
2631 5846 2814 5917 gloria
2829 5844 3212 5914 cruci/iecissent
3237 5845 3280 5917 (l
3297 5845 3441 5913 Cor.,
3470 5860 3527 5913 tt,
3549 5846 3603 5915 8)
3618 5876 3633 5898 ο
