4194 6184
502 297 608 358 665

971 293 1408 354 MONUMENTA
1442 292 1724 349 VETERA
1764 291 1858 345 AD
1902 285 2310 345 ARMNORUM
2348 286 2745 344 DOCTBINAM
2785 285 3280 348 PEBTINENTIA.

3694 287 3804 346 664

501 413 628 487 20);
657 414 798 487 quod
829 414 968 468 alius
996 410 1324 480 evangelista
1357 408 1600 468 declarat
1621 448 1635 472 ,
1662 407 1888 462 dicens:
1919 404 1979 460 Si
2007 419 2098 475 ego
2125 403 2179 465 Α
2204 398 2364 457 Isaiw
2393 402 2658 472 propheta:
2685 400 2848 475 (Act.,
2881 417 3074 470 XXVIII,
3115 403 3233 473 25).
3275 403 3454 468 Vade,
3485 403 3682 472 inquit,
3719 419 3810 457 ea:-

497 512 554 564 in
582 510 786 581 Spiritu
827 507 918 560 Dei
940 509 1090 580 ejicio
1121 504 1377 559 daemonia
1423 501 1680 575 (Mattlt.,
1729 516 1834 564 xu,
1863 497 1997 569 28).
2031 498 2096 552 Et

497 603 633 672 Magi
681 601 980 656 Pharaonis
1025 598 1151 652 victi
1198 597 1367 667 signis
1389 594 1586 650 divinis
1634 592 1855 647 dicunt:
1886 587 2095 661 Digitus

497 697 600 752 Dei
647 705 720 750 est
758 693 993 764 (Exod,
1035 708 1158 756 vtu,
1217 689 1340 759 19).
1371 690 1428 744 In
1489 689 1844 744 Pentecosten
1873 727 1889 753 ,
1950 683 2093 750 quod

496 789 658 843 etiam
691 795 818 840 ante
845 785 1132 840 adventum
1160 782 1360 837 Christi
1404 780 1575 836 Judaei
1603 779 1854 835 colebant
1879 817 1892 841 ,
1925 774 2094 845 digito

496 883 592 938 Dei
620 926 634 948 ,
668 883 717 937 id
751 891 835 936 est
859 882 1060 951 Spiritu
1087 923 1101 945 ,
1144 878 1431 946 inscriptas
1461 875 1672 930 tabulas
1698 874 1874 928 Moses
1901 871 2096 941 accipit

496 984 552 1031 et
589 990 708 1042 qua:
738 983 864 1029 tunc
911 974 964 1026 in
1003 970 1230 1040 lapideis
1276 969 1470 1025 tabulis
1513 970 1737 1037 ligurata
1775 973 1900 1019 sunt
1927 964 2090 1019 corda

494 1067 777 1120 durissima
819 1064 1161 1129 Judazorum,
1205 1071 1325 1131 post
1370 1060 1753 1116 Ascensionetn
1787 1057 1996 1114 Domini
2039 1056 2091 1110 in

495 1158 710 1212 carneis
739 1158 962 1220 tabulis,
995 1156 1045 1210 id
1075 1165 1159 1210 est
1199 1155 1249 1208 in
1289 1153 1543 1208 cordibus
1569 1151 1986 1221 discipulorum,
2016 1149 2092 1202 vi-

496 1253 726 1307 sibiliter
753 1251 1004 1320 dignatus
1035 1259 1117 1303 est
1154 1262 1415 1317 apparere
1447 1246 1500 1300 in
1546 1245 1659 1314 ipsa
1693 1243 1874 1313 specie
1914 1242 2051 1312 ignis
2077 1282 2090 1304 ,

495 1344 551 1397 in
595 1358 695 1411 qua
724 1342 855 1396 Mosi
903 1343 954 1394 in
1002 1339 1221 1394 deserto
1264 1337 1551 1406 apparuit,
1585 1337 1651 1390 de
1689 1351 1795 1404 quo
1824 1333 2094 1389 credimus

495 1432 686 1488 Isaiam
717 1431 927 1486 dicere:
954 1429 1092 1484 Deus
1120 1440 1288 1483 noster
1313 1429 1447 1498 ignis
1469 1442 1767 1480 consumens
1795 1434 1865 1478 est
1891 1423 2092 1494 (Deut.,

498 1539 585 1590 ιν,
615 1524 720 1588 24;
752 1523 911 1588 Ileb.,
941 1538 1043 1582 xu,
1072 1520 1188 1592 29).
1218 1521 1285 1574 Et
1309 1520 1444 1575 sicut
1469 1519 1732 1590 legimus,
1756 1517 1899 1587 quod
1933 1533 2093 1571 nemo

495 1619 716 1673 noverit
741 1617 1098 1685 cogitationes
1127 1614 1403 1669 hominum
1422 1656 1436 1680 ,
1482 1613 1582 1667 nisi
1626 1613 1765 1666 Deus
1784 1652 1797 1674 ,
1823 1609 2094 1677 quomodo

500 1709 733 1779 Spiritus
771 1717 988 1762 sanctus
1016 1722 1121 1761 non
1151 1717 1234 1761 est
1268 1706 1440 1770 Deus,
1473 1705 1561 1773 qui
1591 1703 1751 1757 etiam
1784 1718 1890 1756 non
1919 1702 2091 1755 solum

2199 512 2334 549 ca'ca
2361 512 2453 549 cor
2480 497 2660 565 populi
2689 497 2848 568 hujus
2874 495 3033 564 (Isa.,
3060 513 3132 558 γι.
3166 497 3277 570 10),
3300 507 3354 552 et
3380 498 3608 569 reliqua.
3643 497 3813 553 Inter-

2199 587 2424 658 rogandi
2465 597 2594 641 sunt
2639 599 2816 642 tamen
2871 588 3150 655 haeretici,
3201 591 3356 660 cujus
3387 593 3563 659 major
3600 591 3806 645 oﬂ‘ensa

2198 679 2307 745 sit,
2334 681 2422 751 qui
2459 681 2510 733 in
2555 680 2768 734 Patrem
2799 693 3024 750 peccat,
3059 697 3127 736 an
3160 683 3248 752 qui
3279 684 3328 737 in
3373 683 3633 753 Spiritum
3679 698 3805 738 san-

2197 783 2374 838 ctum,
2403 789 2562 842 quem
2591 773 2774 827 dicunt
2819 773 2990 830 Deum
3037 789 3142 828 non
3188 789 3331 829 esse.
3364 775 3431 829 Et
3480 790 3604 831 cum
3651 776 3802 831 dixe-

2197 865 2305 918 rint
2345 865 2602 934 majorem
2653 865 2911 920 offensam
2956 869 3093 921 esse
3123 867 3210 936 qui
3247 867 3298 920 in
3331 867 3543 922 Patrem
3579 880 3800 937 peceat,

2198 956 2566 1026 interrogandi
2599 969 2722 1011 sunt
2749 959 2940 1011 iterum
2979 957 3073 1011 lilii
3104 957 3265 1012 Israel
3295 967 3472 1011 utrum
3502 958 3645 1013 Patri
3675 974 3804 1027 pec-

2196 1049 2478 1108 caverint.
2522 1063 2589 1102 an
2638 1049 2831 1103 alteri?
2877 1048 3009 1103 Cum
3050 1049 3430 1120 responderint
3477 1052 3600 1120 quia
3655 1052 3805 1106 Patri

2199 1149 2592 1206 peccaverunt,
2627 1141 2817 1194 iterum
2851 1141 3216 1210 interrogandi
3244 1151 3403 1208 sunt,
3427 1142 3470 1198 si
3493 1143 3571 1197 eis
3598 1144 3803 1198 iuerint

2198 1231 2418 1285 dimissa
2454 1241 2694 1301 precata.
2724 1231 2921 1302 Utique
2947 1250 3051 1287 non
3100 1234 3402 1303 negabunt,
3440 1237 3561 1305 quia
3588 1245 3639 1290 et
3667 1237 3804 1306 legi-

2198 1339 2317 1379 mus
2347 1326 2490 1396 quod
2524 1327 2770 1382 conversi
2800 1326 2910 1380 sint
2936 1327 3002 1381 ad
3039 1328 3204 1382 Deum
3225 1370 3240 1394 ,
3267 1338 3322 1381 et
3347 1328 3574 1382 dimissa
3604 1327 3805 1384 iuerint

2198 1418 2276 1472 eis
2306 1429 2545 1487 peccata.
2582 1419 2783 1474 Deinde
2826 1421 3195 1490 interrogandi
3228 1430 3355 1475 sunt.
3376 1462 3391 1487 ,
3424 1433 3482 1475 ut
3530 1433 3807 1491 exponant

2196 1513 2469 1583 quomodo
2501 1513 2803 1583 intelligant
2846 1513 3048 1568 dictum
3099 1530 3125 1567 a
3173 1514 3400 1569 Domino
3433 1533 3446 1567 :
3483 1513 3806 1584 Quicumque

2197 1604 2249 1657 in
2282 1604 2486 1670 Spiritu
2525 1618 2702 1659 saneto
2749 1607 3061 1675 peccaverit,
3096 1622 3195 1660 non
3228 1607 3513 1661 remittetur
3555 1610 3600 1661 ei
3644 1624 3805 1679 neque

2197 1695 2251 1748 in
2281 1696 2376 1750 hoc
2405 1697 2617 1763 sarculo,
2658 1713 2818 1765 neque
2857 1698 2910 1750 in
2958 1701 3133 1768 futuro
3174 1697 3418 1770 (Mattlt.,
3445 1714 3546 1760 xu,
3579 1697 3694 1771 '52).
3744 1700 3803 1754 Si

495 1819 618 1874 quae
654 1804 704 1856 iu
749 1802 1001 1868 homine,
1033 1800 1127 1856 sed
1172 1800 1333 1855 etiam
1381 1815 1500 1868 qua:
1539 1799 1590 1852 in
1635 1798 1748 1852 Deo
1779 1806 1904 1852 sunt
1951 1796 2092 1851 scire

2200 1787 2340 1842 Deus
2383 1804 2489 1842 non
2521 1797 2642 1851 est,
2676 1803 2844 1858 quare
2873 1795 2982 1842 tam
3015 1789 3196 1855 gravis
3223 1789 3340 1858 ejus
3384 1793 3591 1846 olTensa
3637 1809 3664 1843 a
3700 1791 3807 1846 D0-

497 1896 872 1966 dignuscitur?
904 1895 1117 1948 dicente
1163 1892 1426 1958 Apostolo
1462 1910 1475 1945 :
1504 1890 1732 1959 Spiritus
1761 1891 1892 1944 enim
1921 1890 2094 1943 omnia

493 1996 772 2050 scrutatur,
801 1986 953 2038 etiam
979 1983 1238 2054 profunda
1264 1979 1362 2034 Dei
1384 1982 1426 2049 (I
1447 1979 1593 2047 Cor.,
1618 1997 1678 2045 ιι,
1705 1980 1792 2051 10)
1817 1998 1829 2035 :
1856 1990 1910 2035 et
1935 1979 2094 2049 paulo

496 2089 620 2148 post
652 2098 664 2132 :
699 2076 785 2130 Ita
809 2093 922 2148 qua:
971 2075 1070 2130 Dei
1099 2087 1217 2130 sunt
1263 2091 1410 2128 nemo
1436 2073 1703 2144 cognovit,
1735 2073 1835 2126 nisi
1878 2073 2094 2141 spiritus

496 2171 597 2225 Dei
618 2168 819 2242 (Ibid.,
852 2169 961 2238 11).
992 2168 1098 2222 Sed
1147 2168 1283 2221 forte
1325 2167 1457 2220 dicit
1501 2167 1718 2232 aliquis,
1749 2165 1872 2221 ideo
1919 2165 2096 2219 minor

495 2273 619 2327 est,
653 2262 776 2331 quia
809 2263 1008 2315 missus
1038 2259 1250 2328 legitur.
1283 2258 1351 2313 Et
1388 2258 1514 2328 quid
1540 2259 1785 2313 dicturus
1817 2265 1940 2323 est,
1969 2273 2094 2312 cum

492 2352 628 2421 legit
670 2356 721 2404 in
751 2351 888 2404 Isaia
929 2351 1190 2420 prOpheta
1223 2366 1289 2404 ex
1320 2366 1550 2420 persona
1579 2350 1779 2404 Christi
1826 2349 2092 2404 dicentis:

497 2443 753 2496 Dominus
780 2443 916 2495 misit
941 2458 1040 2506 me,
1072 2452 1119 2495 et
1153 2442 1381 2510 Spiritus
1411 2444 1526 2514 ejus
1556 2439 1720 2509 (Isa.,
1755 2456 1944 2503 XLVIII,
1980 2438 2089 2510 16).

498 2534 565 2589 Et
611 2534 738 2588 alibi
774 2534 1044 2603 :Spiritus
1097 2533 1309 2587 Domini
1353 2550 1506 2603 super
1556 2551 1671 2600 me;
1719 2544 1928 2601 propter
1960 2533 2096 2603 quod

496 2626 700 2678 tinxerit
731 2641 840 2688 me,
873 2625 941 2678 ad
989 2625 1442 2695 euangelizandum
1486 2624 1798 2693 pauperibus
1839 2624 2097 2677 remissio-

505 2737 641 2779 nem.
673 2731 720 2773 et
760 2721 909 2774 caecis
955 2721 1140 2784 visum,
1194 2719 1508 2773 annuntiare
1551 2736 1743 2773 annum
1792 2717 2096 2786 placabilem

497 2811 710 2866 Domini
741 2811 905 2884 (Isa.,
937 2829 1046 2874 LXI,
1079 2812 1155 2884 1).
1187 2821 1241 2868 et
1267 2814 1493 2882 reliqua.
1527 2813 1591 2866 Et
1623 2822 1676 2865 ut
1709 2813 1849 2866 scias
1879 2811 2098 2866 eviden-

499 2912 585 2958 ter
614 2903 680 2957 de
721 2903 952 2958 Domino
989 2904 1190 2958 dictum
1212 2945 1227 2966 ,
1263 2902 1602 2974 Ενιιιιεριὶειιι
1635 2903 1768 2958 dicit
1797 2922 1809 2957 :
1843 2905 1970 2958 Cum
2016 2920 2098 2957 ve-

497 2997 656 3050 nisset
688 2995 935 3050 Dominus
970 2994 1124 3049 Iesus
1152 2997 1204 3049 in
1232 3013 1547 3068 synagogunt
1570 3037 1583 3060 ,
1615 2996 1764 3051 datus
1795 3006 1868 3049 est
1897 2997 1943 3049 ei
1971 2996 2099 3050 liber

495 3084 655 3141 Isaia:
681 3089 944 3156 propheta:
963 3129 977 3150 ,
1005 3104 1155 3157 quem
1182 3089 1418 3152 aperiens
1441 3089 1629 3140 invenit
1656 3090 1906 3158 scriptunt
1925 3105 1943 3142 :
1977 3089 2099 3158 Spi-

2198 1883 2348 1937 mino
2397 1897 2516 1936 esse
2585 1882 2816 1937 dientur.
2863 1882 3064 1937 Iterum
3123 1883 3494 1953 interrogandi
3543 1893 3709 1952 sunt,
3757 1885 3806 1938 si

2198 1977 2411 2033 fuerunt
2449 1976 2538 2029 ﬁlii
2590 1974 2755 2031 Israel
2801 1987 3150 2031 contumaces
3181 1977 3329 2044 Deo,
3387 1993 3453 2031 an
3496 1981 3641 2032 non?
3668 1979 3804 2033 Cum

2199 2087 2307 2126 non
2356 2071 2710 2140 negaverint,
2759 2071 2883 2139 quia
2928 2087 3026 2124 nec
3068 2082 3332 2140 possunt,
3387 2072 3674 2127 dicendum
3723 2084 3810 2128 est

2199 2161 2312 2229 eis,
2354 2163 2627 2228 quomodo
2667 2163 2933 2232 accipiant
2984 2163 3113 2217 illud
3147 2163 3288 2233 quod
3339 2164 3527 2219 beatus
3570 2166 3806 2236 Stepha-

2200 2268 2302 2306 nus
2347 2251 2550 2307 Judaais
2597 2253 2893 2322 exprobrat
2923 2253 3110 2309 dicens
3147 2273 3160 2310 :
3196 2255 3300 2309 Vos
3322 2273 3522 2324 semper
3547 2259 3810 2312 restitistis

2202 2344 2426 2413 Spiritui
2455 2354 2633 2398 sancto
2659 2386 2674 2411 ,
2711 2355 2759 2398 et
2781 2362 2981 2415 semper
3011 2348 3055 2400 ei
3086 2357 3410 2401 contumaces
3441 2351 3642 2419 fuistis,
3674 2351 3810 2404 sicut

2199 2447 2244 2490 et
2271 2446 2441 2508 patres
2467 2438 2616 2490 vestri
2645 2438 2807 2507 (Ach.
2839 2453 2910 2491 vn
2929 2479 2943 2500 ,
2971 2437 3086 2507 5-I).
3115 2439 3256 2493 Audi
3285 2441 3449 2494 etiam
3477 2441 3542 2495 ad
3565 2440 3807 2496 Thessa-

2199 2528 2536 2593 lonicenses,
2585 2530 2674 2583 ubi
2716 2529 2976 2595 Spiritum
3027 2544 3272 2586 sanctum
3324 2544 3377 2589 et
3409 2536 3644 2604 priorem
3686 2537 3809 2590 loco

2201 2623 2387 2691 ponit,
2416 2632 2472 2676 et
2498 2623 2778 2676 Dominum
2821 2633 3094 2691 nuncupat
3135 2625 3322 2678 dicens
3365 2641 3379 2680 :
3415 2626 3664 2682 Dominus
3708 2645 3808 2682 au-

2201 2723 2302 2767 tem
2334 2715 2528 2786 dirigat
2572 2715 2728 2767 corda
2760 2727 2924 2770 vestra
2965 2717 3018 2770 in
3050 2719 3299 2772 charitate
3327 2717 3456 2784 Dei,
3486 2731 3533 2773 et
3561 2723 3810 2791 patientia

2200 2803 2394 2859 Christi
2425 2805 2504 2878 (Il
2551 2805 2786 2860 Thessal.
2807 2847 2822 2873 ,
2845 2812 3044 2874 xxxv).
3078 2809 3377 2879 Diligenter
3409 2811 3651 2878 adverte,
3683 2813 3809 2882 quia

2202 2895 2291 2951 hic
2339 2897 2572 2967 Spiritus
2619 2908 2839 2952 sanctus
2882 2910 3105 2966 oratur,
3159 2911 3216 2955 ut
3255 2903 3418 2957 corda
3464 2905 3808 2960 credentium

2203 2988 2395 3057 diriget
2423 2990 2475 3042 in
2506 2988 2767 3044 charitate
2798 2989 2892 3043 Dei
2918 3032 2932 3056 ,
2963 3001 3018 3044 et
3056 2993 3107 3045 in
3157 2994 3415 3061 patientia
3447 2995 3673 3050 Christi.
3721 2995 3810 3051 In-

2203 3081 2514 3150 terrogandi
2563 3093 2688 3135 sunt
2745 3082 2930 3147 etiam,
2971 3083 3097 3153 quid
3140 3085 3312 3156 majus
3349 3089 3438 3148 sit.
3472 3100 3652 3143 utrum
3683 3091 3809 3146 coeli

495 3181 627 3234 ritus
657 3179 868 3234 Domini
895 3197 1051 3250 super
1075 3197 1154 3234 me
1193 3179 1383 3248 (Luc.,
1411 3196 1482 3247 tv,
1519 3180 1633 3250 l7),
1663 3191 1715 3233 et
1746 3182 1950 3249 reliqua
1977 3197 2096 3250 qua:
2123 3171 2167 3230 C
2201 3188 2267 3228 an
2317 3176 2543 3228 virtutes
2594 3174 2895 3231 caelorum?
2925 3185 2980 3231 et
3019 3193 3140 3232 cum
3188 3179 3308 3234 sine
3358 3180 3522 3237 dubio
3569 3183 3811 3239 dixerint

497 3286 665 3343 supra
711 3272 967 3326 diximus.
1016 3271 1086 3325 Et
1132 3278 1254 3340 post
1299 3271 1415 3325 hth
1455 3289 1470 3324 :
1515 3270 1749 3338 Plicuit,
1783 3273 1983 3339 inquit,
2033 3273 2098 3326 ti.

499 3365 648 3418 brum
669 3406 684 3431 ,
717 3375 764 3418 et
794 3364 937 3418 dedit
977 3365 1234 3429 ministro,
1280 3373 1326 3418 et
1353 3365 1519 3419 dixit:
1550 3364 1721 3418 Hodie
1751 3367 1801 3416 in
1834 3364 1973 3418 vobis
1999 3367 2097 3418 im-

500 3458 640 3527 pleta
667 3469 740 3511 est
778 3459 1034 3526 scriptura
1073 3459 1171 3510 ista
1219 3454 1390 3525 (Ibid.
1413 3498 1427 3521 ,
1459 3457 1587 3526 20).
1633 3454 1975 3512 Credendum
2020 3467 2103 3512 est

501 3549 676 3613 mitti,
707 3549 797 3617 qui
835 3549 1036 3617 ubique
1065 3563 1186 3602 esse
1233 3549 1603 3619 dignoscitur?
1625 3551 1763 3604 sicut
1794 3552 1922 3604 dlCiI.
1949 3549 2100 3604 Psal-

503 3641 664 3695 nti-ta
692 3660 704 3696 :
741 3639 854 3707 Quo
881 3640 962 3693 ibo
1000 3656 1031 3693 a
1059 3639 1264 3710 Spiritu
1295 3651 1379 3695 tuo
1400 3683 1414 3707 ,
1448 3652 1494 3694 et
1521 3659 1552 3694 a
1597 3643 1731 3712 facie
1759 3655 1846 3696 tua
1876 3659 1974 3714 quo
2012 3646 2098 3714 fu-

503 3734 644 3806 giam
665 3731 784 3806 (Ps.
812 3748 1077 3798 csxxvm,
1107 3733 1197 3805 7)?
1226 3732 1332 3789 Sed
1361 3733 1500 3788 sicut
1530 3734 1652 3789 Filii
1684 3735 1898 3798 missio,
1924 3736 2102 3789 incar-

502 3829 654 3881 natio
680 3826 1017 3894 declaratur,
1046 3841 1167 3881 cum
1209 3841 1268 3881 se
1295 3826 1547 3896 dignatus
1577 3836 1660 3882 est
1688 3839 1779 3880 aut
1811 3829 1862 3881 in
1895 3833 2101 3883 colum-

500 3925 585 3977 bur
613 3924 797 3994 spei-ie
823 3966 838 3989 ,
878 3923 965 3978 vel
995 3923 1048 3977 in
1081 3925 1205 3994 igne
1226 3967 1240 3990 ,
1271 3934 1365 3980 aut
1407 3927 1641 3981 diversis
1670 3925 1980 3995 hujusmodi
2013 3941 2102 3979 as-

503 4019 734 4086 sumptis
784 4017 998 4071 indiciis
1053 4016 1349 4071 declarare.
1406 4017 1689 4084 Quomodo
1744 4034 1872 4086 ergo
1923 4019 2100 4072 minor

503 4109 807 4162 credendus
836 4116 940 4171 est,
972 4108 1064 4176 qui
1091 4108 1253 4162 etiam
1272 4109 1460 4176 Deum,
1499 4111 1588 4178 qui
1617 4111 1755 4163 sit-ut
1781 4111 1892 4179 ipse
1920 4126 2101 4182 :rqua-

502 4198 571 4252 Iis
597 4208 682 4252 est
731 4198 902 4260 Patri,
958 4197 1289 4268 approbatur
1341 4199 1406 4252 ad
1460 4201 2099 4256 nostramremissionem

503 4290 756 4343 misisse?
783 4298 835 4343 et
865 4305 966 4342 non
1005 4289 1181 4343 solum
1213 4291 1426 4345 misisse
1446 4331 1463 4359 ,
1497 4292 1634 4347 sicut
1664 4308 1760 4358 per
1799 4291 1989 4348 Isaiam
2019 4294 2102 4348 di-

502 4389 648 4436 ctum
697 4381 1148 4445 memoravimus,
1197 4381 1290 4435 sed
1323 4383 1482 4436 etiam
1535 4385 1832 4438 secundum
1879 4401 2097 4440 carnem

501 4485 753 4534 creasse,
785 4475 924 4527 sicut
977 4473 1140 4527 habes
1174 4472 1226 4526 in
1262 4473 1556 4544 Evangelio
1585 4477 1835 4546 angelum
1880 4477 1946 4530 ad
1988 4476 2097 4531 Ma-

2204 3268 2430 3322 virtutes
2460 3268 2724 3324 caelorum
2753 3286 2768 3322 :
2801 3269 3092 3326 dicendum
3113 3283 3194 3327 εει
3224 3273 3334 3329 eis:
3366 3274 3422 3329 In
3450 3285 3656 3332 tantum
3686 3277 3810 3348 Spi-

2205 3361 2344 3415 ritus
2369 3371 2585 3416 sanctus
2607 3364 2783 3416 minor
2813 3380 2917 3418 non
2941 3375 3056 3432 est,
3082 3367 3175 3421 sed
3200 3384 3445 3424 summus
3465 3379 3578 3437 est,
3603 3382 3653 3426 ιιι
3682 3387 3806 3427 cum

2204 3452 2371 3507 verbo
2419 3453 2636 3508 Domini
2667 3455 2918 3511 dicantur
2971 3458 3094 3512 εωΙί
3127 3460 3336 3526 creati,
3382 3462 3582 3531 Spiritu
3619 3473 3809 3519 sancto

2204 3548 2430 3602 virtutes
2482 3549 2769 3604 caelorum.
2815 3549 3017 3620 Accipe
3063 3551 3241 3607 adhuc
3293 3555 3381 3608 ubi
3428 3566 3643 3611 creator
3689 3558 3804 3612 evi-

2204 3639 2396 3695 denter
2421 3640 2656 3710 Spiritus
2683 3652 2904 3696 sanctus
2933 3643 3284 3700 describitur.
3323 3646 3426 3702 Job
3465 3649 3598 3703 dicit
3628 3667 3643 3705 :
3678 3649 3805 3720 Spi-

2204 3737 2332 3790 ritus
2359 3738 2564 3794 divinus
2585 3741 2672 3810 qui
2688 3742 2806 3812 fecit
2829 3759 2907 3796 me
2935 3741 3102 3812 (Job.,
3130 3760 3321 3811 χχχιιι,
3342 3746 3423 3818 4).
3459 3747 3528 3802 Et
3553 3749 3801 3804 divinum

2205 3831 2391 3902 utique
2422 3843 2726 3889 creatorem
2761 3850 2870 3890 uno
2902 3837 3180 3891 versiculo
3206 3837 3601 3896 demonstravit
3633 3861 3645 3894 :
3677 3857 3802 3897 cum

2203 3922 2443 3977 divinum
2491 3928 2765 3994 appellat,
2797 3938 2851 3982 et
2893 3928 3059 3982 Deum
3106 3938 3162 3984 et
3198 3942 3499 3988 creatorem
3543 3936 3800 3992 ostendit.

2202 4014 2353 4070 Sicut
2381 4027 2434 4070 et
2464 4017 2630 4071 David
2657 4019 2786 4073 dicit
2811 4038 2822 4073 :
2860 4019 3054 4075 Emitte
3085 4011 3339 4094 Spiritum
3368 4035 3532 4086 tuum,
3565 4037 3613 4081 et
3657 4045 3802 4083 creao

2204 4107 2425 4174 buntur,
2474 4122 2523 4163 et
2577 4111 2844 4165 renovabis
2891 4115 3078 4183 [aciem
3127 4123 3278 4169 terra:
3322 4116 3450 4188 (Ps.
3509 4134 3637 4181 cut,
3683 4120 3798 4190 50).

2202 4198 2575 4271 Interrogaudi
2621 4204 2784 4257 ctiam
2833 4214 2996 4269 sunt,
3040 4206 3084 4259 si
3136 4217 3385 4262 creatura
3437 4210 3633 4278 ubique
3681 4226 3803 4266 esse

2205 4301 2413 4359 potest,
2443 4307 2508 4346 an
2540 4294 2681 4347 non?
2711 4293 2778 4347 Et
2799 4309 2921 4349 cum
2953 4297 3370 4366 responderint,
3399 4301 3521 4368 quia
3551 4317 3659 4356 non
3688 4303 3802 4357 ubi-

2203 4395 2340 4450 que,
2374 4383 2514 4438 sicut
2559 4394 2612 4438 et
2643 4401 2828 4439 verum
2861 4396 2979 4452 est,
3027 4388 3314 4444 dicendum
3349 4393 3553 4463 absque
3597 4397 3799 4464 dubio,

2205 4472 2437 4541 Spiritus
2468 4484 2686 4529 sanctus
2714 4475 2854 4530 Deus
2881 4488 2998 4544 est,
3028 4489 3083 4533 et
3111 4497 3218 4533 non
3250 4492 3496 4539 creatura
3518 4527 3533 4550 ,
3565 4488 3654 4556 qui
3684 4489 3803 4542 ubi-

498 4565 636 4620 riam
671 4565 872 4621 dixisse
900 4584 913 4620 :
948 4566 1208 4632 Spiritus.
1252 4566 1423 4635 inquit
1448 4608 1464 4631 ,
1495 4578 1701 4622 sanctus
1727 4570 1889 4623 veniet
1919 4571 1971 4622 in
2014 4579 2060 4623 te
2081 4611 2095 4634 ,
2126 4553 2180 4612 Β
2205 4581 2307 4633 que
2335 4581 2457 4621 esse
2485 4567 2831 4622 describitur.
2867 4570 2940 4623 De
2963 4586 3071 4640 quo
3093 4613 3107 4637 ,
3142 4572 3286 4627 sicut
3311 4575 3420 4642 jam
3450 4553 3651 4632 dictum
3675 4590 3755 4635 est
3785 4625 3798 4646 ,

501 4660 662 4713 virtus
693 4659 942 4714 Altissimi
972 4659 1288 4712 obumbrabit
1319 4660 1410 4712 tibi
1433 4658 1621 4729 (Luc.,
1647 4677 1696 4723 ι,
1728 4662 1853 4728 55),
1885 4673 1939 4716 et
1967 4661 2097 4715 reli-

501 4766 626 4820 qua.
661 4751 776 4804 Non
807 4755 952 4805 enim
988 4752 1370 4820 generatione,
1403 4751 1497 4804 sed
1525 4754 1806 4818 jussione,
1840 4766 1892 4808 et
1937 4754 2098 4807 bene-

502 4841 739 4896 dictione
766 4842 938 4895 sancti
966 4842 1197 4910 Spiritus
1221 4851 1517 4908 conceptus
1540 4851 1624 4897 est
1649 4842 1898 4898 Christus
1916 4887 1928 4906 ,
1957 4848 2100 4900 sicut

502 4944 557 4989 et
585 4935 724 4989 alius
754 4936 1086 5004 evangelism
1115 4935 1225 4986 ait:
1259 4933 1476 4989 Inventa
1506 4947 1616 5003 est,
1659 4937 1830 5004 inquit
1855 4979 1869 5000 ,
1911 4939 2099 4992 habens

499 5026 554 5079 in
586 5034 730 5080 utero
765 5025 828 5079 de
855 5025 1054 5096 Spiritu
1085 5035 1262 5078 sancto
1292 5023 1542 5097 (Matth.,
1583 5043 1630 5090 ι,
1653 5027 1777 5098 ‘28).
1811 5029 2094 5097 Propheta:

498 5128 679 5171 autem
707 5117 891 5171 dicunt
941 5116 1250 5186 frequenter
1271 5157 1286 5182 ,
1315 5118 1455 5172 sicut
1495 5119 1604 5184 jam
1637 5121 2055 5174 memoravimus
2077 5164 2090 5185 ,

499 5208 631 5263 Haec
666 5211 792 5264 dicit
837 5210 1108 5264 Dominus.
1145 5211 1212 5264 Et
1248 5211 1370 5280 quis
1405 5212 1477 5263 sit
1504 5210 1607 5266 iste
1649 5212 1908 5265 Dominus
1935 5254 1949 5273 ,
1993 5213 2090 5267 Mi-

497 5307 678 5359 cha-as
709 5307 969 5376 propheta
996 5305 1278 5359 evidenter
1302 5305 1558 5366 ostendit,
1605 5320 1725 5358 cum
1758 5306 1996 5375 loquitur
2023 5306 2088 5360 ad

495 5394 684 5450 Achab
710 5395 924 5450 dicens:
958 5397 1018 5451 Si
1049 5407 1102 5448 tu
1131 5395 1194 5449 de
1217 5395 1398 5463 prtelio
1440 5412 1597 5449 sanus
1633 5396 1847 5450 redieris
1871 5439 1885 5463 ,
1930 5398 1984 5451 in
2013 5415 2093 5453 me

496 5504 598 5542 non
646 5498 720 5542 est
759 5490 959 5542 locutus
999 5486 1139 5541 Deus
1182 5486 1281 5558 (III
1314 5486 1468 5557 Reg.,
1512 5503 1658 5553 ml,
1684 5487 1807 5560 28).
1856 5489 1924 5545 Et
1969 5491 2091 5562 quis

491 5579 596 5632 iste
629 5582 768 5634 Deus
798 5583 909 5646 sit,
943 5581 1032 5650 qui
1064 5583 1116 5635 in
1161 5581 1445 5649 Pr0phctis
1489 5583 1697 5638 locutus
1741 5584 1845 5648 sit,
1891 5584 2090 5642 Paulus

494 5673 770 5738 apostolus
801 5675 1143 5727 demonstrat
1167 5712 1179 5735 ,
1212 5688 1332 5728 cum
1359 5673 1486 5729 dicit
1529 5675 1595 5729 ad
1624 5675 1840 5731 .lud.eos
1868 5694 1879 5730 :
1914 5677 2085 5744 Bene,

493 5757 668 5832 inquit
693 5805 708 5829 ,
741 5765 803 5818 de
833 5767 973 5819 vobis
1004 5765 1230 5834 Spiritus
1276 5778 1483 5822 sanctus
1526 5770 1846 5839 prophetarit
1893 5788 1986 5841 per
2033 5785 2088 5826 os

2202 4657 2472 4726 Propheta
2524 4660 2970 4729 omnipotentiaut
3011 4663 3130 4731 ejus
3180 4674 3428 4721 metuens
3469 4670 3636 4724 (iit'il:
3686 4671 3801 4737 Quo

2199 4752 2282 4805 ibo
2309 4769 2340 4804 a
2364 4753 2550 4818 spiritu
2581 4764 2666 4805 tuo
2685 4795 2697 4817 ,
2721 4765 2770 4807 et
2790 4771 2821 4806 a
2844 4757 3006 4823 facie,
3037 4773 3140 4826 quo
3163 4760 3360 4828 fugiam
3385 4759 3500 4833 (Ps.
3526 4779 3801 4834 cxxxvm,

2203 4843 2295 4911 7)?
2326 4848 2572 4912 Agnosce
2613 4861 2742 4915 ergo
2775 4847 2982 4901 nullum
3015 4863 3136 4904 esse
3169 4850 3346 4905 locum
3369 4894 3384 4919 ,
3416 4854 3503 4908 ubi
3543 4871 3648 4910 non
3680 4875 3802 4914 om-

2204 4937 2501 5004 nipotcntia
2556 4938 2790 5008 Spiritus
2841 4944 3014 4998 sancti
3064 4959 3306 5014 praesens
3351 4963 3473 5004 esse
3522 4951 3800 5020 probetur.

2199 5029 2336 5086 Item
2374 5032 2783 5102 interrogandi,
2815 5044 2991 5090 utrum
3026 5039 3192 5108 possit
3233 5042 3373 5097 alius
3406 5056 3601 5112 praeter
3631 5046 3801 5102 Deum

2198 5133 2417 5191 peccata
2449 5124 2760 5191 dimittere;
2806 5136 2862 5182 et
2889 5144 3010 5183 cum
3043 5133 3427 5200 responderint
3452 5137 3576 5206 quia
3619 5139 3804 5194 nullus

2199 5218 2300 5272 nisi
2351 5220 2518 5283 Deus,
2552 5223 2674 5290 quia
2723 5224 2984 5293 scriptum
3025 5235 3105 5280 est
3139 5245 3152 5280 :
3193 5226 3362 5283 Nemo
3391 5242 3556 5301 patest
3593 5245 3804 5305 peccata

2197 5311 2456 5365 dimittere
2485 5313 2584 5367 nisi
2612 5316 2756 5370 solus
2787 5315 2925 5370 Deus
2950 5317 3129 5386 (Luc.,
3162 5337 3192 5373 v
3212 5363 3226 5386 ,
3254 5324 3372 5392 26),
3404 5326 3690 5381 dicendum
3717 5339 3802 5384 est

2195 5403 2276 5457 eis
2307 5403 2423 5458 sine
2453 5403 2618 5459 dubio
2647 5407 2884 5476 Spiritus
2912 5422 3132 5465 sanctus
3167 5413 3305 5467 Deus
3331 5427 3415 5470 est
3435 5459 3449 5482 ,
3479 5418 3568 5488 qui
3609 5421 3804 5475 remis-

2197 5496 2406 5551 sionem
2437 5509 2782 5565 peccatorum
2813 5500 3067 5556 conferre
3107 5503 3472 5574 dignoscitur,
3521 5509 3660 5564 sicut
3692 5512 3798 5564 Do-

2199 5591 2375 5645 minus
2411 5591 2589 5646 dixit:
2620 5595 2847 5666 Accipite
2874 5594 3132 5664 Spiritum
3163 5610 3433 5668 sanetum;
3464 5619 3682 5671 quorum
3710 5622 3798 5661 re-

2199 5684 2435 5738 miseritis
2466 5695 2674 5753 peccata
2702 5689 3023 5742 remittentur
3053 5690 3124 5744 eis
3147 5689 3166 5763 (
3186 5692 3374 5758 Joan.,
3404 5711 3473 5748 xx
3497 5735 3515 5762 ,
3545 5695 3664 5767 εἰ).
3693 5697 3797 5766 Qui

2196 5780 2358 5833 etiam
2393 5778 2447 5832 in
2479 5779 2746 5850 baptismo
2774 5797 2894 5838 cum
2926 5783 3092 5840 Patre
3120 5794 3176 5841 et
3217 5786 3356 5844 Filio
3399 5788 3684 5862 baptizatis
3715 5805 3795 5848 re-
