4194 6184
445 299 547 357 665

935 301 1362 361 MONUMENTA
1407 305 1693 364 VETERA
1723 309 1815 365 AD
1846 308 2252 371 ARIANORUM
2282 315 2684 378 DOCTRINAM
2714 322 3205 384 PERTINENTIA:
3260 335 3275 348 '

3624 332 3727 387 666

440 416 753 473 missionem
809 418 992 474 tribuit
1050 432 1412 491 peccatorum.
1468 423 1608 478 Audi
1666 425 1828 479 etiam
1889 425 2028 495 quod
2058 426 2270 486 Astola
2317 433 2459 490 Petri
2507 439 2773 506 apostoli,
2828 440 3176 513 Mortiﬁcatus
3220 462 3405 513 carne,
3449 447 3733 516 vivi/tentus

438 510 675 581 Spiritus
721 522 939 568 sanctus
975 515 1113 569 Deus
1149 526 1262 580 est,
1304 518 1392 583 qui
1425 516 1737 588 frequenter
1771 533 1890 573 cum
1934 518 2033 572 Pa-

438 611 522 659 tre
553 614 606 659 et
639 604 776 659 Filio
805 607 1110 674 c0pulatur.
1141 607 1223 661 Ad
1260 606 1607 676 Corinthios,
1642 609 1779 664 sicut
1814 611 1920 678 jam
1952 610 2034 665 di-

436 705 582 752 ctum
606 706 717 759 est,
749 696 961 762 Cratia,
992 698 1195 768 inquit,
1229 699 1439 754 Domini
1468 703 1627 756 nostri
1654 700 1777 756 Jesu
1809 701 2026 771 Christi,

435 800 484 844 et
505 791 729 843 charitas
748 790 864 852 Dei,
887 801 933 844 et
956 795 1347 848 communicatio
1368 796 1532 849 sancti
1552 795 1779 866 Spiritus
1801 813 1913 848 cum
1930 814 2032 849 om-

435 884 585 939 nibus
606 884 744 939 vobis
769 883 832 956 (ll
853 884 999 950 Cor.,
1023 902 1115 939 xui
1133 927 1148 950 ,
1174 885 1285 957 15).
1306 887 1407 956 Qui
1436 889 1478 942 si
1503 904 1609 942 non
1634 898 1780 943 esset
1809 890 1950 943 Deus
1976 900 2031 944 et

435 988 680 1034 creatura
700 988 868 1043 esset,
892 981 1029 1034 sicut
1050 981 1386 1050 blasphemat
1408 984 1715 1049 hmreticus,
1736 1001 2026 1052 numquam

434 1070 488 1124 iu
512 1070 800 1140 baptismo,
826 1072 914 1125 ubi
941 1073 1086 1126 salus
1109 1073 1326 1129 humani
1349 1076 1565 1145 generis
1587 1077 1782 1146 agitur,
1808 1077 1956 1130 Patri
1974 1086 2027 1131 et

435 1161 572 1217 Filio
587 1164 951 1230 capularetur.
968 1164 1099 1219 Nam
1114 1167 1253 1235 quod
1271 1168 1429 1222 unius
1443 1169 1758 1223 substantia}
1778 1171 1847 1223 sit
1864 1169 2027 1225 Pater

433 1266 487 1310 et
528 1254 695 1310 Filius
724 1267 779 1311 et
808 1257 1042 1326 Spiritus
1073 1268 1324 1326 sanctus,
1353 1260 1519 1315 Isaias
1566 1261 1826 1331 propheta
1855 1263 2021 1330 dicit,

430 1345 572 1400 sicut
595 1346 705 1415 jam
732 1350 1150 1403 memoravimus
1173 1391 1188 1414 ,
1224 1351 1352 1417 Quis
1381 1352 1632 1420 appendit
1663 1354 1822 1407 tribus
1853 1356 2025 1423 digitis

431 1438 616 1491 ntalem
645 1450 792 1494 ten‘a:
815 1438 976 1512 (Isa.,
1003 1456 1090 1505 χι,
1119 1439 1246 1510 12)?
1276 1443 1393 1509 Quo
1419 1444 1538 1498 loco
1570 1460 1667 1513 per
1696 1454 1802 1499 tres
1828 1445 2023 1515 digitos

430 1526 484 1581 in
519 1528 687 1583 tribus
714 1531 961 1597 personis
990 1546 1147 1584 unam
1174 1532 1530 1586 substantiam
1561 1548 1682 1587 esse
1719 1533 2016 1601 perdocuit.

426 1620 578 1688 Quod
612 1622 903 1691 Apostolus
931 1623 997 1677 de
1038 1623 1301 1678 Trinitate
1330 1625 1531 1680 dictum
1577 1626 1884 1695 intelligens
1913 1628 2018 1693 ait,

431 1712 617 1768 Omnia
641 1730 705 1769 ea:
745 1716 860 1785 ipso
880 1758 894 1781 ,
926 1725 971 1769 et
1015 1733 1103 1787 per
1132 1716 1333 1787 ipsum,
1366 1726 1409 1771 et
1455 1716 1506 1769 in
1546 1718 1658 1783 ipso
1702 1727 1819 1771 sunt
1851 1704 2047 1772 omniax

2137 537 2306 578 autem
2336 525 2539 594 Spiritu
2569 530 2615 598 (Ι
2637 529 2780 601 Pet.,
2811 548 2887 597 ut,
2922 534 3032 606 18).
3078 536 3144 592 Et
3174 537 3371 594 Paulus
3414 540 3691 607 apostolus
3714 582 3731 609 ,

2137 613 2364 683 Littera,
2399 619 2607 690 inquit,
2647 625 2829 678 occidit
2851 667 2864 690 ,
2913 627 3128 695 spiritus
3163 639 3333 685 autem
3373 632 3596 699 viviﬁcat
3641 633 3659 702 (
3688 631 3732 688 ΙΙ

2136 706 2280 774 Cor.,
2312 725 2399 777 ut,
2432 712 2508 782 6).
2540 714 2605 767 Et
2649 715 2699 769 in
2729 716 3019 787 Evangetio
3040 761 3056 785 ,
3089 720 3316 788 Spiritus
3342 735 3413 778 est
3452 723 3539 789 qui
3565 724 3734 794 viviﬁ-

2132 809 2234 863 cat,
2262 818 2379 855 nam
2420 820 2540 857 caro
2571 823 2671 859 non
2705 809 2912 876 prodest
2938 812 3216 881 quidquam
3251 814 3459 885 (Joan.,
3492 831 3575 880 vt,
3610 816 3726 887 64).

2132 891 2280 947 Sicut
2323 894 2515 949 liberat
2543 897 2732 965 Pater,
2767 900 2837 954 ita
2885 901 3087 969 Filitts,
3133 906 3203 959 ita
3246 916 3299 961 et
3328 906 3561 977 Spiritus
3601 924 3727 964 san-

2131 993 2270 1038 ctus.
2306 985 2380 1039 De
2426 987 2612 1053 Patre,
2668 990 2805 1046 Deus
2848 986 3083 1051 excelsus
3108 998 3354 1053 liberator
3382 1018 3555 1055 eorum
3603 1001 3721 1072 (Ps.

2132 1092 2355 1140 Lxxvu,
2386 1081 2453 1147 ’5,
2482 1081 2559 1153 5).
2595 1084 2668 1138 De
2712 1084 2849 1139 Filio
2889 1088 2940 1140 in
2969 1087 3300 1159 Evangelia,
3337 1092 3397 1147 Si
3424 1110 3509 1148 vos
3541 1094 3727 1150 libera-

2129 1172 2285 1234 verit,
2318 1189 2431 1227 vere
2449 1175 2592 1229 liberi
2638 1178 2779 1231 eritis
2799 1221 2813 1241 ,
2845 1191 2894 1233 et
2923 1181 3107 1235 veritas
3134 1184 3365 1238 liberabit
3391 1202 3475 1239 vos
3518 1186 3725 1257 (Joan.,

2128 1276 2260 1324 vm,
2307 1264 2409 1325 56,
2445 1267 2557 1338 52).
2610 1268 2682 1323 De
2730 1269 2933 1339 Spiritu
2984 1287 3205 1340 saneto,
3255 1275 3484 1347 Spiritus
3529 1279 3646 1332 vitae
3671 1278 3724 1332 in

2130 1354 2333 1410 Christo
2356 1356 2480 1411 Iesu
2498 1361 2727 1414 liberavit
2743 1379 2822 1417 me
2844 1381 2875 1416 a
2899 1364 3008 1433 lege
3032 1367 3224 1428 peccati
3246 1378 3293 1421 et
3317 1370 3495 1422 mortis
3515 1367 3723 1440 (Rom,

2126 1464 2249 1515 vui,
2274 1450 2353 1521 2).
2384 1452 2545 1522 Eligit
2574 1454 2732 1510 Pater
2755 1496 2769 1520 ,
2805 1457 2875 1510 ita
2908 1458 3104 1523 Filius,
3140 1461 3211 1515 ita
3252 1471 3308 1517 et
3339 1462 3573 1533 Spiritus
3601 1480 3725 1519 sau-

2125 1550 2263 1597 ctus.
2322 1544 2395 1598 De
2440 1543 2601 1601 Patre
2650 1550 2974 1617 Apostolus,
3018 1551 3325 1609 Benedictus
3353 1553 3494 1612 Deus
3536 1568 3583 1611 et
3618 1556 3723 1612 Pa-

2124 1642 2197 1687 ter
2222 1634 2430 1689 Domini
2455 1640 2616 1691 nostri
2640 1638 2671 1692 J
2679 1657 2766 1693 esu
2788 1639 3009 1708 Christi,
3039 1645 3125 1712 qui
3150 1645 3299 1715 elegit
3327 1665 3420 1703 nos
3444 1657 3560 1703 ante
3581 1666 3723 1704 mun-

2124 1730 2177 1783 di
2206 1734 2618 1787 constitutionem
2646 1734 2863 1806 (Epltes.
2890 1754 2930 1802 ι,
3073 1740 3147 1796 De
3171 1740 3346 1798 Filio:
3380 1743 3503 1800 Non
3529 1762 3616 1801 vos
3637 1764 3717 1801 me

428 1808 628 1880 (Rom,
652 1826 705 1864 tu
726 1851 739 1875 ,
786 1809 901 1881 56),
935 1810 986 1863 id
1032 1821 1114 1865 est
1137 1853 1150 1877 ,
1180 1827 1243 1865 ex
1276 1811 1466 1909 Patre,
1498 1822 1554 1867 et
1583 1811 1759 1909 Filio,
1793 1822 1846 1866 et
1893 1812 2014 1909 Spi-
2045 1812 2363 1893 B-elegistis,
2394 1826 2483 1879 sed
2518 1843 2609 1897 ego
2640 1828 2770 1899 elegi
2794 1846 2880 1883 vos
2913 1808 3119 1903 (Joan.,
3145 1850 3233 1900 xv,
3265 1835 3377 1906 16).
3410 1837 3484 1892 De
3514 1838 3718 1909 Spiritu

422 1901 532 1957 ritu
572 1910 758 1955 sancto
788 1903 970 1955 omnia
1018 1903 1385 1957 continentur.
1418 1903 1549 1957 Item
1593 1903 1658 1957 ad
1706 1902 2018 1959 Corinthios

422 1993 553 2047 dicit
591 1993 733 2048 idem
767 1995 1092 2063 Apostolus,
1128 1995 1260 2048 Deus
1290 1995 1378 2060 qui
1407 1996 1539 2049 dixit
1583 1996 1645 2050 de
1693 1996 1906 2049 tenebris
1937 1996 2019 2050 lu-

420 2100 533 2139 men
569 2084 955 2153 splendescere,
988 2086 1074 2154 qui
1119 2087 1289 2140 illua‘it
1322 2086 1559 2140 cordibus
1604 2088 1791 2141 nostris
1818 2088 2017 2141 illumi-

416 2177 677 2232 nationem
708 2178 933 2232 scientia:
962 2178 1214 2231 claritatis
1244 2177 1342 2231 Dei
1369 2179 1421 2232 in
1454 2179 1639 2247 facient
1671 2176 1859 2233 Christi
1889 2180 2016 2234 Jesu

416 2271 489 2341 (Il
518 2270 663 2339 Cor.,
690 2287 763 2333 tv,
794 2272 873 2344 6).
912 2272 1030 2340 Quo
1054 2274 1173 2328 loco
1206 2274 1641 2330 manifestissime
1668 2275 1903 2329 Trinitas
1935 2277 2016 2330 in-

416 2364 695 2433 telligitur.
725 2362 865 2419 Deus
906 2366 995 2435 qui
1040 2366 1173 2419 discit
1202 2366 1265 2421 de
1303 2369 1521 2422 tenebris
1567 2369 1739 2422 lumen
1779 2369 2016 2439 splendet

415 2473 586 2523 scere,
618 2458 852 2527 Spiritus
893 2472 1114 2515 sanetus
1166 2462 1480 2531 agnoscitur
1511 2481 1521 2514 :
1554 2469 1610 2518 et
1637 2462 1726 2517 ubi
1754 2462 1904 2528 dicit,
1938 2461 2013 2515 Il-

417 2549 805 2603 luminationem
851 2552 1078 2607 scientia;
1116 2553 1365 2607 claritatis
1396 2552 1527 2618 Dei,
1563 2553 1719 2607 Pater
1763 2553 2013 2624 intelligi-

414 2650 539 2696 tur:
570 2643 623 2697 in
656 2659 721 2697 eo
745 2658 877 2698 vero
908 2645 997 2697 ubi
1029 2643 1181 2707 dicit,
1216 2643 1281 2697 In
1310 2646 1492 2714 faciem
1525 2644 1713 2698 Christi
1742 2644 1900 2709 Jesu,
1926 2645 2014 2699 Fi-

415 2732 520 2788 lius
550 2734 885 2805 designatur.
920 2736 1062 2789 Audi
1113 2737 1323 2802 adhuc,
1354 2738 1478 2806 quia
1517 2736 1754 2791 Trinitas
1794 2738 1845 2791 in
1895 2738 2014 2791 uni-

417 2834 526 2882 tate
570 2838 791 2893 mauet,
838 2838 893 2883 et
944 2830 1133 2883 unitas.
1171 2831 1222 2883 in
1270 2829 1569 2896 Trinitate,
1603 2830 1917 2899 angelorum
1958 2840 2013 2885 et.

414 2919 863 2989 arcliangelorum
908 2936 1069 2975 voces
1114 2920 1391 2976 declarant
1421 2922 1473 2975 in
1517 2922 1686 2984 Isaia,
1722 2922 1808 2976 ubi
1853 2922 2013 2977 Sera-

416 3010 564 3080 phitu
609 3012 866 3083 hymnum
917 3016 1173 3068 scribitur
1200 3014 1413 3081 dicere,
1459 3014 1716 3081 Sanctus,
1752 3015 2007 3081 Sanctus,

417 3103 641 3159 Sanctus
675 3105 927 3161 Dominus
955 3106 1091 3161 Deus
1115 3108 1341 3162 Sabaoth
1369 3107 1527 3180 (lsa.,
1551 3124 1623 3173 ri,
1646 3109 1703 3173 ’5)
1722 3151 1735 3173 ,
1768 3124 1871 3163 non
1898 3117 2011 3163 tres

2121 1926 2308 1971 sancto
2340 1918 2391 1971 in
2425 1917 2648 1975 Actibus
2668 1962 2684 1987 ,
2720 1921 2846 1976 Cum
2875 1940 2998 1994 ergo
3020 1928 3351 1998 jejunassent
3377 1940 3426 1984 et
3454 1941 3716 1995 orassent,

2121 2007 2254 2061 dixit
2280 2009 2355 2061 eis
2387 2009 2617 2077 Spiritus
2652 2023 2860 2067 sanctus
2882 2058 2894 2079 ,
2930 2015 3213 2085 Segregate
3241 2018 3367 2072 mihi
3416 2018 3715 2076 Barnabam

2118 2111 2165 2153 et
2195 2099 2420 2156 Paulum
2449 2106 2517 2157 ad
2540 2122 2670 2172 opus
2694 2107 2832 2175 quod
2862 2107 2993 2178 elegi
3019 2125 3103 2163 eos
3129 2112 3266 2184 (Act.
3293 2128 3386 2167 xm
3405 2155 3419 2180 ,
3450 2114 3528 2184 2).
3556 2115 3715 2172 Crea-

2121 2202 2205 2248 tor
2232 2193 2431 2248 dicitur
2458 2195 2649 2259 Pater,
2686 2196 2756 2253 ita
2788 2197 2956 2253 Filius
2978 2242 2992 2264 ,
3021 2202 3096 2254 ita
3123 2212 3175 2256 et
3204 2202 3443 2273 Spiritus
3469 2217 3712 2262 sanctus.

2122 2286 2196 2341 De
2228 2286 2387 2343 Patre
2414 2290 2739 2358 Apostolus,
2784 2291 2915 2356 Quae
2942 2291 3008 2345 sit
3037 2292 3355 2361 dispensatio
3402 2301 3715 2352 sacramenti

2119 2380 2407 2437 absconditi
2429 2382 2595 2441 a,Deo
2624 2386 2713 2452 qui
2733 2386 2905 2439 omnia
2936 2388 3126 2441 creavit
3145 2385 3393 2459 (Ephes.,
3416 2405 3495 2453 tn,
3521 2388 3598 2462 9).
3635 2391 3713 2448 De

2118 2469 2257 2525 Filio
2283 2472 2348 2525 ad
2394 2473 2785 2540 Colossenses,
2821 2476 2953 2542 Quia
2983 2477 3047 2529 ab
3077 2478 3191 2547 ipso
3219 2489 3389 2533 creata
3424 2492 3542 2536 sunt
3591 2484 3712 2536 uni-

2116 2576 2293 2628 versa,
2318 2573 2363 2617 et
2393 2566 2565 2618 omnia
2587 2566 2641 2618 in
2670 2567 2781 2635 ipso
2803 2576 3038 2621 constant
3062 2567 3308 2641 (Coloss.,
3345 2587 3393 2637 t,
3425 2574 3532 2643 17):
3564 2585 3618 2629 et
3658 2574 3711 2631 in

2117 2653 2413 2723 Evangelio
2438 2698 2453 2720 ,
2492 2658 2679 2711 Omnia
2711 2676 2800 2725 per
2826 2661 2999 2726 ipsum
3028 2664 3166 2731 facta
3195 2673 3314 2717 sunt
3339 2662 3518 2735 (Joan.
3545 2682 3559 2721 t
3590 2709 3604 2732 ,
3634 2668 3690 2737 5)

2119 2748 2193 2801 De
2234 2747 2436 2818 Spiritu
2480 2760 2666 2804 sancto
2695 2751 2746 2804 itt
2782 2752 3103 2818 Salomone,
3137 2754 3201 2808 Et
3232 2756 3357 2810 vidit
3396 2769 3443 2811 et
3482 2760 3712 2815 dinume-

2116 2819 2244 2893 iam
2266 2882 2280 2904 ,
2310 2851 2356 2894 et
2385 2858 2591 2896 mensus
2621 2854 2694 2895 est
2740 2845 2913 2897 omnia
2934 2888 2947 2909 ,
2981 2846 3093 2913 ipse
3150 2851 3337 2903 creavit
3382 2867 3441 2904 ea
3472 2868 3560 2922 per
3591 2853 3716 2923 Spi-

2114 2933 2270 2986 ritum
2310 2945 2544 2988 sanctum
2587 2934 2775 3003 (Eccli.
2808 2954 2859 2996 t.
2892 2937 2947 3009 9)
2984 2956 2996 2991 :
3041 2949 3094 2994 et
3134 2941 3186 2995 in
3236 2942 3484 3013 Psalmo,
3521 2946 3712 3003 Emitte

2116 3024 2369 3094 Spiritum
2399 3036 2572 3093 tuum,
2607 3039 2654 3081 et
2680 3029 2986 3084 creabantur
3008 3031 3125 3104 (Ps.
3150 3050 3242 3089 cut
3261 3078 3276 3102 ,
3301 3037 3394 3107 50)
3423 3057 3435 3092 :
3470 3050 3519 3093 et
3550 3041 3711 3106 alibi,

2116 3117 2349 3187 Spiritus
2376 3120 2479 3173 oris
2524 3124 2635 3192 ejus
2667 3123 2832 3175 omnis
2873 3125 3034 3178 virtus
3063 3143 3239 3181 eorum
3268 3128 3386 3201 (Ps.
3418 3148 3593 3193 χχχιι,
3628 3133 3705 3203 6).

411 3199 784 3267 sanctos,sed
834 3212 915 3254 ter
954 3211 1195 3255 sanctum
1227 3202 1492 3256 conclusit
1538 3202 1797 3268 dicendo,
1834 3202 2009 3255 Dami—
2036 3197 2081 3258 C
2115 3210 2264 3267 Sicut
2317 3212 2565 3281 praedixit
2620 3214 2816 3280 Pater,
2881 3217 2951 3271 ita
3002 3218 3209 3284 Filius,
3258 3197 3326 3275 ita
3370 3234 3424 3277 et
3476 3197 3710 3291 Spiritus

413 3307 509 3345 nus
536 3288 679 3344 Deus
714 3290 985 3347 Sabaoth:
1016 3294 1065 3347 id
1104 3304 1187 3347 est
1216 3304 1273 3347 ut
1321 3305 1429 3349 tres
1459 3310 1716 3362 personas
1745 3304 1799 3350 et
1844 3310 2005 3348 unum

414 3382 584 3438 Deum
618 3384 911 3454 intelligas.
946 3385 1063 3439 Non
1104 3388 1273 3440 semel
1302 3386 1523 3453 dicunt,
1554 3403 1621 3441 ne
1667 3387 2009 3457 singularita-

415 3482 522 3529 tem
553 3474 782 3528 crcdas:
815 3492 919 3530 non
967 3477 1050 3532 bis
1074 3519 1088 3541 ,
1135 3494 1202 3531 ne
1246 3479 1505 3547 Spiritum
1534 3487 1777 3533 sanctum
1824 3479 2008 3533 exclu-

413 3566 510 3621 das
536 3586 547 3620 :
579 3583 686 3621 non
716 3570 886 3624 sancti
924 3570 1132 3624 Domini
1155 3570 1391 3625 Sabaoth
1419 3613 1432 3635 ,
1459 3587 1528 3627 ne
1557 3582 1665 3627 tres
1693 3572 1826 3627 deos
1857 3586 2007 3627 more

412 3665 690 3732 gentilium
738 3667 979 3720 fatearis.
1013 3666 1118 3721 Sed
1168 3667 1392 3732 dicunt,
1448 3667 1698 3731 Sanctus,
1744 3666 2001 3731 Sanctus,

415 3755 637 3811 Sanctus
666 3756 922 3812 Dominus
950 3759 1087 3813 Deus
1117 3759 1369 3821 Sabaoth,
1399 3769 1454 3813 et
1479 3770 1562 3815 est
1587 3759 1841 3814 Trinitas.
1867 3760 2006 3813 Deus

412 3849 686 3910 laudatur.
718 3853 803 3920 qui
846 3860 929 3905 est
980 3851 1139 3906 Pater
1159 3892 1174 3916 ,
1206 3864 1259 3907 et
1290 3852 1458 3907 Filius
1482 3895 1496 3919 ,
1526 3862 1581 3907 et
1624 3852 1856 3922 Spiritus
1881 3868 2005 3906 san-

412 3952 551 3997 ctus.
613 3943 782 4010 Quem
841 3944 1001 3997 etiam
1060 3944 1226 3997 Demu
1271 3960 1433 4010 esse,
1492 3961 1554 3999 ex
1628 3947 2001 4016 operationum

412 4035 739 4105 mqualitate,
770 4038 857 4105 qui
886 4040 1072 4091 oculos
1098 4037 1279 4091 cordis
1305 4053 1464 4093 sanos
1492 4038 1653 4094 habet
1676 4082 1691 4105 ,
1733 4040 1886 4095 facile
1913 4056 2006 4110 po-

410 4131 537 4183 terit
566 4134 902 4200 approbare,
951 4135 1090 4188 sicut
1133 4133 1567 4204 insequentibus
1609 4135 2007 4190 demonStrabi-

412 4235 556 4275 mus.
590 4224 741 4277 Sicut
768 4226 939 4277 salVat
970 4224 1156 4291 Pater,
1189 4226 1259 4278 ita
1288 4237 1339 4279 et
1370 4225 1566 4290 Filius,
1597 4226 1664 4280 ita
1694 4236 1750 4280 et
1772 4227 2004 4296 Spiritus

412 4325 648 4371 sanctus.
690 4318 765 4371 Dc
790 4318 978 4385 Patre,
1017 4318 1173 4373 Salva
1219 4336 1331 4384 nos,
1378 4317 1517 4371 Deus
1560 4330 1758 4382 uoster,
1793 4330 1841 4373 et
1878 4338 2002 4374 con-

414 4422 569 4477 grega
598 4424 687 4462 nos
713 4410 776 4462 de
804 4411 1095 4464 nationibus
1120 4410 1235 4481 (Ps.
1263 4426 1326 4465 ον
1346 4454 1359 4474 ,
1402 4410 1515 4482 17).
1547 4412 1618 4465 De
1650 4411 1812 4475 Filio,
1863 4412 2007 4466 Venit

415 4499 587 4554 Filius
615 4500 835 4557 hominis
863 4506 1059 4558 salvum
1092 4509 1265 4572 facere
1288 4505 1425 4575 quod
1454 4506 1673 4575 perierat
1702 4505 1850 4566 (Luc.
1880 4523 1966 4561 xIx
1987 4549 2000 4572 ,

2112 3312 2352 3358 sanctus.
2394 3306 2468 3359 De
2514 3306 2709 3374 Patre,
2745 3306 2881 3361 Deus
2923 3320 3127 3375 autem,
3178 3314 3267 3381 qui
3313 3316 3556 3383 prwdia‘it
3602 3320 3713 3388 pati

2113 3395 2373 3450 Christum
2405 3414 2587 3465 suum,
2619 3400 2845 3470 implevit
2886 3400 3047 3469 (Λα,
3081 3419 3135 3456 tu
3156 3446 3170 3469 ,
3209 3405 3319 3475 18).
3348 3407 3435 3463 Sic
3464 3408 3533 3464 de
3573 3410 3711 3467 Filio

2112 3488 2164 3542 in
2192 3489 2485 3558 Evangelio
2513 3491 2751 3560 Angelus
2776 3491 2910 3545 dixit
2942 3494 3289 3563 mulieribus,
3323 3497 3405 3552 Ite
3432 3510 3479 3553 et
3507 3518 3708 3556 annun-

2113 3582 2235 3635 tiate
2278 3582 2560 3648 fratribus,
2595 3584 2716 3649 quia
2752 3585 2994 3652 prtecedit
3040 3601 3127 3641 vos
3177 3588 3227 3641 in
3274 3588 3544 3645 Calilwam
3573 3635 3587 3657 ,
3635 3594 3706 3647 ibi

2108 3690 2224 3727 eum
2251 3674 2507 3739 videbitis,
2547 3676 2680 3729 sicut
2700 3677 2942 3744 prazdixit
2987 3676 3129 3732 vobis
3175 3679 3390 3747 (illam,
3437 3699 3555 3749 xu,
3590 3685 3700 3755 17).

2111 3767 2185 3823 De
2210 3768 2415 3839 Spiritu
2440 3777 2629 3824 sancto
2654 3769 2705 3822 in
2734 3769 2955 3823 Actibus
2986 3770 3210 3836 Petrus,
3262 3772 3471 3841 Oportet
3498 3777 3703 3843 impleri

2108 3863 2453 3931 scripturam,
2494 3878 2647 3931 quam
2696 3863 2935 3931 prwdixit
2981 3863 3210 3930 Spiritus
3256 3879 3466 3921 sanctus
3514 3885 3604 3935 per
3647 3886 3705 3923 os

2110 3954 2281 4008 David
2307 3955 2468 4026 (Act.,
2499 3972 2546 4019 1,
2581 3955 2693 4022 16).
2718 3956 2943 4023 Magnus
2974 3955 3165 4019 Pater,
3198 3956 3267 4010 ita
3304 3956 3505 4023 Filius,
3538 3959 3606 4013 ita
3649 3971 3704 4015 et

2110 4046 2344 4114 Spiritus
2375 4057 2614 4102 sanctus.
2663 4048 2737 4101 De
2780 4047 2973 4110 Patre.
3008 4046 3230 4117 Magnus
3275 4048 3419 4103 Deus
3460 4062 3633 4105 noster
3659 4064 3705 4106 et

2108 4142 2386 4195 laudabilis
2419 4140 2538 4212 (l’s.
2570 4158 2708 4195 sum
2729 4181 2742 4205 ,
2773 4142 2850 4209 2).
2892 4141 2963 4195 De
2996 4139 3133 4195 Filio
3164 4142 3229 4195 ad
3254 4140 3433 4197 Titum
3460 4185 3475 4206 ,
3502 4142 3703 4215 Exspe-

2107 4246 2302 4291 ctantes
2338 4236 2539 4290 beatam
2578 4253 2720 4302 spem
2743 4278 2757 4302 ,
2789 4246 2835 4288 et
2866 4237 3140 4289 adventum
3186 4237 3367 4307 gloria:
3407 4241 3579 4310 magni
3606 4236 3705 4294 Dei

2110 4330 2396 4384 Salvatoris
2426 4331 2588 4383 nostri
2613 4328 2739 4383 Jesu
2766 4328 2959 4383 Christi
2986 4328 3113 4400 (Tit.
3142 4346 3176 4382 ll
3197 4372 3210 4389 ,
3247 4330 3358 4399 15).
3396 4331 3468 4385 De
3497 4332 3701 4399 Spiritu

2107 4431 2293 4475 sancto
2325 4422 2378 4474 in
2427 4422 2631 4489 Regum
2660 4422 2737 4473 ait
2783 4421 3041 4473 Dmniuus
3064 4423 3127 4472 ad
3162 4420 3366 4474 lleliam
3389 4462 3403 4487 ,
3436 4422 3571 4478 Ecce
3596 4425 3704 4478 Do-

2109 4514 2277 4565 minus
2306 4512 2542 4575 transiit,
2572 4521 2617 4564 et
2650 4511 2880 4578 Spiritus
2907 4520 3140 4577 sanctus,
3174 4522 3220 4565 et
3262 4512 3410 4578 fortis
3435 4513 3522 4584 (Ill
3547 4514 3700 4587 Reg,

417 4591 539 4662 10);
573 4603 625 4647 et
656 4594 815 4651 alibi.
850 4593 975 4665 Ipse
1002 4597 1136 4648 enim
1174 4598 1370 4650 salvum
1399 4598 1550 4667 faciet
1578 4599 1825 4668 papulum
1854 4616 2001 4652 suum
2031 4577 2084 4637 D
2112 4620 2196 4659 xix
2217 4646 2231 4670 ,
2271 4604 2380 4674 11).
2414 4604 2565 4657 Sicut
2590 4577 2826 4658 Charitas
2860 4603 3035 4656 Patris
3056 4645 3071 4668 ,
3108 4603 3175 4656 ita
3209 4577 3367 4669 Filii,
3400 4577 3469 4659 ita
3503 4620 3555 4663 et
3582 4577 3702 4680 Spi.

412 4702 444 4738 a
485 4690 704 4753 peccatis
736 4705 911 4743 eorum
939 4688 1184 4760 (Matth.,
1211 4706 1225 4743 ι
1248 4730 1261 4753 ,
1295 4690 1407 4762 25).
1442 4691 1518 4745 De
1566 4691 1768 4757 Spiritu
1815 4703 2004 4747 sancto

412 4780 479 4833 ad
509 4780 687 4836 Titum
708 4823 722 4846 ,
754 4782 936 4837 Salvos
965 4800 1055 4836 nos
1084 4783 1204 4854 fecit
1233 4800 1322 4853 per
1364 4784 1627 4836 lavacrum
1658 4786 2001 4856 regenerazioo

412 4872 491 4925 nis
519 4882 565 4925 et
608 4876 950 4928 reuovationis
995 4874 1222 4941 Spiritus
1247 4876 1411 4928 sancti
1434 4873 1589 4944 (Tit.,
1621 4891 1675 4928 tl]
1700 4917 1713 4937 ,
1745 4877 1823 4940 5).
1854 4876 2004 4931 Sicut

410 4967 679 5020 confortat
708 4967 900 5031 Pater,
936 4967 1002 5020 ita
1042 4966 1212 5021 Filius
1234 5009 1248 5031 ,
1300 4967 1368 5020 ita
1401 4978 1453 5020 et
1500 4967 1731 5036 Spiritus
1761 4976 1999 5023 sanctus.

412 5056 613 5112 E~ther
636 5058 704 5113 de
748 5058 934 5125 Patre,
967 5058 1217 5126 Canforta
1269 5076 1349 5113 me
1376 5075 1489 5124 rex,
1533 5070 1580 5113 et
1624 5058 1761 5114 Deus
1794 5062 2003 5115 deorum

412 5148 647 5219 (Esther,
693 5167 781 5205 xw
805 5152 959 5220 ,12).
994 5152 1069 5206 De
1117 5151 1253 5205 Filio
1284 5154 1607 5221 Apostolus,
1659 5153 1866 5208 Gratias
1904 5172 2001 5225 ago

415 5241 634 5299 Domino
681 5255 856 5299 nostra
895 5244 1022 5298 Jesu
1052 5245 1289 5309 Christo,
1341 5248 1427 5311 qui
1469 5264 1548 5300 me
1590 5249 1926 5311 confortavit,
1956 5258 2003 5302 et

414 5336 622 5403 ﬁdelem
652 5339 965 5392 existimavit
1008 5338 1049 5409 (l
1077 5338 1211 5392 Tim.
1241 5355 1288 5403 ι,
1322 5338 1430 5408 12).
1466 5341 1537 5393 De
1567 5341 1768 5409 Spiritu
1814 5350 2002 5396 sancto

406 5429 465 5484 in
513 5430 840 5501 Evangelio:
876 5431 1013 5485 Puer
1055 5442 1223 5485 autem
1267 5433 1517 5486 crescebat
1545 5444 1590 5487 et
1619 5436 2001 5504 confortabatur

412 5522 613 5593 Spiritu
644 5535 817 5579 sancto
862 5523 1042 5590 (Luc.,
1072 5541 1110 5590 ι,
1144 5524 1257 5593 80).
1292 5525 1547 5581 Vivilicat
1570 5527 1760 5590 Pater,
1812 5528 1883 5580 ita
1914 5527 2004 5581 Fi-

408 5613 514 5667 lius
535 5657 549 5677 ,
581 5616 653 5668 ita
682 5626 733 5669 et
763 5615 995 5685 Spiritus
1022 5627 1260 5670 sanctus.
1292 5616 1347 5671 In
1381 5618 1701 5687 Evangelia,
1736 5619 1879 5673 Sicut
1898 5618 2002 5671 Pa-

408 5717 486 5759 ter
520 5709 730 5762 suscitat
761 5719 983 5763 mortuos
1007 5752 1020 5774 ,
1070 5719 1116 5763 et
1157 5711 1411 5779 viviﬁcat,
1460 5713 1533 5765 ita
1577 5721 1624 5766 et
1672 5712 1840 5766 Filius
1877 5731 2003 5782 quos

410 5796 513 5854 vult
545 5801 767 5871 vivificat
796 5801 975 5874 (lauit.
1002 5819 1035 5855 ν
1057 5841 1070 5868 ,
1102 5801 1215 5861 Q1).
1247 5804 1322 5859 De
1348 5800 1549 5875 Spiritu
1577 5815 1763 5861 sancto
1793 5806 1843 5861 in
1876 5807 2002 5877 Ερί-

2107 4697 2243 4751 ritus
2273 4698 2467 4753 sancti.
2506 4696 2579 4750 De
2622 4696 2812 4757 Patre,
2852 4695 3301 4763 Superabundavit
3336 4709 3503 4754 autem
3533 4705 3705 4773 gratia

2108 4790 2320 4843 Domini
2362 4789 2522 4842 nostri
2550 4787 2677 4841 Jestt
2721 4786 2916 4840 Christi
2940 4829 2952 4847 ,
2988 4797 3033 4840 et
3064 4788 3291 4843 charitas
3320 4788 3424 4843 Dei
3467 4796 3631 4848 nostri
3656 4795 3701 4867 (Ι

2106 4881 2271 4947 Tim,
2319 4898 2370 4946 ι,
2416 4880 2524 4950 14).
2562 4881 2635 4934 De
2660 4880 2831 4937 Filio.
2864 4877 3104 4934 Charitas
3146 4883 3297 4943 enim,
3326 4882 3516 4938 Christi
3556 4898 3702 4957 urget

2107 4992 2198 5029 nos
2232 4975 2299 5047 (ll
2330 4972 2475 5034 Cor.,
2507 4989 2535 5024 ν
2556 5014 2570 5035 ,
2599 4973 2711 5042 14).
2745 4973 2817 5026 De
2848 4972 3055 5041 Spiritu
3093 4986 3311 5039 sancto,
3348 4976 3488 5043 Quid
3518 4982 3699 5043 vultis,

2106 5069 2160 5121 in
2190 5068 2331 5138 virga
2362 5068 2557 5119 veniant
2604 5068 2671 5119 ad
2712 5082 2827 5129 vos,
2861 5084 2926 5120 an
2976 5067 3029 5120 in
3090 5068 3342 5121 charitate
3386 5069 3615 5136 Spiritus
3654 5072 3699 5139 (l

2105 5159 2225 5214 Cor.
2260 5176 2348 5223 tv,
2394 5157 2523 5230 21)?
2568 5168 2623 5213 et
2670 5159 2837 5223 alibi,
2873 5157 3112 5214 Charitas
3154 5159 3249 5212 Dei
3294 5159 3488 5224 di/fusa
3532 5172 3604 5215 est
3644 5164 3697 5217 in

2106 5252 2348 5305 cordibus
2379 5253 2568 5305 nostris
2609 5267 2699 5319 per
2729 5250 2985 5321 Spiritum
3033 5262 3264 5303 sanctum
3307 5251 3392 5319 qui
3431 5252 3583 5304 datus
3626 5263 3701 5307 est

2107 5343 2251 5397 nobis
2296 5342 2498 5414 (Rom,
2525 5358 2588 5407 v,
2619 5345 2698 5413 ὅ).
2732 5342 2906 5396 Vitam
2959 5349 3215 5394 a'ternaut
3261 5341 3351 5394 dat
3378 5342 3575 5409 Pater,
3627 5345 3696 5399 ita

2109 5434 2306 5499 Filitts,
2338 5436 2407 5490 ita
2456 5436 2690 5504 Spiritus
2738 5441 2977 5488 sanctus.
3030 5435 3101 5486 De
3151 5434 3309 5488 Patre
3349 5434 3401 5487 in
3456 5436 3693 5505 Epismla

2106 5530 2331 5585 Joannis
2353 5573 2367 5595 ,
2395 5528 2651 5594 Quoniam
2679 5529 2835 5581 vitam
2863 5537 3106 5581 teteruam
3136 5526 3279 5580 dabit
3310 5528 3455 5582 nobis
3482 5527 3625 5585 Deus
3654 5532 3697 5601 (1

2105 5622 2289 5689 Joan.,
2308 5640 2359 5685 v,
2389 5622 2498 5692 11).
2531 5625 2602 5675 lle
2630 5621 2770 5675 Filio
2790 5621 2840 5673 iu
2866 5621 3193 5690 Evangelio;
3223 5621 3354 5678 Uves
3382 5640 3507 5678 mem
3528 5642 3697 5682 vocem

2104 5732 2269 5769 meam
2295 5715 2541 5783 audiunt,
2567 5725 2613 5769 et
2634 5723 2914 5785 sequuntur
2933 5731 3010 5767 me
3033 5756 3045 5779 ,
3070 5725 3116 5768 et
3141 5732 3235 5789 ego
3260 5717 3416 5771 vitam
3454 5732 3696 5776 aeternam

2105 5808 2173 5860 do
2196 5809 2266 5866 eis
2306 5807 2567 5880 (lanna,
2592 5808 2706 5877 ‘27).
2737 5808 2810 5865 De
2855 5806 3059 5878 Spiritu
3110 5822 3298 5867 sancto
3340 5812 3405 5869 ad
3442 5812 3698 5875 GalataSt
