4194 6184
461 293 569 350 66⁸7

951 293 1381 352 MONUMENTA
1424 295 1706 352 VETERA
1749 296 1840 352 AD
1881 296 2288 354 ARIANOBUM
2329 299 2725 356 DOCTHINAM
2770 299 3260 362 PERTINEN‘I‘IA.

3643 307 3750 366 668

469 411 572 476 Qui
599 410 810 466 seminat
857 411 911 463 in
935 410 1167 480 Spir-itu,
1206 412 1270 472 de
1307 412 1487 483 spiritu
1542 422 1688 466 metet
1717 414 1872 466 vitam
1907 421 2056 466 teter-
2082 413 2135 472 Α
2158 412 2212 467 in
2255 395 2335 470 ira
2363 424 2452 468 tua
2497 431 2684 486 arguas
2711 431 2792 468 me
2822 415 2942 488 (Ps.
2972 433 3021 472 Vt
3041 458 3056 485 ,
3088 417 3170 489 2).
3203 419 3278 474 De
3320 418 3493 482 Filio,
3524 419 3752 493 Arguam

464 520 582 556 nam
611 502 777 573 (Cal.,
811 517 893 570 vs,
921 502 1166 574 8).Sicut
1209 519 1393 573 pacem
1441 504 1531 560 dat
1561 505 1738 566 Patt‘r.
1772 507 1841 558 ita
1863 504 2051 570 Filius,

465 594 536 648 ita
581 604 634 647 et
680 593 912 662 Spiritus
959 603 1199 651 sanctus.
1250 597 1323 650 De
1365 597 1556 664 Patre,
1594 596 1709 652 Pus:
1754 596 1890 664 Dei,
1942 614 2057 666 quas

460 697 733 757 exsuperat
751 704 952 742 onmem
977 705 1183 744 sensum
1214 689 1503 761 (ΡΙιὶΙίμρ.,
1536 707 1618 755 tv,
1649 689 1726 763 7).
1751 691 1826 745 De
1852 691 2053 746 Filioin

461 780 759 850 Evangelia
776 801 787 834 :
806 781 998 844 Pacem
1014 800 1180 838 meam
1198 784 1398 837 dimitto
1410 785 1550 844 vobis
1565 784 1741 854 (Joan.
1758 825 1772 851 ,
1803 801 1913 851 xw,
1933 783 2050 856 27).

464 875 537 928 De
558 875 760 944 Spiritu
775 885 984 940 sancto,
1013 876 1303 931 Prudentia
1320 889 1492 932 autent
1514 878 1744 950 Spiritus
1757 881 1862 933 vlta
1883 889 1929 934 et
1954 896 2056 947 pax

461 965 665 1036 (Rom,
695 984 784 1021 vui
804 1010 818 1033 ,
849 968 924 1038 6).
958 968 1185 1024 Rovelat
1213 969 1395 1035 Pater,
1425 970 1495 1024 ita
1529 971 1724 1036 Filius,
1757 969 1827 1024 ita
1853 980 1909 1026 et
1935 971 2056 1042 Spi-

459 1061 599 1114 ritus
625 1072 864 1115 sanatus.
902 1061 978 1116 De
1005 1061 1164 1117 Patre
1191 1061 1259 1116 ad
1304 1061 1553 1129 Galatas,
1587 1062 1654 1117 Ut
1689 1063 1932 1120 reuelaret
1964 1062 2056 1118 Fi-

461 1155 586 1207 lium
616 1172 766 1210 suum
795 1156 848 1208 in
880 1172 959 1208 me
989 1154 1157 1226 (Gal.,
1192 1172 1230 1220 I,
1258 1153 1370 1227 16).
1405 1156 1481 1210 De
1510 1156 1648 1211 Filio
1678 1156 1805 1211 inibi
1825 1199 1840 1224 ,
1877 1156 2058 1227 Neque

460 1263 552 1316 ego
578 1247 714 1300 enim
742 1247 806 1300 ab
831 1247 1034 1301 homine
1062 1249 1238 1319 accepi
1269 1247 1400 1301 illud
1419 1289 1432 1311 ,
1463 1248 1553 1301 sed
1578 1264 1668 1318 per
1699 1249 2055 1302 reuelationem

460 1337 586 1391 Jesu
617 1337 808 1392 Christi
837 1337 998 1410 (Ibid.
1020 1380 1034 1402 ,
1067 1338 1177 1410 12).
1210 1340 1284 1394 De
1325 1339 1528 1409 Spiritu
1571 1349 1760 1394 sancto
1785 1340 1852 1394 ad
1879 1339 2055 1408 Ephe-

2159 512 2240 572 te,
2281 515 2330 559 et
2377 514 2600 560 statuam
2629 508 2725 562 illa
2778 517 2957 564 contra
2992 511 3179 580 faciem
3227 520 3368 564 tuam
3411 511 3542 581 (Ps.
3589 528 3712 567 xm
3738 554 3752 580 ,

2157 593 2273 666 2:).
2311 596 2384 650 Do
2416 598 2642 667 Spiritu,
2670 598 2794 652 Cum
2825 602 3014 653 venerit
3043 601 3278 672 Spiritus
3307 604 3616 670 paroclitus,
3647 606 3757 677 ipse

2158 699 2340 757 arguet
2369 691 2616 745 mundum
2635 693 2700 746 de
2726 692 3165 766 peccato:(loan.,
3193 711 3300 758 nt,
3325 697 3416 768 8),
3442 709 3493 752 et
3524 698 3751 768 reliqua.

2158 779 2342 836 Bonus
2369 781 2560 845 Pater.
2596 784 2769 839 boaus
2809 785 3011 851 Filius,
3041 785 3216 840 bonus
3255 797 3310 842 et
3352 787 3590 857 Spiritus
3633 803 3759 844 san-

2158 879 2298 927 ctus.
2331 874 2407 929 De
2436 875 2615 941 Patre,
2659 876 2813 930 l'ater
2843 877 2970 935 bona
3002 875 3211 948 (Joan.,
3247 893 3382 944 xvu,
3420 879 3532 949 11).
3565 879 3640 934 De
3668 879 3760 934 Fi-

2159 964 2254 1031 lio,
2280 963 2394 1038 Ego
2421 983 2536 1021 sunt
2565 979 2741 1037 pastor
2772 968 2936 1023 bonus
2967 967 3174 1040 (leam,
3205 987 3237 1025 κ
3257 1011 3272 1036 ,
3303 970 3416 1042 1-1).
3445 971 3520 1026 Do
3548 970 3757 1042 Spiritu

2158 1069 2379 1123 sancto,
2412 1059 2639 1129 Spiritus
2668 1073 2786 1114 tuus
2830 1061 2994 1114 bonus
3038 1062 3249 1116 deducet
3291 1079 3371 1116 nte
3406 1063 3459 1116 in
3501 1063 3582 1118 via
3611 1073 3757 1120 recta

2159 1146 2273 1215 (Ps.
2299 1163 2438 1204 csLu
2460 1192 2475 1215 ,
2506 1150 2618 1221 11).
2650 1151 2968 1206 Sanctilicat
3009 1160 3065 1206 et
3084 1153 3348 1222 justillcst
3386 1153 3523 1209 sicut
3557 1153 3749 1219 Pater,

2161 1242 2233 1296 ita
2261 1241 2466 1308 Filius,
2505 1243 2579 1306 its
2617 1253 2671 1300 et
2714 1244 2947 1313 Spiritus
2996 1257 3238 1301 sanctus.
3288 1245 3613 1314 Apostolus,
3646 1245 3754 1301 Sed

2158 1336 2468 1406 sanctiﬁcati
2495 1339 2617 1392 estis
2650 1339 2704 1391 in
2732 1340 2937 1396 nomine
2964 1337 3174 1394 Domini
3201 1337 3327 1394 Iesu
3367 1338 3595 1404 Christi,
3627 1349 3674 1394 et
3701 1340 3757 1394 in

460 1427 573 1482 sios
591 1470 604 1494 ,
638 1428 790 1494 Quod
811 1428 932 1483 aliis
958 1430 1364 1498 generationibus
1386 1447 1490 1486 non
1515 1441 1588 1484 est
1617 1432 1876 1503 agnitum,
1901 1432 2056 1486 sicuti

2163 1428 2364 1496 Spiritu
2386 1427 2481 1482 Dei
2500 1429 2724 1501 nostri(l
2750 1430 2897 1495 Cor.,
2921 1447 2997 1495 Vt,
3025 1429 3134 1502 11).
3166 1431 3398 1491 Sanctus
3427 1431 3625 1487 dicitur
3650 1432 3756 1487 Pa-

462 1536 598 1573 nunc
643 1521 917 1575 revelatum
966 1531 1039 1576 est
1087 1525 1278 1575 sanctis
1317 1526 1429 1594 ejus
1470 1539 1560 1594 per
1604 1525 1861 1593 Spiritum
1903 1541 2054 1578 suum
2161 1528 2276 1588 tor,
2331 1531 2553 1578 sanctus
2606 1525 2804 1578 dicitur
2858 1524 3066 1591 Filius,
3108 1534 3328 1580 sanctus
3397 1535 3453 1580 et
3521 1525 3759 1595 Spiritus

461 1615 1069 1688 sanctum(Epltes.,iu,
1098 1615 1184 1687 5);
1216 1626 1267 1670 et
1291 1616 1446 1683 alibi,
1478 1617 1642 1671 Nobis
1661 1620 1793 1672 enim
1812 1619 2050 1672 revelavit
2161 1621 2401 1667 sanctus.
2445 1613 2521 1671 De
2548 1614 2710 1670 Patre
2755 1618 2808 1670 in
2838 1616 3109 1681 Leviticn,
3169 1617 3356 1672 Saneti
3403 1627 3586 1685 estote,
3629 1633 3760 1686 qua-

466 1705 603 1760 Deus
627 1724 716 1776 per
739 1708 994 1776 Spiritum
1023 1708 1071 1776 (l
1094 1705 1239 1772 Cor.,
1266 1725 1300 1764 ιι
1319 1752 1332 1775 ,
1362 1710 1473 1781 10).
1498 1711 1647 1765 Sicut
1677 1712 2056 1766 illumiuaIPa-

2160 1707 2300 1760 niam
2343 1723 2435 1778 ego
2477 1717 2683 1762 sanctus
2733 1725 2849 1762 sum
2891 1709 3067 1780 (Leo.,
3118 1725 3171 1764 xu
3198 1751 3214 1773 ,
3245 1709 3379 1781 Μ).
3428 1710 3503 1770 De
3526 1709 3662 1764 Filio
3700 1710 3759 1765 in

404 1827 416 1838 ι
462 1805 579 1862 tor,
614 1798 687 1860 ita
720 1798 891 1852 Filius
917 1841 930 1861 ,
974 1800 1045 1856 ita
1091 1809 1146 1853 et
1192 1799 1426 1868 Spiritus
1457 1812 1697 1860 sanctus.
1732 1802 1810 1857 De
1859 1803 2054 1869 Patre,
2088 1800 2135 1859 B
2167 1801 2490 1872 Evangelia,
2528 1801 2678 1868 Quod
2724 1814 2961 1858 nascetur
2996 1820 3059 1857 ea:
3099 1813 3145 1858 te
3185 1813 3456 1871 sanctum,
3495 1804 3759 1858 vocabitur

461 1889 539 1942 Tu
566 1891 882 1944 illuminabis
908 1891 1170 1946 lucernam
1189 1909 1378 1959 nteant,
1405 1889 1626 1948 Dontine
1647 1892 1762 1965 (Ps.
1792 1910 1918 1960 xvu,
1939 1893 2053 1967 29).

465 1981 539 2034 Du
568 1981 703 2035 Filio
735 1983 787 2036 in
821 1983 1115 2052 Apostolo,
1144 1983 1378 2057 Exsurge
1410 1986 1498 2053 qui
1527 1986 1754 2050 dormis,
1787 1998 1834 2040 et
1861 1988 2059 2041 illumi-

461 2071 601 2126 nubit
629 2074 716 2128 tibi
748 2073 981 2128 Christus
1022 2075 1264 2147 (Ephes.,
1293 2092 1344 2141 ν,
1375 2074 1487 2146 Η).
1525 2077 1598 2132 De
1628 2077 1831 2146 Spiritu
1871 2089 2059 2133 sancto

460 2163 603 2219 idem
638 2167 930 2234 Apostolus
949 2206 964 2233 ,
997 2167 1254 2232 Quoniam
1282 2168 1446 2235 Deus,
1478 2171 1567 2238 qui
1598 2171 1725 2224 dixit
1753 2172 1814 2225 de
1842 2171 2061 2227 tenebris

461 2257 632 2310 lumen
659 2258 1042 2326 splendescere,
1075 2258 1250 2314 illuxit
1278 2261 1330 2313 in
1367 2261 1610 2317 cordibus
1637 2264 1825 2318 nostris
1864 2264 2060 2318 illumi-

460 2348 720 2402 nationem
747 2350 976 2405 scientia:
1004 2351 1257 2412 claritatis
1291 2352 1384 2405 Dei
1413 2353 1466 2406 in
1495 2353 1679 2420 facient
1711 2355 1905 2409 Cltristi
1929 2355 2060 2410 Iesu

460 2438 524 2509 (ll
549 2437 696 2504 Cor.,
726 2455 809 2505 Iv,
838 2439 916 2511 6).
946 2441 1098 2496 Sicut
1125 2441 1321 2496 dicitur
1350 2443 1700 2514 Evangeliqu
1747 2446 1953 2511 Patris,
1986 2447 2056 2502 ita

461 2529 620 2594 Filii,
655 2531 726 2584 ita
767 2541 821 2586 et
866 2530 1101 2602 Spiritus
1146 2534 1337 2588 sancti.
1393 2533 1467 2588 De
1514 2534 1672 2589 Patre
1719 2535 1786 2590 ad
1838 2535 2056 2604 Titum,

461 2625 591 2691 Quae
610 2638 681 2680 est
698 2629 976 2681 secundum
999 2627 1336 2698 Evangelium
1359 2629 1542 2701 gloria:
1566 2629 1698 2684 beati
1719 2629 1816 2684 Dei
1832 2629 1870 2699 (l
1895 2629 2056 2698 Tim.,

456 2733 509 2784 ι,
544 2719 651 2789 li).
687 2719 763 2775 De
801 2719 938 2775 Filio
980 2721 1045 2776 ad
1089 2720 1396 2790 Romanos,
1439 2720 1535 2776 Cui
1575 2725 1737 2777 servio
1777 2725 1829 2778 in
1876 2725 2060 2796 spiritu

459 2824 570 2868 meo
600 2809 653 2863 in
687 2807 971 2881 Evangelia
999 2809 1127 2865 Filii
1149 2815 1261 2885 ejus
1287 2811 1491 2882 (Rom,
1520 2831 1566 2880 I,
1617 2815 1699 2887 9).
1741 2816 1816 2871 De
1855 2816 2059 2886 Spiritu

2164 1890 2337 1948 Filius
2367 1892 2464 1947 Dei
2493 1893 2672 1966 (Luc.,
2704 1911 2739 1963 ι,
2765 1897 2877 1964 35).
2899 1895 3030 1952 Item
3063 1897 3157 1962 ibi,
3190 1895 3399 1952 Scimus
3424 1898 3513 1966 qui
3537 1898 3609 1950 sis
3637 1913 3762 1952 san-

2163 1992 2273 2038 ctus
2309 1983 2403 2039 Dei
2447 1985 2628 2053 (Lua,
2664 2002 2746 2048 iv.
2777 1985 2897 2057 '54).
2945 1987 3020 2042 De
3052 1986 3258 2056 Spiritu
3303 1995 3494 2042 sancto
3522 1988 3577 2042 in
3599 1986 3760 2042 Salo-

2164 2089 2325 2132 moue
2342 2119 2356 2142 ,
2384 2075 2608 2131 Sanctus
2635 2080 2769 2131 enim
2797 2079 3010 2148 spiritus
3032 2079 3324 2151 disciplina
3343 2079 3553 2150 effugiet
3579 2079 3760 2149 ﬁctum

2164 2168 2346 2240 (δίψη
2373 2186 2418 2230 ι.
2448 2169 2527 2240 5).
2559 2170 2737 2226 Fortis
2765 2171 2948 2234 Pater,
2979 2171 3137 2227 fortis
3160 2171 3351 2240 Filius,
3383 2171 3538 2226 fortis
3564 2184 3613 2227 et
3633 2172 3761 2242 Spie

2162 2261 2298 2315 ritus
2343 2270 2583 2316 sanctus.
2621 2263 2695 2316 De
2725 2262 2912 2330 Patre,
2955 2262 3093 2317 Deus
3125 2264 3278 2334 fortis
3306 2275 3352 2316 et
3401 2261 3755 2334 patiens(Ps.

2162 2367 2269 2416 vu,
2330 2352 2441 2422 1:1).
2497 2353 2573 2407 De
2628 2353 2766 2408 Filio
2812 2355 2863 2408 in
2912 2354 3086 2420 Isaia,
3145 2353 3211 2407 Et
3257 2355 3522 2408 vocabitur
3571 2369 3759 2411 nomen

2161 2444 2272 2513 ejus
2300 2443 2443 2502 Deus
2459 2445 2608 2515 fortis
2634 2444 2789 2514 (Isa.,
2817 2463 2892 2511 ix,
2924 2446 3000 2517 6).
3030 2447 3105 2502 De
3131 2445 3335 2516 Spiritu
3361 2455 3550 2502 sancto
3579 2447 3631 2504 itt
3658 2445 3759 2502 Sa-

2162 2539 2409 2607 lomone,
2444 2539 2675 2610 Spiritus
2721 2541 3042 2610 fortitudinis
3087 2542 3143 2594 in
3189 2541 3286 2594 viis
3325 2543 3458 2601 eius.
3489 2540 3759 2609 Operatur

2165 2631 2321 2686 Pater
2342 2674 2355 2696 ,
2389 2641 2647 2702 operator
2689 2632 2883 2694 Filius,
2917 2632 3020 2687 hoc
3054 2641 3110 2686 et
3134 2632 3368 2703 Spiritus
3411 2642 3645 2688 sanctus.
3682 2631 3758 2686 De

2162 2722 2320 2778 Patre
2363 2723 2428 2776 ad
2461 2723 2866 2793 Pliilippenses,
2899 2721 3044 2777 Deus
3089 2725 3258 2788 enim,
3301 2725 3389 2794 qui
3433 2734 3674 2794 operatur
3703 2724 3760 2779 in

2161 2815 2299 2868 vobis
2321 2827 2366 2868 et
2397 2817 2523 2870 velle
2542 2815 2832 2887 (Pliilipp.,
2857 2831 2893 2869 ιι
2916 2857 2931 2882 ,
2955 2815 3068 2886 15).
3095 2817 3170 2870 De
3196 2815 3334 2870 Filio
3355 2814 3408 2869 in
3440 2814 3755 2884 Evangelia.

459 2912 649 2959 sancto
677 2905 728 2962 in
747 2905 977 2973 epistola
1002 2905 1143 2960 beati
1170 2906 1337 2972 Petri,
1371 2905 1522 2962 Vobis
1542 2919 1712 2962 autem
1733 2909 2058 2963 ministrave-
2167 2907 2246 2960 Me
2277 2916 2476 2978 oportet
2507 2908 2708 2977 operari
2738 2923 2895 2977 opera
2913 2910 3022 2979 ejus
3048 2909 3136 2972 qui
3163 2907 3300 2963 misit
3327 2923 3406 2962 me
3433 2905 3636 2978 (10am,
3669 2921 3755 2968 lx.

458 3006 575 3052 runt
605 2998 748 3064 haec,
780 2999 867 3068 qui
896 2998 1034 3054 vobis
1065 3001 1546 3070 evangelisaverunt
1569 3003 1623 3057 in
1655 3002 1857 3073 Spiritu
1881 2998 2061 3060 sanet'o
2164 3001 2240 3069 4).
2270 2999 2346 3053 De
2377 2999 2582 3068 Spiritu
2611 3010 2798 3055 saneto
2827 2999 2892 3054 ad
2921 2997 3230 3055 Corinthios
3250 3040 3266 3065 ,
3299 2999 3425 3056 Htec
3451 3010 3620 3055 autem
3647 3015 3758 3056 ont-

461 3089 505 3162 (l
538 3088 678 3153 νει..
709 3107 762 3156 ι,
795 3091 911 3162 12).
943 3093 1094 3148 Sicut
1124 3093 1297 3148 illuxit
1344 3095 1534 3162 Pater,
1567 3097 1638 3152 ita
1665 3096 1868 3162 Filius,
1903 3099 1974 3152 ita
2005 3106 2062 3156 et
2163 3092 2250 3143 uia
2278 3101 2520 3161 operatur
2545 3107 2680 3146 unus
2710 3100 2861 3160 atque
2903 3091 3039 3145 idem
3073 3090 3327 3160 Spiritus.
3367 3091 3597 3149 dividens
3643 3092 3755 3146 sin-

466 3184 702 3254 Spiritus
730 3197 972 3241 sanctus.
1017 3188 1093 3242 De
1122 3188 1312 3255 Patre,
1349 3188 1486 3243 Deus
1514 3206 1676 3254 meus,
1719 3191 1959 3246 illumina
1988 3202 2058 3246 te.

2164 3185 2300 3257 gulis
2338 3195 2491 3255 prout
2516 3186 2621 3240 vult
2661 3185 2701 3258 (I
2734 3184 2881 3249 Cor.,
2903 3201 3009 3249 xu,
3041 3184 3154 3258 11).
3190 3185 3372 3240 Virtus
3421 3184 3609 3250 Pater,
3643 3185 3758 3238 vir-

459 3278 638 3332 nebras
667 3296 803 3333 meas
829 3279 928 3346 (Ps
974 3297 1114 3345 ιιι-ιι,
1145 3281 1262 3353 S9).
1296 3283 1372 3337 De
1401 3282 1538 3338 Filio
1562 3283 1613 3337 in
1640 3283 1883 3347 Psalmo,
1921 3283 2060 3338 Deus
2165 3285 2250 3331 ιιιε
2282 3276 2481 3344 FiliIIS,
2513 3280 2680 3331 virtus
2705 3287 2758 3337 et
2787 3277 3021 3345 Spiritus
3048 3284 3288 3334 sanctus.
3321 3276 3397 3332 De
3426 3276 3584 3333 Patre
3605 3275 3756 3344 Apo-

461 3367 716 3423 Dominus
742 3381 789 3424 et
830 3372 1005 3427 illuxit
1043 3375 1188 3428 nobis
1216 3373 1334 3444 (Ps.
1364 3389 1547 3442 cxvu,
1588 3373 1705 3447 Ἦ).
1753 3375 1829 3430 De
1855 3375 2059 3446 Spiritu

459 3475 651 3517 sancto
687 3465 952 3534 PrOpbeta
978 3509 990 3531 ,
1029 3467 1147 3521 Non
1180 3468 1489 3522 abscondam
1520 3470 1660 3527 ultra
1688 3471 1873 3540 faciem
1897 3487 2059 3524 meum

460 3555 522 3606 ob
553 3556 624 3608 eis
645 3597 659 3619 ,
692 3573 786 3625 pro
813 3574 871 3610 eo
896 3558 1034 3627 quod
1073 3560 1246 3611 illuxit
1272 3561 1488 3628 spiritus
1513 3577 1654 3614 meus
1683 3577 1836 3633 super
1858 3563 2061 3617 univer-

458 3666 566 3704 sam
593 3649 805 3703 domum
832 3649 1000 3704 Israel
1025 3651 1238 3723 (Eserlt.
1267 3670 1428 3706 nixus
1452 3696 1465 3716 ,
1491 3653 1588 3722 99)
1640 3655 1697 3709 Et
1735 3657 2057 3725 Apotolus,

463 3742 724 3809 Quoniam
753 3743 897 3798 Deus
923 3787 936 3810 ,
967 3747 1055 3816 qui
1082 3747 1213 3802 dixit
1253 3748 1315 3801 de
1357 3748 1572 3803 tenebris
1599 3749 1768 3802 lumen
1813 3749 2057 3816 splende-

459 3852 628 3897 scere,
660 3839 749 3906 qui
778 3837 957 3892 illuxit
986 3841 1038 3892 in
1082 3839 1324 3893 cordibus
1382 3842 1571 3894 nostris
1607 3842 1674 3894 ad
1721 3841 2058 3898 illuminatio-

459 3943 571 3980 nem
588 3929 841 3984 claritatis
861 3929 960 3985 Dei
977 3932 1031 3985 in
1053 3933 1237 4002 faciem
1263 3931 1358 3987 Dei
1375 3932 1613 3987 Christi]
1621 3951 1708 3987 esu
1726 3935 1744 4004 (
1753 3935 1792 3988 ll
1812 3933 1960 3998 Cor.,
1981 3950 2056 3999 tv,

460 4019 539 4083 6).
575 4019 979 4076 Prmsrientiam
1009 4024 1166 4077 habet
1198 4023 1386 4086 Pater,
1419 4026 1489 4079 ita
1520 4024 1721 4084 Filius.
1755 4026 1824 4077 ita
1857 4034 1911 4080 et
1938 4025 2060 4094 Spi-

459 4112 594 4165 ritus
616 4119 853 4166 sanetus.
881 4114 956 4168 De
981 4115 1142 4169 Patro
1159 4157 1172 4177 ,
1213 4114 1345 4169 Deus
1371 4117 1457 4186 qui
1487 4117 1804 4170 occultorum
1826 4119 2060 4188 cognitor

461 4219 511 4256 cs
535 4201 723 4274 (Dan.,
756 4220 847 4259 xui
871 4247 884 4268 ,
914 4205 1036 4277 42).
1057 4207 1134 4261 De
1164 4205 1334 4272 Filio,
1367 4207 1444 4261 Ab
1474 4209 1652 4274 initio,
1683 4210 1858 4278 inquit
1883 4250 1897 4274 ,
1925 4211 2056 4264 scie—

459 4297 542 4351 bat
569 4296 743 4363 Jesus,
775 4299 864 4368 qui
887 4316 1002 4353 eum
1029 4309 1158 4354 esset
1177 4301 1462 4356 traditurus
1487 4301 1694 4374 (leam,
1720 4318 1772 4357 vr
1794 4345 1808 4367 ,
1834 4302 1948 4375 65).
1980 4303 2060 4359 De

458 4391 662 4460 Spiritu
693 4403 883 4447 sancto
903 4436 918 4460 ,
950 4393 1076 4448 Cum
1107 4395 1298 4449 venerit
1320 4394 1548 4469 Spiritus
1577 4395 1862 4467 paroclitus
1909 4397 2060 4450 doce-

457 4484 528 4538 bit
557 4499 644 4538 vos
686 4501 886 4538 omnem
919 4486 1208 4552 veritatem,
1241 4496 1286 4540 et
1325 4504 1440 4556 qua:
1465 4497 1679 4542 ventura
1700 4498 1818 4542 sunt
1846 4505 2057 4543 annun-

2163 3371 2351 3438 stolus,
2374 3370 2496 3426 Non
2526 3370 2820 3438 confundor
2847 3370 2912 3425 de
2945 3370 3244 3441 Evangelia.
3287 3369 3467 3428 Virtus
3495 3371 3629 3426 enim
3659 3367 3760 3424 Dei

2161 3475 2236 3519 est
2273 3467 2327 3520 in
2375 3467 2542 3520 salute
2584 3466 2724 3519 omni
2767 3464 2997 3520 credenti
3021 3463 3224 3535 (Rom,
3256 3480 3311 3528 ι,
3347 3463 3459 3534 16).
3501 3463 3578 3518 De
3619 3461 3760 3520 Filio

2164 3559 2453 3628 Apostolus
2473 3599 2488 3624 ,
2520 3557 2757 3612 Libenter
2796 3557 3056 3627 gloriabor
3085 3557 3138 3610 in
3176 3557 3565 3624 inﬁrmitatibus
3592 3556 3719 3611 meis
3739 3599 3755 3622 ,

2164 3662 2215 3706 ut
2246 3652 2433 3707 habitet
2459 3653 2510 3705 in
2541 3668 2619 3705 me
2639 3651 2797 3705 virtus
2823 3649 3017 3703 Christi
3041 3649 3106 3721 (Il
3132 3647 3279 3715 Con,
3304 3665 3402 3714 XII,
3427 3648 3504 3716 9).
3529 3649 3607 3704 De
3635 3648 3760 3717 Spi-

2163 3743 2267 3797 ritu
2292 3751 2484 3798 sancto
2504 3743 2569 3796 ad
2595 3741 3108 3796 Thessalonicenses
3124 3782 3139 3806 ,
3164 3739 3506 3810 Evangelium
3529 3751 3760 3804 nostrum

2163 3851 2264 3888 non
2295 3835 2392 3905 fuit
2420 3835 2561 3906 apud
2589 3849 2675 3886 vos
2702 3834 2754 3886 in
2781 3832 2928 3887 verbo
2955 3841 3153 3890 tantum
3174 3873 3187 3896 ,
3218 3831 3307 3887 sed
3337 3832 3394 3885 in
3421 3832 3608 3892 virtute
3635 3829 3761 3900 Spi-

2161 3927 2292 3980 ritus
2321 3926 2483 3979 sancti
2509 3925 2550 3995 (l
2579 3922 2840 3987 Thessal.,
2865 3939 2920 3989 t,_
2933 3922 3013 3994 5).
3040 3921 3182 3982 Fons
3211 3921 3389 3988 Pater,
3419 3921 3541 3980 fons
3568 3921 3606 3976 F
3610 3922 3757 3987 ilius,

2164 4021 2283 4076 fons
2304 4029 2358 4074 ot
2383 4019 2618 4088 Spiritus
2647 4031 2887 4074 sanctus.
2922 4019 2996 4073 De
3027 4016 3186 4074 Patre
3229 4015 3567 4080 Hieremias,
3598 4011 3763 4069 Dere-

2161 4113 2419 4180 liquerunt
2446 4111 2636 4181 [autem
2662 4126 2810 4181 aqua:
2840 4111 2964 4170 viva?
3005 4107 3167 4181 (leta,
3193 4123 3267 4175 ιι,
3298 4108 3411 4176 15).
3439 4110 3512 4162 De
3544 4106 3678 4168 Filio
3703 4106 3762 4162 in

2161 4204 2452 4270 Salomone
2471 4247 2486 4271 ,
2511 4201 2656 4260 Fons
2682 4204 2945 4270 sapientia:
2972 4201 3195 4260 Verbum
3227 4199 3321 4262 Dei
3349 4198 3566 4273 (Eccli.,
3599 4215 3646 4267 ι,
3674 4197 3759 4270 5).

2166 4299 2241 4353 De
2288 4297 2494 4366 Spiritu
2538 4305 2724 4352 sancto
2767 4295 2931 4356 lsaiss
2955 4335 2968 4357 .
3001 4293 3137 4354 Ecce
3177 4307 3360 4354 nomen
3390 4289 3602 4350 Domini
3644 4299 3763 4362 post

2163 4391 2383 4446 multum
2411 4402 2609 4462 tempus
2637 4389 2870 4456 veniens.
2905 4389 3097 4448 ardens
3126 4389 3181 4448 in
3224 4389 3304 4450 ira
3349 4387 3721 4458 indignationis
3745 4427 3760 4452 ,

2162 4486 2354 4542 vorabit
2402 4497 2574 4557 gentes
2599 4527 2612 4550 ,
2645 4493 2693 4539 et
2741 4483 2968 4552 Spiritus
3007 4485 3118 4552 ejus
3158 4493 3215 4542 ut
3239 4483 3357 4552 {om
3408 4498 3558 4552 (laute
3577 4482 3763 4542 vallem

457 4576 604 4630 tiabit
633 4577 774 4632 vobis
797 4577 1003 4648 (Joan.,
1035 4595 1142 4646 im,
1175 4579 1286 4650 15).
1314 4581 1464 4636 Sicut
1489 4582 1689 4650 ubique
1709 4597 1831 4637 esse
1856 4582 2058 4637 dicitur
2081 4559 2134 4619 D
2161 4581 2368 4632 trahens
2393 4576 2553 4648 (180..
2595 4593 2724 4640 XXX.
2756 4575 2853 4639 27,
2885 4572 3284 4646 98).’Gltaritas
3312 4575 3495 4640 Pater,
3523 4573 3762 4632 Charitas

460 4667 653 4731 Pater,
688 4669 756 4722 ita
798 4669 1001 4736 Filius,
1036 4671 1108 4724 ita
1136 4679 1188 4724 et
1219 4671 1455 4738 Spiritus
1484 4683 1720 4727 sanctus.
1760 4672 1836 4727 De
1866 4673 2054 4728 Patre:

459 4756 654 4813 leum
685 4770 731 4812 et
776 4769 963 4814 terram
1016 4779 1107 4832 ego
1161 4763 1375 4833 impleo,
1429 4764 1556 4816 dicit
1608 4764 1860 4818 Dominus
1886 4765 2058 4837 (Jan,

465 4867 594 4906 χχιιι
618 4893 632 4914 ,
673 4850 792 4922 ιιι).
827 4853 903 4907 De
943 4853 1083 4909 Filio
1103 4895 1117 4920 ,
1160 4854 1477 4925 Ubicumque
1505 4859 1700 4929 fuerint
1727 4858 1832 4914 duo
1857 4860 1934 4914 vel
1961 4869 2061 4914 tres

460 4945 756 5015 congregati
804 4946 855 4998 in
909 4948 1113 5002 nomine
1159 4966 1301 5015 meo,
1334 4949 1403 5003 ibi
1433 4967 1544 5004 sunt
1583 4952 1636 5005 in
1682 4952 1847 5005 medio
1883 4969 2061 5006 eorum

465 5038 703 5109 (Matth,
734 5055 861 5094 xvm
880 5082 894 5105 ,
921 5040 1015 5102 ευ)
1038 5058 1052 5105 ;
1079 5050 1134 5096 et
1166 5043 1485 5112 Apostolus,
1523 5045 1626 5110 Qui
1652 5047 1884 5100 ascendit
1908 5061 2062 5116 super

462 5133 612 5187 rtelos
641 5143 697 5187 ut
724 5133 959 5202 impleret
986 5136 1158 5189 omnia
1203 5134 1450 5208 (Ephrem,
1481 5154 1554 5204 tv,
1593 5137 1701 5209 l0).
1748 5138 1826 5193 De
1855 5138 2059 5206 Spiritu

465 5238 652 5283 sancto
683 5230 737 5284 in
770 5228 1090 5296 Salomone,
1125 5229 1354 5301 Spiritus
1389 5228 1593 5283 Domini
1624 5231 1850 5299 implevit
1890 5229 2061 5284 orbem

465 5331 716 5376 terrarum
749 5323 930 5394 (Sttp.,
959 5339 1008 5388 ι,
1039 5321 1094 5394 7)
1115 5365 1128 5389 ,
1159 5333 1212 5377 et
1240 5323 1381 5392 quod
1412 5337 1576 5387 super
1605 5322 1927 5384 orbem’est,
1962 5323 2063 5377 im-

467 5415 632 5482 plevit
659 5417 832 5484 ipsum
864 5417 1315 5472 Dominumorhis
1347 5419 1511 5471 totius
1535 5416 1896 5482 conditorem,
1927 5417 2066 5473 sicut

469 5505 696 5576 legimus
723 5553 736 5573 ,
769 5511 924 5565 Jesus
953 5522 1121 5566 autem
1151 5512 1329 5582 plenus
1362 5511 1566 5578 Spiritu
1605 5522 1780 5565 sancto
1809 5526 2067 5581 regressus

467 5608 540 5652 est
570 5602 632 5653 ab
660 5601 894 5657 Iordane
921 5604 1097 5669 (Lua,
1143 5622 1224 5670 tv,
1263 5608 1337 5666 li.
1389 5606 1458 5661 Et
1505 5605 1700 5673 David,
1739 5604 1855 5671 Quo
1903 5605 1984 5658 ibo
2005 5604 2067 5658 ab

473 5690 678 5760 Spiritu
720 5703 807 5747 tuo
840 5695 960 5765 (Ps.
1000 5713 1274 5764 cxxxvut,
1311 5700 1403 5768 7)?
1433 5699 1623 5769 Arguit
1650 5699 1834 5759 Pater.
1867 5699 1936 5752 ita
1981 5697 2071 5753 Fi-

474 5783 610 5849 1ius,
643 5783 713 5836 ita
743 5793 799 5838 et
835 5785 1069 5851 Spiritus
1098 5798 1338 5843 sanctus.
1369 5792 1446 5851 De
1475 5791 1661 5859 Patre,
1711 5789 1933 5846 Domine
1953 5831 1969 5858 ,
2009 5806 2073 5845 ne

2164 4670 2362 4735 Filius,
2397 4670 2634 4724 cliaritas
2660 4677 2714 4724 et
2737 4669 2973 4738 Spiritus
2994 4676 3236 4728 sanctus.
3265 4667 3342 4724 De
3371 4667 3529 4728 Patre
3551 4665 3604 4724 in
3633 4665 3761 4736 Epi-

2162 4762 2297 4818 stola
2327 4761 2571 4827 Joannis,
2609 4762 2747 4817 Deus
2775 4761 3002 4820 cbaritas
3031 4769 3103 4826 est
3131 4759 3172 4832 (Ι
3204 4759 3389 4826 Joan,,
3412 4775 3466 4814 ιν
3488 4800 3503 4826 ,
3537 4755 3647 4827 16).
3687 4757 3764 4810 De

2165 4856 2306 4912 Filio
2333 4855 2624 4923 Apostolus
2667 4854 2730 4907 atl
2762 4852 3076 4909 Corinthios
3095 4893 3111 4919 ,
3140 4853 3377 4914 Charitas
3406 4852 3540 4906 enim
3569 4850 3765 4904 Christi

2165 4965 2308 5018 urget
2329 4965 2422 5003 nos
2446 4947 2510 5006 (ll
2532 4945 2676 5013 Cor-.,
2694 4963 2746 5013 ν,
2773 4946 2886 5017 14).
2909 4946 2985 5001 De
3001 4945 3206 5016 Spiritu
3232 4955 3420 5008 sancto
3441 4943 3760 5013 Apostolus,

2173 5043 2391 5096 Obsecro
2421 5057 2542 5104 vos,
2583 5041 2804 5109 fratres,
2845 5054 2934 5109 per
2974 5036 3255 5104 Dominum
3300 5047 3532 5098 nostrum
3581 5035 3764 5090 Jesum

2170 5136 2448 5198 Christum,
2463 5143 2509 5189 et
2521 5150 2609 5206 per
2622 5133 2922 5186 charitatem
2943 5131 3170 5200 Spiritus
3195 5130 3395 5200 (Rapa,
3415 5143 3506 5191 sv,
3521 5126 3632 5196 50).
3660 5126 3764 5192 lte-

2167 5236 2395 5296 generat
2416 5226 2597 5291 Pater,
2629 5234 2911 5292 regenerat
2935 5223 3127 5286 Filius.
3151 5232 3438 5292 regenernt
3454 5229 3508 5276 et
3526 5219 3764 5290 Spiritus

2171 5328 2410 5374 sanctus.
2458 5318 2533 5371 De
2574 5319 2729 5372 Patre
2759 5316 2983 5382 Petrus,
3021 5315 3331 5372 Benedictus
3364 5313 3499 5377 Deus
3531 5323 3575 5374 et
3605 5311 3765 5374 Pater

2170 5411 2380 5466 Dontiui
2402 5413 2564 5480 nostri
2589 5413 2620 5465 .l
2629 5429 2715 5466 esu
2736 5411 2926 5467 Cltristi
2947 5452 2960 5475 ,
2988 5412 3076 5482 qui
3097 5411 3377 5470 secundum
3407 5425 3645 5480 magnam
3667 5408 3766 5468 mi-

2169 5509 2499 5563 sericordiam
2525 5523 2672 5564 suam
2700 5507 3012 5579 regeneravit
3045 5522 3136 5566 nos
3166 5506 3220 5560 in
3251 5521 3395 5575 spent
3413 5506 3531 5562 vita:
3559 5510 3784 5558 (εισι-ΜΓ

2170 5601 2215 5673 (I
2250 5600 2365 5655 Pet.
2413 5616 2456 5659 ι.
2502 5603 2581 5665 5).
2629 5600 2707 5653 De
2749 5597 2886 5653 Filio
2933 5596 3102 5662 inihi,
3141 5596 3424 5667 Diligenles
3453 5597 3670 5654 invicem
3701 5609 3764 5649 ex

2172 5693 2348 5756 corde,
2396 5694 2542 5764 quasi
2587 5692 2752 5746 renati
2790 5707 2880 5762 pcr
2909 5691 3114 5746 verbum
3153 5688 3250 5744 Dei
3278 5689 3372 5748 vivi
3414 5686 3761 5758 (lbid.,23)..

2174 5785 2252 5840 De
2281 5785 2486 5850 Spiritu
2512 5795 2701 5840 sancto
2724 5784 2774 5838 in
2803 5782 3116 5856 Evangelia.
3150 5779 3212 5836 Si
3254 5782 3368 5854 quis
3417 5796 3519 5842 non
3559 5787 3766 5834 renatus
