4194 6184
491 358 595 415 669

1060 358 1486 417 MONUMENTA
1515 359 1802 422 VETERA
1834 361 1923 419 AD
1953 356 2368 418 ARIANORUM
2399 360 2802 422 DOCTRINAM
2825 361 3314 424 PERTINENTIA.

3682 365 3789 421 670

490 475 645 545 [attrit
671 491 734 532 ea:
777 491 910 549 aqua
935 484 982 532 et
1013 475 1212 546 Spiritu
1243 486 1448 542 sancto,
1481 492 1582 529 non
1624 475 1856 532 introibit
1902 476 1954 530 in
2002 491 2080 532 re,
2114 472 2166 548 Α
2191 491 2288 532 nus
2327 474 2486 546 μεν..
2518 494 2680 545 unt,
2708 477 2824 549 24).
2857 478 2932 534 Dc
2966 479 3106 534 Filio
3141 480 3187 532 in
3221 481 3405 549 Aiyostt
3433 481 3500 544 lo,
3537 477 3790 542 Dominus

487 584 642 637 guunt
681 568 926 628 caelorum
971 567 1151 640 (Joan.
1198 583 1253 626 ιιι
1275 609 1290 632 .
1323 569 1398 638 5).
1429 569 1737 629 Resuscitat
1773 568 1966 634 Pater,
1999 583 2086 628 res

487 661 712 719 suscitat
761 659 968 726 Filius,
1019 660 1308 722 resuscitat
1345 669 1400 718 et
1447 660 1683 729 Spiritus
1731 669 1971 718 sanctus.
2005 658 2083 720 De

488 750 650 810 Patre
677 751 728 806 in
761 751 982 810 Actibus
1005 793 1021 817 ,
1060 751 1196 805 Deus
1224 761 1426 820 patrum
1454 760 1776 818 nostrorum,
1803 751 1889 818 qui
1919 751 2083 808 susci-

488 842 613 900 tavit
637 840 814 898 Iesum
831 885 846 908 ,
870 855 918 900 et
942 860 1034 900 nos
1060 843 1324 900 suscitabit
1351 859 1439 916 per
1465 843 1742 912 potentiam
1771 858 1915 898 suam
1940 842 2079 913 (Act.

489 949 549 998 v,
581 934 698 1006 50).
738 935 810 990 De
842 935 982 994 Filio
1016 937 1066 992 in
1101 937 1431 1006 Evangelia,
1471 937 1732 992 Venerunt
1762 935 1939 994 Judaei
1978 953 2082 996 non

484 1029 652 1087 solum
691 1039 901 1099 propter
927 1029 1108 1085 Iesum
1129 1071 1144 1096 ,
1173 1032 1265 1088 sed
1303 1045 1356 1086 ut
1387 1030 1644 1088 Lazarum
1682 1031 1906 1086 viderent
1932 1046 2079 1100 quem

484 1122 747 1178 suscitavit
776 1139 809 1181 a
849 1125 1068 1184 mortuis
1097 1123 1303 1192 (Joan.,
1340 1140 1438 1191 xu,
1471 1125 1549 1193 9).
1582 1125 1656 1186 De
1701 1123 1907 1192 Spiritu
1954 1138 2080 1179 san-

482 1227 570 1276 cto
599 1215 923 1285 Apostolus,
960 1218 1020 1274 Si
1048 1226 1219 1274 autem
1247 1217 1474 1282 Spiritus
1500 1218 1612 1288 ejus
1633 1258 1646 1281 ,
1686 1218 1773 1286 qui
1817 1217 2080 1274 suscitavit

480 1309 663 1365 losum
690 1328 721 1364 a
748 1311 993 1375 mortuis,
1027 1311 1223 1368 habitat
1250 1313 1303 1365 in
1345 1311 1518 1376 vobis,
1562 1311 1835 1380 viviﬁcabit
1864 1320 1908 1364 et
1940 1325 2077 1365 mor.

483 1403 610 1458 talia
665 1419 885 1471 corpora
937 1414 1103 1462 vestra
1159 1415 1366 1476 propter
1418 1405 1789 1460 inhabitantem
1822 1403 2076 1475 Spiritum

483 1493 593 1562 ejus
621 1494 675 1544 in
704 1493 843 1546 vobis
873 1493 1053 1562 (Rom.
1082 1510 1176 1548 vnt
1197 1536 1211 1558 ,
1239 1494 1348 1563 11).
1377 1492 1562 1549 Gratia
1589 1494 1684 1552 Dei
1713 1493 1888 1554 Patris
1910 1535 1923 1559 ,
1953 1509 2077 1564 gra-

483 1583 553 1636 tia
587 1583 744 1647 Filii,
777 1587 950 1662 gratia
1003 1597 1057 1640 et
1101 1585 1333 1660 Spiritus
1383 1586 1578 1640 sancti.
1613 1586 1689 1640 De
1715 1585 1909 1652 Patre,
1947 1584 2076 1652 Quis

479 1689 560 1727 me
596 1672 830 1728 liberabit
873 1675 936 1729 de
971 1693 1185 1748 corpore
1213 1678 1389 1730 mortis
1434 1677 1622 1739 huius?
1647 1677 1814 1746 gratia
1857 1675 1956 1729 Dei
1987 1693 2075 1747 per

476 1763 658 1819 Jesum
689 1766 948 1822 Christum
974 1766 1174 1836 (Rom,
1199 1785 1307 1843 vn,
1347 1768 1463 1841 24).
1493 1769 1570 1823 De
1612 1768 1750 1823 Filio
1793 1769 1857 1823 ad
1882 1769 2073 1824 Corin-

2187 577 2358 625 autem
2385 569 2595 642 impleat
2617 573 2774 628 corda
2803 583 2969 628 vestra
2988 614 3002 639 ,
3030 581 3075 628 et
3099 573 3366 640 conﬁrmet
3392 573 3445 626 in
3475 573 3614 633 omni
3637 589 3789 645 apere

2187 668 2234 712 et
2257 675 2491 718 sermone
2513 662 2645 718 bona
2668 663 2710 735 (Ι
2732 663 2997 730 Thessal.,
3024 680 3058 718 ιι
3084 705 3097 728 ,
3123 663 3237 734 16).
3266 662 3337 720 Ει
3369 665 3420 718 in
3457 663 3783 734 Evangelio,

2174 748 2264 805 De
2303 753 2624 826 plenitudine
2660 757 2771 824 ejus
2809 771 2986 808 omnes
3024 756 3314 826 accepimus
3344 753 3550 827 (Joan.,
3592 770 3631 818 ι,
3668 754 3783 827 16).

2183 844 2261 901 De
2285 846 2486 915 Spiritu
2514 857 2701 904 sancto
2724 851 2775 906 in
2809 849 3059 914 Actibus,
3092 848 3331 914 Implevit
3353 866 3553 908 omnem
3579 851 3778 914 locum,

2182 938 2270 996 ubi
2307 950 2448 999 erant
2487 940 2730 1002 discipuli
2757 942 3050 1010 congregati
3090 940 3232 1008 (Act.
3261 957 3326 1005 ιι,
3355 940 3435 1012 2).
3481 941 3547 994 Et
3571 981 3586 1005 ,
3626 940 3782 1000 Iesus.

2183 1033 2365 1101 plenus
2403 1033 2602 1103 Spiritu
2631 1044 2807 1092 sancto
2847 1049 3105 1106 regressus
3135 1044 3211 1088 est
3236 1034 3298 1090 ab
3337 1033 3570 1088 Jordaue
3601 1033 3779 1104 (Luc.,

2181 1139 2264 1190 tv,
2297 1124 2372 1193 l).
2405 1123 2662 1194 Loquitur
2693 1125 2852 1184 Pater-
2875 1166 2887 1186 ,
2923 1124 3165 1193 loquitur
3204 1124 3376 1182 Filius
3397 1167 3410 1189 ,
3445 1125 3683 1194 loquitur
3727 1133 3782 1180 et

2179 1217 2409 1286 Spiritus
2449 1228 2689 1279 sanctus.
2716 1217 2793 1273 De
2818 1201 3006 1282 Patre,
3044 1216 3182 1270 Deus
3222 1216 3427 1274 locutus
3456 1226 3530 1276 est
3569 1217 3623 1272 in
3661 1233 3782 1270 san-

2177 1322 2258 1370 cto
2286 1327 2378 1367 suo
2408 1309 2528 1381 (Ps.
2564 1328 2647 1370 ιιιι
2671 1353 2685 1378 ,
2717 1309 2793 1382 8).
2827 1313 2900 1368 De
2927 1311 3063 1366 Filio
3083 1353 3097 1374 ,
3126 1309 3390 1380 Loquente
3413 1308 3541 1365 Jesu
3571 1309 3639 1362 ad
3671 1321 3778 1362 tur-

2178 1404 2268 1456 bas
2307 1402 2523 1474 (Matth.
2556 1420 2626 1458 xu
2650 1445 2664 1469 ,
2699 1401 2811 1472 46).
2847 1404 2923 1460 De
2967 1403 3168 1474 Spiritu
3210 1410 3398 1456 ~aneto
3420 1443 3435 1468 ,
3469 1400 3562 1458 Est
3591 1403 3677 1472 qui
3705 1402 3782 1456 lo-

2176 1495 2350 1565 quitur
2375 1495 2431 1554 in
2459 1494 2598 1552 vobis
2639 1493 2878 1566 (Matth.,
2908 1511 2972 1557 ιι.
3000 1493 3114 1563 20).
3146 1493 3416 1564 Apparuit
3454 1494 3636 1566 Pater,
3679 1509 3774 1564 ap-

2178 1590 2354 1668 paruit
2377 1588 2571 1650 Filius,
2605 1590 2848 1658 apparuit
2893 1596 2948 1642 et
2975 1587 3209 1657 Spiritus
3234 1597 3471 1642 sanctus.
3511 1589 3585 1642 De
3617 1589 3778 1643 Patre

2177 1681 2228 1735 in
2283 1681 2545 1746 Actibus,
2603 1682 2743 1735 Dens
2796 1682 2977 1752 gloria:
3024 1681 3271 1751 apparuit
3315 1681 3546 1752 patribus
3590 1683 3780 1735 nostris

2175 1774 2338 1849 (Act.,
2366 1792 2466 1834 \‘ll.
2495 1774 2572 1844 εὶ).
2626 1775 2702 1829 De
2750 1773 2885 1828 Filio
2926 1776 2976 1828 in
3020 1775 3249 1855 epistola
3272 1775 3496 1829 Joannis
3522 1815 3536 1832 .
3572 1774 3652 1828 Ad
3683 1776 3777 1828 hoc

473 1856 649 1924 tltios,
681 1858 837 1914 Scitis
859 1861 994 1914 enim
1021 1861 1242 1941 gratiam
1271 1859 1482 1919 Domini
1506 1862 1670 1918 nostri
1694 1859 1819 1916 Jesu
1848 1860 2072 1928 Christi,
2102 1852 2151 1916 Β
2178 1869 2420 1937 apparuit
2470 1865 2674 1934 Filius,
2719 1876 2770 1920 ut
2801 1852 3068 1922 solvantur
3114 1883 3272 1936 opera
3325 1868 3515 1928 diaboli
3553 1867 3594 1940 (Ι
3619 1866 3774 1920 Joan.

474 1949 598 2018 quia
628 1959 837 2018 propter
869 1968 956 2005 vos
986 1954 1156 2022 factus
1180 1964 1256 2006 est
1297 1969 1491 2022 pauper
1529 1969 1643 2005 cum
1669 1962 1798 2006 esset
1826 1952 1964 2004 dives
2005 1949 2072 2023 (ll

473 2039 616 2105 δον..
644 2056 756 2109 vui,
785 2041 864 2114 9).
895 2043 971 2098 De
999 2044 1202 2113 Spiritu
1234 2055 1420 2104 saneto
1446 2046 1499 2108 in
1527 2044 1772 2110 Actibus,
1809 2044 1874 2104 Et
1905 2044 2076 2100 obstu-

475 2145 698 2202 puerunt
735 2135 820 2200 qui
847 2151 962 2196 cum
992 2134 1152 2198 Petro
1182 2147 1450 2199 venerant,
1476 2138 1721 2214 quoniam
1763 2137 1816 2190 in
1839 2137 2075 2218 gentibus

477 2227 647 2294 gratia
677 2225 908 2296 Spiritus
937 2231 1104 2282 sancti
1136 2229 1328 2296 di/fusa
1355 2241 1428 2284 est
1475 2228 1613 2300 (Act.
1641 2247 1670 2284 x
1693 2271 1705 2294 ,
1741 2231 1856 2298 45).
1888 2230 2078 2301 Signat

479 2315 670 2383 Pater,
698 2319 874 2387 signat
915 2319 1085 2386 Filius
1108 2360 1124 2384 ,
1158 2323 1333 2391 signat
1371 2331 1427 2376 et
1457 2322 1689 2391 Spiritus
1717 2330 1957 2377 sanctus.
2004 2323 2078 2377 De

480 2407 640 2462 Patre
673 2408 736 2462 ad
771 2411 1112 2479 Corinthios,
1143 2411 1208 2465 Et
1248 2414 1335 2482 qui
1358 2415 1575 2486 signavit
1615 2430 1702 2468 vos
1732 2415 1999 2469 nobiscum
2025 2415 2078 2468 in

483 2499 717 2566 Christo,
745 2511 792 2554 et
817 2504 904 2572 qui
933 2505 1075 2558 unxit
1107 2521 1197 2559 nos
1225 2505 1364 2559 Deus
1395 2505 1460 2576 (ll
1491 2503 1638 2570 Con,
1665 2522 1712 2570 ι,
1739 2505 1854 2576 21).
1889 2506 1962 2560 De
1993 2504 2076 2563 Fi-

485 2592 557 2644 lio
589 2592 651 2644 ad
683 2593 946 2660 Ephesios
967 2637 981 2660 ,
1015 2595 1290 2651 Audientes
1335 2598 1538 2651 verbum
1562 2599 1826 2677 veritatis,
1863 2615 2082 2669 evange-

484 2686 613 2740 lium
635 2687 818 2744 salutis
835 2699 1034 2754 vestrae,
1058 2689 1110 2744 in
1139 2707 1240 2760 quo
1261 2690 1446 2760 signati
1475 2692 1598 2746 estis
1617 2690 1863 2762 (Ephes.,
1893 2707 1941 2755 ι,
1970 2690 2080 2762 15).

487 2778 564 2834 De
588 2778 791 2850 Spiritu
821 2789 1012 2842 sancto
1035 2783 1123 2837 ubi
1150 2798 1312 2852 supra
1336 2826 1350 2849 ,
1376 2783 1556 2838 Nolite
1583 2786 1886 2840 contristare
1914 2785 2085 2856 Spiri-

489 2880 594 2926 tum
635 2881 867 2932 sanctum
894 2915 906 2935 ,
931 2874 984 2928 in
1011 2891 1110 2944 quo
1151 2877 1342 2945 signati
1379 2877 1500 2931 estis
1525 2877 1578 2930 in
1606 2877 1688 2930 die
1716 2877 2085 2946 redemptionis

489 2964 732 3034 (Ephes,
757 2983 834 3027 ιν,
865 2966 978 3038 50).
1014 2969 1228 3024 Habitat
1257 2970 1416 3024 Pater
1439 2970 1490 3024 in
1523 2971 1900 3036 credentibus,
1935 2970 2087 3024 habi-

491 3068 566 3114 tat
599 3059 799 3128 Filius,
837 3061 1044 3117 habitat
1071 3073 1126 3118 et
1175 3064 1410 3133 Spiritus
1441 3075 1678 3119 sanctus.
1728 3065 1801 3119 De
1830 3064 1988 3120 Patre
2033 3065 2085 3123 in

2177 1977 2267 2028 nt,
2295 1960 2372 2032 8).
2421 1963 2498 2016 De
2536 1963 2736 2032 Spiritu
2769 1973 2960 2017 sancto
2993 1964 3043 2016 in
3087 1962 3221 2029 Job,
3259 1962 3324 2014 Et
3355 1962 3569 2030 spiritus
3616 1977 3779 2031 appa-

2175 2057 2280 2118 rttit
2325 2057 2377 2115 in
2427 2056 2591 2116 oculis
2632 2057 2754 2116 meis
2777 2098 2790 2121 ,
2835 2065 2883 2114 et
2922 2058 3106 2118 horror
3135 2056 3292 2114 irruit
3330 2055 3384 2108 in
3423 2053 3658 2125 me(.lob,
3693 2068 3776 2118 tv,

2179 2146 2288 2220 5.5).
2323 2148 2534 2212 Veritas
2574 2149 2767 2217 Pater,
2796 2149 2998 2203 veritas
3039 2148 3241 2218 Filius,
3273 2149 3475 2206 veritas
3517 2157 3568 2203 et
3602 2147 3778 2216 Spiri-

2181 2249 2265 2293 tus
2295 2248 2536 2294 sanctus.
2566 2239 2643 2294 De
2681 2238 2842 2294 Patre
2875 2241 2927 2294 in
2969 2240 3208 2304 Psalmo,
3239 2239 3523 2293 Redemisti
3542 2255 3642 2304 me,
3675 2237 3781 2291 Do-

2181 2332 2316 2386 mine
2343 2330 2480 2386 Deus
2506 2333 2732 2389 veritatis
2756 2332 2874 2405 (Ps.
2907 2350 3010 2386 xxx
3036 2376 3048 2398 ,
3074 2333 3152 2404 6).
3186 2333 3260 2388 De
3286 2333 3424 2388 Filio
3443 2375 3456 2396 ,
3493 2332 3697 2387 Veritas
3719 2333 3784 2386 de

2183 2435 2319 2480 terra
2355 2435 2466 2480 orta
2506 2435 2580 2480 est
2616 2425 2734 2493 (Ps.
2779 2441 3012 2491 Lxxxtv,
3058 2423 3169 2495 ιε).
3222 2426 3284 2478 Et
3343 2427 3393 2477 in
3447 2425 3740 2493 Evangelio
3767 2466 3782 2490 ,

2186 2515 2296 2587 Ego
2327 2534 2440 2571 sum
2456 2519 2559 2584 via,
2591 2517 2799 2578 veritas,
2829 2526 2877 2571 et
2901 2519 3003 2572 vita
3029 2516 3236 2589 (Joan.,
3261 2510 3350 2570 x'tv
3374 2557 3387 2579 ,
3421 2516 3532 2584 16).
3567 2518 3641 2571 De
3667 2515 3787 2584 Spi-

2184 2609 2289 2664 ritu
2317 2620 2504 2663 sancto
2533 2611 2582 2662 in
2619 2609 2930 2679 Evangelia,
2961 2608 3088 2664 Cum
3115 2610 3302 2662 venerit
3335 2609 3567 2677 Spiritus
3594 2609 3783 2661 veritas

2186 2704 2286 2766 tis,
2319 2703 2519 2758 docebit
2575 2718 2662 2757 vos
2701 2719 2901 2756 omnem
2949 2702 3210 2757 veritatem
3263 2699 3444 2772 (Joan.
3495 2717 3587 2757 xw
3614 2743 3629 2766 ,
3672 2701 3782 2770 1⁸5).

2188 2794 2330 2850 Ecce
2375 2796 2636 2851 unitatem
2678 2796 2862 2864 operis
2889 2837 2902 2860 ,
2943 2810 3050 2850 non
3091 2795 3308 2856 dubitas
3347 2795 3612 2850 unitatem
3660 2809 3785 2849 cre-

2187 2889 2319 2944 dere
2344 2889 2643 2945 Trinitatis.
2685 2889 2877 2945 Dicere
2917 2888 3080 2943 etiam
3129 2888 3309 2943 solent
3355 2887 3424 2942 de
3472 2888 3784 2957 baptismo,

2188 2979 2330 3049 quod
2366 2980 2417 3034 in
2449 2995 2514 3036 eo
2547 2981 2740 3037 inelius
2768 2981 2838 3035 sit
2869 2981 3080 3036 illorum
3114 2980 3469 3050 baptismum,
3497 2995 3656 3049 quam
3691 2995 3789 3034 no-

2190 3081 2394 3137 strum;
2428 3072 2549 3142 quia
2580 3073 2670 3143 qui
2716 3073 2784 3128 do
2831 3073 2937 3127 illis
2977 3072 3043 3128 ad
3088 3087 3186 3127 nos
3227 3082 3647 3136 convertuntur,
3679 3086 3788 3126 non

492 3151 623 3207 Isaia
645 3194 658 3214 ,
704 3153 915 3209 Servate
947 3157 1080 3210 diem
1124 3157 1360 3223 sabbati,
1401 3167 1447 3211 et
1495 3158 1812 3228 sanctiﬁcata
1843 3175 1955 3212 eum
1976 3199 1990 3220 ,
2033 3167 2088 3214 ut
2133 3233 2140 3235 ξ
2191 3179 2286 3220 eos
2318 3165 2715 3234 rebaptizamus
2737 3208 2752 3232 ,
2786 3166 2880 3221 sed
2914 3180 3010 3235 per
3048 3177 3240 3220 manus
3271 3164 3672 3232 impositionem
3704 3179 3790 3218 rc—

384 3296 392 3304 _
488 3242 712 3304 habitem
739 3246 789 3299 in
830 3247 1000 3302 medio
1028 3251 1179 3304 vestri
1217 3248 1379 3321 (Jer.,
1424 3266 1562 3314 xvn,
1587 3250 1705 3318 92).
1743 3251 1815 3304 De
1836 3249 1974 3306 Filio
2018 3247 2084 3308 ad
2111 3233 2157 3296 (ἶ
2193 3233 2565 3316 conciliamus.
2611 3263 2685 3317 mi
2720 3278 2886 3326 vero,
2915 3233 2966 3315 ﬁsi
3004 3277 3138 3329 quos
3177 3260 3246 3314 de
3286 3261 3486 3314 nostris
3525 3260 3790 3315 seducere

491 3335 793 3403 Ephesios,
840 3339 1089 3396 Habitare
1117 3341 1382 3397 Christum
1423 3360 1517 3413 per
1547 3345 1698 3411 ﬁdem
1745 3346 1796 3397 in
1845 3343 2085 3399 cordibus

489 3431 666 3486 vestris
705 3430 946 3502 (ΕρΙιροη
994 3451 1050 3490 ιιι
1074 3435 1220 3506 .17).
1255 3437 1331 3492 De
1357 3437 1562 3504 Spiritu
1609 3449 1828 3502 sancto,
1859 3438 2086 3493 Nescitis

486 3524 730 3591 quoniam
779 3526 1020 3594 templum
1073 3526 1167 3582 Dei
1211 3531 1362 3586 estis.
1396 3539 1444 3583 et
1485 3530 1716 3601 Spiritus
1753 3531 1846 3584 Dei
1887 3530 2085 3585 habitat

490 3616 541 3668 in
579 3617 720 3670 vobis
762 3617 805 3686 (ι
829 3615 974 3686 Cor.,
1007 3635 1092 3684 ιιι,
1129 3621 1253 3689 l6)?
1281 3624 1563 3682 Scrutatur
1592 3623 1781 3688 Pater,
1815 3633 2088 3680 scrutatur

492 3707 689 3773 Filius,
719 3720 992 3770 scrutatur
1026 3721 1080 3768 ct
1124 3712 1359 3781 Spiritus
1407 3724 1646 3771 sanctus.
1700 3715 1778 3769 De
1826 3717 2084 3791 Patrem

493 3800 732 3866 Psalma,
769 3803 1023 3859 Scrutans
1051 3805 1208 3861 corda
1233 3815 1282 3861 et
1309 3822 1456 3862 renes
1499 3806 1636 3861 Deus
1679 3806 1798 3874 (Ps.
1828 3823 1932 3873 vn,
1971 3806 2081 3879 10).

494 3891 566 3946 Ἶθ
605 3892 744 3952 Filio
785 3895 836 3956 in
879 3895 1198 3966 Apocalypsi
1222 3936 1236 3960 ,
1273 3897 1339 3950 Et
1386 3900 1546 3954 scient
1587 3914 1762 3952 omnes
1799 3898 2084 3964 Ecclesiw,

503 3985 609 4051 ptio
628 4002 723 4057 ego
747 4003 857 4044 sum
887 3998 1145 4044 scrutator
1166 3989 1336 4045 cordis
1355 3999 1405 4043 et
1431 3990 1631 4044 renium
1652 3991 1833 4062 (Apoc.
1865 4005 1936 4052 ιι.
1966 3991 2084 4062 95).

493 4078 568 4133 De
610 4078 812 4149 Spiritu
857 4088 1044 4140 sancto
1075 4079 1127 4136 in
1156 4080 1448 4150 Apostolo,
1486 4082 1716 4154 Spiritus
1747 4084 1919 4138 omnia
1945 4099 2088 4138 scru-

492 4179 630 4224 tatur
657 4173 811 4231 etiam
854 4173 1113 4243 profunda
1155 4172 1252 4228 Dei
1295 4174 1342 4242 (1
1386 4173 1508 4228 Cor.
1554 4191 1623 4239 ιι,
1657 4174 1767 4247 l0).
1811 4175 2089 4234 Testilicat

497 4263 684 4328 Pater,
716 4264 974 4326 testiﬁcat
1001 4265 1199 4330 Filius,
1235 4266 1483 4324 testilieat
1505 4274 1560 4322 et
1586 4265 1823 4336 Spiritus
1847 4276 2084 4324 sanctus.

493 4354 567 4408 De
593 4355 753 4418 Patre
784 4357 834 4410 in
863 4355 1111 4422 Pssimo,
1146 4357 1516 4418 Testimonium
1543 4356 1641 4412 Dei
1671 4357 1851 4425 ﬁdele,
1885 4359 2089 4428 sapien-

489 4448 614 4502 tiam
641 4459 892 4518 prwstaus
922 4451 1153 4520 parvulis
1182 4450 1302 4523 (Ps.
1325 4467 1486 4513 xvnt,
1518 4451 1597 4520 8).
1632 4450 1708 4506 De
1735 4450 1874 4509 Filio
1902 4451 1966 4505 ad
1998 4451 2089 4510 Tl—

2193 3365 2452 3422 possunt,
2496 3354 2969 3409 inconsideranter
3007 3352 3374 3421 rebaptizant.
3417 3351 3516 3417 Qui
3561 3354 3790 3406 interro-

2189 3445 2347 3512 gandi
2395 3457 2548 3500 sunt:
2584 3446 2857 3516 Baptisma
2884 3445 3024 3499 istud
3057 3445 3199 3514 quod
3238 3445 3369 3498 dant
3401 3461 3553 3498 suum
3607 3445 3792 3499 dicunt

2187 3553 2342 3602 esse,
2373 3554 2437 3592 an
2473 3540 2752 3594 nostrum?
2783 3539 2838 3594 Si
2870 3547 3108 3592 nostrum
3141 3547 3224 3591 est
3245 3580 3259 3603 ,
3293 3554 3462 3607 quare
3494 3539 3624 3592 illud
3650 3554 3790 3608 prat-

2188 3639 2440 3696 sumunt,
2473 3631 2724 3686 similiter
2754 3642 2806 3686 ttt
2841 3646 2938 3686 nos
2966 3632 3327 3702 baptizando?
3353 3633 3395 3686 si
3429 3632 3642 3686 illorum
3670 3642 3786 3696 est,

2188 3739 2357 3792 quare
2397 3724 2525 3778 illud
2566 3725 2770 3780 violant
2814 3725 3095 3780 iterando?
3140 3725 3244 3780 Sed
3287 3740 3383 3780 nos
3426 3727 3786 3780 reverentiam

2191 3815 2451 3870 habemus
2493 3817 2788 3877 Dominicis
2817 3820 3021 3885 verbis,
3065 3828 3116 3872 et
3142 3819 3412 3886 quomodo
3453 3819 3783 3886 ipsejnssit:

2189 3912 2260 3966 ita
2283 3920 2337 3965 et
2363 3911 2724 3980 baptizamus,
2757 3915 2807 3965 in
2841 3914 3060 3967 nomine
3090 3911 3297 3977 Patris,
3326 3922 3378 3965 et
3404 3911 3556 3976 Filii,
3581 3919 3636 3965 et
3666 3911 3790 3979 Spi-

2189 4005 2326 4059 ritus
2365 4005 2556 4059 saneti.
2600 4005 2706 4061 Sed
2747 4016 2800 4060 et
2848 4007 2969 4059 illos
3018 4006 3097 4060 sic
3125 4015 3331 4059 certum
3359 4012 3444 4059 est
3480 4003 3781 4072 baptizare.

2189 4097 2322 4152 Nam
2351 4099 2395 4153 si
2426 4099 2505 4154 sic
2529 4100 2862 4170 baptizarent
2891 4099 2963 4154 illi
3004 4098 3274 4169 quomodo
3305 4098 3533 4153 credunt
3555 4140 3569 4162 ,
3604 4099 3658 4152 in
3690 4113 3788 4152 no-

2192 4193 2335 4246 mine
2360 4192 2536 4251 Patris
2567 4193 2822 4264 majoris,
2857 4202 2911 4247 et
2942 4195 2992 4246 in
3027 4193 3246 4246 nomine
3282 4192 3406 4246 Filii
3439 4191 3699 4256 minoris,
3735 4201 3790 4246 et

2191 4285 2243 4340 in
2285 4287 2502 4343 nomine
2533 4286 2768 4356 Spiritus
2807 4287 2978 4341 sancti
3021 4287 3192 4340 multo
3237 4287 3493 4352 minoris,
3530 4295 3653 4338 tunc
3692 4284 3788 4339 de—

2192 4393 2338 4431 mum
2388 4393 2493 4429 non
2546 4378 2877 4432 iterabamus
2927 4378 3250 4444 baptismum
3280 4417 3294 4441 ,
3334 4377 3428 4430 sed
3484 4375 3783 4438 dabamus.

2188 4468 2314 4539 quia
2343 4484 2450 4522 non
2476 4467 2772 4523 secundum
2801 4468 3040 4536 regulam
3070 4483 3230 4536 quam
3268 4466 3524 4519 Dominus
3564 4465 3788 4520 tradidit

490 4543 766 4600 [nmmum
787 4585 802 4609 ι
839 4543 1094 4614 Ρναῖείρίο
1125 4545 1216 4603 “bi
1241 4561 1414 4605 βονηηι
1444 4543 1586 4608 Πθοι
1609 4545 1698 4611 (ἵνί
1727 4544 1948 4613 “ivi/50¢“
1977 4561 2088 4603 om“
2108 4619 2154 4628 _
2193 4557 2556 4627 baptizabant.
2587 4557 2694 4614 Sed
2725 4558 2851 4628 quid
2887 4557 3153 4612 facimus?
3185 4557 3324 4612 bene
3350 4556 3620 4622 baptiZant
3643 4597 3656 4620 ,
3689 4556 3785 4611 scd

491 4639 609 4702 nia.
653 4649 703 4694 et
745 4639 950 4694 Chriuo
988 4639 1150 4705 Iesu.
1189 4641 1279 4712 qui
1330 4641 1671 4697 testimonium
1723 4639 1948 4698 reddidit
1986 4640 2078 4697 sub
2108 4619 2162 4678 D
2192 4619 2330 4708 male
2359 4619 2622 4706 credunt:
2659 4619 2795 4706 bene
2828 4651 3136 4720 baptizant,
3169 4649 3264 4704 sed
3299 4619 3497 4702 malum
3526 4658 3608 4704 est
3639 4647 3785 4719 quod

493 4728 681 4790 Pontio
709 4729 883 4788 Pilato
909 4730 952 4802 (ι
975 4731 1112 4787 Tim.
1140 4749 1212 4799 vt,
1241 4732 1355 4800 15).
1390 4733 1467 4787 De
1484 4733 1686 4801 Spiritu
1718 4743 1908 4788 sancto
1937 4734 2079 4804 Apo-

488 4819 696 4884 stolus,
730 4819 1102 4878 Testimonium
1148 4821 1626 4890 perhibetSpiritui
1667 4833 1843 4880 nostro
1869 4823 2074 4894 (Rom.,

489 4926 614 4977 ιίιι,
646 4911 754 4979 18).
805 4913 1054 4974 Ostendit
1093 4914 1289 4979 Pater,
1319 4915 1554 4970 ostendit
1593 4915 1795 4977 Filius.
1846 4917 2084 4974 ostendit

489 5009 543 5056 et
567 5002 800 5070 Spiritus
827 5013 1067 5062 sanctus.
1103 5005 1177 5062 De
1209 5006 1367 5062 Patre
1395 5005 1462 5062 ad
1505 5006 1849 5066 Timotheum
1871 5049 1886 5074 ,
1921 5008 2084 5075 Quem

488 5094 594 5148 suis
621 5095 927 5165 temporibus
948 5096 1219 5152 ostendens
1238 5097 1416 5154 beatus
1438 5107 1483 5153 et
1505 5099 1646 5154 solus
1660 5109 1838 5168 potens
1858 5101 1900 5172 (Ι
1923 5099 2085 5166 Titn.,

491 5202 539 5241 Vl
562 5227 577 5252 ,
608 5187 723 5254 15).
755 5187 830 5246 De
859 5187 998 5246 Filio
1026 5189 1078 5246 in
1120 5190 1414 5259 Evangelia
1443 5191 1559 5261 ipse
1599 5191 1764 5246 Filius
1791 5193 1955 5254 dicit,
1991 5192 2090 5248 0s.-

489 5277 695 5334 tendant
724 5290 893 5338 autem
923 5280 1062 5341 vobis
1099 5298 1248 5352 quem
1289 5283 1509 5342 timentis
1547 5282 1726 5355 (Lua,
1751 5301 1820 5341 xu
1839 5327 1852 5350 ,
1885 5284 1963 5356 5);
1992 5294 2048 5340 et
2070 5327 2086 5353 ,

492 5369 661 5432 Multa
688 5371 821 5430 bona
849 5390 1006 5445 opera
1031 5375 1231 5430 ostendi
1260 5373 1399 5430 vobis
1429 5392 1459 5430 a
1495 5375 1648 5430 Patre
1673 5393 1786 5436 meo
1819 5377 1998 5449 (Joan.
2031 5393 2086 5443 Χ,

489 5461 605 5533 52).
634 5462 709 5520 De
732 5463 934 5534 Spiritu
959 5476 1146 5522 sancto
1174 5468 1240 5522 ad
1263 5467 1573 5523 Corinthios
1590 5510 1604 5532 ,
1640 5469 1950 5527 Praedicatio
1976 5488 2089 5526 mea

490 5568 593 5606 non
621 5553 721 5623 fuit
757 5555 812 5609 in
854 5557 1275 5624 persuasibilibus
1316 5560 1558 5618 humana:
1582 5564 1849 5630 sapientia:
1886 5564 2085 5631 verbis.

489 5647 578 5702 sed
600 5649 656 5702 in
683 5656 970 5706 ostensione
991 5653 1208 5722 spiritus
1234 5650 1275 5724 (l
1305 5653 1448 5721 Cor.,
1479 5669 1538 5720 ιι,
1569 5653 1652 5725 4).
1681 5654 1876 5725 Implet
1903 5657 2084 5722 Pater.

493 5742 682 5810 implet
719 5743 908 5814 Filius,
946 5745 1137 5816 implet
1172 5756 1224 5802 et
1255 5746 1492 5816 Spiritus
1531 5759 1771 5824 sapetps.
1804 5752 1881 5812 De
1924 5752 2088 5816 Patre

495 5837 798 5900 Hieremias
818 5881 833 5906 ,
865 5838 1056 5898 Ctelum
1084 5851 1132 5897 et
1161 5850 1351 5905 terram
1379 5861 1470 5915 ego
1501 5844 1690 5915 impleo
1708 5887 1722 5912 ,
1754 5846 1878 5902 dicit
1904 5849 2085 5906 Domi-

2191 4744 2548 4814 rebaptizant.
2590 4743 2928 4814 Regulariter
2965 4742 3184 4812 quidem
3223 4741 3495 4811 baptizant
3521 4783 3537 4807 ,
3584 4740 3678 4796 sed
3721 4741 3785 4795 tl-

2189 4837 2314 4891 dem
2340 4836 2479 4891 male
2509 4837 2800 4890 insinuant.
2833 4834 2899 4889 Et
2924 4836 3049 4889 dum
3081 4835 3374 4889 carnaliter
3393 4835 3592 4904 gradus
3623 4836 3674 4889 in
3707 4834 3788 4888 di-

2191 4929 2413 4983 vinitate
2440 4928 2643 4982 faciunt
2663 4970 2675 4988 .
2710 4927 2970 4983 otl'ensam
3000 4927 3296 4982 divinitatis
3326 4928 3605 4982 incurrunt
3634 4945 3647 4979 :
3679 4941 3785 4979 non

2191 5027 2498 5074 metuentes
2525 5019 2654 5074 illud
2679 5019 2817 5087 quod
2850 5019 3106 5073 Dominus
3132 5018 3266 5072 dixit
3296 5036 3306 5069 :
3338 5018 3439 5084 Qui
3469 5017 3625 5070 semel
3651 5017 3788 5070 lotus

2189 5120 2304 5176 est,
2339 5127 2440 5166 non
2472 5111 2668 5179 indiget
2712 5112 2896 5165 iterant
2941 5121 2996 5165 ut
3041 5113 3238 5165 lavetur
3281 5110 3460 5180 (Joan.
3509 5124 3638 5166 xm.
3673 5107 3786 5179 10).

2192 5205 2338 5260 Dixit
2362 5205 2507 5259 enim
2534 5205 2792 5260 Dominus
2816 5205 2864 5258 in
2896 5204 3224 5273 Evangelia,
3260 5201 3363 5256 Vos
3390 5202 3510 5252 estis
3535 5200 3614 5253 sal
3641 5209 3789 5254 terrm

2193 5297 2432 5368 (Matth,
2467 5313 2528 5363 v,
2560 5296 2679 5368 15);
2711 5306 2766 5351 ct
2794 5297 3118 5365 quicumque
3148 5293 3365 5362 sapiens
3394 5301 3470 5344 est
3491 5335 3505 5356 ,
3539 5305 3642 5343 non
3691 5293 3791 5346 hoc

2192 5391 2310 5445 sine
2348 5405 2508 5444 causa
2553 5391 2754 5445 dictum
2797 5390 3073 5457 intelligit.
3106 5386 3199 5442 Sal
3245 5385 3388 5438 enim
3417 5399 3478 5437 ex
3527 5399 3660 5452 aqua
3695 5385 3790 5450 lit,

2193 5480 2286 5535 sed
2315 5482 2358 5535 si
2391 5482 2584 5536 iterum
2615 5482 2666 5534 in
2707 5495 2899 5550 aquam
2941 5477 3204 5541 mittitur,
3243 5475 3492 5543 liquescit
3533 5486 3587 5530 et
3629 5476 3787 5544 perit.

2194 5572 2284 5628 Sic
2341 5575 2429 5643 qui
2462 5573 2632 5628 semel
2671 5572 2972 5640 baptizatus
3002 5581 3083 5624 est
3115 5584 3179 5624 ex
3221 5583 3359 5638 aqua
3387 5609 3402 5632 ,
3434 5569 3510 5622 sal
3553 5578 3635 5624 est
3665 5570 3794 5623 elic-

2191 5675 2349 5720 ctus:
2383 5665 2478 5720 sed
2506 5665 2549 5720 si
2582 5665 2778 5720 iterum
2820 5662 3078 5732 baptizari
3109 5677 3168 5717 se
3209 5660 3523 5730 permittat,
3557 5663 3622 5717 ad
3655 5662 3795 5719 nihi-

2193 5759 2302 5815 lum
2325 5758 2558 5817 sicutsal
2579 5760 2629 5811 io
2653 5773 2791 5829 aqua
2817 5756 3038 5811 missum
3071 5755 3358 5827 redigitur,
3390 5767 3440 5810 et
3467 5757 3644 5816 anima
3677 5757 3793 5826 ejus

2195 5861 2455 5926 perpetua
2501 5860 2672 5908 morte
2721 5851 2962 5924 punitur.
3004 5849 3144 5907 Dicit
3191 5849 3340 5908 enim
3390 5849 3678 5920 Apostolus
3727 5848 3795 5904 de
