  <div class='ocr_page' id='page_1' title='image "/cluster/home/n/w/nwhite01/storage/ocr_20150623/13/hvd.32044096580428/341.png"; bbox 0 0 4194 6184; ppageno 0'>
   <div class='ocr_carea' id='block_1_1' title="bbox 379 358 477 415">
    <p class='ocr_par' dir='ltr' id='par_1_1' title="bbox 379 358 477 415">
     <span class='ocr_line' id='line_1_1' title="bbox 379 358 477 415; baseline 0.02 -3"><span class='ocrx_word' id='word_1_1' title='bbox 379 358 477 415; x_wconf 80' lang='grc'><strong>671</strong></span> 
     </span>
    </p>
   </div>
   <div class='ocr_carea' id='block_1_2' title="bbox 1315 342 2747 417">
    <p class='ocr_par' dir='ltr' id='par_1_2' title="bbox 1315 342 2747 417">
     <span class='ocr_line' id='line_1_2' title="bbox 1315 342 2747 417; baseline -0.006 -9"><span class='ocrx_word' id='word_1_2' title='bbox 1315 351 1454 410; x_wconf 84' lang='grc' dir='ltr'><strong>Ι)Ηο</strong></span> <span class='ocrx_word' id='word_1_3' title='bbox 1492 349 1939 407; x_wconf 69' lang='lat' dir='ltr'><strong>KALENDARIA</strong></span> <span class='ocrx_word' id='word_1_4' title='bbox 1981 347 2308 417; x_wconf 73' lang='lat' dir='ltr'><strong>ANTIQUA.</strong></span> <span class='ocrx_word' id='word_1_5' title='bbox 2352 342 2747 401; x_wconf 65' lang='lat' dir='ltr'><strong>PREFATIO.</strong></span> 
     </span>
    </p>
   </div>
   <div class='ocr_carea' id='block_1_3' title="bbox 3576 337 3683 393">
    <p class='ocr_par' dir='ltr' id='par_1_3' title="bbox 3576 337 3683 393">
     <span class='ocr_line' id='line_1_3' title="bbox 3576 337 3683 393; baseline -0.009 0"><span class='ocrx_word' id='word_1_6' title='bbox 3576 337 3683 393; x_wconf 72' lang='grc' dir='ltr'><strong>θ’ῖῖ</strong></span> 
     </span>
    </p>
   </div>
   <div class='ocr_carea' id='block_1_4' title="bbox 379 457 3684 542">
    <p class='ocr_par' dir='ltr' id='par_1_4' title="bbox 379 457 3684 542">
     <span class='ocr_line' id='line_1_4' title="bbox 379 457 3684 542; baseline -0.007 -9"><span class='ocrx_word' id='word_1_7' title='bbox 379 476 625 533; x_wconf 81' lang='lat' dir='ltr'><strong>Ecclesia</strong></span> <span class='ocrx_word' id='word_1_8' title='bbox 650 517 667 542; x_wconf 97' lang='lat'><strong>,</strong></span> <span class='ocrx_word' id='word_1_9' title='bbox 712 473 973 541; x_wconf 79' lang='lat' dir='ltr'><strong>Quoniam</strong></span> <span class='ocrx_word' id='word_1_10' title='bbox 1023 488 1153 526; x_wconf 87' lang='lat' dir='ltr'><strong>unus</strong></span> <span class='ocrx_word' id='word_1_11' title='bbox 1193 487 1371 541; x_wconf 82' lang='lat' dir='ltr'><strong>panis,</strong></span> <span class='ocrx_word' id='word_1_12' title='bbox 1402 486 1563 524; x_wconf 86' lang='lat' dir='ltr'><strong>unum</strong></span> <span class='ocrx_word' id='word_1_13' title='bbox 1607 484 1796 535; x_wconf 87' lang='lat' dir='ltr'><strong>corpus</strong></span> <span class='ocrx_word' id='word_1_14' title='bbox 1836 467 1984 521; x_wconf 87' lang='lat' dir='ltr'><strong>multi</strong></span> <span class='ocrx_word' id='word_1_15' title='bbox 2010 471 2065 531; x_wconf 79' lang='grc' dir='ltr'><strong>Α</strong></span> <span class='ocrx_word' id='word_1_16' title='bbox 2091 476 2396 533; x_wconf 92' lang='lat' dir='ltr'><strong>terramque</strong></span> <span class='ocrx_word' id='word_1_17' title='bbox 2426 463 2778 518; x_wconf 86' lang='lat' dir='ltr'><strong>convertitur.</strong></span> <span class='ocrx_word' id='word_1_18' title='bbox 2808 461 2897 517; x_wconf 90' lang='lat' dir='ltr'><strong>Sic</strong></span> <span class='ocrx_word' id='word_1_19' title='bbox 2925 460 3046 516; x_wconf 89' lang='lat' dir='ltr'><strong>talis</strong></span> <span class='ocrx_word' id='word_1_20' title='bbox 3082 459 3316 516; x_wconf 80' lang='lat' dir='ltr'><strong>efﬁcitur</strong></span> <span class='ocrx_word' id='word_1_21' title='bbox 3355 457 3684 529; x_wconf 83' lang='lat' dir='ltr'><strong>quicumque</strong></span> 
     </span>
    </p>
   </div>
   <div class='ocr_carea' id='block_1_5' title="bbox 381 560 1981 639">
    <p class='ocr_par' dir='ltr' id='par_1_5' title="bbox 381 560 1981 639">
     <span class='ocr_line' id='line_1_5' title="bbox 381 560 1981 639; baseline -0.005 -16"><span class='ocrx_word' id='word_1_22' title='bbox 381 585 560 624; x_wconf 87' lang='lat' dir='ltr'><strong>sumus</strong></span> <span class='ocrx_word' id='word_1_23' title='bbox 590 567 642 639; x_wconf 91' lang='grc' dir='ltr'><strong>(ι</strong></span> <span class='ocrx_word' id='word_1_24' title='bbox 670 565 791 620; x_wconf 77' lang='lat' dir='ltr'><strong>Cor.</strong></span> <span class='ocrx_word' id='word_1_25' title='bbox 827 581 859 618; x_wconf 68' lang='grc' dir='ltr'>χ</span> <span class='ocrx_word' id='word_1_26' title='bbox 884 606 899 630; x_wconf 86' lang='grc'>,</span> <span class='ocrx_word' id='word_1_27' title='bbox 944 563 1073 635; x_wconf 81' lang='grc'><strong>17);</strong></span> <span class='ocrx_word' id='word_1_28' title='bbox 1110 562 1235 633; x_wconf 88' lang='lat' dir='ltr'><strong>quia</strong></span> <span class='ocrx_word' id='word_1_29' title='bbox 1282 563 1423 616; x_wconf 89' lang='lat' dir='ltr'><strong>sicut</strong></span> <span class='ocrx_word' id='word_1_30' title='bbox 1461 576 1527 617; x_wconf 78' lang='lat' dir='ltr'><strong>ex</strong></span> <span class='ocrx_word' id='word_1_31' title='bbox 1578 560 1763 615; x_wconf 89' lang='lat' dir='ltr'><strong>multis</strong></span> <span class='ocrx_word' id='word_1_32' title='bbox 1799 560 1981 628; x_wconf 88' lang='lat' dir='ltr'><strong>granis</strong></span> 
     </span>
    </p>
   </div>
   <div class='ocr_carea' id='block_1_6' title="bbox 380 652 1979 728">
    <p class='ocr_par' dir='ltr' id='par_1_6' title="bbox 380 652 1979 728">
     <span class='ocr_line' id='line_1_6' title="bbox 380 652 1979 728; baseline -0.005 -12"><span class='ocrx_word' id='word_1_33' title='bbox 380 676 521 716; x_wconf 91' lang='lat' dir='ltr'><strong>unus</strong></span> <span class='ocrx_word' id='word_1_34' title='bbox 552 660 704 728; x_wconf 83' lang='lat' dir='ltr'><strong>panis</strong></span> <span class='ocrx_word' id='word_1_35' title='bbox 730 657 983 717; x_wconf 70' lang='lat' dir='ltr'><strong>efﬁcitur.</strong></span> <span class='ocrx_word' id='word_1_36' title='bbox 1031 657 1102 710; x_wconf 90' lang='lat' dir='ltr'><strong>ita</strong></span> <span class='ocrx_word' id='word_1_37' title='bbox 1131 672 1196 711; x_wconf 82' lang='lat' dir='ltr'><strong>ex</strong></span> <span class='ocrx_word' id='word_1_38' title='bbox 1240 656 1420 710; x_wconf 90' lang='lat' dir='ltr'><strong>multis</strong></span> <span class='ocrx_word' id='word_1_39' title='bbox 1464 653 1672 725; x_wconf 89' lang='lat' dir='ltr'><strong>populis</strong></span> <span class='ocrx_word' id='word_1_40' title='bbox 1724 668 1827 707; x_wconf 90' lang='lat' dir='ltr'><strong>una</strong></span> <span class='ocrx_word' id='word_1_41' title='bbox 1874 652 1979 708; x_wconf 87' lang='lat' dir='ltr'><strong>Ec-</strong></span> 
     </span>
    </p>
   </div>
   <div class='ocr_carea' id='block_1_7' title="bbox 381 747 1982 821">
    <p class='ocr_par' dir='ltr' id='par_1_7' title="bbox 381 747 1982 821">
     <span class='ocr_line' id='line_1_7' title="bbox 381 747 1982 821; baseline -0.007 -12"><span class='ocrx_word' id='word_1_42' title='bbox 381 754 544 809; x_wconf 87' lang='lat' dir='ltr'><strong>clesia</strong></span> <span class='ocrx_word' id='word_1_43' title='bbox 585 760 963 821; x_wconf 81' lang='lat' dir='ltr'><strong>congregatur.</strong></span> <span class='ocrx_word' id='word_1_44' title='bbox 1009 748 1076 802; x_wconf 87' lang='lat' dir='ltr'><strong>Et</strong></span> <span class='ocrx_word' id='word_1_45' title='bbox 1099 747 1274 818; x_wconf 84' lang='lat' dir='ltr'><strong>panis,</strong></span> <span class='ocrx_word' id='word_1_46' title='bbox 1307 756 1363 801; x_wconf 90' lang='lat' dir='ltr'><strong>ut</strong></span> <span class='ocrx_word' id='word_1_47' title='bbox 1406 760 1597 801; x_wconf 91' lang='lat' dir='ltr'><strong>oumes</strong></span> <span class='ocrx_word' id='word_1_48' title='bbox 1628 756 1856 810; x_wconf 90' lang='lat' dir='ltr'><strong>norunt,</strong></span> <span class='ocrx_word' id='word_1_49' title='bbox 1884 759 1982 815; x_wconf 91' lang='lat' dir='ltr'><strong>per</strong></span> 
     </span>
    </p>
   </div>
   <div class='ocr_carea' id='block_1_8' title="bbox 380 836 1984 915">
    <p class='ocr_par' dir='ltr' id='par_1_8' title="bbox 380 836 1984 915">
     <span class='ocr_line' id='line_1_8' title="bbox 380 836 1984 915; baseline -0.006 -17"><span class='ocrx_word' id='word_1_50' title='bbox 380 859 572 915; x_wconf 90' lang='lat' dir='ltr'><strong>aquam</strong></span> <span class='ocrx_word' id='word_1_51' title='bbox 615 841 939 905; x_wconf 79' lang='lat' dir='ltr'><strong>coniicitur,</strong></span> <span class='ocrx_word' id='word_1_52' title='bbox 1001 850 1055 893; x_wconf 88' lang='lat' dir='ltr'><strong>et</strong></span> <span class='ocrx_word' id='word_1_53' title='bbox 1105 854 1198 908; x_wconf 91' lang='lat' dir='ltr'><strong>per</strong></span> <span class='ocrx_word' id='word_1_54' title='bbox 1264 840 1439 908; x_wconf 81' lang='lat' dir='ltr'><strong>ignem</strong></span> <span class='ocrx_word' id='word_1_55' title='bbox 1508 836 1863 907; x_wconf 77' lang='lat' dir='ltr'><strong>exeoquitur,</strong></span> <span class='ocrx_word' id='word_1_56' title='bbox 1931 844 1984 889; x_wconf 87' lang='lat' dir='ltr'><strong>et.</strong></span> 
     </span>
    </p>
   </div>
   <div class='ocr_carea' id='block_1_9' title="bbox 383 927 1981 1000">
    <p class='ocr_par' dir='ltr' id='par_1_9' title="bbox 383 927 1981 1000">
     <span class='ocr_line' id='line_1_9' title="bbox 383 927 1981 1000; baseline -0.007 -10"><span class='ocrx_word' id='word_1_57' title='bbox 383 936 561 991; x_wconf 91' lang='lat' dir='ltr'><strong>omnis</strong></span> <span class='ocrx_word' id='word_1_58' title='bbox 619 932 962 989; x_wconf 85' lang='lat' dir='ltr'><strong>Christianus</strong></span> <span class='ocrx_word' id='word_1_59' title='bbox 1022 946 1118 999; x_wconf 87' lang='lat' dir='ltr'><strong>per</strong></span> <span class='ocrx_word' id='word_1_60' title='bbox 1174 930 1423 1000; x_wconf 83' lang='lat' dir='ltr'><strong>baptismi</strong></span> <span class='ocrx_word' id='word_1_61' title='bbox 1471 942 1662 998; x_wconf 91' lang='lat' dir='ltr'><strong>aquam</strong></span> <span class='ocrx_word' id='word_1_62' title='bbox 1702 938 1757 982; x_wconf 90' lang='lat' dir='ltr'><strong>et</strong></span> <span class='ocrx_word' id='word_1_63' title='bbox 1809 927 1981 997; x_wconf 86' lang='lat' dir='ltr'><strong>ignem</strong></span> 
     </span>
    </p>
   </div>
   <div class='ocr_carea' id='block_1_10' title="bbox 383 1019 1984 1097">
    <p class='ocr_par' dir='ltr' id='par_1_10' title="bbox 383 1019 1984 1097">
     <span class='ocr_line' id='line_1_10' title="bbox 383 1019 1984 1097; baseline -0.007 -12"><span class='ocrx_word' id='word_1_64' title='bbox 383 1031 555 1085; x_wconf 82' lang='lat' dir='ltr'><strong>sancti</strong></span> <span class='ocrx_word' id='word_1_65' title='bbox 609 1028 842 1097; x_wconf 81' lang='lat' dir='ltr'><strong>Spiritus</strong></span> <span class='ocrx_word' id='word_1_66' title='bbox 877 1026 1079 1078; x_wconf 89' lang='lat' dir='ltr'><strong>oblatio</strong></span> <span class='ocrx_word' id='word_1_67' title='bbox 1144 1023 1239 1078; x_wconf 90' lang='lat' dir='ltr'><strong>Dei</strong></span> <span class='ocrx_word' id='word_1_68' title='bbox 1299 1030 1383 1077; x_wconf 88' lang='lat' dir='ltr'><strong>est</strong></span> <span class='ocrx_word' id='word_1_69' title='bbox 1450 1021 1702 1083; x_wconf 76' lang='lat' dir='ltr'><strong>eﬂ&#39;ectus,</strong></span> <span class='ocrx_word' id='word_1_70' title='bbox 1771 1019 1984 1074; x_wconf 89' lang='lat' dir='ltr'><strong>dicente</strong></span> 
     </span>
    </p>
   </div>
   <div class='ocr_carea' id='block_1_11' title="bbox 384 1112 1983 1186">
    <p class='ocr_par' dir='ltr' id='par_1_11' title="bbox 384 1112 1983 1186">
     <span class='ocr_line' id='line_1_11' title="bbox 384 1112 1983 1186; baseline -0.01 -7"><span class='ocrx_word' id='word_1_71' title='bbox 384 1122 616 1179; x_wconf 87' lang='lat' dir='ltr'><strong>Domino</strong></span> <span class='ocrx_word' id='word_1_72' title='bbox 662 1138 677 1174; x_wconf 89' lang='lat'><strong>:</strong></span> <span class='ocrx_word' id='word_1_73' title='bbox 712 1121 772 1175; x_wconf 97' lang='lat' dir='ltr'><strong>Si</strong></span> <span class='ocrx_word' id='word_1_74' title='bbox 799 1120 911 1183; x_wconf 84' lang='lat' dir='ltr'><strong>quis</strong></span> <span class='ocrx_word' id='word_1_75' title='bbox 946 1135 1046 1172; x_wconf 89' lang='lat' dir='ltr'><strong>non</strong></span> <span class='ocrx_word' id='word_1_76' title='bbox 1086 1125 1295 1171; x_wconf 79' lang='lat' dir='ltr'><strong>renatus</strong></span> <span class='ocrx_word' id='word_1_77' title='bbox 1327 1115 1482 1186; x_wconf 76' lang='lat' dir='ltr'><strong>fuerit</strong></span> <span class='ocrx_word' id='word_1_78' title='bbox 1522 1131 1585 1168; x_wconf 77' lang='lat' dir='ltr'><strong>ex</strong></span> <span class='ocrx_word' id='word_1_79' title='bbox 1613 1131 1748 1182; x_wconf 88' lang='lat' dir='ltr'><strong>aqua</strong></span> <span class='ocrx_word' id='word_1_80' title='bbox 1777 1124 1823 1165; x_wconf 87' lang='lat' dir='ltr'><strong>et</strong></span> <span class='ocrx_word' id='word_1_81' title='bbox 1857 1112 1983 1183; x_wconf 87' lang='lat' dir='ltr'><strong>Spi--</strong></span> 
     </span>
    </p>
   </div>
   <div class='ocr_carea' id='block_1_12' title="bbox 386 1205 1981 1280">
    <p class='ocr_par' dir='ltr' id='par_1_12' title="bbox 386 1205 1981 1280">
     <span class='ocr_line' id='line_1_12' title="bbox 386 1205 1981 1280; baseline -0.006 -11"><span class='ocrx_word' id='word_1_82' title='bbox 386 1217 488 1269; x_wconf 86' lang='lat' dir='ltr'><strong>ritu</strong></span> <span class='ocrx_word' id='word_1_83' title='bbox 524 1224 723 1279; x_wconf 88' lang='lat' dir='ltr'><strong>sancto,</strong></span> <span class='ocrx_word' id='word_1_84' title='bbox 768 1229 869 1266; x_wconf 87' lang='lat' dir='ltr'><strong>non</strong></span> <span class='ocrx_word' id='word_1_85' title='bbox 888 1210 1096 1265; x_wconf 86' lang='lat' dir='ltr'><strong>intrabit</strong></span> <span class='ocrx_word' id='word_1_86' title='bbox 1136 1210 1189 1263; x_wconf 90' lang='lat' dir='ltr'><strong>in</strong></span> <span class='ocrx_word' id='word_1_87' title='bbox 1238 1224 1453 1280; x_wconf 81' lang='lat' dir='ltr'><strong>regnum</strong></span> <span class='ocrx_word' id='word_1_88' title='bbox 1499 1205 1745 1261; x_wconf 74' lang='lat' dir='ltr'><strong>caelorum</strong></span> <span class='ocrx_word' id='word_1_89' title='bbox 1792 1205 1981 1279; x_wconf 67' lang='lat' dir='ltr'><strong>tloan.</strong></span> 
     </span>
    </p>
   </div>
   <div class='ocr_carea' id='block_1_13' title="bbox 384 1302 1987 1380">
    <p class='ocr_par' dir='ltr' id='par_1_13' title="bbox 384 1302 1987 1380">
     <span class='ocr_line' id='line_1_13' title="bbox 384 1302 1987 1380; baseline -0.006 -15"><span class='ocrx_word' id='word_1_90' title='bbox 384 1326 465 1377; x_wconf 85' lang='lat' dir='ltr'><strong>ut,</strong></span> <span class='ocrx_word' id='word_1_91' title='bbox 500 1311 580 1380; x_wconf 85' lang='lat'><strong>5).</strong></span> <span class='ocrx_word' id='word_1_92' title='bbox 608 1309 714 1364; x_wconf 91' lang='lat' dir='ltr'><strong>Sed</strong></span> <span class='ocrx_word' id='word_1_93' title='bbox 742 1309 886 1362; x_wconf 84' lang='lat' dir='ltr'><strong>sicut</strong></span> <span class='ocrx_word' id='word_1_94' title='bbox 911 1322 1100 1377; x_wconf 86' lang='lat' dir='ltr'><strong>panem</strong></span> <span class='ocrx_word' id='word_1_95' title='bbox 1118 1307 1227 1376; x_wconf 89' lang='lat' dir='ltr'><strong>jam</strong></span> <span class='ocrx_word' id='word_1_96' title='bbox 1257 1306 1426 1360; x_wconf 83' lang='lat' dir='ltr'><strong>semel</strong></span> <span class='ocrx_word' id='word_1_97' title='bbox 1448 1312 1683 1369; x_wconf 81' lang='lat' dir='ltr'><strong>coctum,</strong></span> <span class='ocrx_word' id='word_1_98' title='bbox 1716 1302 1759 1357; x_wconf 91' lang='lat' dir='ltr'><strong>si</strong></span> <span class='ocrx_word' id='word_1_99' title='bbox 1791 1302 1987 1371; x_wconf 85' lang='lat' dir='ltr'><strong>aliquis</strong></span> 
     </span>
    </p>
   </div>
   <div class='ocr_carea' id='block_1_14' title="bbox 390 1397 1987 1469">
    <p class='ocr_par' dir='ltr' id='par_1_14' title="bbox 390 1397 1987 1469">
     <span class='ocr_line' id='line_1_14' title="bbox 390 1397 1987 1469; baseline -0.006 -12"><span class='ocrx_word' id='word_1_100' title='bbox 390 1402 630 1458; x_wconf 83' lang='lat' dir='ltr'><strong>remittat</strong></span> <span class='ocrx_word' id='word_1_101' title='bbox 678 1402 729 1454; x_wconf 94' lang='lat' dir='ltr'><strong>in</strong></span> <span class='ocrx_word' id='word_1_102' title='bbox 756 1414 982 1469; x_wconf 79' lang='lat' dir='ltr'><strong>aquam,</strong></span> <span class='ocrx_word' id='word_1_103' title='bbox 1015 1406 1071 1452; x_wconf 87' lang='lat' dir='ltr'><strong>et</strong></span> <span class='ocrx_word' id='word_1_104' title='bbox 1112 1398 1239 1452; x_wconf 82' lang='lat' dir='ltr'><strong>velit</strong></span> <span class='ocrx_word' id='word_1_105' title='bbox 1278 1397 1697 1453; x_wconf 85' lang='lat' dir='ltr'><strong>recommiscere</strong></span> <span class='ocrx_word' id='word_1_106' title='bbox 1737 1403 1793 1449; x_wconf 88' lang='lat' dir='ltr'><strong>et</strong></span> <span class='ocrx_word' id='word_1_107' title='bbox 1831 1408 1987 1448; x_wconf 84' lang='lat' dir='ltr'><strong>reco-</strong></span> 
     </span>
    </p>
   </div>
   <div class='ocr_carea' id='block_1_15' title="bbox 389 1488 1989 1567">
    <p class='ocr_par' dir='ltr' id='par_1_15' title="bbox 389 1488 1989 1567">
     <span class='ocr_line' id='line_1_15' title="bbox 389 1488 1989 1567; baseline -0.008 -16"><span class='ocrx_word' id='word_1_108' title='bbox 389 1510 581 1567; x_wconf 88' lang='lat' dir='ltr'><strong>quere,</strong></span> <span class='ocrx_word' id='word_1_109' title='bbox 616 1493 792 1563; x_wconf 84' lang='lat' dir='ltr'><strong>perdit</strong></span> <span class='ocrx_word' id='word_1_110' title='bbox 817 1493 1096 1564; x_wconf 89' lang='lat' dir='ltr'><strong>pristinam</strong></span> <span class='ocrx_word' id='word_1_111' title='bbox 1125 1492 1462 1561; x_wconf 85' lang='lat' dir='ltr'><strong>dignitatem,</strong></span> <span class='ocrx_word' id='word_1_112' title='bbox 1492 1497 1545 1545; x_wconf 90' lang='lat' dir='ltr'><strong>et</strong></span> <span class='ocrx_word' id='word_1_113' title='bbox 1569 1491 1620 1543; x_wconf 93' lang='lat' dir='ltr'><strong>in</strong></span> <span class='ocrx_word' id='word_1_114' title='bbox 1656 1488 1989 1559; x_wconf 87' lang='lat' dir='ltr'><strong>nigredinem</strong></span> 
     </span>
    </p>
   </div>
   <div class='ocr_carea' id='block_1_16' title="bbox 722 1634 882 1644">
    <p class='ocr_par' dir='ltr' id='par_1_16' title="bbox 722 1634 882 1644">
     <span class='ocr_line' id='line_1_16' title="bbox 722 1634 882 1644; baseline 0 -3"><span class='ocrx_word' id='word_1_115' title='bbox 722 1634 882 1644; x_wconf 51' lang='grc' dir='ltr'><strong>..ῃ-</strong></span> 
     </span>
    </p>
   </div>
   <div class='ocr_carea' id='block_1_17' title="bbox 400 1616 3689 1694">
    <p class='ocr_par' dir='ltr' id='par_1_17' title="bbox 400 1616 3689 1694">
     <span class='ocr_line' id='line_1_17' title="bbox 1561 1616 3417 1633; baseline -0.002 -5"><span class='ocrx_word' id='word_1_116' title='bbox 1561 1626 1808 1633; x_wconf 84' lang='lat'><strong>____</strong></span> <span class='ocrx_word' id='word_1_117' title='bbox 2334 1622 2358 1628; x_wconf 88' lang='lat'><em>_</em></span> <span class='ocrx_word' id='word_1_118' title='bbox 2414 1621 2506 1627; x_wconf 81' lang='lat'><strong>_-_</strong></span> <span class='ocrx_word' id='word_1_119' title='bbox 2526 1616 3417 1626; x_wconf 39' lang='lat' dir='ltr'><strong>gmw—.—</strong></span> 
     </span>
     <span class='ocr_line' id='line_1_18' title="bbox 722 1628 1500 1644; baseline -0.008 -3"><span class='ocrx_word' id='word_1_120' title='bbox 722 1628 1500 1644; x_wconf 50' lang='grc' dir='ltr'><strong>..ψ-Μ</strong></span> 
     </span>
     <span class='ocr_line' id='line_1_19' title="bbox 400 1616 3689 1694; baseline -0.007 -6"><span class='ocrx_word' id='word_1_121' title='bbox 400 1616 3689 1694; x_wconf 40' lang='lat' dir='ltr'><strong>MM</strong></span> 
     </span>
    </p>
   </div>
   <div class='ocr_carea' id='block_1_18' title="bbox 613 1797 3485 1980">
    <p class='ocr_par' dir='ltr' id='par_1_18' title="bbox 613 1797 3485 1980">
     <span class='ocr_line' id='line_1_20' title="bbox 613 1797 3485 1980; baseline -0.006 -19"><span class='ocrx_word' id='word_1_122' title='bbox 613 1808 1924 1960; x_wconf 79' lang='lat' dir='ltr'><strong>KALENDABIA</strong></span> <span class='ocrx_word' id='word_1_123' title='bbox 2038 1800 2480 1949; x_wconf 86' lang='lat' dir='ltr'><strong>DUO</strong></span> <span class='ocrx_word' id='word_1_124' title='bbox 2547 1797 3485 1980; x_wconf 50' lang='lat' dir='ltr'><strong>,ANTIQUA</strong></span> 
     </span>
    </p>
   </div>
   <div class='ocr_carea' id='block_1_19' title="bbox 2092 552 3684 628">
    <p class='ocr_par' dir='ltr' id='par_1_19' title="bbox 2092 552 3684 628">
     <span class='ocr_line' id='line_1_21' title="bbox 2092 552 3684 628; baseline -0.004 -14"><span class='ocrx_word' id='word_1_125' title='bbox 2092 561 2146 614; x_wconf 91' lang='lat' dir='ltr'><strong>in</strong></span> <span class='ocrx_word' id='word_1_126' title='bbox 2171 574 2231 614; x_wconf 93' lang='lat' dir='ltr'><strong>se</strong></span> <span class='ocrx_word' id='word_1_127' title='bbox 2260 558 2519 628; x_wconf 88' lang='lat' dir='ltr'><strong>permittit</strong></span> <span class='ocrx_word' id='word_1_128' title='bbox 2540 558 2862 625; x_wconf 81' lang='lat' dir='ltr'><strong>baptismum</strong></span> <span class='ocrx_word' id='word_1_129' title='bbox 2885 555 3089 609; x_wconf 90' lang='lat' dir='ltr'><strong>iterari.</strong></span> <span class='ocrx_word' id='word_1_130' title='bbox 3120 553 3324 609; x_wconf 83' lang='lat' dir='ltr'><strong>Elidco</strong></span> <span class='ocrx_word' id='word_1_131' title='bbox 3340 552 3684 609; x_wconf 85' lang='lat' dir='ltr'><strong>debetunus—</strong></span> 
     </span>
    </p>
   </div>
   <div class='ocr_carea' id='block_1_20' title="bbox 2086 646 3687 723">
    <p class='ocr_par' dir='ltr' id='par_1_20' title="bbox 2086 646 3687 723">
     <span class='ocr_line' id='line_1_22' title="bbox 2086 646 3687 723; baseline -0.002 -19"><span class='ocrx_word' id='word_1_132' title='bbox 2086 656 2314 723; x_wconf 86' lang='lat' dir='ltr'><strong>quisque</strong></span> <span class='ocrx_word' id='word_1_133' title='bbox 2372 665 2541 720; x_wconf 89' lang='lat' dir='ltr'><strong>usque</strong></span> <span class='ocrx_word' id='word_1_134' title='bbox 2582 649 2649 704; x_wconf 89' lang='lat' dir='ltr'><strong>ad</strong></span> <span class='ocrx_word' id='word_1_135' title='bbox 2703 656 2933 703; x_wconf 84' lang='lat' dir='ltr'><strong>mortem</strong></span> <span class='ocrx_word' id='word_1_136' title='bbox 2964 647 3290 718; x_wconf 84' lang='lat' dir='ltr'><strong>baptismum</strong></span> <span class='ocrx_word' id='word_1_137' title='bbox 3338 663 3519 714; x_wconf 83' lang='lat' dir='ltr'><strong>sunin,</strong></span> <span class='ocrx_word' id='word_1_138' title='bbox 3576 646 3687 701; x_wconf 90' lang='lat' dir='ltr'><strong>Deo</strong></span> 
     </span>
    </p>
   </div>
   <div class='ocr_carea' id='block_1_21' title="bbox 2089 738 3688 814">
    <p class='ocr_par' dir='ltr' id='par_1_21' title="bbox 2089 738 3688 814">
     <span class='ocr_line' id='line_1_23' title="bbox 2089 738 3688 814; baseline -0.003 -17"><span class='ocrx_word' id='word_1_139' title='bbox 2089 744 2377 814; x_wconf 85' lang='lat' dir='ltr'><strong>adjuvante</strong></span> <span class='ocrx_word' id='word_1_140' title='bbox 2399 757 2642 805; x_wconf 86' lang='lat' dir='ltr'><strong>servare,</strong></span> <span class='ocrx_word' id='word_1_141' title='bbox 2675 742 2718 794; x_wconf 87' lang='lat' dir='ltr'><strong>si</strong></span> <span class='ocrx_word' id='word_1_142' title='bbox 2742 741 2858 795; x_wconf 91' lang='lat' dir='ltr'><strong>vult</strong></span> <span class='ocrx_word' id='word_1_143' title='bbox 2882 740 2947 794; x_wconf 87' lang='lat' dir='ltr'><strong>ad</strong></span> <span class='ocrx_word' id='word_1_144' title='bbox 2972 755 3134 810; x_wconf 69' lang='lat' dir='ltr'><strong>regna</strong></span> <span class='ocrx_word' id='word_1_145' title='bbox 3158 740 3421 795; x_wconf 84' lang='lat' dir='ltr'><strong>etelorum</strong></span> <span class='ocrx_word' id='word_1_146' title='bbox 3451 738 3688 793; x_wconf 77' lang='lat' dir='ltr'><strong>titteliter</strong></span> 
     </span>
    </p>
   </div>
   <div class='ocr_carea' id='block_1_22' title="bbox 2091 829 3683 905">
    <p class='ocr_par' dir='ltr' id='par_1_22' title="bbox 2091 829 3683 905">
     <span class='ocr_line' id='line_1_24' title="bbox 2091 829 3683 905; baseline -0.004 -16"><span class='ocrx_word' id='word_1_147' title='bbox 2091 833 2393 905; x_wconf 84' lang='lat' dir='ltr'><strong>pervenire.</strong></span> <span class='ocrx_word' id='word_1_148' title='bbox 2435 832 2566 886; x_wconf 84' lang='lat' dir='ltr'><strong>Nam</strong></span> <span class='ocrx_word' id='word_1_149' title='bbox 2598 832 2921 901; x_wconf 73' lang='lat' dir='ltr'><strong>quicumque</strong></span> <span class='ocrx_word' id='word_1_150' title='bbox 2947 846 3006 884; x_wconf 89' lang='lat' dir='ltr'><strong>se</strong></span> <span class='ocrx_word' id='word_1_151' title='bbox 3038 830 3362 900; x_wconf 83' lang='lat' dir='ltr'><strong>rebaptizari</strong></span> <span class='ocrx_word' id='word_1_152' title='bbox 3396 829 3683 899; x_wconf 84' lang='lat' dir='ltr'><strong>permittit,</strong></span> 
     </span>
    </p>
   </div>
   <div class='ocr_carea' id='block_1_23' title="bbox 2091 925 3687 999">
    <p class='ocr_par' dir='ltr' id='par_1_23' title="bbox 2091 925 3687 999">
     <span class='ocr_line' id='line_1_25' title="bbox 2091 925 3687 999; baseline -0.004 -16"><span class='ocrx_word' id='word_1_153' title='bbox 2091 931 2205 999; x_wconf 89' lang='lat' dir='ltr'><strong>ipse</strong></span> <span class='ocrx_word' id='word_1_154' title='bbox 2264 928 2597 998; x_wconf 81' lang='lat' dir='ltr'><strong>blaspltetnat</strong></span> <span class='ocrx_word' id='word_1_155' title='bbox 2645 927 2698 980; x_wconf 91' lang='lat' dir='ltr'><strong>in</strong></span> <span class='ocrx_word' id='word_1_156' title='bbox 2741 925 2941 995; x_wconf 77' lang='lat' dir='ltr'><strong>Spiritu</strong></span> <span class='ocrx_word' id='word_1_157' title='bbox 2993 938 3202 990; x_wconf 80' lang='lat' dir='ltr'><strong>saneto,</strong></span> <span class='ocrx_word' id='word_1_158' title='bbox 3253 925 3378 979; x_wconf 89' lang='lat' dir='ltr'><strong>dum</strong></span> <span class='ocrx_word' id='word_1_159' title='bbox 3436 940 3494 979; x_wconf 87' lang='lat' dir='ltr'><strong>se</strong></span> <span class='ocrx_word' id='word_1_160' title='bbox 3525 932 3687 993; x_wconf 87' lang='lat' dir='ltr'><strong>negat</strong></span> 
     </span>
    </p>
   </div>
   <div class='ocr_carea' id='block_1_24' title="bbox 2092 1019 3677 1088">
    <p class='ocr_par' dir='ltr' id='par_1_24' title="bbox 2092 1019 3677 1088">
     <span class='ocr_line' id='line_1_26' title="bbox 2092 1019 3677 1088; baseline -0.004 -10"><span class='ocrx_word' id='word_1_161' title='bbox 2092 1021 2467 1083; x_wconf 66' lang='lat' dir='ltr'><strong>christianum,</strong></span> <span class='ocrx_word' id='word_1_162' title='bbox 2523 1030 2576 1073; x_wconf 90' lang='lat' dir='ltr'><strong>et</strong></span> <span class='ocrx_word' id='word_1_163' title='bbox 2626 1034 2721 1088; x_wconf 88' lang='lat' dir='ltr'><strong>per</strong></span> <span class='ocrx_word' id='word_1_164' title='bbox 2770 1034 2963 1088; x_wconf 88' lang='lat' dir='ltr'><strong>aquam</strong></span> <span class='ocrx_word' id='word_1_165' title='bbox 3005 1034 3067 1073; x_wconf 87' lang='lat' dir='ltr'><strong>ac</strong></span> <span class='ocrx_word' id='word_1_166' title='bbox 3119 1019 3377 1087; x_wconf 87' lang='lat' dir='ltr'><strong>Spiritum</strong></span> <span class='ocrx_word' id='word_1_167' title='bbox 3431 1028 3677 1071; x_wconf 90' lang='lat' dir='ltr'><strong>sanctum</strong></span> 
     </span>
    </p>
   </div>
   <div class='ocr_carea' id='block_1_25' title="bbox 2092 1112 3679 1179">
    <p class='ocr_par' dir='ltr' id='par_1_25' title="bbox 2092 1112 3679 1179">
     <span class='ocr_line' id='line_1_27' title="bbox 2092 1112 3679 1179; baseline -0.004 -9"><span class='ocrx_word' id='word_1_168' title='bbox 2092 1115 2253 1170; x_wconf 81' lang='lat' dir='ltr'><strong>luisse</strong></span> <span class='ocrx_word' id='word_1_169' title='bbox 2286 1123 2552 1169; x_wconf 85' lang='lat' dir='ltr'><strong>renatum.</strong></span> <span class='ocrx_word' id='word_1_170' title='bbox 2574 1112 2641 1166; x_wconf 89' lang='lat' dir='ltr'><strong>Et</strong></span> <span class='ocrx_word' id='word_1_171' title='bbox 2664 1127 2882 1168; x_wconf 85' lang='lat' dir='ltr'><strong>necesse</strong></span> <span class='ocrx_word' id='word_1_172' title='bbox 2903 1122 2985 1165; x_wconf 82' lang='lat' dir='ltr'><strong>est</strong></span> <span class='ocrx_word' id='word_1_173' title='bbox 3012 1122 3069 1164; x_wconf 90' lang='lat' dir='ltr'><strong>ttt</strong></span> <span class='ocrx_word' id='word_1_174' title='bbox 3099 1112 3265 1174; x_wconf 90' lang='lat' dir='ltr'><strong>illam,</strong></span> <span class='ocrx_word' id='word_1_175' title='bbox 3287 1126 3443 1179; x_wconf 88' lang='lat' dir='ltr'><strong>quam</strong></span> <span class='ocrx_word' id='word_1_176' title='bbox 3470 1124 3679 1164; x_wconf 90' lang='lat' dir='ltr'><strong>memo-</strong></span> 
     </span>
    </p>
   </div>
   <div class='ocr_carea' id='block_1_26' title="bbox 2096 1202 3679 1270">
    <p class='ocr_par' dir='ltr' id='par_1_26' title="bbox 2096 1202 3679 1270">
     <span class='ocr_line' id='line_1_28' title="bbox 2096 1202 3679 1270; baseline -0.006 -7"><span class='ocrx_word' id='word_1_177' title='bbox 2096 1209 2364 1268; x_wconf 69' lang='lat' dir='ltr'><strong>ravimus.</strong></span> <span class='ocrx_word' id='word_1_178' title='bbox 2402 1204 2607 1260; x_wconf 86' lang='lat' dir='ltr'><strong>Domini</strong></span> <span class='ocrx_word' id='word_1_179' title='bbox 2632 1204 2954 1258; x_wconf 76' lang='lat' dir='ltr'><strong>sententiam</strong></span> <span class='ocrx_word' id='word_1_180' title='bbox 2983 1204 3367 1257; x_wconf 80' lang='lat' dir='ltr'><strong>comminantis</strong></span> <span class='ocrx_word' id='word_1_181' title='bbox 3396 1202 3631 1270; x_wconf 76' lang='lat' dir='ltr'><strong>excipiat</strong></span> <span class='ocrx_word' id='word_1_182' title='bbox 3665 1218 3679 1254; x_wconf 88' lang='lat'>:</span> 
     </span>
    </p>
   </div>
   <div class='ocr_carea' id='block_1_27' title="bbox 2098 1292 3692 1367">
    <p class='ocr_par' dir='ltr' id='par_1_27' title="bbox 2098 1292 3692 1367">
     <span class='ocr_line' id='line_1_29' title="bbox 2098 1292 3692 1367; baseline -0.001 -20"><span class='ocrx_word' id='word_1_183' title='bbox 2098 1298 2417 1367; x_wconf 81' lang='lat' dir='ltr'><strong>Quicumque</strong></span> <span class='ocrx_word' id='word_1_184' title='bbox 2449 1294 2869 1366; x_wconf 81' lang='lat' dir='ltr'><strong>blusphentaverit</strong></span> <span class='ocrx_word' id='word_1_185' title='bbox 2917 1296 2970 1347; x_wconf 89' lang='lat' dir='ltr'><strong>in</strong></span> <span class='ocrx_word' id='word_1_186' title='bbox 3016 1292 3221 1359; x_wconf 87' lang='lat' dir='ltr'><strong>Spiritu</strong></span> <span class='ocrx_word' id='word_1_187' title='bbox 3260 1304 3459 1359; x_wconf 85' lang='lat' dir='ltr'><strong>sancto,</strong></span> <span class='ocrx_word' id='word_1_188' title='bbox 3515 1308 3615 1346; x_wconf 90' lang='lat' dir='ltr'><strong>non</strong></span> <span class='ocrx_word' id='word_1_189' title='bbox 3644 1294 3692 1345; x_wconf 86' lang='lat' dir='ltr'><strong>ei</strong></span> 
     </span>
    </p>
   </div>
   <div class='ocr_carea' id='block_1_28' title="bbox 2095 1388 3789 1458">
    <p class='ocr_par' dir='ltr' id='par_1_28' title="bbox 2095 1388 3789 1458">
     <span class='ocr_line' id='line_1_30' title="bbox 2095 1388 3789 1458; baseline -0.004 -11"><span class='ocrx_word' id='word_1_190' title='bbox 2095 1395 2383 1448; x_wconf 83' lang='lat' dir='ltr'><strong>remittetur</strong></span> <span class='ocrx_word' id='word_1_191' title='bbox 2448 1406 2607 1457; x_wconf 87' lang='lat' dir='ltr'><strong>neque</strong></span> <span class='ocrx_word' id='word_1_192' title='bbox 2670 1389 2723 1442; x_wconf 88' lang='lat' dir='ltr'><strong>in</strong></span> <span class='ocrx_word' id='word_1_193' title='bbox 2776 1389 2871 1441; x_wconf 83' lang='lat' dir='ltr'><strong>hoc</strong></span> <span class='ocrx_word' id='word_1_194' title='bbox 2926 1391 3153 1453; x_wconf 77' lang='lat' dir='ltr'><strong>steculo,</strong></span> <span class='ocrx_word' id='word_1_195' title='bbox 3200 1403 3358 1458; x_wconf 87' lang='lat' dir='ltr'><strong>nequc</strong></span> <span class='ocrx_word' id='word_1_196' title='bbox 3406 1388 3461 1440; x_wconf 88' lang='lat' dir='ltr'><strong>in</strong></span> <span class='ocrx_word' id='word_1_197' title='bbox 3519 1389 3694 1457; x_wconf 80' lang='lat' dir='ltr'><strong>futuro</strong></span> <span class='ocrx_word' id='word_1_198' title='bbox 3786 1418 3789 1421; x_wconf 58' lang='grc' dir='ltr'><strong><em>λ</em></strong></span> 
     </span>
    </p>
   </div>
   <div class='ocr_carea' id='block_1_29' title="bbox 2100 1484 2606 1558">
    <p class='ocr_par' dir='ltr' id='par_1_29' title="bbox 2100 1484 2606 1558">
     <span class='ocr_line' id='line_1_31' title="bbox 2100 1484 2606 1558; baseline -0.01 -18"><span class='ocrx_word' id='word_1_199' title='bbox 2100 1485 2319 1558; x_wconf 81' lang='lat' dir='ltr'><strong>(Matth.</strong></span> <span class='ocrx_word' id='word_1_200' title='bbox 2352 1500 2455 1550; x_wconf 81' lang='lat' dir='ltr'><strong>xu,</strong></span> <span class='ocrx_word' id='word_1_201' title='bbox 2492 1484 2606 1553; x_wconf 64' lang='grc' dir='ltr'><strong>δὲ).</strong></span> 
     </span>
    </p>
   </div>
   <div class='ocr_carea' id='block_1_30' title="bbox 2334 1619 2613 1628">
    <p class='ocr_par' dir='ltr' id='par_1_30' title="bbox 2334 1619 2613 1628">
     <span class='ocr_line' id='line_1_32' title="bbox 2334 1619 2613 1628; baseline -0.011 0"><span class='ocrx_word' id='word_1_202' title='bbox 2334 1622 2358 1628; x_wconf 77' lang='grc' dir='ltr'><strong>-ι</strong></span> <span class='ocrx_word' id='word_1_203' title='bbox 2414 1619 2613 1627; x_wconf 57' lang='grc' dir='ltr'><strong>μ--ορρ-</strong></span> 
     </span>
    </p>
   </div>
   <div class='ocr_carea' id='block_1_31' title="bbox 3158 1614 3417 1626">
    <p class='ocr_par' dir='ltr' id='par_1_31' title="bbox 3158 1614 3417 1626">
     <span class='ocr_line' id='line_1_33' title="bbox 3158 1614 3417 1626; baseline -0.004 0"><span class='ocrx_word' id='word_1_204' title='bbox 3158 1614 3417 1626; x_wconf 51' lang='grc' dir='ltr'><strong>-υ-δ--υ-α</strong></span> 
     </span>
    </p>
   </div>
   <div class='ocr_carea' id='block_1_32' title="bbox 444 2024 3662 2111">
    <p class='ocr_par' dir='ltr' id='par_1_32' title="bbox 444 2024 3662 2111">
     <span class='ocr_line' id='line_1_34' title="bbox 444 2024 3662 2111; baseline -0.008 0"><span class='ocrx_word' id='word_1_205' title='bbox 444 2050 495 2111; x_wconf 88' lang='grc' dir='ltr'><strong>Δ</strong></span> <span class='ocrx_word' id='word_1_206' title='bbox 545 2044 790 2109; x_wconf 79' lang='lat' dir='ltr'><strong>FUBIO</strong></span> <span class='ocrx_word' id='word_1_207' title='bbox 834 2040 1217 2104; x_wconf 89' lang='lat' dir='ltr'><strong>DIONYSIO</strong></span> <span class='ocrx_word' id='word_1_208' title='bbox 1259 2035 1719 2101; x_wconf 84' lang='lat' dir='ltr'><strong>PHILOCALO</strong></span> <span class='ocrx_word' id='word_1_209' title='bbox 1769 2035 1901 2095; x_wconf 84' lang='lat' dir='ltr'><strong>AN.</strong></span> <span class='ocrx_word' id='word_1_210' title='bbox 1926 2031 2234 2105; x_wconf 86' lang='lat' dir='ltr'><strong>CCCLIV,</strong></span> <span class='ocrx_word' id='word_1_211' title='bbox 2262 2029 2364 2090; x_wconf 90' lang='lat' dir='ltr'><strong>ET</strong></span> <span class='ocrx_word' id='word_1_212' title='bbox 2415 2027 2795 2090; x_wconf 87' lang='lat' dir='ltr'><strong>POLEMEO</strong></span> <span class='ocrx_word' id='word_1_213' title='bbox 2838 2026 3106 2088; x_wconf 84' lang='lat' dir='ltr'><strong>SILVIO</strong></span> <span class='ocrx_word' id='word_1_214' title='bbox 3139 2027 3270 2090; x_wconf 82' lang='lat' dir='ltr'><strong>AN.</strong></span> <span class='ocrx_word' id='word_1_215' title='bbox 3317 2024 3662 2099; x_wconf 80' lang='lat' dir='ltr'><strong>CCCCIIL,</strong></span> 
     </span>
    </p>
   </div>
   <div class='ocr_carea' id='block_1_33' title="bbox 687 2149 3413 2238">
    <p class='ocr_par' dir='ltr' id='par_1_33' title="bbox 687 2149 3413 2238">
     <span class='ocr_line' id='line_1_35' title="bbox 687 2149 3413 2238; baseline -0.008 -8"><span class='ocrx_word' id='word_1_216' title='bbox 687 2164 1215 2238; x_wconf 79' lang='lat' dir='ltr'><strong>CONSCBIPTA,</strong></span> <span class='ocrx_word' id='word_1_217' title='bbox 1261 2162 1363 2222; x_wconf 89' lang='lat' dir='ltr'><strong>ET</strong></span> <span class='ocrx_word' id='word_1_218' title='bbox 1408 2159 1525 2220; x_wconf 82' lang='lat' dir='ltr'><strong>EX</strong></span> <span class='ocrx_word' id='word_1_219' title='bbox 1566 2155 1857 2220; x_wconf 81' lang='lat' dir='ltr'><strong>CODICE</strong></span> <span class='ocrx_word' id='word_1_220' title='bbox 1908 2154 2037 2217; x_wconf 91' lang='lat' dir='ltr'><strong>MS.</strong></span> <span class='ocrx_word' id='word_1_221' title='bbox 2082 2150 2413 2213; x_wconf 80' lang='lat' dir='ltr'><strong>JOANNIS</strong></span> <span class='ocrx_word' id='word_1_222' title='bbox 2458 2150 2908 2212; x_wconf 83' lang='lat' dir='ltr'><strong>CUSPINIANI</strong></span> <span class='ocrx_word' id='word_1_223' title='bbox 2952 2149 3413 2212; x_wconf 83' lang='lat' dir='ltr'><strong>DESUMPTA.</strong></span> 
     </span>
    </p>
   </div>
   <div class='ocr_carea' id='block_1_34' title="bbox 1524 2272 2579 2343">
    <p class='ocr_par' dir='ltr' id='par_1_34' title="bbox 1524 2272 2579 2343">
     <span class='ocr_line' id='line_1_36' title="bbox 1524 2272 2579 2343; baseline -0.008 -12"><span class='ocrx_word' id='word_1_224' title='bbox 1524 2280 1777 2343; x_wconf 87' lang='lat' dir='ltr'><strong>(Bolland.</strong></span> <span class='ocrx_word' id='word_1_225' title='bbox 1805 2288 1909 2329; x_wconf 85' lang='lat' dir='ltr'><strong>acta</strong></span> <span class='ocrx_word' id='word_1_226' title='bbox 1932 2278 2096 2328; x_wconf 87' lang='lat' dir='ltr'><strong>Sauct.</strong></span> <span class='ocrx_word' id='word_1_227' title='bbox 2119 2276 2272 2336; x_wconf 85' lang='lat' dir='ltr'><strong>Junii,</strong></span> <span class='ocrx_word' id='word_1_228' title='bbox 2297 2282 2415 2324; x_wconf 90' lang='lat' dir='ltr'><strong>tom.</strong></span> <span class='ocrx_word' id='word_1_229' title='bbox 2438 2272 2579 2339; x_wconf 81' lang='lat' dir='ltr'><strong>VII.)</strong></span> 
     </span>
    </p>
   </div>
   <div class='ocr_carea' id='block_1_35' title="bbox 1836 2392 2157 2403">
    <p class='ocr_par' dir='ltr' id='par_1_35' title="bbox 1836 2392 2157 2403">
     <span class='ocr_line' id='line_1_37' title="bbox 1836 2392 2157 2403; baseline -0.009 0"><span class='ocrx_word' id='word_1_230' title='bbox 1836 2392 2157 2403; x_wconf 76' lang='lat'><strong>————————-</strong></span> 
     </span>
    </p>
   </div>
   <div class='ocr_carea' id='block_1_36' title="bbox 1375 2462 2738 2549">
    <p class='ocr_par' dir='ltr' id='par_1_36' title="bbox 1375 2462 2738 2549">
     <span class='ocr_line' id='line_1_38' title="bbox 1375 2462 2738 2549; baseline -0.008 0"><span class='ocrx_word' id='word_1_231' title='bbox 1375 2462 2026 2549; x_wconf 71' lang='lat' dir='ltr'><strong>PR/EFATIO</strong></span> <span class='ocrx_word' id='word_1_232' title='bbox 2101 2464 2738 2549; x_wconf 71' lang='lat' dir='ltr'><strong>EDITORIS.</strong></span> 
     </span>
    </p>
   </div>
   <div class='ocr_carea' id='block_1_37' title="bbox 472 2668 3708 2744">
    <p class='ocr_par' dir='ltr' id='par_1_37' title="bbox 472 2668 3708 2744">
     <span class='ocr_line' id='line_1_39' title="bbox 472 2668 3708 2744; baseline -0.005 -5"><span class='ocrx_word' id='word_1_233' title='bbox 472 2687 526 2740; x_wconf 79' lang='grc'><strong>1.</strong></span> <span class='ocrx_word' id='word_1_234' title='bbox 555 2683 839 2739; x_wconf 85' lang='lat' dir='ltr'><strong>Promissio</strong></span> <span class='ocrx_word' id='word_1_235' title='bbox 869 2684 1117 2739; x_wconf 87' lang='lat' dir='ltr'><strong>Bollandi</strong></span> <span class='ocrx_word' id='word_1_236' title='bbox 1145 2685 1210 2739; x_wconf 89' lang='lat' dir='ltr'><strong>de</strong></span> <span class='ocrx_word' id='word_1_237' title='bbox 1238 2685 1433 2740; x_wconf 83' lang='lat' dir='ltr'><strong>edendo</strong></span> <span class='ocrx_word' id='word_1_238' title='bbox 1461 2684 1708 2740; x_wconf 85' lang='lat' dir='ltr'><strong>Polemeo</strong></span> <span class='ocrx_word' id='word_1_239' title='bbox 1742 2684 2005 2740; x_wconf 86' lang='lat' dir='ltr'><strong>Silvio.——</strong></span> <span class='ocrx_word' id='word_1_240' title='bbox 2036 2684 2083 2743; x_wconf 90' lang='lat' dir='ltr'><strong>B</strong></span> <span class='ocrx_word' id='word_1_241' title='bbox 2111 2678 2345 2733; x_wconf 85' lang='lat' dir='ltr'><strong>maxima</strong></span> <span class='ocrx_word' id='word_1_242' title='bbox 2378 2689 2505 2744; x_wconf 90' lang='lat' dir='ltr'><strong>pars</strong></span> <span class='ocrx_word' id='word_1_243' title='bbox 2540 2671 2820 2744; x_wconf 87' lang='lat' dir='ltr'><strong>prioribus</strong></span> <span class='ocrx_word' id='word_1_244' title='bbox 2847 2669 3092 2735; x_wconf 68' lang='lat' dir='ltr'><strong>smeulis,</strong></span> <span class='ocrx_word' id='word_1_245' title='bbox 3124 2668 3320 2724; x_wconf 85' lang='lat' dir='ltr'><strong>saltem</strong></span> <span class='ocrx_word' id='word_1_246' title='bbox 3351 2677 3477 2724; x_wconf 87' lang='lat' dir='ltr'><strong>ante</strong></span> <span class='ocrx_word' id='word_1_247' title='bbox 3507 2683 3708 2724; x_wconf 89' lang='lat' dir='ltr'><strong>annum</strong></span> 
     </span>
    </p>
   </div>
   <div class='ocr_carea' id='block_1_38' title="bbox 399 2777 2006 2849">
    <p class='ocr_par' dir='ltr' id='par_1_38' title="bbox 399 2777 2006 2849">
     <span class='ocr_line' id='line_1_40' title="bbox 399 2777 2006 2849; baseline -0.002 -15"><span class='ocrx_word' id='word_1_248' title='bbox 399 2779 643 2835; x_wconf 88' lang='lat' dir='ltr'><strong>Tandem</strong></span> <span class='ocrx_word' id='word_1_249' title='bbox 677 2780 1050 2847; x_wconf 82' lang='lat' dir='ltr'><strong>pervenimus,</strong></span> <span class='ocrx_word' id='word_1_250' title='bbox 1084 2778 1195 2833; x_wconf 90' lang='lat' dir='ltr'><strong>Deo</strong></span> <span class='ocrx_word' id='word_1_251' title='bbox 1228 2779 1487 2849; x_wconf 83' lang='lat' dir='ltr'><strong>prepitio,</strong></span> <span class='ocrx_word' id='word_1_252' title='bbox 1512 2780 1577 2832; x_wconf 83' lang='lat' dir='ltr'><strong>atl</strong></span> <span class='ocrx_word' id='word_1_253' title='bbox 1607 2779 1812 2833; x_wconf 89' lang='lat' dir='ltr'><strong>calcem</strong></span> <span class='ocrx_word' id='word_1_254' title='bbox 1849 2777 2006 2847; x_wconf 89' lang='lat' dir='ltr'><strong>primi</strong></span> 
     </span>
    </p>
   </div>
   <div class='ocr_carea' id='block_1_39' title="bbox 402 2871 2003 2941">
    <p class='ocr_par' dir='ltr' id='par_1_39' title="bbox 402 2871 2003 2941">
     <span class='ocr_line' id='line_1_41' title="bbox 402 2871 2003 2941; baseline -0.002 -14"><span class='ocrx_word' id='word_1_255' title='bbox 402 2872 684 2927; x_wconf 72' lang='lat' dir='ltr'><strong>sentesuis</strong></span> <span class='ocrx_word' id='word_1_256' title='bbox 712 2872 851 2924; x_wconf 87' lang='lat' dir='ltr'><strong>sacri</strong></span> <span class='ocrx_word' id='word_1_257' title='bbox 882 2871 951 2926; x_wconf 90' lang='lat' dir='ltr'><strong>de</strong></span> <span class='ocrx_word' id='word_1_258' title='bbox 984 2873 1134 2925; x_wconf 86' lang='lat' dir='ltr'><strong>Actis</strong></span> <span class='ocrx_word' id='word_1_259' title='bbox 1164 2885 1499 2926; x_wconf 88' lang='lat' dir='ltr'><strong>sanctorum.</strong></span> <span class='ocrx_word' id='word_1_260' title='bbox 1534 2872 1683 2938; x_wconf 89' lang='lat' dir='ltr'><strong>Inde,</strong></span> <span class='ocrx_word' id='word_1_261' title='bbox 1714 2882 2003 2941; x_wconf 87' lang='lat' dir='ltr'><strong>antequam</strong></span> 
     </span>
    </p>
   </div>
   <div class='ocr_carea' id='block_1_40' title="bbox 404 2963 2008 3035">
    <p class='ocr_par' dir='ltr' id='par_1_40' title="bbox 404 2963 2008 3035">
     <span class='ocr_line' id='line_1_42' title="bbox 404 2963 2008 3035; baseline 0 -17"><span class='ocrx_word' id='word_1_262' title='bbox 404 2965 568 3035; x_wconf 87' lang='lat' dir='ltr'><strong>plene</strong></span> <span class='ocrx_word' id='word_1_263' title='bbox 599 2964 943 3031; x_wconf 84' lang='lat' dir='ltr'><strong>imponamus</strong></span> <span class='ocrx_word' id='word_1_264' title='bbox 978 2966 1163 3029; x_wconf 87' lang='lat' dir='ltr'><strong>linem,</strong></span> <span class='ocrx_word' id='word_1_265' title='bbox 1196 2965 1360 3019; x_wconf 85' lang='lat' dir='ltr'><strong>redeo</strong></span> <span class='ocrx_word' id='word_1_266' title='bbox 1390 2965 1454 3019; x_wconf 90' lang='lat' dir='ltr'><strong>ad</strong></span> <span class='ocrx_word' id='word_1_267' title='bbox 1491 2967 1812 3035; x_wconf 85' lang='lat' dir='ltr'><strong>principium</strong></span> <span class='ocrx_word' id='word_1_268' title='bbox 1842 2963 2008 3018; x_wconf 87' lang='lat' dir='ltr'><strong>totius</strong></span> 
     </span>
    </p>
   </div>
   <div class='ocr_carea' id='block_1_41' title="bbox 401 3056 2003 3128">
    <p class='ocr_par' dir='ltr' id='par_1_41' title="bbox 401 3056 2003 3128">
     <span class='ocr_line' id='line_1_43' title="bbox 401 3056 2003 3128; baseline 0 -15"><span class='ocrx_word' id='word_1_269' title='bbox 401 3058 583 3127; x_wconf 73' lang='lat' dir='ltr'><strong>operis</strong></span> <span class='ocrx_word' id='word_1_270' title='bbox 610 3098 624 3120; x_wconf 98' lang='lat'><strong>,</strong></span> <span class='ocrx_word' id='word_1_271' title='bbox 655 3072 866 3111; x_wconf 90' lang='lat' dir='ltr'><strong>memor</strong></span> <span class='ocrx_word' id='word_1_272' title='bbox 891 3096 906 3122; x_wconf 90' lang='lat'><strong>,</strong></span> <span class='ocrx_word' id='word_1_273' title='bbox 940 3056 1259 3111; x_wconf 88' lang='lat' dir='ltr'><strong>Bollandum</strong></span> <span class='ocrx_word' id='word_1_274' title='bbox 1292 3058 1344 3111; x_wconf 91' lang='lat' dir='ltr'><strong>in</strong></span> <span class='ocrx_word' id='word_1_275' title='bbox 1379 3060 1700 3113; x_wconf 62' lang='lat' dir='ltr'><strong>Prasiatione</strong></span> <span class='ocrx_word' id='word_1_276' title='bbox 1728 3059 2003 3128; x_wconf 84' lang='lat' dir='ltr'><strong>generali,</strong></span> 
     </span>
    </p>
   </div>
   <div class='ocr_carea' id='block_1_42' title="bbox 404 3147 2006 3219">
    <p class='ocr_par' dir='ltr' id='par_1_42' title="bbox 404 3147 2006 3219">
     <span class='ocr_line' id='line_1_44' title="bbox 404 3147 2006 3219; baseline 0 -16"><span class='ocrx_word' id='word_1_277' title='bbox 404 3149 866 3218; x_wconf 80' lang='lat' dir='ltr'><strong>quemadmodum</strong></span> <span class='ocrx_word' id='word_1_278' title='bbox 905 3147 932 3219; x_wconf 85' lang='lat'>§</span> <span class='ocrx_word' id='word_1_279' title='bbox 972 3150 1003 3202; x_wconf 86' lang='grc'><strong>7</strong></span> <span class='ocrx_word' id='word_1_280' title='bbox 1047 3149 1319 3217; x_wconf 85' lang='lat' dir='ltr'><strong>promisit,</strong></span> <span class='ocrx_word' id='word_1_281' title='bbox 1347 3150 1482 3203; x_wconf 89' lang='lat' dir='ltr'><strong>alias</strong></span> <span class='ocrx_word' id='word_1_282' title='bbox 1532 3149 1734 3204; x_wconf 88' lang='lat' dir='ltr'><strong>editum</strong></span> <span class='ocrx_word' id='word_1_283' title='bbox 1775 3149 1842 3203; x_wconf 93' lang='lat' dir='ltr'><strong>iri</strong></span> <span class='ocrx_word' id='word_1_284' title='bbox 1877 3166 1905 3202; x_wconf 90' lang='lat' dir='ltr'><strong>a</strong></span> <span class='ocrx_word' id='word_1_285' title='bbox 1948 3164 2006 3204; x_wconf 88' lang='lat' dir='ltr'><strong>se</strong></span> 
     </span>
    </p>
   </div>
   <div class='ocr_carea' id='block_1_43' title="bbox 403 3240 2006 3312">
    <p class='ocr_par' dir='ltr' id='par_1_43' title="bbox 403 3240 2006 3312">
     <span class='ocr_line' id='line_1_45' title="bbox 403 3240 2006 3312; baseline -0.001 -16"><span class='ocrx_word' id='word_1_286' title='bbox 403 3241 847 3312; x_wconf 66' lang='lat' dir='ltr'><strong>Martyrologium</strong></span> <span class='ocrx_word' id='word_1_287' title='bbox 899 3240 1128 3295; x_wconf 70' lang='lat' dir='ltr'><strong>Usuardi</strong></span> <span class='ocrx_word' id='word_1_288' title='bbox 1176 3242 1347 3293; x_wconf 89' lang='lat' dir='ltr'><strong>nativa</strong></span> <span class='ocrx_word' id='word_1_289' title='bbox 1393 3241 1729 3309; x_wconf 75' lang='lat' dir='ltr'><strong>simplicitate</strong></span> <span class='ocrx_word' id='word_1_290' title='bbox 1771 3256 1896 3305; x_wconf 87' lang='lat' dir='ltr'><strong>sua;</strong></span> <span class='ocrx_word' id='word_1_291' title='bbox 1933 3240 2006 3294; x_wconf 85' lang='lat' dir='ltr'><strong>ita</strong></span> 
     </span>
    </p>
   </div>
   <div class='ocr_carea' id='block_1_44' title="bbox 409 3331 2010 3404">
    <p class='ocr_par' dir='ltr' id='par_1_44' title="bbox 409 3331 2010 3404">
     <span class='ocr_line' id='line_1_46' title="bbox 409 3331 2010 3404; baseline -0.001 -18"><span class='ocrx_word' id='word_1_292' title='bbox 409 3332 437 3404; x_wconf 84' lang='lat'><strong>§</strong></span> <span class='ocrx_word' id='word_1_293' title='bbox 465 3333 499 3387; x_wconf 83' lang='grc'><strong>’5</strong></span> <span class='ocrx_word' id='word_1_294' title='bbox 525 3348 676 3399; x_wconf 83' lang='lat' dir='ltr'><strong>spem</strong></span> <span class='ocrx_word' id='word_1_295' title='bbox 713 3332 780 3386; x_wconf 71' lang='lat' dir='ltr'><strong>fet</strong></span> <span class='ocrx_word' id='word_1_296' title='bbox 804 3332 911 3385; x_wconf 91' lang='lat' dir='ltr'><strong>isse</strong></span> <span class='ocrx_word' id='word_1_297' title='bbox 939 3331 1201 3396; x_wconf 79' lang='lat' dir='ltr'><strong>futurum,</strong></span> <span class='ocrx_word' id='word_1_298' title='bbox 1227 3342 1285 3387; x_wconf 90' lang='lat' dir='ltr'><strong>ut</strong></span> <span class='ocrx_word' id='word_1_299' title='bbox 1311 3333 1614 3386; x_wconf 85' lang='lat' dir='ltr'><strong>laterculum</strong></span> <span class='ocrx_word' id='word_1_300' title='bbox 1646 3332 1875 3387; x_wconf 86' lang='lat' dir='ltr'><strong>Polemei</strong></span> <span class='ocrx_word' id='word_1_301' title='bbox 1900 3332 2010 3388; x_wconf 82' lang='lat' dir='ltr'><strong>Sil-</strong></span> 
     </span>
    </p>
   </div>
   <div class='ocr_carea' id='block_1_45' title="bbox 405 3422 2013 3493">
    <p class='ocr_par' dir='ltr' id='par_1_45' title="bbox 405 3422 2013 3493">
     <span class='ocr_line' id='line_1_47' title="bbox 405 3422 2013 3493; baseline 0.001 -18"><span class='ocrx_word' id='word_1_302' title='bbox 405 3423 473 3476; x_wconf 80' lang='lat' dir='ltr'><strong>vii</strong></span> <span class='ocrx_word' id='word_1_303' title='bbox 502 3422 788 3489; x_wconf 84' lang='lat' dir='ltr'><strong>aliquando</strong></span> <span class='ocrx_word' id='word_1_304' title='bbox 819 3437 849 3476; x_wconf 93' lang='lat' dir='ltr'><strong>e</strong></span> <span class='ocrx_word' id='word_1_305' title='bbox 876 3423 1066 3477; x_wconf 83' lang='lat' dir='ltr'><strong>codice</strong></span> <span class='ocrx_word' id='word_1_306' title='bbox 1099 3439 1199 3477; x_wconf 91' lang='lat' dir='ltr'><strong>ms.</strong></span> <span class='ocrx_word' id='word_1_307' title='bbox 1244 3423 1513 3492; x_wconf 87' lang='lat' dir='ltr'><strong>vttlgaret.</strong></span> <span class='ocrx_word' id='word_1_308' title='bbox 1566 3423 1826 3479; x_wconf 89' lang='lat' dir='ltr'><strong>Neutrum</strong></span> <span class='ocrx_word' id='word_1_309' title='bbox 1873 3440 2013 3493; x_wconf 62' lang='lat' dir='ltr'><strong>pra!-</strong></span> 
     </span>
    </p>
   </div>
   <div class='ocr_carea' id='block_1_46' title="bbox 407 3515 2012 3587">
    <p class='ocr_par' dir='ltr' id='par_1_46' title="bbox 407 3515 2012 3587">
     <span class='ocr_line' id='line_1_48' title="bbox 407 3515 2012 3587; baseline 0.002 -19"><span class='ocrx_word' id='word_1_310' title='bbox 407 3515 588 3581; x_wconf 88' lang='lat' dir='ltr'><strong>stitit,</strong></span> <span class='ocrx_word' id='word_1_311' title='bbox 642 3516 767 3585; x_wconf 91' lang='lat' dir='ltr'><strong>quia</strong></span> <span class='ocrx_word' id='word_1_312' title='bbox 817 3516 990 3569; x_wconf 86' lang='lat' dir='ltr'><strong>otium</strong></span> <span class='ocrx_word' id='word_1_313' title='bbox 1035 3531 1143 3569; x_wconf 91' lang='lat' dir='ltr'><strong>non</strong></span> <span class='ocrx_word' id='word_1_314' title='bbox 1191 3515 1427 3580; x_wconf 88' lang='lat' dir='ltr'><strong>invenit;</strong></span> <span class='ocrx_word' id='word_1_315' title='bbox 1479 3527 1762 3587; x_wconf 87' lang='lat' dir='ltr'><strong>postquam</strong></span> <span class='ocrx_word' id='word_1_316' title='bbox 1810 3517 2012 3587; x_wconf 82' lang='lat' dir='ltr'><strong>grande</strong></span> 
     </span>
    </p>
   </div>
   <div class='ocr_carea' id='block_1_47' title="bbox 408 3606 2012 3679">
    <p class='ocr_par' dir='ltr' id='par_1_47' title="bbox 408 3606 2012 3679">
     <span class='ocr_line' id='line_1_49' title="bbox 408 3606 2012 3679; baseline 0.002 -19"><span class='ocrx_word' id='word_1_317' title='bbox 408 3621 569 3676; x_wconf 90' lang='lat' dir='ltr'><strong>opus,</strong></span> <span class='ocrx_word' id='word_1_318' title='bbox 604 3607 746 3675; x_wconf 89' lang='lat' dir='ltr'><strong>quod</strong></span> <span class='ocrx_word' id='word_1_319' title='bbox 781 3606 1172 3673; x_wconf 79' lang='lat' dir='ltr'><strong>meditabatur,</strong></span> <span class='ocrx_word' id='word_1_320' title='bbox 1201 3608 1348 3663; x_wconf 90' lang='lat' dir='ltr'><strong>serio</strong></span> <span class='ocrx_word' id='word_1_321' title='bbox 1378 3624 1665 3679; x_wconf 80' lang='lat' dir='ltr'><strong>aggre~sus</strong></span> <span class='ocrx_word' id='word_1_322' title='bbox 1692 3619 1806 3673; x_wconf 87' lang='lat' dir='ltr'><strong>est;</strong></span> <span class='ocrx_word' id='word_1_323' title='bbox 1836 3609 2012 3679; x_wconf 88' lang='lat' dir='ltr'><strong>quod-</strong></span> 
     </span>
    </p>
   </div>
   <div class='ocr_carea' id='block_1_48' title="bbox 407 3699 2014 3770">
    <p class='ocr_par' dir='ltr' id='par_1_48' title="bbox 407 3699 2014 3770">
     <span class='ocr_line' id='line_1_50' title="bbox 407 3699 2014 3770; baseline 0.002 -18"><span class='ocrx_word' id='word_1_324' title='bbox 407 3714 514 3769; x_wconf 89' lang='lat' dir='ltr'><strong>que</strong></span> <span class='ocrx_word' id='word_1_325' title='bbox 561 3706 774 3751; x_wconf 80' lang='lat' dir='ltr'><strong>tantutn</strong></span> <span class='ocrx_word' id='word_1_326' title='bbox 807 3699 1008 3769; x_wconf 79' lang='lat' dir='ltr'><strong>negotii</strong></span> <span class='ocrx_word' id='word_1_327' title='bbox 1032 3700 1245 3769; x_wconf 89' lang='lat' dir='ltr'><strong>optimo</strong></span> <span class='ocrx_word' id='word_1_328' title='bbox 1273 3702 1390 3754; x_wconf 89' lang='lat' dir='ltr'><strong>viro</strong></span> <span class='ocrx_word' id='word_1_329' title='bbox 1429 3702 1599 3763; x_wconf 86' lang='lat' dir='ltr'><strong>dedit,</strong></span> <span class='ocrx_word' id='word_1_330' title='bbox 1631 3710 1723 3765; x_wconf 87' lang='lat' dir='ltr'><strong>ut,</strong></span> <span class='ocrx_word' id='word_1_331' title='bbox 1756 3702 2014 3770; x_wconf 71' lang='lat' dir='ltr'><strong>sepositis</strong></span> 
     </span>
    </p>
   </div>
   <div class='ocr_carea' id='block_1_49' title="bbox 410 3789 2014 3862">
    <p class='ocr_par' dir='ltr' id='par_1_49' title="bbox 410 3789 2014 3862">
     <span class='ocr_line' id='line_1_51' title="bbox 410 3789 2014 3862; baseline -0.001 -17"><span class='ocrx_word' id='word_1_332' title='bbox 410 3789 608 3845; x_wconf 87' lang='lat' dir='ltr'><strong>alienis</strong></span> <span class='ocrx_word' id='word_1_333' title='bbox 633 3791 701 3843; x_wconf 87' lang='lat' dir='ltr'><strong>ab</strong></span> <span class='ocrx_word' id='word_1_334' title='bbox 730 3806 898 3859; x_wconf 88' lang='lat' dir='ltr'><strong>opere</strong></span> <span class='ocrx_word' id='word_1_335' title='bbox 917 3803 1174 3861; x_wconf 74' lang='lat' dir='ltr'><strong>suscepto</strong></span> <span class='ocrx_word' id='word_1_336' title='bbox 1199 3793 1367 3857; x_wconf 91' lang='lat' dir='ltr'><strong>curis,</strong></span> <span class='ocrx_word' id='word_1_337' title='bbox 1391 3794 1551 3848; x_wconf 88' lang='lat' dir='ltr'><strong>etiam</strong></span> <span class='ocrx_word' id='word_1_338' title='bbox 1582 3793 1884 3862; x_wconf 87' lang='lat' dir='ltr'><strong>adjutorem</strong></span> <span class='ocrx_word' id='word_1_339' title='bbox 1915 3791 2014 3845; x_wconf 86' lang='lat' dir='ltr'><strong>sibi</strong></span> 
     </span>
    </p>
   </div>
   <div class='ocr_carea' id='block_1_50' title="bbox 2110 2760 3711 2831">
    <p class='ocr_par' dir='ltr' id='par_1_50' title="bbox 2110 2760 3711 2831">
     <span class='ocr_line' id='line_1_52' title="bbox 2110 2760 3711 2831; baseline -0.005 -6"><span class='ocrx_word' id='word_1_340' title='bbox 2110 2770 2459 2825; x_wconf 85' lang='lat' dir='ltr'><strong>millesimum</strong></span> <span class='ocrx_word' id='word_1_341' title='bbox 2513 2764 2840 2818; x_wconf 84' lang='lat' dir='ltr'><strong>ﬂoruerunt.</strong></span> <span class='ocrx_word' id='word_1_342' title='bbox 2911 2760 3060 2816; x_wconf 85' lang='lat' dir='ltr'><strong>Inter</strong></span> <span class='ocrx_word' id='word_1_343' title='bbox 3117 2761 3210 2815; x_wconf 92' lang='lat' dir='ltr'><strong>illa</strong></span> <span class='ocrx_word' id='word_1_344' title='bbox 3265 2776 3509 2831; x_wconf 71' lang='lat' dir='ltr'><strong>praesens</strong></span> <span class='ocrx_word' id='word_1_345' title='bbox 3553 2760 3711 2817; x_wconf 83' lang='lat' dir='ltr'><strong>Silvii</strong></span> 
     </span>
    </p>
   </div>
   <div class='ocr_carea' id='block_1_51' title="bbox 2110 2854 3713 2931">
    <p class='ocr_par' dir='ltr' id='par_1_51' title="bbox 2110 2854 3713 2931">
     <span class='ocr_line' id='line_1_53' title="bbox 2110 2854 3713 2931; baseline -0.006 -14"><span class='ocrx_word' id='word_1_346' title='bbox 2110 2862 2431 2931; x_wconf 85' lang='lat' dir='ltr'><strong>cpttscnlum</strong></span> <span class='ocrx_word' id='word_1_347' title='bbox 2467 2858 2701 2912; x_wconf 81' lang='lat' dir='ltr'><strong>habetur</strong></span> <span class='ocrx_word' id='word_1_348' title='bbox 2731 2871 2853 2925; x_wconf 85' lang='lat' dir='ltr'><strong>pag.</strong></span> <span class='ocrx_word' id='word_1_349' title='bbox 2886 2855 2978 2911; x_wconf 70' lang='grc'><strong>94.</strong></span> <span class='ocrx_word' id='word_1_350' title='bbox 3028 2854 3246 2909; x_wconf 85' lang='lat' dir='ltr'><strong>Initium</strong></span> <span class='ocrx_word' id='word_1_351' title='bbox 3296 2854 3415 2923; x_wconf 84' lang='lat' dir='ltr'><strong>ejus</strong></span> <span class='ocrx_word' id='word_1_352' title='bbox 3454 2855 3713 2923; x_wconf 81' lang='lat' dir='ltr'><strong>produxit</strong></span> 
     </span>
    </p>
   </div>
   <div class='ocr_carea' id='block_1_52' title="bbox 2111 2944 3715 3009">
    <p class='ocr_par' dir='ltr' id='par_1_52' title="bbox 2111 2944 3715 3009">
     <span class='ocr_line' id='line_1_54' title="bbox 2111 2944 3715 3009; baseline -0.007 0"><span class='ocrx_word' id='word_1_353' title='bbox 2111 2952 2405 3009; x_wconf 85' lang='lat' dir='ltr'><strong>Bollandus</strong></span> <span class='ocrx_word' id='word_1_354' title='bbox 2438 2950 2557 3003; x_wconf 90' lang='lat' dir='ltr'><strong>loco</strong></span> <span class='ocrx_word' id='word_1_355' title='bbox 2588 2950 2754 3002; x_wconf 84' lang='lat' dir='ltr'><strong>citato</strong></span> <span class='ocrx_word' id='word_1_356' title='bbox 2797 2962 2916 3000; x_wconf 91' lang='lat' dir='ltr'><strong>cum</strong></span> <span class='ocrx_word' id='word_1_357' title='bbox 2946 2944 3260 3000; x_wconf 79' lang='lat' dir='ltr'><strong>Kalendarii</strong></span> <span class='ocrx_word' id='word_1_358' title='bbox 3296 2960 3482 2999; x_wconf 78' lang='lat' dir='ltr'><strong>mense</strong></span> <span class='ocrx_word' id='word_1_359' title='bbox 3514 2944 3715 2999; x_wconf 80' lang='lat' dir='ltr'><strong>Janua-</strong></span> 
     </span>
    </p>
   </div>
   <div class='ocr_carea' id='block_1_53' title="bbox 2112 3039 3716 3114">
    <p class='ocr_par' dir='ltr' id='par_1_53' title="bbox 2112 3039 3716 3114">
     <span class='ocr_line' id='line_1_55' title="bbox 2112 3039 3716 3114; baseline -0.006 -11"><span class='ocrx_word' id='word_1_360' title='bbox 2112 3048 2197 3103; x_wconf 84' lang='lat' dir='ltr'><strong>rio</strong></span> <span class='ocrx_word' id='word_1_361' title='bbox 2224 3047 2453 3114; x_wconf 80' lang='lat' dir='ltr'><strong>aliisque</strong></span> <span class='ocrx_word' id='word_1_362' title='bbox 2484 3040 2793 3105; x_wconf 85' lang='lat' dir='ltr'><strong>nonnullis;</strong></span> <span class='ocrx_word' id='word_1_363' title='bbox 2824 3039 3141 3109; x_wconf 84' lang='lat' dir='ltr'><strong>ttotavitque</strong></span> <span class='ocrx_word' id='word_1_364' title='bbox 3175 3053 3283 3092; x_wconf 89' lang='lat' dir='ltr'><strong>non</strong></span> <span class='ocrx_word' id='word_1_365' title='bbox 3318 3039 3495 3101; x_wconf 86' lang='lat' dir='ltr'><strong>male;</strong></span> <span class='ocrx_word' id='word_1_366' title='bbox 3529 3050 3716 3093; x_wconf 88' lang='lat' dir='ltr'><strong>aucto-</strong></span> 
     </span>
    </p>
   </div>
   <div class='ocr_carea' id='block_1_54' title="bbox 2114 3130 3715 3207">
    <p class='ocr_par' dir='ltr' id='par_1_54' title="bbox 2114 3130 3715 3207">
     <span class='ocr_line' id='line_1_56' title="bbox 2114 3130 3715 3207; baseline -0.006 -12"><span class='ocrx_word' id='word_1_367' title='bbox 2114 3156 2228 3195; x_wconf 87' lang='lat' dir='ltr'><strong>rem</strong></span> <span class='ocrx_word' id='word_1_368' title='bbox 2274 3137 2452 3207; x_wconf 90' lang='lat' dir='ltr'><strong>potius</strong></span> <span class='ocrx_word' id='word_1_369' title='bbox 2496 3134 2565 3187; x_wconf 91' lang='lat' dir='ltr'><strong>P.</strong></span> <span class='ocrx_word' id='word_1_370' title='bbox 2610 3133 2865 3186; x_wconf 82' lang='lat' dir='ltr'><strong>Anneium</strong></span> <span class='ocrx_word' id='word_1_371' title='bbox 2906 3131 3169 3196; x_wconf 85' lang='lat' dir='ltr'><strong>Silvium,</strong></span> <span class='ocrx_word' id='word_1_372' title='bbox 3197 3146 3360 3200; x_wconf 87' lang='lat' dir='ltr'><strong>quam</strong></span> <span class='ocrx_word' id='word_1_373' title='bbox 3414 3130 3715 3185; x_wconf 84' lang='lat' dir='ltr'><strong>Polemeum</strong></span> 
     </span>
    </p>
   </div>
   <div class='ocr_carea' id='block_1_55' title="bbox 2117 3223 3715 3295">
    <p class='ocr_par' dir='ltr' id='par_1_55' title="bbox 2117 3223 3715 3295">
     <span class='ocr_line' id='line_1_57' title="bbox 2117 3223 3715 3295; baseline -0.004 -8"><span class='ocrx_word' id='word_1_374' title='bbox 2117 3232 2341 3288; x_wconf 73' lang='lat' dir='ltr'><strong>Silvium</strong></span> <span class='ocrx_word' id='word_1_375' title='bbox 2364 3271 2378 3295; x_wconf 93' lang='lat'><strong>,</strong></span> <span class='ocrx_word' id='word_1_376' title='bbox 2413 3226 2804 3282; x_wconf 87' lang='lat' dir='ltr'><strong>nominandum</strong></span> <span class='ocrx_word' id='word_1_377' title='bbox 2851 3240 2994 3281; x_wconf 90' lang='lat' dir='ltr'><strong>esse.</strong></span> <span class='ocrx_word' id='word_1_378' title='bbox 3028 3223 3262 3294; x_wconf 76' lang='lat' dir='ltr'><strong>Scripsit</strong></span> <span class='ocrx_word' id='word_1_379' title='bbox 3309 3237 3525 3289; x_wconf 84' lang='lat' dir='ltr'><strong>anetor,</strong></span> <span class='ocrx_word' id='word_1_380' title='bbox 3555 3226 3630 3280; x_wconf 92' lang='lat' dir='ltr'><strong>uti</strong></span> <span class='ocrx_word' id='word_1_381' title='bbox 3661 3225 3715 3281; x_wconf 87' lang='lat' dir='ltr'><strong>in</strong></span> 
     </span>
    </p>
   </div>
   <div class='ocr_carea' id='block_1_56' title="bbox 2113 3318 3715 3393">
    <p class='ocr_par' dir='ltr' id='par_1_56' title="bbox 2113 3318 3715 3393">
     <span class='ocr_line' id='line_1_58' title="bbox 2113 3318 3715 3393; baseline -0.002 -15"><span class='ocrx_word' id='word_1_382' title='bbox 2113 3324 2385 3393; x_wconf 87' lang='lat' dir='ltr'><strong>adjunctis</strong></span> <span class='ocrx_word' id='word_1_383' title='bbox 2411 3331 2462 3377; x_wconf 91' lang='lat' dir='ltr'><strong>et</strong></span> <span class='ocrx_word' id='word_1_384' title='bbox 2497 3320 2760 3375; x_wconf 80' lang='lat' dir='ltr'><strong>immixtis</strong></span> <span class='ocrx_word' id='word_1_385' title='bbox 2783 3318 3114 3374; x_wconf 81' lang='lat' dir='ltr'><strong>Kalendario</strong></span> <span class='ocrx_word' id='word_1_386' title='bbox 3141 3320 3262 3372; x_wconf 83' lang='lat' dir='ltr'><strong>aliis</strong></span> <span class='ocrx_word' id='word_1_387' title='bbox 3294 3319 3575 3386; x_wconf 83' lang='lat' dir='ltr'><strong>opusculis</strong></span> <span class='ocrx_word' id='word_1_388' title='bbox 3603 3321 3715 3389; x_wconf 65' lang='lat' dir='ltr'><strong>ipse</strong></span> 
     </span>
    </p>
   </div>
   <div class='ocr_carea' id='block_1_57' title="bbox 2114 3414 3713 3486">
    <p class='ocr_par' dir='ltr' id='par_1_57' title="bbox 2114 3414 3713 3486">
     <span class='ocr_line' id='line_1_59' title="bbox 2114 3414 3713 3486; baseline -0.004 -13"><span class='ocrx_word' id='word_1_389' title='bbox 2114 3420 2302 3481; x_wconf 65' lang='lat' dir='ltr'><strong>reti-rt,</strong></span> <span class='ocrx_word' id='word_1_390' title='bbox 2334 3433 2479 3472; x_wconf 90' lang='lat' dir='ltr'><strong>anno</strong></span> <span class='ocrx_word' id='word_1_391' title='bbox 2507 3416 2746 3486; x_wconf 83' lang='lat' dir='ltr'><strong>vulgaris</strong></span> <span class='ocrx_word' id='word_1_392' title='bbox 2773 3431 2899 3469; x_wconf 67' lang='lat' dir='ltr'><strong>terte</strong></span> <span class='ocrx_word' id='word_1_393' title='bbox 2929 3430 3122 3469; x_wconf 89' lang='lat' dir='ltr'><strong>ccccut</strong></span> <span class='ocrx_word' id='word_1_394' title='bbox 3153 3425 3207 3468; x_wconf 90' lang='lat' dir='ltr'><strong>et</strong></span> <span class='ocrx_word' id='word_1_395' title='bbox 3236 3415 3392 3467; x_wconf 89' lang='lat' dir='ltr'><strong>initio</strong></span> <span class='ocrx_word' id='word_1_396' title='bbox 3413 3414 3713 3482; x_wconf 88' lang='lat' dir='ltr'><strong>sequentis.</strong></span> 
     </span>
    </p>
   </div>
   <div class='ocr_carea' id='block_1_58' title="bbox 2116 3506 3716 3565">
    <p class='ocr_par' dir='ltr' id='par_1_58' title="bbox 2116 3506 3716 3565">
     <span class='ocr_line' id='line_1_60' title="bbox 2116 3506 3716 3565; baseline -0.004 -1"><span class='ocrx_word' id='word_1_397' title='bbox 2116 3510 2290 3565; x_wconf 82' lang='lat' dir='ltr'><strong>Habet</strong></span> <span class='ocrx_word' id='word_1_398' title='bbox 2335 3510 2480 3563; x_wconf 89' lang='lat' dir='ltr'><strong>enim</strong></span> <span class='ocrx_word' id='word_1_399' title='bbox 2532 3508 2633 3561; x_wconf 88' lang='lat' dir='ltr'><strong>sub</strong></span> <span class='ocrx_word' id='word_1_400' title='bbox 2686 3510 2789 3562; x_wconf 89' lang='lat' dir='ltr'><strong>Itoc</strong></span> <span class='ocrx_word' id='word_1_401' title='bbox 2832 3507 2998 3560; x_wconf 77' lang='lat' dir='ltr'><strong>titulo</strong></span> <span class='ocrx_word' id='word_1_402' title='bbox 3043 3521 3191 3562; x_wconf 89' lang='lat' dir='ltr'><strong>suo:</strong></span> <span class='ocrx_word' id='word_1_403' title='bbox 3228 3506 3458 3561; x_wconf 83' lang='lat' dir='ltr'><strong>Nomina</strong></span> <span class='ocrx_word' id='word_1_404' title='bbox 3489 3507 3716 3559; x_wconf 85' lang='lat' dir='ltr'><strong>omnium</strong></span> 
     </span>
    </p>
   </div>
   <div class='ocr_carea' id='block_1_59' title="bbox 2118 3597 3718 3674">
    <p class='ocr_par' dir='ltr' id='par_1_59' title="bbox 2118 3597 3718 3674">
     <span class='ocr_line' id='line_1_61' title="bbox 2118 3597 3718 3674; baseline -0.004 -17"><span class='ocrx_word' id='word_1_405' title='bbox 2118 3605 2407 3674; x_wconf 81' lang='lat' dir='ltr'><strong>principum</strong></span> <span class='ocrx_word' id='word_1_406' title='bbox 2432 3601 2824 3667; x_wconf 80' lang='lat' dir='ltr'><strong>Romanorum;</strong></span> <span class='ocrx_word' id='word_1_407' title='bbox 2849 3601 2901 3654; x_wconf 91' lang='lat' dir='ltr'><strong>in</strong></span> <span class='ocrx_word' id='word_1_408' title='bbox 2927 3601 3033 3655; x_wconf 87' lang='lat' dir='ltr'><strong>ﬁne</strong></span> <span class='ocrx_word' id='word_1_409' title='bbox 3058 3601 3341 3669; x_wconf 83' lang='lat' dir='ltr'><strong>sequentia</strong></span> <span class='ocrx_word' id='word_1_410' title='bbox 3361 3620 3370 3649; x_wconf 92' lang='lat'><strong>:</strong></span> <span class='ocrx_word' id='word_1_411' title='bbox 3391 3597 3456 3653; x_wconf 79' lang='grc' dir='ltr'><strong>Ι).</strong></span> <span class='ocrx_word' id='word_1_412' title='bbox 3491 3597 3562 3652; x_wconf 88' lang='grc' dir='ltr'><strong>Ν.</strong></span> <span class='ocrx_word' id='word_1_413' title='bbox 3596 3599 3718 3653; x_wconf 81' lang='lat' dir='ltr'><strong>l’la-</strong></span> 
     </span>
    </p>
   </div>
   <div class='ocr_carea' id='block_1_60' title="bbox 2118 3692 3719 3765">
    <p class='ocr_par' dir='ltr' id='par_1_60' title="bbox 2118 3692 3719 3765">
     <span class='ocr_line' id='line_1_62' title="bbox 2118 3692 3719 3765; baseline -0.002 -14"><span class='ocrx_word' id='word_1_414' title='bbox 2118 3698 2264 3751; x_wconf 86' lang='lat' dir='ltr'><strong>cidus</strong></span> <span class='ocrx_word' id='word_1_415' title='bbox 2298 3696 2728 3760; x_wconf 80' lang='lat' dir='ltr'><strong>Valentinianus;</strong></span> <span class='ocrx_word' id='word_1_416' title='bbox 2758 3695 2849 3748; x_wconf 89' lang='lat' dir='ltr'><strong>sub</strong></span> <span class='ocrx_word' id='word_1_417' title='bbox 2880 3696 3062 3764; x_wconf 78' lang='lat' dir='ltr'><strong>quibus</strong></span> <span class='ocrx_word' id='word_1_418' title='bbox 3097 3692 3326 3748; x_wconf 81' lang='lat' dir='ltr'><strong>Joannes</strong></span> <span class='ocrx_word' id='word_1_419' title='bbox 3357 3705 3605 3765; x_wconf 81' lang='lat' dir='ltr'><strong>tyrannus</strong></span> <span class='ocrx_word' id='word_1_420' title='bbox 3630 3710 3719 3747; x_wconf 81' lang='lat' dir='ltr'><strong>ea:-</strong></span> 
     </span>
    </p>
   </div>
   <div class='ocr_carea' id='block_1_61' title="bbox 2118 3785 3713 3855">
    <p class='ocr_par' dir='ltr' id='par_1_61' title="bbox 2118 3785 3713 3855">
     <span class='ocr_line' id='line_1_63' title="bbox 2118 3785 3713 3855; baseline -0.001 -15"><span class='ocrx_word' id='word_1_421' title='bbox 2118 3788 2333 3841; x_wconf 81' lang='lat' dir='ltr'><strong>stinctus</strong></span> <span class='ocrx_word' id='word_1_422' title='bbox 2382 3798 2497 3853; x_wconf 87' lang='lat' dir='ltr'><strong>est;</strong></span> <span class='ocrx_word' id='word_1_423' title='bbox 2542 3796 2588 3839; x_wconf 83' lang='lat' dir='ltr'><strong>et</strong></span> <span class='ocrx_word' id='word_1_424' title='bbox 2619 3804 2650 3841; x_wconf 90' lang='lat' dir='ltr'><strong>a</strong></span> <span class='ocrx_word' id='word_1_425' title='bbox 2678 3787 2862 3855; x_wconf 81' lang='lat' dir='ltr'><strong>quibus</strong></span> <span class='ocrx_word' id='word_1_426' title='bbox 2907 3803 3023 3840; x_wconf 90' lang='lat' dir='ltr'><strong>cum</strong></span> <span class='ocrx_word' id='word_1_427' title='bbox 3068 3786 3186 3840; x_wconf 85' lang='lat' dir='ltr'><strong>DD.</strong></span> <span class='ocrx_word' id='word_1_428' title='bbox 3236 3797 3400 3841; x_wconf 84' lang='lat' dir='ltr'><strong>matre</strong></span> <span class='ocrx_word' id='word_1_429' title='bbox 3451 3785 3713 3851; x_wconf 83' lang='lat' dir='ltr'><strong>Placidia,</strong></span> 
     </span>
    </p>
   </div>
   <div class='ocr_carea' id='block_1_62' title="bbox 411 3855 3715 3952">
    <p class='ocr_par' dir='ltr' id='par_1_62' title="bbox 411 3855 3715 3952">
     <span class='ocr_line' id='line_1_64' title="bbox 411 3855 3715 3952; baseline 0 -18"><span class='ocrx_word' id='word_1_430' title='bbox 411 3881 478 3934; x_wconf 90' lang='lat' dir='ltr'><strong>ad</strong></span> <span class='ocrx_word' id='word_1_431' title='bbox 508 3882 653 3935; x_wconf 88' lang='lat' dir='ltr'><strong>aliud</strong></span> <span class='ocrx_word' id='word_1_432' title='bbox 688 3884 1117 3951; x_wconf 88' lang='lat' dir='ltr'><strong>promovendum</strong></span> <span class='ocrx_word' id='word_1_433' title='bbox 1151 3883 1458 3939; x_wconf 79' lang='lat' dir='ltr'><strong>adsciscere</strong></span> <span class='ocrx_word' id='word_1_434' title='bbox 1488 3900 1616 3938; x_wconf 84' lang='lat' dir='ltr'><strong>mox</strong></span> <span class='ocrx_word' id='word_1_435' title='bbox 1642 3895 1865 3939; x_wconf 86' lang='lat' dir='ltr'><strong>coactus</strong></span> <span class='ocrx_word' id='word_1_436' title='bbox 1901 3884 2017 3938; x_wconf 79' lang='lat' dir='ltr'><strong>fue-</strong></span> <span class='ocrx_word' id='word_1_437' title='bbox 2042 3855 2086 3915; x_wconf 76' lang='lat' dir='ltr'>C</span> <span class='ocrx_word' id='word_1_438' title='bbox 2120 3898 2280 3934; x_wconf 77' lang='lat' dir='ltr'><strong>uxore</strong></span> <span class='ocrx_word' id='word_1_439' title='bbox 2324 3879 2587 3944; x_wconf 76' lang='lat' dir='ltr'><strong>Eudoxio,</strong></span> <span class='ocrx_word' id='word_1_440' title='bbox 2619 3880 2869 3951; x_wconf 79' lang='lat' dir='ltr'><strong>Augustis</strong></span> <span class='ocrx_word' id='word_1_441' title='bbox 2893 3922 2907 3947; x_wconf 97' lang='lat'><strong>,</strong></span> <span class='ocrx_word' id='word_1_442' title='bbox 2934 3898 3068 3933; x_wconf 88' lang='lat' dir='ltr'><strong>nunc</strong></span> <span class='ocrx_word' id='word_1_443' title='bbox 3097 3881 3372 3952; x_wconf 85' lang='lat' dir='ltr'><strong>imperium</strong></span> <span class='ocrx_word' id='word_1_444' title='bbox 3397 3880 3715 3951; x_wconf 81' lang='lat' dir='ltr'><strong>possidetur.</strong></span> 
     </span>
    </p>
   </div>
   <div class='ocr_carea' id='block_1_63' title="bbox 411 3972 2019 4047">
    <p class='ocr_par' dir='ltr' id='par_1_63' title="bbox 411 3972 2019 4047">
     <span class='ocr_line' id='line_1_65' title="bbox 411 3972 2019 4047; baseline 0.003 -21"><span class='ocrx_word' id='word_1_445' title='bbox 411 3975 504 4027; x_wconf 92' lang='lat' dir='ltr'><strong>rit.</strong></span> <span class='ocrx_word' id='word_1_446' title='bbox 555 3972 741 4028; x_wconf 82' lang='lat' dir='ltr'><strong>Fidem</strong></span> <span class='ocrx_word' id='word_1_447' title='bbox 777 3975 1023 4030; x_wconf 88' lang='lat' dir='ltr'><strong>Bollandi</strong></span> <span class='ocrx_word' id='word_1_448' title='bbox 1075 3992 1173 4044; x_wconf 89' lang='lat' dir='ltr'><strong>pro</strong></span> <span class='ocrx_word' id='word_1_449' title='bbox 1215 3980 1388 4046; x_wconf 85' lang='lat' dir='ltr'><strong>prima</strong></span> <span class='ocrx_word' id='word_1_450' title='bbox 1435 3990 1624 4047; x_wconf 89' lang='lat' dir='ltr'><strong>parte.</strong></span> <span class='ocrx_word' id='word_1_451' title='bbox 1656 3994 1828 4047; x_wconf 78' lang='lat' dir='ltr'><strong>nuper</strong></span> <span class='ocrx_word' id='word_1_452' title='bbox 1856 3979 2019 4032; x_wconf 80' lang='lat' dir='ltr'><strong>solvit</strong></span> 
     </span>
    </p>
   </div>
   <div class='ocr_carea' id='block_1_64' title="bbox 416 4066 2017 4140">
    <p class='ocr_par' dir='ltr' id='par_1_64' title="bbox 416 4066 2017 4140">
     <span class='ocr_line' id='line_1_66' title="bbox 416 4066 2017 4140; baseline 0.002 -20"><span class='ocrx_word' id='word_1_453' title='bbox 416 4066 623 4136; x_wconf 85' lang='lat' dir='ltr'><strong>collega</strong></span> <span class='ocrx_word' id='word_1_454' title='bbox 658 4076 845 4121; x_wconf 88' lang='lat' dir='ltr'><strong>noster</strong></span> <span class='ocrx_word' id='word_1_455' title='bbox 875 4069 1114 4122; x_wconf 86' lang='lat' dir='ltr'><strong>Joannes</strong></span> <span class='ocrx_word' id='word_1_456' title='bbox 1165 4069 1409 4136; x_wconf 84' lang='lat' dir='ltr'><strong>Baptista</strong></span> <span class='ocrx_word' id='word_1_457' title='bbox 1439 4070 1736 4135; x_wconf 87' lang='lat' dir='ltr'><strong>Sollerius,</strong></span> <span class='ocrx_word' id='word_1_458' title='bbox 1771 4071 2017 4140; x_wconf 86' lang='lat' dir='ltr'><strong>diligenti</strong></span> 
     </span>
    </p>
   </div>
   <div class='ocr_carea' id='block_1_65' title="bbox 418 4158 2017 4232">
    <p class='ocr_par' dir='ltr' id='par_1_65' title="bbox 418 4158 2017 4232">
     <span class='ocr_line' id='line_1_67' title="bbox 418 4158 2017 4232; baseline 0.004 -19"><span class='ocrx_word' id='word_1_459' title='bbox 418 4158 600 4213; x_wconf 88' lang='lat' dir='ltr'><strong>studio</strong></span> <span class='ocrx_word' id='word_1_460' title='bbox 628 4169 682 4212; x_wconf 91' lang='lat' dir='ltr'><strong>et</strong></span> <span class='ocrx_word' id='word_1_461' title='bbox 708 4161 1057 4213; x_wconf 82' lang='lat' dir='ltr'><strong>accuratione</strong></span> <span class='ocrx_word' id='word_1_462' title='bbox 1102 4170 1367 4229; x_wconf 77' lang='lat' dir='ltr'><strong>prtcstans</strong></span> <span class='ocrx_word' id='word_1_463' title='bbox 1388 4206 1402 4230; x_wconf 95' lang='lat'><strong>,</strong></span> <span class='ocrx_word' id='word_1_464' title='bbox 1447 4164 1589 4232; x_wconf 88' lang='lat' dir='ltr'><strong>quod</strong></span> <span class='ocrx_word' id='word_1_465' title='bbox 1625 4163 1718 4219; x_wconf 91' lang='lat' dir='ltr'><strong>ille</strong></span> <span class='ocrx_word' id='word_1_466' title='bbox 1751 4164 2017 4231; x_wconf 88' lang='lat' dir='ltr'><strong>promise-</strong></span> 
     </span>
    </p>
   </div>
   <div class='ocr_carea' id='block_1_66' title="bbox 416 4251 2017 4326">
    <p class='ocr_par' dir='ltr' id='par_1_66' title="bbox 416 4251 2017 4326">
     <span class='ocr_line' id='line_1_68' title="bbox 416 4251 2017 4326; baseline 0.004 -20"><span class='ocrx_word' id='word_1_467' title='bbox 416 4260 501 4307; x_wconf 88' lang='lat' dir='ltr'><strong>rat</strong></span> <span class='ocrx_word' id='word_1_468' title='bbox 557 4251 610 4304; x_wconf 91' lang='lat' dir='ltr'><strong>in</strong></span> <span class='ocrx_word' id='word_1_469' title='bbox 657 4251 873 4306; x_wconf 88' lang='lat' dir='ltr'><strong>edendo</strong></span> <span class='ocrx_word' id='word_1_470' title='bbox 927 4252 1369 4324; x_wconf 80' lang='lat' dir='ltr'><strong>Martyrologium</strong></span> <span class='ocrx_word' id='word_1_471' title='bbox 1434 4254 1664 4311; x_wconf 84' lang='lat' dir='ltr'><strong>Usuardt</strong></span> <span class='ocrx_word' id='word_1_472' title='bbox 1722 4259 2017 4326; x_wconf 89' lang='lat' dir='ltr'><strong>genuinum</strong></span> 
     </span>
    </p>
   </div>
   <div class='ocr_carea' id='block_1_67' title="bbox 415 4344 2022 4414">
    <p class='ocr_par' dir='ltr' id='par_1_67' title="bbox 415 4344 2022 4414">
     <span class='ocr_line' id='line_1_69' title="bbox 415 4344 2022 4414; baseline 0.004 -18"><span class='ocrx_word' id='word_1_473' title='bbox 415 4355 639 4412; x_wconf 68' lang='lat' dir='ltr'><strong>suaeque</strong></span> <span class='ocrx_word' id='word_1_474' title='bbox 665 4344 862 4397; x_wconf 75' lang='lat' dir='ltr'><strong>nativae</strong></span> <span class='ocrx_word' id='word_1_475' title='bbox 888 4345 1221 4414; x_wconf 89' lang='lat' dir='ltr'><strong>simplicitati</strong></span> <span class='ocrx_word' id='word_1_476' title='bbox 1252 4346 1855 4412; x_wconf 74' lang='lat' dir='ltr'><strong>resututum,rescissis</strong></span> <span class='ocrx_word' id='word_1_477' title='bbox 1885 4349 2022 4402; x_wconf 83' lang='lat' dir='ltr'><strong>mul—</strong></span> 
     </span>
    </p>
   </div>
   <div class='ocr_carea' id='block_1_68' title="bbox 420 4436 2024 4509">
    <p class='ocr_par' dir='ltr' id='par_1_68' title="bbox 420 4436 2024 4509">
     <span class='ocr_line' id='line_1_70' title="bbox 420 4436 2024 4509; baseline 0.006 -19"><span class='ocrx_word' id='word_1_478' title='bbox 420 4444 598 4491; x_wconf 88' lang='lat' dir='ltr'><strong>torum</strong></span> <span class='ocrx_word' id='word_1_479' title='bbox 647 4436 1066 4504; x_wconf 84' lang='lat' dir='ltr'><strong>additameutis;</strong></span> <span class='ocrx_word' id='word_1_480' title='bbox 1100 4455 1221 4509; x_wconf 76' lang='lat' dir='ltr'><strong>qua:</strong></span> <span class='ocrx_word' id='word_1_481' title='bbox 1268 4449 1473 4507; x_wconf 90' lang='lat' dir='ltr'><strong>tamen,</strong></span> <span class='ocrx_word' id='word_1_482' title='bbox 1506 4457 1574 4496; x_wconf 92' lang='lat' dir='ltr'><strong>ne</strong></span> <span class='ocrx_word' id='word_1_483' title='bbox 1623 4442 1858 4497; x_wconf 83' lang='lat' dir='ltr'><strong>lectores</strong></span> <span class='ocrx_word' id='word_1_484' title='bbox 1886 4443 2024 4499; x_wconf 87' lang='lat' dir='ltr'><strong>late-</strong></span> 
     </span>
    </p>
   </div>
   <div class='ocr_carea' id='block_1_69' title="bbox 418 4528 2020 4606">
    <p class='ocr_par' dir='ltr' id='par_1_69' title="bbox 418 4528 2020 4606">
     <span class='ocr_line' id='line_1_71' title="bbox 418 4528 2020 4606; baseline 0.005 -23"><span class='ocrx_word' id='word_1_485' title='bbox 418 4538 584 4595; x_wconf 89' lang='lat' dir='ltr'><strong>rent,</strong></span> <span class='ocrx_word' id='word_1_486' title='bbox 619 4528 851 4584; x_wconf 90' lang='lat' dir='ltr'><strong>seorsim</strong></span> <span class='ocrx_word' id='word_1_487' title='bbox 894 4531 1193 4600; x_wconf 74' lang='lat' dir='ltr'><strong>subiunxit.</strong></span> <span class='ocrx_word' id='word_1_488' title='bbox 1246 4532 1518 4589; x_wconf 82' lang='lat' dir='ltr'><strong>Dividitur</strong></span> <span class='ocrx_word' id='word_1_489' title='bbox 1565 4545 1736 4590; x_wconf 87' lang='lat' dir='ltr'><strong>totum</strong></span> <span class='ocrx_word' id='word_1_490' title='bbox 1782 4552 1920 4606; x_wconf 90' lang='lat' dir='ltr'><strong>opus</strong></span> <span class='ocrx_word' id='word_1_491' title='bbox 1968 4538 2020 4591; x_wconf 90' lang='lat' dir='ltr'><strong>in</strong></span> 
     </span>
    </p>
   </div>
   <div class='ocr_carea' id='block_1_70' title="bbox 423 4623 2019 4699">
    <p class='ocr_par' dir='ltr' id='par_1_70' title="bbox 423 4623 2019 4699">
     <span class='ocr_line' id='line_1_72' title="bbox 423 4623 2019 4699; baseline 0.008 -24"><span class='ocrx_word' id='word_1_492' title='bbox 423 4633 606 4691; x_wconf 88' lang='lat' dir='ltr'><strong>partes</strong></span> <span class='ocrx_word' id='word_1_493' title='bbox 635 4623 793 4686; x_wconf 88' lang='lat' dir='ltr'><strong>duas,</strong></span> <span class='ocrx_word' id='word_1_494' title='bbox 817 4624 1028 4680; x_wconf 89' lang='lat' dir='ltr'><strong>duabus</strong></span> <span class='ocrx_word' id='word_1_495' title='bbox 1055 4627 1552 4696; x_wconf 89' lang='lat' dir='ltr'><strong>supplementorum</strong></span> <span class='ocrx_word' id='word_1_496' title='bbox 1576 4630 1725 4685; x_wconf 76' lang='lat' dir='ltr'><strong>Junii</strong></span> <span class='ocrx_word' id='word_1_497' title='bbox 1754 4633 2019 4699; x_wconf 88' lang='lat' dir='ltr'><strong>partibus,</strong></span> 
     </span>
    </p>
   </div>
   <div class='ocr_carea' id='block_1_71' title="bbox 424 4713 2021 4788">
    <p class='ocr_par' dir='ltr' id='par_1_71' title="bbox 424 4713 2021 4788">
     <span class='ocr_line' id='line_1_73' title="bbox 424 4713 2021 4788; baseline 0.005 -21"><span class='ocrx_word' id='word_1_498' title='bbox 424 4713 477 4767; x_wconf 91' lang='lat' dir='ltr'><strong>id</strong></span> <span class='ocrx_word' id='word_1_499' title='bbox 524 4722 608 4767; x_wconf 88' lang='lat' dir='ltr'><strong>est</strong></span> <span class='ocrx_word' id='word_1_500' title='bbox 658 4725 807 4768; x_wconf 81' lang='lat' dir='ltr'><strong>torno</strong></span> <span class='ocrx_word' id='word_1_501' title='bbox 846 4717 965 4785; x_wconf 87' lang='lat' dir='ltr'><strong>ejus</strong></span> <span class='ocrx_word' id='word_1_502' title='bbox 1002 4733 1057 4771; x_wconf 76' lang='grc' dir='ltr'><strong>γι</strong></span> <span class='ocrx_word' id='word_1_503' title='bbox 1097 4730 1151 4772; x_wconf 89' lang='lat' dir='ltr'><strong>et</strong></span> <span class='ocrx_word' id='word_1_504' title='bbox 1186 4734 1255 4772; x_wconf 89' lang='lat' dir='ltr'><strong>vtt</strong></span> <span class='ocrx_word' id='word_1_505' title='bbox 1289 4721 1561 4788; x_wconf 83' lang='lat' dir='ltr'><strong>(quamvis</strong></span> <span class='ocrx_word' id='word_1_506' title='bbox 1578 4722 1754 4775; x_wconf 71' lang='lat' dir='ltr'><strong>etiam</strong></span> <span class='ocrx_word' id='word_1_507' title='bbox 1785 4725 2021 4777; x_wconf 90' lang='lat' dir='ltr'><strong>seorsim</strong></span> 
     </span>
    </p>
   </div>
   <div class='ocr_carea' id='block_1_72' title="bbox 423 4808 2021 4873">
    <p class='ocr_par' dir='ltr' id='par_1_72' title="bbox 423 4808 2021 4873">
     <span class='ocr_line' id='line_1_74' title="bbox 423 4808 2021 4873; baseline 0.005 -11"><span class='ocrx_word' id='word_1_508' title='bbox 423 4808 749 4873; x_wconf 58' lang='lat' dir='ltr'><strong>impressum</strong></span> <span class='ocrx_word' id='word_1_509' title='bbox 799 4810 903 4873; x_wconf 88' lang='lat' dir='ltr'><strong>sit)</strong></span> <span class='ocrx_word' id='word_1_510' title='bbox 954 4810 1383 4866; x_wconf 77' lang='lat' dir='ltr'><strong>subnecteutlas.</strong></span> <span class='ocrx_word' id='word_1_511' title='bbox 1450 4814 1703 4869; x_wconf 81' lang='lat' dir='ltr'><strong>Proxime</strong></span> <span class='ocrx_word' id='word_1_512' title='bbox 1756 4816 1902 4870; x_wconf 90' lang='lat' dir='ltr'><strong>enim</strong></span> <span class='ocrx_word' id='word_1_513' title='bbox 1955 4816 2021 4870; x_wconf 89' lang='lat' dir='ltr'><strong>ad</strong></span> 
     </span>
    </p>
   </div>
   <div class='ocr_carea' id='block_1_73' title="bbox 422 4902 2025 4980">
    <p class='ocr_par' dir='ltr' id='par_1_73' title="bbox 422 4902 2025 4980">
     <span class='ocr_line' id='line_1_75' title="bbox 422 4902 2025 4980; baseline 0.006 -26"><span class='ocrx_word' id='word_1_514' title='bbox 422 4902 557 4954; x_wconf 81' lang='lat' dir='ltr'><strong>Acta</strong></span> <span class='ocrx_word' id='word_1_515' title='bbox 586 4912 899 4953; x_wconf 86' lang='lat' dir='ltr'><strong>sanetorttin</strong></span> <span class='ocrx_word' id='word_1_516' title='bbox 927 4912 1134 4971; x_wconf 87' lang='lat' dir='ltr'><strong>spectat</strong></span> <span class='ocrx_word' id='word_1_517' title='bbox 1166 4904 1604 4975; x_wconf 83' lang='lat' dir='ltr'><strong>Martyrologium</strong></span> <span class='ocrx_word' id='word_1_518' title='bbox 1639 4908 1793 4972; x_wconf 89' lang='lat' dir='ltr'><strong>illttd,</strong></span> <span class='ocrx_word' id='word_1_519' title='bbox 1825 4923 1894 4964; x_wconf 80' lang='lat' dir='ltr'><strong>ex</strong></span> <span class='ocrx_word' id='word_1_520' title='bbox 1917 4925 2025 4980; x_wconf 91' lang='lat' dir='ltr'><strong>quo</strong></span> 
     </span>
    </p>
   </div>
   <div class='ocr_carea' id='block_1_74' title="bbox 423 4992 2024 5069">
    <p class='ocr_par' dir='ltr' id='par_1_74' title="bbox 423 4992 2024 5069">
     <span class='ocr_line' id='line_1_76' title="bbox 423 4992 2024 5069; baseline 0.006 -23"><span class='ocrx_word' id='word_1_521' title='bbox 423 4998 680 5063; x_wconf 72' lang='lat' dir='ltr'><strong>antiquus</strong></span> <span class='ocrx_word' id='word_1_522' title='bbox 709 5002 764 5047; x_wconf 89' lang='lat' dir='ltr'><strong>et</strong></span> <span class='ocrx_word' id='word_1_523' title='bbox 793 4992 1068 5063; x_wconf 89' lang='lat' dir='ltr'><strong>legitimus</strong></span> <span class='ocrx_word' id='word_1_524' title='bbox 1109 4996 1348 5050; x_wconf 91' lang='lat' dir='ltr'><strong>omnium</strong></span> <span class='ocrx_word' id='word_1_525' title='bbox 1381 4996 1525 5063; x_wconf 81' lang='lat' dir='ltr'><strong>fere,</strong></span> <span class='ocrx_word' id='word_1_526' title='bbox 1556 5000 1647 5069; x_wconf 89' lang='lat' dir='ltr'><strong>qni</strong></span> <span class='ocrx_word' id='word_1_527' title='bbox 1677 5010 1800 5055; x_wconf 78' lang='lat' dir='ltr'><strong>octo</strong></span> <span class='ocrx_word' id='word_1_528' title='bbox 1835 5002 2024 5069; x_wconf 88' lang='lat' dir='ltr'><strong>primis</strong></span> 
     </span>
    </p>
   </div>
   <div class='ocr_carea' id='block_1_75' title="bbox 426 5086 2023 5148">
    <p class='ocr_par' dir='ltr' id='par_1_75' title="bbox 426 5086 2023 5148">
     <span class='ocr_line' id='line_1_77' title="bbox 426 5086 2023 5148; baseline 0.002 -7"><span class='ocrx_word' id='word_1_529' title='bbox 426 5095 482 5141; x_wconf 88' lang='lat' dir='ltr'><strong>et</strong></span> <span class='ocrx_word' id='word_1_530' title='bbox 512 5086 742 5141; x_wconf 91' lang='lat' dir='ltr'><strong>dimidio</strong></span> <span class='ocrx_word' id='word_1_531' title='bbox 781 5102 907 5141; x_wconf 66' lang='lat' dir='ltr'><strong>mra:</strong></span> <span class='ocrx_word' id='word_1_532' title='bbox 935 5087 1251 5141; x_wconf 68' lang='lat' dir='ltr'><strong>Clll‘iSiialla!</strong></span> <span class='ocrx_word' id='word_1_533' title='bbox 1283 5093 1498 5145; x_wconf 63' lang='lat' dir='ltr'><strong>saeculis</strong></span> <span class='ocrx_word' id='word_1_534' title='bbox 1534 5093 1890 5148; x_wconf 82' lang='lat' dir='ltr'><strong>sanctimonia</strong></span> <span class='ocrx_word' id='word_1_535' title='bbox 1922 5093 2023 5146; x_wconf 86' lang='lat' dir='ltr'><strong>llo-</strong></span> 
     </span>
    </p>
   </div>
   <div class='ocr_carea' id='block_1_76' title="bbox 428 5178 1948 5252">
    <p class='ocr_par' dir='ltr' id='par_1_76' title="bbox 428 5178 1948 5252">
     <span class='ocr_line' id='line_1_78' title="bbox 428 5178 1948 5252; baseline 0.004 -20"><span class='ocrx_word' id='word_1_536' title='bbox 428 5190 687 5242; x_wconf 86' lang='lat' dir='ltr'><strong>ruerunt,</strong></span> <span class='ocrx_word' id='word_1_537' title='bbox 719 5181 897 5234; x_wconf 90' lang='lat' dir='ltr'><strong>cultus</strong></span> <span class='ocrx_word' id='word_1_538' title='bbox 926 5180 975 5233; x_wconf 94' lang='lat' dir='ltr'><strong>in</strong></span> <span class='ocrx_word' id='word_1_539' title='bbox 1010 5178 1247 5234; x_wconf 77' lang='lat' dir='ltr'><strong>Erclcsia</strong></span> <span class='ocrx_word' id='word_1_540' title='bbox 1280 5180 1508 5236; x_wconf 83' lang='lat' dir='ltr'><strong>lirmitt-r</strong></span> <span class='ocrx_word' id='word_1_541' title='bbox 1534 5186 1948 5252; x_wconf 82' lang='lat' dir='ltr'><strong>comprobatur.</strong></span> 
     </span>
    </p>
   </div>
   <div class='ocr_carea' id='block_1_77' title="bbox 2128 3972 3721 4038">
    <p class='ocr_par' dir='ltr' id='par_1_77' title="bbox 2128 3972 3721 4038">
     <span class='ocr_line' id='line_1_79' title="bbox 2128 3972 3721 4038; baseline 0 -12"><span class='ocrx_word' id='word_1_542' title='bbox 2128 3974 2280 4038; x_wconf 83' lang='lat' dir='ltr'><strong>Quod</strong></span> <span class='ocrx_word' id='word_1_543' title='bbox 2309 3972 2654 4027; x_wconf 84' lang='lat' dir='ltr'><strong>Postumanio</strong></span> <span class='ocrx_word' id='word_1_544' title='bbox 2685 3983 2731 4025; x_wconf 89' lang='lat' dir='ltr'><strong>et</strong></span> <span class='ocrx_word' id='word_1_545' title='bbox 2772 3972 2979 4028; x_wconf 84' lang='lat' dir='ltr'><strong>Zenone</strong></span> <span class='ocrx_word' id='word_1_546' title='bbox 3008 3976 3132 4027; x_wconf 83' lang='lat' dir='ltr'><strong>viris</strong></span> <span class='ocrx_word' id='word_1_547' title='bbox 3161 3975 3462 4028; x_wconf 86' lang='lat' dir='ltr'><strong>clarissimis</strong></span> <span class='ocrx_word' id='word_1_548' title='bbox 3495 3976 3721 4027; x_wconf 67' lang='lat' dir='ltr'><strong>consuti-</strong></span> 
     </span>
    </p>
   </div>
   <div class='ocr_carea' id='block_1_78' title="bbox 2125 4066 3721 4121">
    <p class='ocr_par' dir='ltr' id='par_1_78' title="bbox 2125 4066 3721 4121">
     <span class='ocr_line' id='line_1_80' title="bbox 2125 4066 3721 4121; baseline 0.001 -1"><span class='ocrx_word' id='word_1_549' title='bbox 2125 4070 2217 4120; x_wconf 87' lang='lat' dir='ltr'><strong>bus</strong></span> <span class='ocrx_word' id='word_1_550' title='bbox 2264 4066 2524 4119; x_wconf 77' lang='lat' dir='ltr'><strong>annotavi.</strong></span> <span class='ocrx_word' id='word_1_551' title='bbox 2575 4066 2796 4119; x_wconf 87' lang='lat' dir='ltr'><strong>Certum</strong></span> <span class='ocrx_word' id='word_1_552' title='bbox 2849 4074 2933 4120; x_wconf 90' lang='lat' dir='ltr'><strong>est</strong></span> <span class='ocrx_word' id='word_1_553' title='bbox 2978 4066 3230 4121; x_wconf 77' lang='lat' dir='ltr'><strong>consules</strong></span> <span class='ocrx_word' id='word_1_554' title='bbox 3275 4066 3360 4120; x_wconf 90' lang='lat' dir='ltr'><strong>ltic</strong></span> <span class='ocrx_word' id='word_1_555' title='bbox 3414 4068 3721 4121; x_wconf 88' lang='lat' dir='ltr'><strong>nominatos</strong></span> 
     </span>
    </p>
   </div>
   <div class='ocr_carea' id='block_1_79' title="bbox 2124 4159 3502 4231">
    <p class='ocr_par' dir='ltr' id='par_1_79' title="bbox 2124 4159 3502 4231">
     <span class='ocr_line' id='line_1_81' title="bbox 2124 4159 3502 4231; baseline 0 -17"><span class='ocrx_word' id='word_1_556' title='bbox 2124 4161 2457 4231; x_wconf 76' lang='lat' dir='ltr'><strong>processisse</strong></span> <span class='ocrx_word' id='word_1_557' title='bbox 2484 4174 2548 4214; x_wconf 89' lang='lat' dir='ltr'><strong>ac</strong></span> <span class='ocrx_word' id='word_1_558' title='bbox 2580 4159 2861 4226; x_wconf 64' lang='lat' dir='ltr'><strong>praefuisse</strong></span> <span class='ocrx_word' id='word_1_559' title='bbox 2889 4176 3033 4214; x_wconf 88' lang='lat' dir='ltr'><strong>anno</strong></span> <span class='ocrx_word' id='word_1_560' title='bbox 3058 4159 3261 4213; x_wconf 85' lang='lat' dir='ltr'><strong>Christi</strong></span> <span class='ocrx_word' id='word_1_561' title='bbox 3290 4175 3502 4215; x_wconf 84' lang='lat' dir='ltr'><strong>ccccut.</strong></span> 
     </span>
    </p>
   </div>
   <div class='ocr_carea' id='block_1_80' title="bbox 2197 4251 3719 4325">
    <p class='ocr_par' dir='ltr' id='par_1_80' title="bbox 2197 4251 3719 4325">
     <span class='ocr_line' id='line_1_82' title="bbox 2197 4251 3719 4325; baseline -0.001 -17"><span class='ocrx_word' id='word_1_562' title='bbox 2197 4254 2251 4308; x_wconf 82' lang='grc'><strong>5.</strong></span> <span class='ocrx_word' id='word_1_563' title='bbox 2294 4251 2451 4306; x_wconf 68' lang='grc' dir='ltr'><strong>ιιΕιαδ</strong></span> <span class='ocrx_word' id='word_1_564' title='bbox 2481 4253 2769 4325; x_wconf 77' lang='lat' dir='ltr'><strong>scriptoris.</strong></span> <span class='ocrx_word' id='word_1_565' title='bbox 2790 4282 2862 4293; x_wconf 70' lang='grc' dir='ltr'><strong>συ-</strong></span> <span class='ocrx_word' id='word_1_566' title='bbox 2881 4254 3107 4307; x_wconf 85' lang='lat' dir='ltr'><strong>Additur</strong></span> <span class='ocrx_word' id='word_1_567' title='bbox 3146 4252 3523 4307; x_wconf 86' lang='lat' dir='ltr'><strong>Kalendarium</strong></span> <span class='ocrx_word' id='word_1_568' title='bbox 3552 4255 3719 4307; x_wconf 86' lang='lat' dir='ltr'><strong>aliud.</strong></span> 
     </span>
    </p>
   </div>
   <div class='ocr_carea' id='block_1_81' title="bbox 2125 4343 3724 4416">
    <p class='ocr_par' dir='ltr' id='par_1_81' title="bbox 2125 4343 3724 4416">
     <span class='ocr_line' id='line_1_83' title="bbox 2125 4343 3724 4416; baseline -0.001 -16"><span class='ocrx_word' id='word_1_569' title='bbox 2125 4375 2197 4385; x_wconf 92' lang='lat'><strong><em>—</em></strong></span> <span class='ocrx_word' id='word_1_570' title='bbox 2222 4346 2354 4400; x_wconf 85' lang='lat' dir='ltr'><strong>Item</strong></span> <span class='ocrx_word' id='word_1_571' title='bbox 2384 4345 2485 4400; x_wconf 90' lang='lat' dir='ltr'><strong>snb</strong></span> <span class='ocrx_word' id='word_1_572' title='bbox 2509 4346 2665 4400; x_wconf 89' lang='lat' dir='ltr'><strong>titulo</strong></span> <span class='ocrx_word' id='word_1_573' title='bbox 2691 4362 2705 4398; x_wconf 89' lang='lat'><strong>:</strong></span> <span class='ocrx_word' id='word_1_574' title='bbox 2733 4343 3053 4399; x_wconf 86' lang='lat' dir='ltr'><strong>Breuiarium</strong></span> <span class='ocrx_word' id='word_1_575' title='bbox 3076 4356 3379 4416; x_wconf 87' lang='lat' dir='ltr'><strong>temporum,</strong></span> <span class='ocrx_word' id='word_1_576' title='bbox 3404 4346 3493 4414; x_wconf 86' lang='lat' dir='ltr'><strong>qui</strong></span> <span class='ocrx_word' id='word_1_577' title='bbox 3522 4343 3724 4400; x_wconf 81' lang='lat' dir='ltr'><strong>Kalen-</strong></span> 
     </span>
    </p>
   </div>
   <div class='ocr_carea' id='block_1_82' title="bbox 2127 4424 3724 4506">
    <p class='ocr_par' dir='ltr' id='par_1_82' title="bbox 2127 4424 3724 4506">
     <span class='ocr_line' id='line_1_84' title="bbox 2127 4424 3724 4506; baseline 0 -15"><span class='ocrx_word' id='word_1_578' title='bbox 2127 4436 2321 4501; x_wconf 89' lang='lat' dir='ltr'><strong>dario,</strong></span> <span class='ocrx_word' id='word_1_579' title='bbox 2358 4446 2480 4503; x_wconf 88' lang='lat' dir='ltr'><strong>post</strong></span> <span class='ocrx_word' id='word_1_580' title='bbox 2533 4452 2776 4492; x_wconf 85' lang='lat' dir='ltr'><strong>mensem</strong></span> <span class='ocrx_word' id='word_1_581' title='bbox 2834 4424 3161 4506; x_wconf 84' lang='lat' dir='ltr'><strong>Augnsmm,</strong></span> <span class='ocrx_word' id='word_1_582' title='bbox 3208 4438 3500 4502; x_wconf 83' lang='lat' dir='ltr'><strong>inseritur;</strong></span> <span class='ocrx_word' id='word_1_583' title='bbox 3536 4436 3724 4491; x_wconf 69' lang='lat' dir='ltr'><strong>isthmc</strong></span> 
     </span>
    </p>
   </div>
   <div class='ocr_carea' id='block_1_83' title="bbox 2121 4526 3722 4602">
    <p class='ocr_par' dir='ltr' id='par_1_83' title="bbox 2121 4526 3722 4602">
     <span class='ocr_line' id='line_1_85' title="bbox 2121 4526 3722 4602; baseline -0.001 -17"><span class='ocrx_word' id='word_1_584' title='bbox 2121 4530 2397 4598; x_wconf 85' lang='lat' dir='ltr'><strong>leguntur.</strong></span> <span class='ocrx_word' id='word_1_585' title='bbox 2427 4532 2591 4583; x_wconf 88' lang='lat' dir='ltr'><strong>etiam</strong></span> <span class='ocrx_word' id='word_1_586' title='bbox 2626 4528 2691 4582; x_wconf 87' lang='lat' dir='ltr'><strong>at]</strong></span> <span class='ocrx_word' id='word_1_587' title='bbox 2718 4528 2922 4583; x_wconf 80' lang='lat' dir='ltr'><strong>calcem</strong></span> <span class='ocrx_word' id='word_1_588' title='bbox 2958 4546 2971 4584; x_wconf 89' lang='lat'><strong>:</strong></span> <span class='ocrx_word' id='word_1_589' title='bbox 3002 4526 3167 4602; x_wconf 81' lang='lat' dir='ltr'><strong>Cujus</strong></span> <span class='ocrx_word' id='word_1_590' title='bbox 3188 4530 3722 4601; x_wconf 84' lang='lat' dir='ltr'><strong>regniRomanorum</strong></span> 
     </span>
    </p>
   </div>
   <div class='ocr_carea' id='block_1_84' title="bbox 2131 4621 3727 4692">
    <p class='ocr_par' dir='ltr' id='par_1_84' title="bbox 2131 4621 3727 4692">
     <span class='ocr_line' id='line_1_86' title="bbox 2131 4621 3727 4692; baseline -0.001 -16"><span class='ocrx_word' id='word_1_591' title='bbox 2131 4621 2223 4692; x_wconf 91' lang='lat' dir='ltr'><strong>(de</strong></span> <span class='ocrx_word' id='word_1_592' title='bbox 2255 4621 2399 4675; x_wconf 84' lang='lat' dir='ltr'><strong>illius</strong></span> <span class='ocrx_word' id='word_1_593' title='bbox 2429 4622 2627 4689; x_wconf 88' lang='lat' dir='ltr'><strong>quippe</strong></span> <span class='ocrx_word' id='word_1_594' title='bbox 2656 4621 2896 4690; x_wconf 87' lang='lat' dir='ltr'><strong>regibus,</strong></span> <span class='ocrx_word' id='word_1_595' title='bbox 2928 4622 3245 4675; x_wconf 67' lang='lat' dir='ltr'><strong>consulibus</strong></span> <span class='ocrx_word' id='word_1_596' title='bbox 3289 4633 3344 4677; x_wconf 89' lang='lat' dir='ltr'><strong>et</strong></span> <span class='ocrx_word' id='word_1_597' title='bbox 3386 4622 3727 4691; x_wconf 82' lang='lat' dir='ltr'><strong>imperatori-</strong></span> 
     </span>
    </p>
   </div>
   <div class='ocr_carea' id='block_1_85' title="bbox 2126 4709 3727 4782">
    <p class='ocr_par' dir='ltr' id='par_1_85' title="bbox 2126 4709 3727 4782">
     <span class='ocr_line' id='line_1_87' title="bbox 2126 4709 3727 4782; baseline -0.001 -16"><span class='ocrx_word' id='word_1_598' title='bbox 2126 4712 2227 4767; x_wconf 87' lang='lat' dir='ltr'><strong>bus</strong></span> <span class='ocrx_word' id='word_1_599' title='bbox 2258 4712 2456 4782; x_wconf 87' lang='lat' dir='ltr'><strong>agitur)</strong></span> <span class='ocrx_word' id='word_1_600' title='bbox 2484 4714 2547 4763; x_wconf 89' lang='lat' dir='ltr'><strong>ab</strong></span> <span class='ocrx_word' id='word_1_601' title='bbox 2580 4709 2732 4766; x_wconf 86' lang='lat' dir='ltr'><strong>Urbis</strong></span> <span class='ocrx_word' id='word_1_602' title='bbox 2755 4712 2969 4765; x_wconf 74' lang='lat' dir='ltr'><strong>exordio</strong></span> <span class='ocrx_word' id='word_1_603' title='bbox 3000 4713 3144 4766; x_wconf 85' lang='lat' dir='ltr'><strong>mille</strong></span> <span class='ocrx_word' id='word_1_604' title='bbox 3169 4723 3212 4766; x_wconf 80' lang='lat' dir='ltr'><strong>et</strong></span> <span class='ocrx_word' id='word_1_605' title='bbox 3237 4713 3471 4767; x_wconf 85' lang='lat' dir='ltr'><strong>ducentis</strong></span> <span class='ocrx_word' id='word_1_606' title='bbox 3501 4713 3727 4782; x_wconf 82' lang='lat' dir='ltr'><strong>comple-</strong></span> 
     </span>
    </p>
   </div>
   <div class='ocr_carea' id='block_1_86' title="bbox 2128 4802 3725 4871">
    <p class='ocr_par' dir='ltr' id='par_1_86' title="bbox 2128 4802 3725 4871">
     <span class='ocr_line' id='line_1_88' title="bbox 2128 4802 3725 4871; baseline 0.001 -13"><span class='ocrx_word' id='word_1_607' title='bbox 2128 4805 2193 4858; x_wconf 88' lang='lat' dir='ltr'><strong>tis</strong></span> <span class='ocrx_word' id='word_1_608' title='bbox 2234 4806 2414 4870; x_wconf 88' lang='lat' dir='ltr'><strong>annis;</strong></span> <span class='ocrx_word' id='word_1_609' title='bbox 2441 4802 2779 4857; x_wconf 87' lang='lat' dir='ltr'><strong>Postumiana</strong></span> <span class='ocrx_word' id='word_1_610' title='bbox 2814 4815 2863 4859; x_wconf 87' lang='lat' dir='ltr'><strong>et</strong></span> <span class='ocrx_word' id='word_1_611' title='bbox 2902 4804 3110 4858; x_wconf 88' lang='lat' dir='ltr'><strong>Zenone</strong></span> <span class='ocrx_word' id='word_1_612' title='bbox 3154 4808 3490 4871; x_wconf 84' lang='lat' dir='ltr'><strong>consulibus;</strong></span> <span class='ocrx_word' id='word_1_613' title='bbox 3523 4807 3725 4860; x_wconf 88' lang='lat' dir='ltr'><strong>Asterio</strong></span> 
     </span>
    </p>
   </div>
   <div class='ocr_carea' id='block_1_87' title="bbox 2126 4898 3727 4970">
    <p class='ocr_par' dir='ltr' id='par_1_87' title="bbox 2126 4898 3727 4970">
     <span class='ocr_line' id='line_1_89' title="bbox 2126 4898 3727 4970; baseline 0.001 -19"><span class='ocrx_word' id='word_1_614' title='bbox 2126 4898 2374 4962; x_wconf 87' lang='lat' dir='ltr'><strong>consule,</strong></span> <span class='ocrx_word' id='word_1_615' title='bbox 2434 4909 2692 4967; x_wconf 85' lang='lat' dir='ltr'><strong>tamquam</strong></span> <span class='ocrx_word' id='word_1_616' title='bbox 2742 4898 2941 4969; x_wconf 82' lang='lat' dir='ltr'><strong>primus</strong></span> <span class='ocrx_word' id='word_1_617' title='bbox 2988 4916 3159 4953; x_wconf 87' lang='lat' dir='ltr'><strong>annus</strong></span> <span class='ocrx_word' id='word_1_618' title='bbox 3214 4900 3419 4970; x_wconf 84' lang='lat' dir='ltr'><strong>incipit.</strong></span> <span class='ocrx_word' id='word_1_619' title='bbox 3478 4898 3727 4954; x_wconf 80' lang='lat' dir='ltr'><strong>Fuerunt</strong></span> 
     </span>
    </p>
   </div>
   <div class='ocr_carea' id='block_1_88' title="bbox 2128 4989 3725 5059">
    <p class='ocr_par' dir='ltr' id='par_1_88' title="bbox 2128 4989 3725 5059">
     <span class='ocr_line' id='line_1_90' title="bbox 2128 4989 3725 5059; baseline -0.001 -13"><span class='ocrx_word' id='word_1_620' title='bbox 2128 4991 2508 5046; x_wconf 82' lang='lat' dir='ltr'><strong>Postuntiantts</strong></span> <span class='ocrx_word' id='word_1_621' title='bbox 2548 4998 2603 5045; x_wconf 90' lang='lat' dir='ltr'><strong>et</strong></span> <span class='ocrx_word' id='word_1_622' title='bbox 2640 4989 2788 5043; x_wconf 89' lang='lat' dir='ltr'><strong>Zeno</strong></span> <span class='ocrx_word' id='word_1_623' title='bbox 2837 4990 3115 5055; x_wconf 87' lang='lat' dir='ltr'><strong>consules,</strong></span> <span class='ocrx_word' id='word_1_624' title='bbox 3160 4992 3238 5043; x_wconf 92' lang='lat' dir='ltr'><strong>uti</strong></span> <span class='ocrx_word' id='word_1_625' title='bbox 3282 4992 3392 5059; x_wconf 85' lang='lat' dir='ltr'><strong>jam</strong></span> <span class='ocrx_word' id='word_1_626' title='bbox 3443 4989 3683 5044; x_wconf 81' lang='lat' dir='ltr'><strong>diximus</strong></span> <span class='ocrx_word' id='word_1_627' title='bbox 3711 5030 3725 5053; x_wconf 83' lang='lat'><strong><em>.</em></strong></span> 
     </span>
    </p>
   </div>
   <div class='ocr_carea' id='block_1_89' title="bbox 2126 5080 3727 5151">
    <p class='ocr_par' dir='ltr' id='par_1_89' title="bbox 2126 5080 3727 5151">
     <span class='ocr_line' id='line_1_91' title="bbox 2126 5080 3727 5151; baseline -0.002 -13"><span class='ocrx_word' id='word_1_628' title='bbox 2126 5100 2271 5138; x_wconf 86' lang='lat' dir='ltr'><strong>anno</strong></span> <span class='ocrx_word' id='word_1_629' title='bbox 2299 5099 2525 5147; x_wconf 87' lang='lat' dir='ltr'><strong>ccccnt;</strong></span> <span class='ocrx_word' id='word_1_630' title='bbox 2558 5083 2653 5136; x_wconf 88' lang='lat' dir='ltr'><strong>l‘uit</strong></span> <span class='ocrx_word' id='word_1_631' title='bbox 2687 5084 2936 5136; x_wconf 85' lang='lat' dir='ltr'><strong>Asterius</strong></span> <span class='ocrx_word' id='word_1_632' title='bbox 2965 5098 3111 5135; x_wconf 89' lang='lat' dir='ltr'><strong>anno</strong></span> <span class='ocrx_word' id='word_1_633' title='bbox 3142 5082 3417 5151; x_wconf 88' lang='lat' dir='ltr'><strong>sequenti.</strong></span> <span class='ocrx_word' id='word_1_634' title='bbox 3449 5080 3581 5134; x_wconf 72' lang='lat' dir='ltr'><strong>Hice</strong></span> <span class='ocrx_word' id='word_1_635' title='bbox 3608 5098 3727 5146; x_wconf 80' lang='lat' dir='ltr'><strong>ergo</strong></span> 
     </span>
    </p>
   </div>
   <div class='ocr_carea' id='block_1_90' title="bbox 2127 5175 3726 5250">
    <p class='ocr_par' dir='ltr' id='par_1_90' title="bbox 2127 5175 3726 5250">
     <span class='ocr_line' id='line_1_92' title="bbox 2127 5175 3726 5250; baseline -0.001 -23"><span class='ocrx_word' id='word_1_636' title='bbox 2127 5177 2344 5250; x_wconf 88' lang='lat' dir='ltr'><strong>(loquor</strong></span> <span class='ocrx_word' id='word_1_637' title='bbox 2372 5178 2550 5232; x_wconf 89' lang='lat' dir='ltr'><strong>verbis</strong></span> <span class='ocrx_word' id='word_1_638' title='bbox 2582 5175 2851 5246; x_wconf 84' lang='lat' dir='ltr'><strong>Bollandi)</strong></span> <span class='ocrx_word' id='word_1_639' title='bbox 2885 5177 3089 5242; x_wconf 77' lang='lat' dir='ltr'><strong>scripsit</strong></span> <span class='ocrx_word' id='word_1_640' title='bbox 3122 5175 3323 5229; x_wconf 81' lang='lat' dir='ltr'><strong>Sili-ius</strong></span> <span class='ocrx_word' id='word_1_641' title='bbox 3354 5190 3489 5228; x_wconf 90' lang='lat' dir='ltr'><strong>anno</strong></span> <span class='ocrx_word' id='word_1_642' title='bbox 3512 5188 3726 5240; x_wconf 86' lang='lat' dir='ltr'><strong>ccccut,</strong></span> 
     </span>
    </p>
   </div>
   <div class='ocr_carea' id='block_1_91' title="bbox 497 5244 3732 5337">
    <p class='ocr_par' dir='ltr' id='par_1_91' title="bbox 497 5244 3732 5337">
     <span class='ocr_line' id='line_1_93' title="bbox 497 5244 3732 5337; baseline -0.002 -12"><span class='ocrx_word' id='word_1_643' title='bbox 497 5272 552 5325; x_wconf 64' lang='grc' dir='ltr'><strong>ἓ.</strong></span> <span class='ocrx_word' id='word_1_644' title='bbox 597 5270 882 5327; x_wconf 90' lang='lat' dir='ltr'><strong>Promissio</strong></span> <span class='ocrx_word' id='word_1_645' title='bbox 902 5271 987 5327; x_wconf 83' lang='lat' dir='ltr'><strong>hic</strong></span> <span class='ocrx_word' id='word_1_646' title='bbox 1007 5272 1240 5327; x_wconf 77' lang='lat' dir='ltr'><strong>solvitur.</strong></span> <span class='ocrx_word' id='word_1_647' title='bbox 1261 5302 1333 5313; x_wconf 90' lang='lat'><strong>—-</strong></span> <span class='ocrx_word' id='word_1_648' title='bbox 1357 5274 1594 5329; x_wconf 83' lang='lat' dir='ltr'><strong>Alteram</strong></span> <span class='ocrx_word' id='word_1_649' title='bbox 1630 5275 1871 5328; x_wconf 82' lang='lat' dir='ltr'><strong>Bollandi</strong></span> <span class='ocrx_word' id='word_1_650' title='bbox 1901 5289 2022 5337; x_wconf 90' lang='lat' dir='ltr'><strong>pro-</strong></span> <span class='ocrx_word' id='word_1_651' title='bbox 2050 5244 2104 5303; x_wconf 80' lang='lat' dir='ltr'><strong>D</strong></span> <span class='ocrx_word' id='word_1_652' title='bbox 2128 5284 2175 5325; x_wconf 86' lang='lat' dir='ltr'><strong>et</strong></span> <span class='ocrx_word' id='word_1_653' title='bbox 2204 5271 2356 5324; x_wconf 90' lang='lat' dir='ltr'><strong>initio</strong></span> <span class='ocrx_word' id='word_1_654' title='bbox 2393 5269 2677 5334; x_wconf 79' lang='lat' dir='ltr'><strong>sequentis,</strong></span> <span class='ocrx_word' id='word_1_655' title='bbox 2704 5284 2823 5321; x_wconf 86' lang='lat' dir='ltr'><strong>cum</strong></span> <span class='ocrx_word' id='word_1_656' title='bbox 2865 5268 3084 5321; x_wconf 85' lang='lat' dir='ltr'><strong>necdum</strong></span> <span class='ocrx_word' id='word_1_657' title='bbox 3125 5267 3305 5321; x_wconf 64' lang='lat' dir='ltr'><strong>Romae</strong></span> <span class='ocrx_word' id='word_1_658' title='bbox 3348 5270 3587 5330; x_wconf 87' lang='lat' dir='ltr'><strong>sciretur,</strong></span> <span class='ocrx_word' id='word_1_659' title='bbox 3615 5269 3732 5335; x_wconf 84' lang='lat' dir='ltr'><strong>quis</strong></span> 
     </span>
    </p>
   </div>
   <div class='ocr_carea' id='block_1_92' title="bbox 426 5365 2020 5423">
    <p class='ocr_par' dir='ltr' id='par_1_92' title="bbox 426 5365 2020 5423">
     <span class='ocr_line' id='line_1_94' title="bbox 426 5365 2020 5423; baseline 0.001 -3"><span class='ocrx_word' id='word_1_660' title='bbox 426 5367 740 5423; x_wconf 64' lang='lat' dir='ltr'><strong>missionem</strong></span> <span class='ocrx_word' id='word_1_661' title='bbox 766 5368 834 5422; x_wconf 91' lang='lat' dir='ltr'><strong>de</strong></span> <span class='ocrx_word' id='word_1_662' title='bbox 853 5366 1116 5420; x_wconf 73' lang='lat' dir='ltr'><strong>laterculo</strong></span> <span class='ocrx_word' id='word_1_663' title='bbox 1146 5366 1383 5421; x_wconf 87' lang='lat' dir='ltr'><strong>Polemei</strong></span> <span class='ocrx_word' id='word_1_664' title='bbox 1411 5366 1497 5420; x_wconf 87' lang='lat' dir='ltr'><strong>hic</strong></span> <span class='ocrx_word' id='word_1_665' title='bbox 1518 5367 1803 5421; x_wconf 89' lang='lat' dir='ltr'><strong>solvimus.</strong></span> <span class='ocrx_word' id='word_1_666' title='bbox 1836 5365 2020 5421; x_wconf 80' lang='lat' dir='ltr'><strong>Codex</strong></span> 
     </span>
    </p>
   </div>
   <div class='ocr_carea' id='block_1_93' title="bbox 429 5460 2022 5530">
    <p class='ocr_par' dir='ltr' id='par_1_93' title="bbox 429 5460 2022 5530">
     <span class='ocr_line' id='line_1_95' title="bbox 429 5460 2022 5530; baseline 0.001 -19"><span class='ocrx_word' id='word_1_667' title='bbox 429 5469 647 5525; x_wconf 63' lang='lat' dir='ltr'><strong>noster,</strong></span> <span class='ocrx_word' id='word_1_668' title='bbox 682 5465 732 5514; x_wconf 92' lang='lat' dir='ltr'><strong>in</strong></span> <span class='ocrx_word' id='word_1_669' title='bbox 772 5476 879 5530; x_wconf 90' lang='lat' dir='ltr'><strong>quo</strong></span> <span class='ocrx_word' id='word_1_670' title='bbox 910 5460 1199 5515; x_wconf 89' lang='lat' dir='ltr'><strong>laterculus</strong></span> <span class='ocrx_word' id='word_1_671' title='bbox 1254 5461 1569 5515; x_wconf 88' lang='lat' dir='ltr'><strong>continetur</strong></span> <span class='ocrx_word' id='word_1_672' title='bbox 1591 5502 1604 5523; x_wconf 95' lang='lat'><strong>,</strong></span> <span class='ocrx_word' id='word_1_673' title='bbox 1636 5460 2022 5514; x_wconf 86' lang='lat' dir='ltr'><strong>membraneus</strong></span> 
     </span>
    </p>
   </div>
   <div class='ocr_carea' id='block_1_94' title="bbox 430 5551 2025 5624">
    <p class='ocr_par' dir='ltr' id='par_1_94' title="bbox 430 5551 2025 5624">
     <span class='ocr_line' id='line_1_96' title="bbox 430 5551 2025 5624; baseline 0.002 -21"><span class='ocrx_word' id='word_1_674' title='bbox 430 5560 512 5604; x_wconf 86' lang='lat' dir='ltr'><strong>est</strong></span> <span class='ocrx_word' id='word_1_675' title='bbox 541 5560 596 5604; x_wconf 88' lang='lat' dir='ltr'><strong>et</strong></span> <span class='ocrx_word' id='word_1_676' title='bbox 630 5554 841 5621; x_wconf 88' lang='lat' dir='ltr'><strong>spissus</strong></span> <span class='ocrx_word' id='word_1_677' title='bbox 868 5595 881 5616; x_wconf 89' lang='lat'><strong>,</strong></span> <span class='ocrx_word' id='word_1_678' title='bbox 926 5552 1166 5624; x_wconf 79' lang='lat' dir='ltr'><strong>pliilyras</strong></span> <span class='ocrx_word' id='word_1_679' title='bbox 1213 5569 1419 5608; x_wconf 80' lang='lat' dir='ltr'><strong>ccxxxt</strong></span> <span class='ocrx_word' id='word_1_680' title='bbox 1475 5568 1803 5614; x_wconf 81' lang='lat' dir='ltr'><strong>numerans;</strong></span> <span class='ocrx_word' id='word_1_681' title='bbox 1833 5551 2025 5606; x_wconf 86' lang='lat' dir='ltr'><strong>chara-</strong></span> 
     </span>
    </p>
   </div>
   <div class='ocr_carea' id='block_1_95' title="bbox 430 5644 2024 5715">
    <p class='ocr_par' dir='ltr' id='par_1_95' title="bbox 430 5644 2024 5715">
     <span class='ocr_line' id='line_1_97' title="bbox 430 5644 2024 5715; baseline 0.001 -18"><span class='ocrx_word' id='word_1_682' title='bbox 430 5652 582 5697; x_wconf 89' lang='lat' dir='ltr'><strong>ctere</strong></span> <span class='ocrx_word' id='word_1_683' title='bbox 610 5644 816 5698; x_wconf 81' lang='lat' dir='ltr'><strong>minuto</strong></span> <span class='ocrx_word' id='word_1_684' title='bbox 840 5687 853 5709; x_wconf 92' lang='lat'><strong>,</strong></span> <span class='ocrx_word' id='word_1_685' title='bbox 884 5645 977 5698; x_wconf 88' lang='lat' dir='ltr'><strong>sed</strong></span> <span class='ocrx_word' id='word_1_686' title='bbox 1007 5656 1218 5711; x_wconf 78' lang='lat' dir='ltr'><strong>Stante,</strong></span> <span class='ocrx_word' id='word_1_687' title='bbox 1250 5649 1485 5715; x_wconf 91' lang='lat' dir='ltr'><strong>scriptus</strong></span> <span class='ocrx_word' id='word_1_688' title='bbox 1517 5646 1585 5701; x_wconf 86' lang='lat' dir='ltr'><strong>ab</strong></span> <span class='ocrx_word' id='word_1_689' title='bbox 1618 5646 1809 5700; x_wconf 90' lang='lat' dir='ltr'><strong>eadem</strong></span> <span class='ocrx_word' id='word_1_690' title='bbox 1860 5661 2024 5699; x_wconf 88' lang='lat' dir='ltr'><strong>manu</strong></span> 
     </span>
    </p>
   </div>
   <div class='ocr_carea' id='block_1_96' title="bbox 432 5734 2027 5809">
    <p class='ocr_par' dir='ltr' id='par_1_96' title="bbox 432 5734 2027 5809">
     <span class='ocr_line' id='line_1_98' title="bbox 432 5734 2027 5809; baseline 0.002 -18"><span class='ocrx_word' id='word_1_691' title='bbox 432 5752 461 5793; x_wconf 90' lang='lat' dir='ltr'><strong>a</strong></span> <span class='ocrx_word' id='word_1_692' title='bbox 493 5734 673 5804; x_wconf 74' lang='lat' dir='ltr'><strong>capite</strong></span> <span class='ocrx_word' id='word_1_693' title='bbox 703 5734 770 5788; x_wconf 89' lang='lat' dir='ltr'><strong>ad</strong></span> <span class='ocrx_word' id='word_1_694' title='bbox 797 5738 1000 5789; x_wconf 89' lang='lat' dir='ltr'><strong>calcem</strong></span> <span class='ocrx_word' id='word_1_695' title='bbox 1027 5776 1042 5800; x_wconf 96' lang='lat'><strong>,</strong></span> <span class='ocrx_word' id='word_1_696' title='bbox 1078 5752 1185 5791; x_wconf 88' lang='lat' dir='ltr'><strong>non</strong></span> <span class='ocrx_word' id='word_1_697' title='bbox 1214 5736 1335 5793; x_wconf 86' lang='lat' dir='ltr'><strong>sine</strong></span> <span class='ocrx_word' id='word_1_698' title='bbox 1366 5739 1599 5793; x_wconf 88' lang='lat' dir='ltr'><strong>mendis.</strong></span> <span class='ocrx_word' id='word_1_699' title='bbox 1630 5736 2027 5809; x_wconf 85' lang='lat' dir='ltr'><strong>Complectitur</strong></span> 
     </span>
    </p>
   </div>
   <div class='ocr_carea' id='block_1_97' title="bbox 434 5823 2022 5899">
    <p class='ocr_par' dir='ltr' id='par_1_97' title="bbox 434 5823 2022 5899">
     <span class='ocr_line' id='line_1_99' title="bbox 434 5823 2022 5899; baseline 0.008 -26"><span class='ocrx_word' id='word_1_700' title='bbox 434 5826 585 5880; x_wconf 50' lang='lat' dir='ltr'><strong>(uaria</strong></span> <span class='ocrx_word' id='word_1_701' title='bbox 615 5823 749 5876; x_wconf 88' lang='lat' dir='ltr'><strong>varii</strong></span> <span class='ocrx_word' id='word_1_702' title='bbox 781 5826 1089 5889; x_wconf 81' lang='lat' dir='ltr'><strong>argumenti</strong></span> <span class='ocrx_word' id='word_1_703' title='bbox 1116 5828 1375 5893; x_wconf 83' lang='lat' dir='ltr'><strong>opuscula</strong></span> <span class='ocrx_word' id='word_1_704' title='bbox 1409 5830 1761 5899; x_wconf 79' lang='lat' dir='ltr'><strong>scriptorum.</strong></span> <span class='ocrx_word' id='word_1_705' title='bbox 1794 5844 2022 5898; x_wconf 82' lang='lat' dir='ltr'><strong>quorum</strong></span> 
     </span>
    </p>
   </div>
   <div class='ocr_carea' id='block_1_98' title="bbox 741 6028 819 6070">
    <p class='ocr_par' dir='ltr' id='par_1_98' title="bbox 741 6028 819 6070">
     <span class='ocr_line' id='line_1_100' title="bbox 741 6028 819 6070; baseline 0 0"><span class='ocrx_word' id='word_1_706' title='bbox 741 6028 819 6070; x_wconf 55' lang='grc' dir='ltr'><strong>λ</strong></span> 
     </span>
    </p>
   </div>
   <div class='ocr_carea' id='block_1_99' title="bbox 2131 5359 3727 5433">
    <p class='ocr_par' dir='ltr' id='par_1_99' title="bbox 2131 5359 3727 5433">
     <span class='ocr_line' id='line_1_101' title="bbox 2131 5359 3727 5433; baseline -0.004 -15"><span class='ocrx_word' id='word_1_707' title='bbox 2131 5363 2576 5433; x_wconf 81' lang='lat' dir='ltr'><strong>Constantinopoli</strong></span> <span class='ocrx_word' id='word_1_708' title='bbox 2631 5363 2815 5416; x_wconf 89' lang='lat' dir='ltr'><strong>consul</strong></span> <span class='ocrx_word' id='word_1_709' title='bbox 2863 5372 3039 5427; x_wconf 81' lang='lat' dir='ltr'><strong>esset;</strong></span> <span class='ocrx_word' id='word_1_710' title='bbox 3088 5363 3175 5430; x_wconf 89' lang='lat' dir='ltr'><strong>qui</strong></span> <span class='ocrx_word' id='word_1_711' title='bbox 3229 5359 3544 5431; x_wconf 88' lang='lat' dir='ltr'><strong>Protogenes</strong></span> <span class='ocrx_word' id='word_1_712' title='bbox 3608 5361 3727 5429; x_wconf 80' lang='lat' dir='ltr'><strong>fuit.</strong></span> 
     </span>
    </p>
   </div>
   <div class='ocr_carea' id='block_1_100' title="bbox 2134 5454 3729 5523">
    <p class='ocr_par' dir='ltr' id='par_1_100' title="bbox 2134 5454 3729 5523">
     <span class='ocr_line' id='line_1_102' title="bbox 2134 5454 3729 5523; baseline -0.003 -13"><span class='ocrx_word' id='word_1_713' title='bbox 2134 5456 2227 5510; x_wconf 89' lang='lat' dir='ltr'><strong>llis</strong></span> <span class='ocrx_word' id='word_1_714' title='bbox 2256 5457 2552 5523; x_wconf 70' lang='lat' dir='ltr'><strong>prtemissis</strong></span> <span class='ocrx_word' id='word_1_715' title='bbox 2573 5497 2588 5519; x_wconf 95' lang='lat'><strong>,</strong></span> <span class='ocrx_word' id='word_1_716' title='bbox 2615 5465 2673 5510; x_wconf 91' lang='lat' dir='ltr'><strong>ut</strong></span> <span class='ocrx_word' id='word_1_717' title='bbox 2700 5457 2767 5509; x_wconf 89' lang='lat' dir='ltr'><strong>de</strong></span> <span class='ocrx_word' id='word_1_718' title='bbox 2792 5466 2951 5509; x_wconf 67' lang='lat' dir='ltr'><strong>aetate</strong></span> <span class='ocrx_word' id='word_1_719' title='bbox 2982 5454 3268 5523; x_wconf 86' lang='lat' dir='ltr'><strong>scriptoris</strong></span> <span class='ocrx_word' id='word_1_720' title='bbox 3298 5454 3466 5507; x_wconf 72' lang='lat' dir='ltr'><strong>uestri</strong></span> <span class='ocrx_word' id='word_1_721' title='bbox 3497 5463 3729 5519; x_wconf 84' lang='lat' dir='ltr'><strong>constet,</strong></span> 
     </span>
    </p>
   </div>
   <div class='ocr_carea' id='block_1_101' title="bbox 2130 5546 3733 5617">
    <p class='ocr_par' dir='ltr' id='par_1_101' title="bbox 2130 5546 3733 5617">
     <span class='ocr_line' id='line_1_103' title="bbox 2130 5546 3733 5617; baseline -0.004 -9"><span class='ocrx_word' id='word_1_722' title='bbox 2130 5555 2331 5609; x_wconf 83' lang='lat' dir='ltr'><strong>accedo</strong></span> <span class='ocrx_word' id='word_1_723' title='bbox 2381 5553 2446 5607; x_wconf 90' lang='lat' dir='ltr'><strong>ad</strong></span> <span class='ocrx_word' id='word_1_724' title='bbox 2497 5552 2883 5607; x_wconf 82' lang='lat' dir='ltr'><strong>Kalendarium</strong></span> <span class='ocrx_word' id='word_1_725' title='bbox 2936 5551 3142 5616; x_wconf 90' lang='lat' dir='ltr'><strong>ipsum,</strong></span> <span class='ocrx_word' id='word_1_726' title='bbox 3195 5546 3338 5617; x_wconf 89' lang='lat' dir='ltr'><strong>quod</strong></span> <span class='ocrx_word' id='word_1_727' title='bbox 3385 5548 3591 5600; x_wconf 88' lang='lat' dir='ltr'><strong>dudum</strong></span> <span class='ocrx_word' id='word_1_728' title='bbox 3636 5562 3733 5616; x_wconf 88' lang='lat' dir='ltr'><strong>per</strong></span> 
     </span>
    </p>
   </div>
   <div class='ocr_carea' id='block_1_102' title="bbox 2132 5640 3734 5713">
    <p class='ocr_par' dir='ltr' id='par_1_102' title="bbox 2132 5640 3734 5713">
     <span class='ocr_line' id='line_1_104' title="bbox 2132 5640 3734 5713; baseline -0.006 -12"><span class='ocrx_word' id='word_1_729' title='bbox 2132 5647 2343 5701; x_wconf 82' lang='lat' dir='ltr'><strong>litteras</strong></span> <span class='ocrx_word' id='word_1_730' title='bbox 2393 5646 2684 5699; x_wconf 83' lang='lat' dir='ltr'><strong>multorum</strong></span> <span class='ocrx_word' id='word_1_731' title='bbox 2738 5643 2908 5713; x_wconf 87' lang='lat' dir='ltr'><strong>rogati</strong></span> <span class='ocrx_word' id='word_1_732' title='bbox 2958 5641 3191 5704; x_wconf 68' lang='lat' dir='ltr'><strong>fuimus;</strong></span> <span class='ocrx_word' id='word_1_733' title='bbox 3237 5640 3521 5708; x_wconf 82' lang='lat' dir='ltr'><strong>ipsumque</strong></span> <span class='ocrx_word' id='word_1_734' title='bbox 3576 5654 3606 5692; x_wconf 86' lang='lat' dir='ltr'><strong>e</strong></span> <span class='ocrx_word' id='word_1_735' title='bbox 3641 5652 3734 5692; x_wconf 89' lang='lat' dir='ltr'><strong>co-</strong></span> 
     </span>
    </p>
   </div>
   <div class='ocr_carea' id='block_1_103' title="bbox 2132 5736 3734 5808">
    <p class='ocr_par' dir='ltr' id='par_1_103' title="bbox 2132 5736 3734 5808">
     <span class='ocr_line' id='line_1_105' title="bbox 2132 5736 3734 5808; baseline -0.004 -13"><span class='ocrx_word' id='word_1_736' title='bbox 2132 5739 2253 5795; x_wconf 89' lang='lat' dir='ltr'><strong>dice</strong></span> <span class='ocrx_word' id='word_1_737' title='bbox 2293 5740 2459 5795; x_wconf 90' lang='lat' dir='ltr'><strong>citato</strong></span> <span class='ocrx_word' id='word_1_738' title='bbox 2502 5754 2742 5808; x_wconf 90' lang='lat' dir='ltr'><strong>promam</strong></span> <span class='ocrx_word' id='word_1_739' title='bbox 2787 5747 2948 5808; x_wconf 87' lang='lat' dir='ltr'><strong>prout</strong></span> <span class='ocrx_word' id='word_1_740' title='bbox 2978 5736 3048 5790; x_wconf 88' lang='lat' dir='ltr'><strong>ibi</strong></span> <span class='ocrx_word' id='word_1_741' title='bbox 3080 5736 3314 5803; x_wconf 87' lang='lat' dir='ltr'><strong>legitur;</strong></span> <span class='ocrx_word' id='word_1_742' title='bbox 3343 5743 3503 5804; x_wconf 90' lang='lat' dir='ltr'><strong>atque</strong></span> <span class='ocrx_word' id='word_1_743' title='bbox 3532 5748 3603 5788; x_wconf 79' lang='lat' dir='ltr'><strong>ex</strong></span> <span class='ocrx_word' id='word_1_744' title='bbox 3634 5746 3734 5803; x_wconf 87' lang='lat' dir='ltr'><strong>0p-</strong></span> 
     </span>
    </p>
   </div>
   <div class='ocr_carea' id='block_1_104' title="bbox 2134 5822 3729 5901">
    <p class='ocr_par' dir='ltr' id='par_1_104' title="bbox 2134 5822 3729 5901">
     <span class='ocr_line' id='line_1_106' title="bbox 2134 5822 3729 5901; baseline -0.006 -13"><span class='ocrx_word' id='word_1_745' title='bbox 2134 5832 2312 5901; x_wconf 77' lang='lat' dir='ltr'><strong>posito</strong></span> <span class='ocrx_word' id='word_1_746' title='bbox 2380 5831 2733 5885; x_wconf 83' lang='lat' dir='ltr'><strong>colttntnatlm</strong></span> <span class='ocrx_word' id='word_1_747' title='bbox 2795 5840 3061 5899; x_wconf 80' lang='lat' dir='ltr'><strong>apponam</strong></span> <span class='ocrx_word' id='word_1_748' title='bbox 3128 5822 3517 5883; x_wconf 77' lang='lat' dir='ltr'><strong>Kalendarittm</strong></span> <span class='ocrx_word' id='word_1_749' title='bbox 3582 5824 3729 5880; x_wconf 67' lang='lat' dir='ltr'><strong>aliud</strong></span> 
     </span>
    </p>
   </div>
  </div>
