4194 6184
542 192 649 248 673

1466 191 1607 251 DUO
1646 193 2099 253 KALENDARIA
2135 189 2465 262 ANTIQUA.
2510 192 2903 251 PREFATIO.

3737 197 3844 254 67b

541 305 785 377 ejusdem
819 306 1209 377 propemodum
1241 306 1453 375 formze,
1484 320 1537 362 at
1586 309 1743 365 annis
1777 310 1890 366 fere
1919 322 2136 367 centum
2166 311 2219 371 Α
2247 310 2503 364 ιιιὶιιειιιίω
2516 310 2799 380 digitorum
2820 322 3163 362 marmoreum
3187 309 3336 379 legile
3353 309 3421 362 ad
3442 309 3630 364 missas
3643 319 3691 364 et
3711 327 3845 366 azrea

543 401 691 468 prius
734 398 1008 467 vulgatum
1042 415 1072 452 a
1103 398 1266 453 Furia
1314 400 1563 471 Dionysio
1595 400 1871 456 Philocalo
1893 445 1909 469 ,
1943 413 1999 458 et
2035 402 2137 457 Va-

541 490 735 543 lentino
763 532 777 555 ,
807 491 994 544 nescio
1023 491 1109 544 cui
1138 532 1152 555 ,
1184 492 1526 563 insmptum.
1582 492 1714 547 Illud
1747 510 1777 547 e
1806 510 1907 547 ms.
1952 493 2140 549 itidem

542 591 759 647 nostro,
811 582 909 637 sed
950 581 1333 639 deﬁcientibus
1384 593 1615 654 quatuor
1662 587 1963 655 mensibus,
2011 588 2141 642 olim

542 675 712 731 edidit
739 675 989 746 Egidius
1018 677 1320 733 Bucherius
1351 679 1403 733 in
1435 681 1830 735 commentario
1859 682 1926 735 de
1955 681 2142 737 Victo-

541 767 605 823 rii
657 768 915 836 Aquitani
975 783 1183 823 eanone
1236 772 1510 838 paschali;
1563 780 1705 843 quod
1758 773 2141 830 Kalendarium

542 876 686 915 anno
715 857 916 914 Christi
945 862 1150 931 vulgari
1181 876 1367 917 cccuv
1399 866 1770 935 conscriptum
1808 866 1926 921 fuit.

612 951 665 1005 4.
696 951 772 1005 De
798 953 1099 1025 supradicto
1126 952 1452 1007 Kalendario
1482 959 1738 1025 praefatur
1760 956 2145 1012 Bue/terius.—

542 1046 621 1101 Ad
668 1045 1056 1100 Kalemlarium
1102 1046 1232 1100 illud
1279 1047 1358 1101 sic
1400 1047 1664 1117 prmfatur
1696 1049 1999 1104 Bucherius
2034 1066 2048 1102 :
2082 1049 2147 1104 Si

541 1144 678 1213 quod
704 1145 768 1196 de
795 1142 983 1196 horum
1020 1143 1381 1213 apusculorum
1412 1144 1555 1216 (quae
1581 1160 1649 1201 ex
1680 1146 1874 1200 eodem
1908 1163 2010 1200 ms.
2048 1162 2147 1201 no-

542 1241 656 1289 stro
678 1234 788 1303 jam
822 1236 1176 1304 impresserat
1207 1250 1306 1288 suo
1337 1235 1391 1289 in
1424 1239 1849 1307 commentario)
1878 1249 2028 1293 astate
2049 1240 2148 1292 du—

543 1326 681 1379 bium
728 1337 1046 1393 superesset,
1090 1329 1185 1380 hoc
1214 1329 1368 1381 unico
1419 1326 1741 1382 Kalendario
1787 1329 1903 1382 tolli
1953 1341 2144 1397 posset.

544 1418 850 1489 Prwcipuas
881 1421 1016 1474 enim
1044 1419 1372 1474 Constantini
1401 1419 1583 1491 Magni
1621 1422 1818 1490 ﬁliique
1857 1420 2148 1477 Constantii

543 1512 604 1565 de
633 1512 866 1581 tyrannis
895 1512 1227 1581 barbarisque
1255 1512 1518 1577 victorias,
1540 1513 1676 1565 velut
1704 1512 1873 1565 adhuc
1901 1514 2145 1579 calentes,

542 1604 768 1668 exhibet,
800 1614 846 1657 et
877 1606 986 1658 suis
1030 1605 1209 1657 diebus
1255 1605 1507 1671 assignat.
1555 1602 1696 1668 Quin
1726 1616 1770 1658 et
1798 1607 1852 1657 in
1885 1604 2148 1658 Caesarum

2246 406 2555 475 campnnula
2593 404 2661 456 ad
2706 404 3037 457 elevationem
3067 403 3289 467 hostire;
3321 418 3436 472 qua:
3464 403 3576 471 ipse
3606 404 3844 457 oculatus

2243 499 2349 552 vidi
2376 509 2632 553 scrutator
2656 497 3030 552 exactissimus.
3056 495 3181 550 Htec
3208 494 3476 563 Lubinus,
3500 496 3592 566 qui
3616 496 3844 553 nimium

2244 606 2345 645 nos
2376 602 2615 645 moratus
2644 589 2733 644 hic
2760 600 2866 643 est.

2514 684 2779 755 appellata
2805 692 2914 747 est,
2947 698 3049 736 non
3079 682 3143 734 ab
3172 681 3280 736 alio
3314 680 3594 736 Valentino
3620 681 3709 751 qui
3732 681 3854 737 inde

2246 790 2349 827 non
2380 784 2548 845 potest
2576 775 2678 827 dici
2716 775 3028 827 christianus
3059 790 3190 827 esse.
3212 803 3283 814 —
3307 774 3411 829 I~la
3445 774 3606 844 igitur
3649 774 3708 831 S.
3745 774 3850 829 Va-

2246 866 2434 923 lentini
2477 869 2696 921 basilica
2726 867 2792 921 ab
2820 867 2938 936 ipso
2971 877 3160 921 sancto
3191 866 3270 921 sic
3302 867 3647 922 denominata
3681 868 3849 923 exsti-

2248 960 2310 1015 tit
2354 976 2459 1013 non
2503 975 2534 1012 a
2574 959 2857 1012 Valentino
2900 959 3171 1028 quondam
3220 959 3339 1027 ejus
3386 961 3707 1026 conditore,
3759 959 3853 1031 qui

2249 1053 2427 1108 nullus
2462 1052 2547 1107 hic
2576 1052 2693 1105 fuit.
2749 1050 2934 1118 Neque
2974 1052 3021 1105 is
3066 1050 3160 1105 illo
3211 1066 3277 1106 ex
3318 1051 3496 1120 capite
3537 1051 3643 1104 dici
3674 1060 3853 1122 potest

2248 1144 2581 1200 Christianus
2612 1142 2799 1197 fuisse.
2831 1142 2887 1198 Si
2910 1143 3037 1213 quid
3063 1143 3246 1197 indicii
3274 1142 3513 1197 hominis
3540 1142 3846 1210 chriStiani,

2249 1246 2343 1290 aut
2375 1237 2427 1289 in
2457 1236 2761 1305 scriptore,
2794 1245 2886 1289 aut
2917 1236 2968 1288 iu
3004 1235 3095 1289 illo
3127 1236 3212 1289 cui
3262 1234 3583 1305 inscriptum
3616 1250 3854 1306 apuscu-

2249 1327 2361 1381 lum
2405 1336 2525 1393 est,
2557 1329 2853 1397 quaeritur;
2882 1329 2998 1381 erui
3049 1327 3101 1380 id
3148 1327 3405 1393 deberet,
3433 1329 3515 1383 vel
3565 1343 3629 1382 ex
3672 1328 3855 1385 tabula

2251 1420 2389 1489 picta
2438 1435 2557 1488 quae
2606 1419 2933 1488 prwﬁgitur,
2965 1419 3049 1474 vel
3088 1434 3157 1475 ex
3198 1420 3392 1475 litteris
3428 1420 3853 1477 dominicalibus

2250 1522 2457 1583 septem
2498 1527 2616 1581 qua:
2648 1511 2877 1581 singulis
2915 1510 3108 1566 diebus
3137 1526 3288 1567 more
3313 1511 3735 1568 christianorum
3761 1528 3853 1567 or-

2254 1604 2379 1659 dine
2424 1620 2546 1667 suo,
2580 1620 2684 1657 una
2722 1619 2846 1658 cum
2884 1617 3007 1659 oeto
3045 1605 3453 1668 nundinahbus,
3483 1615 3851 1675 apponuntur.

543 1694 809 1749 natalibus
847 1696 1083 1748 eumdem
1113 1693 1508 1759 Constantium,
1542 1711 1670 1761 non,
1702 1706 1758 1749 ut
1783 1696 2007 1766 reliquos
2047 1698 2148 1749 int-
2176 1688 2226 1749 Β
2255 1698 2483 1769 Reliqua
2516 1698 2659 1753 enim
2695 1700 2872 1753 omnia
2906 1710 3168 1771 apparent
3203 1702 3428 1771 profana
3457 1716 3600 1757 esse.

544 1799 807 1858 peratores
845 1802 1074 1842 mortuos
1099 1830 1112 1853 ,
1156 1804 1349 1855 Dtvuu;
1381 1790 1473 1843 sed
1513 1802 1565 1842 ut
1596 1790 1768 1843 adhuc
1797 1792 2143 1862 superstitem,

542 1894 778 1935 nuntiaest
827 1879 1083 1951 appellat.
1142 1880 1397 1942 Opusculi
1444 1883 1666 1950 pretium
1713 1884 2000 1936 accendunt
2046 1900 2148 1938 non

544 1989 735 2043 pauca,
772 1984 875 2025 tum
908 1972 977 2025 ad
1005 1988 1244 2032 sacram,
1278 1982 1388 2025 tum
1413 1973 1481 2025 ad
1522 1973 1725 2027 civilem
1758 1974 2035 2028 historiam
2062 1974 2148 2029 hic

544 2065 773 2134 prodita,
807 2064 928 2118 aliis
957 2065 1185 2129 intacta;
1216 2075 1270 2117 ut
1302 2074 1410 2117 tute
1435 2065 1597 2119 lector
1621 2107 1636 2131 ,
1670 2068 1848 2120 statim
1876 2083 2143 2138 agnosces.

545 2157 866 2223 Dolendum,
895 2168 1121 2227 quatuor
1151 2158 1434 2224 mensibus,
1462 2159 1677 2225 Martio,
1701 2160 1897 2232 Aprili,
1932 2161 2077 2215 Maio
2103 2170 2149 2215 et

543 2248 706 2304 Junia
758 2262 1057 2304 truncatum
1084 2252 1154 2305 ad
1184 2269 1276 2306 nos
1305 2254 1668 2323 pervenisse...
1731 2255 2001 2311 Valentino
2032 2256 2148 2310 cui-

546 2344 665 2396 dam
695 2344 1018 2409 inscribitur,
1042 2344 1173 2397 mihi
1201 2346 1446 2398 hactenus
1465 2347 1677 2415 ignota;
1708 2348 1811 2400 nisi
1828 2349 1968 2419 quod
1989 2350 2149 2417 paulo

546 2447 667 2490 ante
695 2435 774 2509 (in
803 2437 1063 2507 Catalogo
1094 2437 1414 2492 Pontiﬁcum
1445 2438 1841 2508 Romanorum)
1881 2442 2150 2495 basilicam

546 2546 577 2583 a
603 2528 750 2584 Julia
782 2530 1025 2600 pontiﬁce
1060 2530 1141 2583 via
1161 2526 1454 2595 Flaminia,
1488 2531 1736 2584 milliaria
1768 2533 1992 2586 secundo
2019 2549 2148 2587 con-

546 2634 834 2689 structam,
885 2622 1143 2678 Valentini
1179 2622 1503 2694 appellatam
1533 2633 1723 2677 notem.
1763 2623 1843 2677 An
1874 2625 2009 2679 idem
2048 2625 2147 2691 sit,

549 2721 889 2791 cegitandum
917 2720 1175 2789 relinquo.
1206 2717 1322 2771 Non
1352 2725 1560 2788 putem.

618 2814 671 2868 5.
718 2812 954 2865 Ecclesia
998 2811 1062 2866 S.
1122 2810 1388 2865 Valentini
1426 2810 1488 2863 ab
1520 2812 1635 2880 ipso
1676 2819 1854 2865 sancto
1885 2811 2151 2882 appellata

548 2906 895 2972 est.—Quia
946 2905 1071 2960 istic
1116 2906 1220 2961 loci
1269 2905 1354 2958 via
1405 2904 1667 2959 Flaminia
1713 2905 1854 2960 haud
1907 2907 2150 2973 procula

550 3010 717 3069 ponte
741 2997 921 3052 Milvio
954 2997 1199 3052 Ecclesia
1228 2996 1360 3051 olim
1393 2996 1578 3060 stetit,
1610 3012 1638 3050 a
1663 3007 1844 3051 sancto
1876 2995 2152 3051 Valentino

549 3092 820 3162 appellata
856 3130 872 3157 ,
925 3105 1033 3144 non
1082 3105 1112 3143 a
1169 3089 1456 3143 Valentino
1523 3089 1757 3157 quodam
1824 3089 2149 3153 conditore;
2181 3072 2227 3137 C

552 3200 675 3241 eum
708 3187 823 3258 ipse
846 3186 1023 3241 Julius
1054 3199 1218 3254 supra
1239 3183 1452 3238 dicatur
1481 3184 1626 3237 illam
1650 3184 1991 3249 eandidisse;
2013 3185 2156 3253 quod

551 3282 715 3335 etiam
750 3280 981 3334 affirmat
1026 3278 1367 3343 An:tsta~ius,
1399 3294 1556 3330 unam
1588 3278 1759 3348 ipsum
1787 3278 2054 3331 basilicam
2084 3283 2159 3349 fe-

555 3372 687 3427 cisse
706 3376 867 3446 juxta
906 3377 1099 3443 forum,
1140 3381 1188 3425 et
1215 3370 1375 3423 aliam
1402 3371 1485 3423 via
1515 3367 1819 3436 Flaminia;
1848 3371 1932 3425 ubi
1965 3381 2020 3426 et
2050 3387 2160 3427 cm-

558 3463 843 3518 meterium
899 3462 1059 3527 fecit,
1087 3470 1142 3517 et
1187 3475 1387 3529 corpus
1414 3460 1472 3516 S.
1507 3460 1777 3515 Valentini
1805 3504 1820 3527 ,
1852 3463 2040 3517 eadem
2073 3464 2159 3517 via

557 3560 659 3615 sub
689 3558 920 3613 Claudio
967 3560 1099 3627 imp.
1133 3556 1383 3614 decollati
1405 3601 1420 3624 ,
1452 3561 1652 3628 posuit.
1688 3558 1894 3614 Eadem
1929 3558 2160 3613 ecclesia

558 3651 758 3721 legitur
778 3652 921 3721 apud
947 3650 1200 3706 eumdem
1233 3652 1606 3716 Anastasium,
1628 3651 1828 3707 deinde
1851 3650 2032 3721 magni
2065 3665 2159 3704 no-

559 3743 743 3810 minis,
775 3753 832 3800 et
858 3759 885 3796 a
918 3744 1083 3798 variis
1115 3744 1468 3812 pontiﬁcibus
1502 3754 1883 3809 restauratam,
1914 3752 2158 3798 ornatam

558 3846 612 3892 et
658 3835 956 3890 honoribus
1001 3845 1216 3889 auctam
1267 3834 1466 3901 fuisse,
1498 3844 1623 3905 puta
1656 3852 1684 3887 a
1717 3835 2027 3900 Theodoro,
2061 3834 2161 3890 sub

560 3943 763 3982 annum
812 3942 1049 3992 ncchv;
1099 3928 1393 3982 BenediCto
1426 3928 1469 3982 ll
1496 3970 1510 3992 ,
1537 3943 1819 3992 ncuxxv;
1849 3927 2089 3982 Adriano
2117 3928 2158 3993 l,

562 4035 841 4083 occasui;
876 4019 1058 4074 Leone
1087 4019 1154 4073 Ill
1174 4060 1189 4085 ,
1217 4030 1271 4074 et
1302 4018 1567 4089 Gregorio
1599 4020 1689 4075 1V.
1721 4019 1853 4075 Cum
1894 4035 2026 4074 vero
2062 4019 2163 4075 du-

561 4113 691 4168 dum
734 4112 882 4168 varia
930 4121 1233 4181 temporum
1277 4111 1492 4167 fortuna
1537 4113 1987 4182 fueritcollapsa,
2026 4115 2163 4167 situs

563 4215 745 4261 tamen
775 4204 895 4274 ejus
922 4205 1182 4259 memoria
1214 4220 1320 4259 non
1356 4205 1583 4258 omnino
1607 4204 1844 4267 interiit;
1871 4204 2164 4259 scribenti-

562 4298 663 4353 bus
692 4298 974 4364 Panvinio,
1001 4296 1164 4351 Bosio
1206 4307 1261 4352 et
1306 4296 1665 4362 Floravante,
1700 4295 1864 4350 fuisse
1906 4297 1958 4350 in
2005 4298 2163 4351 vinea

564 4391 765 4447 ibidem
800 4389 905 4444 loci
927 4432 941 4455 ,
974 4407 1093 4460 quae.
1122 4404 1265 4444 nunc
1298 4388 1523 4443 fratrum
1555 4388 1612 4444 S.
1644 4388 1930 4457 Augustini
1962 4397 2065 4445 est.
2097 4389 2163 4442 Et

563 4500 735 4555 nuper
749 4459 1084 4553 Augustinus
1102 4482 1278 4537 Lubin
1302 4482 1354 4535 in
1380 4480 1581 4536 Notitia
1604 4481 1942 4535 abbatiarum
1966 4480 2157 4547 Italiae,
2187 4459 2241 4520 Ῑ)

562 4589 686 4645 pag.
713 4575 843 4639 346,
866 4576 945 4630 sic
970 4585 1157 4630 narrat
1186 4575 1253 4629 de
1280 4575 1513 4630 ecclesia
1541 4585 1596 4630 et
1622 4574 1937 4629 coemeterio
1964 4574 2021 4630 S.
2058 4574 2162 4629 Va-

564 4668 781 4732 lentini,
810 4685 837 4721 a
867 4668 1013 4723 Julio
1043 4668 1370 4724 constructis
1404 4685 1417 4721 :
1454 4666 1567 4722 Hoc
1605 4670 1717 4736 ipso
1750 4678 2035 4734 momento,
2064 4686 2163 4740 quo

562 4761 662 4814 ista
688 4763 993 4829 scribimus,
1028 4762 1196 4817 medio
1223 4763 1422 4816 scilicet
1447 4761 1708 4817 Januario
1737 4781 1875 4818 anno
1904 4780 2161 4832 Incxcm,

564 4856 740 4925 aliqua
770 4856 918 4910 nobis
947 4872 1235 4928 apparuere
1259 4857 1495 4926 vestigia.
1528 4855 1667 4910 Dum
1692 4859 1824 4911 enim
1847 4862 1965 4913 novi
1991 4861 2162 4927 ωειιρ-

564 4948 634 5001 cii
659 4950 984 5003 construitur
1016 4965 1201 5002 murus
1223 4991 1237 5016 ,
1271 4959 1475 5020 reperta
1499 4959 1616 5003 sunt
1644 4950 1801 5019 plura
1830 4954 2060 5018 antiquae
2089 4969 2172 5006 ec-

566 5042 736 5096 clesia:
801 5041 1034 5109 indicia,
1094 5044 1335 5111 sepulcra
1388 5044 1659 5110 videlicet,
1713 5046 2171 5115 sepulcrorumque

565 5134 958 5201 inscriptiones,
986 5134 1217 5201 plurima
1248 5135 1614 5203 defunctorum
1645 5153 1796 5202 ossa;
1828 5147 1876 5191 et
1902 5138 2172 5193 christiani

567 5227 840 5280 cmmeterii
864 5226 1230 5297 irrefragabile
1252 5240 1614 5299 argumentum
1643 5232 1843 5284 concha
1868 5232 2172 5303 sepulcralis

568 5316 763 5386 lapidis
797 5316 970 5385 Parii,
1000 5319 1202 5389 egregie
1227 5323 1432 5385 sculpta
1472 5321 1685 5375 undosis
1716 5326 1999 5384 meandris.
2023 5325 2168 5378 cubi-

570 5410 663 5465 tali
690 5413 859 5466 crucis
901 5413 1050 5482 signa
1081 5411 1462 5481 supersculpto.
1489 5430 1606 5467 cum
1636 5416 1798 5468 tribus
1829 5417 2022 5469 craniis
2049 5418 2171 5487 plu-

570 5503 813 5573 ribusque
849 5514 1169 5557 mortuorum
1198 5504 1400 5558 ossibus
1424 5520 1445 5559 :
1466 5504 1600 5572 lapis
1626 5523 1825 5577 quoque
1856 5524 2172 5564 marmoreus

573 5612 690 5649 cum
720 5612 871 5651 cruce
893 5596 1159 5651 bicubitali
1188 5600 1407 5669 desuper
1440 5599 1700 5668 insculpta
1746 5615 1763 5653 :
1802 5600 2026 5655 duorum
2055 5618 2173 5673 pro-

2525 1790 2833 1846 cltristianus
2875 1809 2982 1847 esse
3026 1809 3044 1846 :
3094 1792 3277 1847 Posset
3330 1798 3466 1865 forte
3512 1794 3746 1849 aliunde.
3782 1823 3857 1836 —

2252 1885 2457 1940 Tabula
2482 1885 2537 1939 in
2570 1884 2907 1954 frontiSpicio
2939 1886 3113 1956 posita
3143 1896 3501 1956 repraasentat
3529 1899 3741 1958 portam
3769 1888 3858 1945 cui

2256 1983 2435 2035 velum
2466 1980 2852 2050 prmtenditur,
2884 1981 2936 2034 in
2962 1996 3136 2050 eoque
3167 1996 3382 2037 summo
3410 1983 3531 2038 loco
3561 1980 3855 2051 scriptum,

2260 2072 2533 2127 Valentine
2554 2115 2569 2138 ,
2601 2074 2793 2142 ﬂoreas
2823 2074 2877 2125 in
2904 2071 3037 2127 Deo.
3075 2072 3129 2127 In
3164 2074 3343 2129 medio
3373 2076 3711 2145 conspicitur
3739 2088 3857 2129 mo-

2254 2180 2594 2234 nogramma,
2619 2165 2825 2220 circulo
2850 2164 3118 2220 inclusum
3147 2181 3268 2220 cum
3298 2166 3449 2222 hisee
3473 2167 3687 2227 litteris,
3708 2166 3859 2222 varie

2251 2258 2396 2313 inter
2424 2273 2483 2313 se
2511 2258 2758 2327 implexis
2784 2274 2796 2309 :
2822 2257 2863 2311 Ι.
2897 2257 2960 2311 Β.
2990 2258 3056 2312 A.
3089 2256 3150 2311 F.
3183 2257 3251 2312 V.
3282 2258 3346 2312 T.
3380 2258 3444 2312 E.
3481 2257 3728 2326 OEdipus
3756 2272 3858 2312 ex-

2255 2349 2447 2419 plicet,
2478 2364 2586 2404 non
2618 2364 2739 2420 ego.
2774 2347 2915 2403 Infra
2957 2348 3065 2404 duo
3105 2349 3248 2419 genii
3278 2348 3405 2405 hinc
3431 2361 3487 2406 et
3515 2350 3642 2405 inde
3668 2357 3859 2405 tenent

2256 2442 2490 2497 tabulam
2507 2442 2887 2515 ublottgamnin
2900 2442 3057 2511 cujus
3069 2445 3339 2513 utrimque
3356 2444 3507 2498 ansis
3530 2446 3645 2499 haec
3660 2443 3822 2498 verba
3839 2460 3854 2500 :

2254 2532 2451 2589 Furius
2473 2534 2759 2607 Dionysius
2784 2535 3089 2591 Philocalus
3116 2538 3379 2602 titulavit;
3424 2539 3476 2592 in
3507 2538 3685 2593 tabula
3730 2550 3861 2594 vero

2255 2625 2392 2695 ipsis,
2414 2628 2595 2682 medio
2633 2628 2755 2683 loco
2794 2638 2847 2682 et
2885 2627 3199 2697 majnsculis
3220 2630 3482 2697 scriptum
3514 2648 3526 2683 :
3560 2629 3855 2699 Valentine,

2256 2721 2365 2793 lege
2381 2720 2625 2791 fe’iciler;
2643 2721 2987 2776 dextrorsum
3012 2733 3191 2777 autem
3220 2742 3233 2778 :
3272 2722 3556 2787 Valentine,
3577 2725 3732 2788 vittas,
3760 2726 3861 2794 ﬂo-

2254 2829 2400 2877 reas;
2431 2820 2486 2867 et
2505 2814 2881 2868 sinistrorsum
2904 2835 2918 2870 :
2940 2814 3228 2878 Valentine,
3252 2817 3409 2883 vivas,
3430 2818 3674 2889 gaudeas.
3702 2817 3863 2873 Genii

2255 2904 2344 2974 qui
2373 2914 2588 2972 portant
2614 2906 2741 2960 alati
2764 2915 2911 2971 sunt,
2935 2918 3097 2978 atque
3126 2908 3295 2963 videri
3327 2919 3575 2979 possunt,
3602 2911 3646 2964 si
3690 2909 3863 2966 ubera

2256 3008 2473 3068 spectes
2526 3000 2973 3069 protuberantia,
3017 3001 3303 3071 gentilium
3351 3018 3471 3059 esse
3527 3004 3768 3073 pictura;
3815 3002 3863 3058 si

2262 3093 2506 3161 pudenda
2541 3094 2701 3163 peplo
2730 3093 2966 3149 sollicite
3000 3102 3165 3161 tecta,
3196 3096 3417 3166 angelos
3444 3096 3655 3152 diceres
3679 3104 3865 3152 :certe

2260 3187 2554 3241 occultatio
2582 3187 2717 3253 haec,
2747 3188 3045 3258 gentilibus
3074 3188 3312 3254 insolita,
3344 3190 3545 3259 aliquid
3576 3190 3862 3246 modeSIite

2260 3285 2423 3347 atque
2468 3280 2810 3334 verecundiae
2854 3279 3165 3334 christiana:
3217 3281 3380 3347 sapit.
3418 3279 3522 3334 Sed
3563 3296 3739 3350 neque
3777 3281 3865 3336 in-

2260 3370 2486 3438 scriptio
2516 3371 2701 3439 ﬂareas
2722 3372 2775 3423 in
2799 3368 2933 3435 Deo,
2960 3370 3331 3438 gentilismum
3361 3372 3507 3426 olet:
3534 3388 3707 3442 neque
3733 3387 3867 3443 gen-

2262 3460 2374 3514 tilis
2400 3460 2558 3516 facile
2588 3461 2736 3516 rredi
2771 3470 2949 3531 potest
2978 3462 3031 3516 in
3060 3478 3159 3515 suo
3187 3462 3516 3518 Kalendario
3545 3464 3865 3534 apposuisse

2264 3564 2423 3608 notas
2472 3555 2896 3610 christianorum
2953 3555 3331 3612 dominicales.
3400 3556 3636 3612 Facilius
3686 3564 3865 3628 potest

2263 3646 2451 3713 credi,
2500 3647 2857 3701 christianum
2917 3648 3033 3702 suis
3082 3648 3500 3704 dominicalibus
3546 3648 3864 3719 adjunxisse

2265 3739 2593 3795 nundinales
2624 3756 2691 3795 ex
2722 3757 2822 3795 usu
2858 3741 3085 3811 antiquo
3125 3741 3192 3796 ad
3232 3742 3643 3813 intelligentiam
3685 3742 3862 3813 genti-

2265 3830 2419 3896 lium,
2453 3842 2576 3887 tunc
2608 3831 2783 3887 adhuc
2815 3833 2975 3887 nimis
3005 3834 3322 3889 multorum.

2335 3926 2389 3980 8.
2426 3925 2501 3980 De
2541 3926 2837 3995 praemissis
2876 3934 3077 3980 statuat
3105 3926 3334 3997 quiSque
3362 3934 3420 3981 ut
3458 3926 3626 3982 volet.
3667 3926 3863 3981 Moneo

2265 4017 2334 4074 de
2365 4020 2720 4089 sequentibus
2761 4018 3101 4075 Kalendariis
3134 4034 3323 4089 pauca.
3372 4019 3615 4075 Primum
3662 4020 3805 4089 quod
3835 4032 3867 4073 ιι

2266 4111 2537 4166 Bucherio
2567 4113 2772 4168 editum
2800 4112 2950 4179 dixi,
2985 4127 3092 4167 non
3122 4128 3187 4168 ex
3215 4114 3333 4181 ipso
3362 4112 3450 4167 hic
3481 4112 3722 4183 profero,
3745 4111 3872 4181 quia

2267 4216 2468 4275 praeter
2513 4206 2617 4260 alia
2662 4207 2841 4261 minus
2888 4215 3175 4272 correcta,
3224 4205 3485 4261 deliciunt
3534 4205 3605 4259 ibi
3653 4216 3873 4259 menses

2267 4310 2499 4367 quatuor
2530 4297 2814 4364 :Martius,
2846 4298 3071 4365 Aprilis,
3098 4297 3271 4351 Maius
3301 4306 3356 4351 ct
3382 4296 3597 4350 Junius.
3626 4295 3873 4359 Inspexi-

2268 4407 2388 4444 mus
2429 4406 2527 4444 nos
2574 4390 2792 4445 Vienna:
2832 4390 3069 4446 Austriaa
3113 4403 3257 4443 anno
3304 4401 3649 4442 uoccxsxvm
3677 4386 3873 4440 biblio-

2268 4482 2478 4537 thecam
2534 4481 2881 4548 Caesaream,
2938 4484 2992 4537 in
3041 4496 3214 4551 eaque
3267 4480 3513 4536 codicem
3553 4478 3869 4546 Cuspiniani

2269 4554 2503 4629 similem
2536 4575 2637 4640 illi,
2663 4590 2732 4630 ex
2755 4590 2863 4645 quo
2890 4572 3217 4645 ecgraphum
3244 4571 3497 4628 Bucherii
3524 4572 3870 4642 desumptum

2270 4665 2468 4733 fuerit;
2502 4677 2661 4739 atque
2705 4667 2884 4722 omnia
2931 4668 3001 4722 ab
3048 4669 3165 4737 ipso
3212 4666 3506 4738 impressa,
3538 4666 3719 4723 denuo
3742 4666 3873 4723 inde

2271 4760 2692 4830 descripsimus,
2721 4762 2885 4817 etiam
2931 4759 3341 4827 Kalendarium,
3373 4760 3445 4817 de
3480 4777 3591 4831 quo
3637 4762 3871 4831 agimus,

2271 4854 2471 4909 additis
2520 4867 2751 4927 quatuor
2800 4857 3113 4925 mensibus,
3158 4872 3279 4927 qua:
3325 4855 3596 4912 Bucherio
3645 4855 3870 4909 desunt.

2272 4949 2417 5005 Idem
2449 4967 2514 5006 ex
2547 4953 2737 5006 eodem
2769 4950 2958 5007 codice
2987 4952 3310 5022 impressum
3352 4965 3570 5021 quoque
3610 4947 3759 5003 dedit
3796 4947 3876 4999 in-

2276 5056 2487 5115 tegrum
2532 5044 2728 5100 Petrus
2758 5044 3079 5101 Lambecius
3110 5053 3259 5100 tomo
3300 5052 3497 5115 quarto
3525 5039 3872 5096 Biblimheca:

2273 5135 2561 5202 Caesareae,
2592 5138 2872 5208 pag.277;
2903 5139 3136 5209 indeque
3164 5140 3335 5208 ipsum
3370 5136 3458 5190 hic
3482 5132 3794 5189 recudimns
3817 5132 3872 5187 in

2278 5230 2447 5299 prima
2491 5231 2807 5302 paginarum
2854 5232 3138 5295 columna;
3188 5229 3239 5284 in
3290 5228 3462 5282 altera
3509 5242 3577 5280 ex
3617 5224 3872 5294 opposito

2279 5324 2600 5393 prodncmri
2627 5340 2657 5379 e
2683 5325 2870 5379 codice
2900 5332 3091 5377 noatro
3135 5336 3237 5375 ms.
3288 5318 3672 5373 Kalendarum
3720 5315 3875 5371 Pole-r

2278 5418 2385 5472 mei
2416 5418 2591 5481 Silv’ii,
2613 5426 2671 5470 ut
2697 5418 2837 5470 inter
2864 5429 2925 5470 se
2953 5414 3172 5483 propius
3205 5430 3301 5484 per
3327 5412 3573 5482 singulos
3596 5412 3715 5467 dies
3742 5424 3875 5464 con-

2278 5509 2505 5564 siderari
2552 5507 2868 5577 possint,et
2920 5505 3171 5573 facilius,
3221 5504 3349 5576 quid
3397 5504 3488 5562 uni
3536 5503 3700 5572 desit,
3743 5501 3875 5575 quid

2280 5602 2437 5660 alteri
2460 5601 2787 5671 accesserit,
2815 5601 3014 5658 notari.
