4194 6184
467 272 572 328 695
1495 271 1790 331 LUCIFER
1833 272 2207 330 EPISCOPUS
2242 270 2756 328 CALARI'I‘ANUS.
3659 268 3770 325 696

460 391 791 447 Beatissime
828 391 1010 456 Pater,
1054 405 1150 446 cur
1187 390 1310 445 Tibi
1355 392 1627 461 praecipue
1664 400 1720 446 et
1752 392 1876 460 jure
1911 405 2070 461 quam
2112 387 2318 459 optimo
2357 389 2610 444 volumen
2643 389 2784 444 istud
2815 389 3116 444 debeatur:
3151 390 3204 443 in
3231 403 3336 459 qua
3362 385 3614 443 obeunda
3644 400 3774 454 pro-

462 485 639 540 vincia
683 484 861 554 siquid
907 484 1109 539 nostris
1153 485 1361 554 vigiliis
1403 500 1464 539 ac
1509 485 1784 540 laboribus
1824 485 2138 550 effecimus,
2181 483 2358 539 nihilo
2392 483 2562 552 magis
2599 498 2701 538 nos
2737 484 3036 553 profecisse
3071 482 3453 552 intelligimus,
3483 495 3645 551 quam
3680 479 3772 548 qui

463 578 697 647 plantat,
723 585 819 631 aut
844 577 1007 646 rigat,
1039 577 1197 647 cujus
1224 588 1460 631 conatus
1487 577 1710 632 inutiles
1739 586 1899 646 atque
1929 577 2121 631 inanes
2148 585 2376 632 testatur
2401 575 2731 651 Apostolus,
2772 576 2872 630 nisi
2910 573 3136 629 alterius
3173 572 3482 644 benignitas
3515 583 3570 628 et
3608 572 3777 627 bene-

462 669 677 724 ficentia
709 670 1039 736 accesserit,
1072 669 1162 738 qui
1193 679 1246 724 et
1278 685 1413 740 opus
1445 679 1662 741 urgeat,
1697 681 1754 724 et
1785 670 2187 724 incrementum
2221 670 2476 737 praebeat.
2509 668 2691 736 Quare
2718 677 2831 723 tum
2864 668 3031 723 debiti
3072 667 3235 722 officii
3270 667 3485 722 ratione
3513 666 3732 720 adducti
3754 685 3772 713 ν

461 776 574 820 tum
606 774 795 818 nostro
825 763 1064 834 quodam
1096 764 1359 819 instinctu
1391 775 1448 819 et
1487 764 1681 819 intimo
1719 764 1889 818 animi
1933 777 2096 817 sensu
2140 762 2356 831 impulsi
2396 762 2544 832 Opus
2578 763 2754 831 ipsum
2798 762 2949 825 Tibi,
2977 761 3227 816 Pontifex
3258 761 3477 828 Optime
3507 762 3773 826 Maxime,

461 859 705 914 dieamus
733 871 1146 926 sacramusque.
1180 857 1314 912 Illud
1344 857 1619 926 reliquum
1649 865 1763 921 est,
1796 867 1854 910 ut
1876 870 1938 910 ea
1969 855 2085 922 ipsa
2114 855 2440 919 clementia,
2473 870 2575 924 qua
2602 864 2932 909 cmterorum
2967 855 3017 908 in
3050 852 3355 922 hujusmodi
3386 853 3635 908 colendis
3661 864 3780 908 stu-

462 949 568 1005 diis
594 950 913 1019 diligentem
946 948 1270 1003 industriam
1302 949 1447 1003 soles
1481 949 1697 1014 fovere,
1731 947 1834 1002 hoc
1862 945 2250 1016 quodcumque
2277 961 2472 999 munus
2502 946 2754 1016 accipere
2784 946 2917 1000 velis
2950 955 3147 1012 tuoque
3181 945 3480 1014 patrocinio
3511 946 3680 1007 tueri,
3720 956 3778 1000 ut

463 1042 607 1097 idem
639 1054 694 1096 et
727 1043 883 1098 testis
916 1053 1021 1096 tute
1049 1058 1177 1112 erga
1207 1059 1307 1098 nos
1335 1043 1630 1114 singularis
1657 1043 1964 1097 clementim
1985 1082 2000 1107 ,
2023 1051 2080 1096 et
2107 1056 2346 1112 perenne
2373 1041 2442 1095 sit
2472 1048 2672 1095 nostrae
2698 1055 2824 1110 erga
2847 1038 2924 1095 Te
2949 1038 3312 1094 observantiae
3338 1047 3772 1094 monumentum.

546 1129 770 1186 Venetiis
802 1148 866 1185 ex
895 1130 1129 1185 ﬁdibus
1161 1134 1387 1204 paternis
1418 1148 1474 1186 ιιι
1505 1131 1630 1186 Kal.
1666 1131 1889 1185 Martias
1919 1145 2287 1186 MDCCLXXVIII.

1604 1322 2103 1443 PR/EF
2125 1315 2631 1446 ATIO”.

1834 1523 2395 1555 ——-¢———

606 1621 614 1626 '
701 1614 766 1668 In
797 1629 980 1668 novam
1002 1613 1232 1683 Operam
1259 1612 1487 1684 Luciferi
1518 1614 1820 1667 editionem.

538 1708 714 1777 Opera
737 1706 972 1762 Luciferi
1000 1706 1245 1775 Episcopi
1272 1705 1569 1760 Calaritani
1600 1721 1630 1762 e
1659 1705 1887 1760 vetustis
1907 1704 2070 1759 Codi-

468 1800 624 1853 cibus
641 1799 912 1868 descripta
935 1799 1146 1869 primus
1164 1797 1333 1852 edidit
1349 1797 1748 1852 Parisiensibus
1765 1796 2069 1868 typisJoan-

470 1906 568 1946 nes
599 1890 772 1945 Tilius
799 1891 1104 1960 Episcopus
1135 1890 1429 1945 Meldensis
1459 1905 1606 1945 anno
1638 1890 1797 1956 1568,
1827 1900 1881 1945 et
1904 1889 2001 1943 Pio
2025 1889 2069 1943 V

471 1981 721 2037 Pontifici
755 1981 988 2036 Maximo
1010 1981 1232 2036 dicavit.
1261 1981 1307 2036 Is
1330 1982 1553 2052 quidem
1577 1981 1918 2053 aliquantum
1944 1997 2073 2050 ope-

467 2091 542 2131 ra:
572 2091 635 2130 ac
666 2076 866 2131 laboris
898 2077 951 2129 in
985 2076 1050 2129 iis
1081 2075 1420 2145 corrigendis
1451 2075 1754 2146 impendit,
1786 2075 2074 2145 subjectis-

467 2187 576 2243 que
605 2172 748 2227 notis
777 2170 1036 2226 difficiles
1075 2171 1344 2240 quasdam,
1378 2171 1643 2240 cujusque
1685 2171 1845 2235 libri,
1889 2180 1943 2225 et
1978 2170 2074 2224 ob-

465 2278 656 2320 scuras
687 2265 1025 2330 locutiones,
1055 2278 1120 2319 ac
1146 2264 1448 2318 sententias
1479 2262 1753 2332 explicare
1781 2263 1930 2317 nisus
1958 2272 2071 2326 est;

469 2354 566 2411 sed
608 2354 780 2408 multo
827 2353 1016 2423 plura,
1063 2368 1126 2409 ea
1171 2353 1515 2422 praesertim,
1557 2367 1680 2422 qua:
1721 2361 1971 2422 spectant
2005 2358 2072 2406 ad

469 2446 784 2502 testimonia
815 2459 984 2500 sacrae
1016 2445 1350 2514 Scriptum,
1383 2445 1563 2498 lectori
1591 2445 1795 2510 minus,
1825 2459 1987 2514 quam
2029 2444 2073 2498 is

469 2545 620 2601 erat,
653 2547 903 2607 occupato
934 2535 1228 2606 colligenda
1255 2544 1312 2589 et
1350 2533 1693 2590 emendanda
1736 2534 1979 2604 reliquit,
2015 2545 2076 2589 ut

469 2629 590 2700 ipse
626 2627 830 2682 fatetur
861 2630 910 2681 in
943 2626 1186 2696 Epistola
1223 2626 1290 2680 ad
1331 2625 1674 2680 Pontilicem.
1706 2624 1921 2693 Quare,
1950 2640 2072 2680 cum

470 2719 539 2775 ab
561 2720 886 2774 Auctoribus
907 2718 1286 2789 Lugdunensis
1305 2718 1660 2774 Bibliotheca:
1683 2719 1900 2773 Patrum
1919 2761 1933 2785 ,
1954 2735 2075 2789 quae

468 2813 672 2870 Tomos
689 2815 1079 2883 septemdecim
1099 2815 1471 2883 complectens
1488 2814 1632 2870 edita
1655 2824 1737 2870 est
1755 2830 1898 2870 anno
1915 2815 2068 2881 1687,

470 2906 646 2977 Opera
670 2923 891 2979 quoque
913 2907 1256 2964 Luciferiana
1287 2908 1461 2964 Tomo
1486 2909 1552 2965 ιν
1590 2910 1792 2965 inserta
1817 2912 2071 2978 fuissent,

2091 1615 2140 1674 Α
2169 1614 2479 1686 impendisse
2499 1657 2513 1682 ,
2542 1628 2886 1688 paratumque
2913 1633 3025 1672 esse
3055 1619 3122 1670 ad
3157 1619 3546 1690 procurandum
3585 1620 3775 1674 editio-

2174 1720 2320 1771 nem,
2352 1706 2395 1759 si
2426 1705 2615 1760 librum
2643 1709 2873 1779 aliquem
2903 1725 3000 1764 ms.
3041 1719 3222 1763 nactus
3263 1712 3436 1777 fuero.
3475 1709 3546 1765 Ut
3572 1712 3617 1764 si
3645 1714 3778 1782 forte

2170 1800 2225 1851 in
2252 1816 2436 1854 manus
2469 1811 2616 1867 tuas,
2647 1812 2739 1855 aut
2771 1803 3008 1856 notitiam
3038 1804 3231 1857 venerit
3256 1845 3269 1868 ,
3311 1819 3510 1857 mecum
3550 1821 3777 1858 cominu-

2176 1894 2349 1946 nicare
2377 1909 2481 1946 non
2512 1893 2810 1964 dedigneris
2831 1936 2845 1961 ,
2876 1895 3137 1949 hominem
3168 1913 3272 1949 non
3301 1897 3569 1967 ingratum
3602 1897 3776 1969 singu-

2174 1986 2274 2038 lari
2305 1986 2550 2056 bene/icio
2581 1988 2670 2042 tibi
2703 1989 3054 2043 devincturus.
3098 1989 3166 2044 At
3196 1988 3476 2043 dolendum
3509 2005 3639 2044 sane
3667 2001 3773 2058 est,

2174 2077 2352 2146 inquit
2378 2076 2590 2133 Caveus
2618 2080 2670 2134 in
2701 2079 2838 2135 Hist.
2869 2080 3003 2134 Litt.
3029 2080 3095 2134 ad
3123 2095 3213 2134 an.
3240 2081 3346 2136 554
3366 2121 3380 2144 ,
3406 2097 3538 2136 saec.
3561 2083 3774 2148 Arian.,

2175 2183 2357 2222 novam
2386 2169 2525 2225 hanc
2556 2170 2787 2238 Luciferi
2817 2170 3111 2228 Caloritani
3141 2171 3417 2228 editionem
3444 2216 3457 2240 ,
3489 2191 3643 2245 quam
3672 2191 3778 2229 me-

2176 2259 2368 2314 ditatus
2393 2271 2466 2314 est
2497 2261 2592 2314 Vir
2613 2261 2692 2316 Cl.
2716 2261 2751 2316 J
2763 2306 2776 2318 .
2801 2262 2864 2316 Β.
2896 2262 3185 2318 Cotelerius
3204 2306 3218 2330 ,
3240 2265 3459 2336 ipsomet
3479 2274 3637 2332 teste,
3663 2264 3716 2319 Ν
3722 2285 3778 2320 o-

2175 2351 2239 2405 tis
2267 2353 2336 2405 ad
2365 2351 2550 2408 Patres
2578 2353 2905 2424 Apostolicos
2935 2373 3054 2427 pag.
3087 2357 3214 2419 177,
3241 2373 3430 2428 magna
3459 2359 3780 2426 antiquitatis

2176 2445 2536 2500 ecclesiastica:
2571 2451 2787 2520 jactura
2819 2465 2935 2503 cum
2964 2451 3059 2503 viri
3107 2451 3443 2505 eruditissinti
3488 2463 3649 2506 morte
3685 2470 3778 2524 pe-

2175 2537 2342 2590 riisse.
2377 2536 2553 2592 Aliam
2587 2548 2764 2594 tamen
2797 2555 3015 2594 causam
3038 2583 3050 2604 ,
3085 2556 3185 2596 cur
3212 2541 3521 2598 Cotelerius
3547 2557 3654 2598 non
3681 2543 3780 2598 ab-

2175 2627 2406 2682 solverit
2434 2644 2570 2699 opus
2599 2638 2949 2700 susceptum,
2985 2631 3192 2687 indicat
3223 2633 3508 2689 Fabricius
3542 2636 3594 2689 in
3633 2634 3772 2689 Bibl.

2175 2719 2362 2776 Graeca
2391 2721 2459 2777 de
2493 2723 2744 2780 Lucifero
2775 2725 3052 2780 disserens
3081 2727 3311 2798 ejusque
3341 2728 3513 2792 libris,
3547 2744 3614 2782 ne
3644 2727 3772 2783 Gal-

2175 2813 2370 2868 liarum
2401 2814 2544 2886 regis
2571 2818 2810 2871 animum
2842 2817 3101 2886 laederet,
3129 2819 3220 2890 qui
3253 2829 3362 2873 tum
3395 2821 3626 2875 maxime
3652 2818 3776 2874 Cal-

2177 2907 2406 2962 vinianis
2434 2921 2555 2964 erat
2585 2911 2860 2978 infensus;
2894 2913 2962 2967 de
2987 2929 3091 2983 qua
3122 2913 3341 2984 quidem
3375 2912 3558 2968 infecti
3593 2915 3775 2982 operis

471 2999 614 3054 hanc
638 3014 826 3055 curam
859 3001 893 3055 ii
919 3011 1306 3071 susceperunt,
1341 3013 1396 3055 ut
1425 3003 1513 3057 illa
1541 3003 1913 3058 emendatiora
1940 3020 2070 3075 pro-
2103 3004 2151 3064 B
2180 2999 2392 3054 ratione
2419 3000 2650 3056 aliorum
2679 3012 2797 3056 esto
2820 3002 3107 3073 judicium.
3139 3002 3350 3059 Interea
3382 3019 3490 3058 non
3517 3003 3772 3068 defuere,

466 3091 712 3158 ferrent;
743 3093 840 3148 sed
868 3093 1200 3163 imprudenti
1225 3094 1476 3160 consilio,
1501 3110 1712 3165 suoque
1735 3111 1961 3166 prorsus
1984 3113 2071 3151 ar-

470 3185 639 3241 bitrio
671 3186 742 3239 ita
774 3200 966 3239 manus
998 3185 1048 3239 in
1083 3201 1143 3239 ea
1174 3185 1470 3242 immittere
1501 3187 1617 3242 ausi
1647 3198 1804 3254 sunt,
1837 3198 1896 3243 ut
1925 3190 2071 3245 nulla

470 3286 714 3332 veterum
741 3276 1040 3344 Codicum,
1073 3278 1221 3333 nulla
1252 3279 1541 3335 doctorum
1572 3280 1852 3336 hominum
1881 3291 2070 3337 aucto-

472 3372 634 3426 ritate
665 3371 791 3427 freti
832 3371 1026 3438 verba,
1078 3374 1411 3440 sententias,
1455 3373 1713 3443 ipsasque
1757 3375 2073 3445 interpunc-

475 3462 655 3516 tiones
686 3461 1116 3528 immutaverint,
1147 3473 1222 3527 et,
1254 3463 1398 3532 quod
1428 3465 1602 3534 magis
1632 3465 2069 3534 improbandum,

474 3565 760 3608 sacrorum
789 3551 1087 3606 Bibliorum
1121 3554 1436 3608 testimonia
1457 3595 1472 3617 ,
1503 3555 1704 3624 quibus
1731 3555 2076 3611 refertissimi

475 3653 602 3700 sunt
635 3644 867 3699 Luciferi
899 3645 1055 3708 libri,
1088 3644 1155 3700 ad
1187 3647 1470 3716 exemplar
1500 3645 1746 3716 Vulgatm
1778 3647 2073 3702 Bibliorum

474 3733 746 3791 Editionis
783 3736 1101 3806 exegerint,
1144 3751 1207 3792 ac
1247 3738 1494 3807 pluribus
1531 3741 1583 3792 in
1624 3739 1760 3793 locis
1799 3753 1896 3808 pro
1935 3741 2077 3808 ipso-

471 3845 593 3885 rum
623 3830 779 3885 libito
808 3831 1156 3899 corruperint
1187 3833 1398 3900 potius,
1431 3847 1590 3899 quam
1621 3831 2034 3887 emendaverint
2059 3874 2075 3898 ,

474 3921 654 3977 Latini
687 3933 868 3978 tamen
901 3923 1097 3978 Latinii
1129 3924 1567 3978 observationibus
1597 3933 1643 3977 et
1674 3926 2078 3978 correctionibus

475 4015 803 4086 quandoque
848 4015 1140 4081 adhibitis,
1188 4019 1440 4084 notisque
1486 4017 1715 4071 Tilianis
1760 4017 1826 4070 ad
1873 4019 2076 4073 calcem

475 4106 726 4175 adjectis.
751 4108 851 4173 Qui
882 4123 1013 4163 vero
1037 4117 1163 4162 ante
1187 4110 1578 4180 Lugdunenses
1602 4111 1868 4165 Auctores
1889 4112 2078 4168 eadem

477 4199 713 4254 Luciferi
741 4200 915 4267 Opera
945 4199 996 4254 in
1028 4199 1303 4271 prioribus
1333 4203 1554 4257 Patrum
1583 4203 1936 4260 Bibliothecis
1961 4206 2077 4260 edi-

477 4293 648 4360 dere,
691 4295 866 4350 nihilo
907 4296 1253 4362 diligentius,
1295 4307 1388 4354 aut
1429 4299 1726 4356 studiosius
1767 4302 1819 4356 in
1861 4302 2076 4359 illorum

2172 3092 2264 3161 qui
2293 3091 2361 3146 de
2388 3092 2745 3148 emendandis
2770 3093 3007 3149 Luciferi
3039 3095 3192 3149 libris
3231 3095 3524 3165 quidquam
3567 3096 3772 3166 cogita-

2173 3192 2328 3252 rent;
2364 3201 2488 3240 nam
2520 3197 2723 3257 praster
2749 3189 3008 3243 Cotelerii
3038 3190 3416 3244 correctiones
3444 3189 3774 3254 nonnullas,

2175 3294 2309 3350 quas
2339 3280 2426 3335 vel
2457 3282 2601 3334 notis
2630 3281 2683 3336 in
2713 3282 3151 3336 Constitutiones
3184 3283 3530 3352 Apostolicas
3567 3283 3774 3351 insper-

2177 3369 2278 3436 sit,
2309 3371 2395 3426 vel
2438 3371 2801 3427 Monumentis
2833 3372 2982 3427 Eccl.
3016 3373 3222 3429 Graecae
3253 3375 3514 3438 inseruit,
3546 3373 3773 3429 Latinus

2176 3461 2423 3518 Latinius
2451 3464 2503 3518 in
2534 3465 2794 3519 Bibliotlt.
2825 3481 2977 3521 sacra
3005 3477 3059 3521 et
3093 3467 3317 3536 profana
3352 3483 3475 3538 pag.
3509 3468 3632 3535 157,
3663 3469 3777 3522 sin-

2177 3553 2331 3624 gulos
2371 3555 2604 3610 Luciferi
2645 3557 2812 3612 libros
2854 3557 3103 3626 pluribus
3140 3558 3575 3614 correctionibus
3613 3559 3776 3614 modo

2180 3645 2323 3708 suis,
2373 3645 2536 3700 modo
2577 3644 2831 3701 Consalvi
2878 3648 3066 3703 Poncii
3114 3648 3404 3717 diligenter
3447 3651 3688 3714 notavit;
3717 3659 3774 3704 et

2179 3735 2489 3791 Ludovicus
2520 3737 2566 3791 la
2596 3736 2771 3792 Cerda
2803 3741 2856 3793 in
2888 3740 3003 3793 suis
3032 3739 3376 3794 Adversariis
3405 3738 3587 3794 Sacris
3625 3754 3777 3794 eum-

2180 3828 2303 3883 dem
2351 3829 2591 3885 laborem
2645 3831 2927 3901 suscepit;
2980 3829 3149 3886 Multa
3195 3832 3339 3887 enim
3389 3843 3546 3896 sunt,
3603 3831 3778 3901 inquit

2180 3934 2304 3989 cap.
2337 3920 2425 3984 57,
2468 3938 2582 3991 qua:
2627 3933 2775 3994 egent
2822 3923 3272 3990 consideratione;
3314 3925 3367 3978 in
3415 3941 3552 3992 quo,
3599 3924 3648 3978 id
3693 3936 3777 3979 est

2181 4008 2473 4074 Lucifero,
2535 4011 2851 4066 illustrando
2905 4030 3006 4066 non
3058 4013 3292 4066 inutilem
3345 4029 3550 4085 operam
3607 4016 3777 4084 posuit

2181 4099 2410 4159 Joannes
2452 4102 2619 4159 Tilius
2661 4105 2948 4178 Episcopus
2990 4105 3272 4162 Meldensis
3300 4123 3315 4160 :
3345 4110 3509 4161 multa
3547 4120 3729 4161 autem
3760 4148 3774 4173 ,

2182 4196 2368 4249 subdit
2402 4211 2526 4267 cap.
2562 4197 2631 4252 58
2655 4239 2668 4264 ,
2709 4199 3040 4264 addidimus,
3082 4199 3498 4269 detraximusque
3526 4214 3590 4254 ex
3633 4200 3778 4253 notis

2181 4290 2438 4344 nimirum
2488 4291 2750 4357 Tilianis;
2793 4292 3018 4361 diuque,
3065 4292 3218 4347 addit
3258 4307 3383 4362 cap.
3422 4293 3515 4361 ‘7,
3555 4292 3683 4347 laesi
3721 4294 3776 4344 in

475 4386 914 4443 emendationem
959 4388 1346 4444 incubtterunt.
1387 4388 1522 4446 Cum
1564 4394 1745 4462 itaque
1774 4396 2075 4464 corruptis-

2187 4381 2430 4453 Lucifero
2468 4384 2592 4438 Tilii
2632 4400 2787 4456 Opera
2825 4395 2875 4439 et
2913 4400 3028 4437 mea
3067 4400 3231 4449 usus;
3270 4385 3467 4454 quibus
3506 4384 3782 4453 capitibus

479 4481 619 4535 sima
648 4480 924 4537 ferrentur
950 4482 1131 4538 adhuc
1157 4484 1210 4539 in
1238 4485 1431 4555 vulgus
1459 4485 1692 4542 Luciferi
1721 4489 2082 4558 exemplaria,

475 4571 714 4629 Joannes
737 4573 976 4645 Baptista
1001 4575 1308 4633 Cotelerius
1331 4579 1414 4633 vir
1439 4581 1688 4649 apprime
1716 4581 1906 4635 dortus
1937 4585 2078 4636 hanc

478 4677 702 4731 operam
730 4679 946 4722 summo
975 4668 1157 4723 studio
1177 4685 1467 4739 aggressus
1498 4682 1610 4738 est,
1637 4683 1695 4725 ut
1727 4672 1894 4727 libros
1919 4673 2077 4729 Luci-

480 4753 583 4808 feri
614 4769 646 4809 e
677 4756 891 4812 mendis
920 4759 1172 4814 omnibus
1213 4770 1500 4830 purgatos,
1545 4761 1893 4832 integrosque
1913 4807 1926 4829 ,
1968 4781 2076 4835 quo

477 4846 715 4903 tamdetn
744 4849 903 4904 modo
934 4849 985 4904 id
1015 4849 1129 4905 fieri
1164 4852 1387 4916 liceret,
1421 4853 1759 4908 eruditorum
1793 4857 2072 4910 hominum

477 4936 682 5009 judicio
707 4939 1015 5008 probandos
1040 4941 1252 5010 publice
1278 4942 1595 5008 exhiberet;
1621 4956 1678 4999 ut
1703 4946 1820 5015 ipse
1849 4956 2076 5002 testatus

481 5039 568 5084 est
595 5029 647 5083 in
679 5029 893 5084 Tomol
921 5029 1072 5085 Patr.
1101 5031 1292 5101 Apost.
1327 5043 1382 5087 et
1408 5043 1532 5088 nota
1561 5035 1799 5105 subjecta
1828 5051 1950 5106 cap.
1984 5037 2075 5103 56,

479 5119 578 5174 lib.
611 5135 650 5174 lt
679 5120 911 5177 Constit.
945 5121 1139 5193 Apost.
1171 5139 1184 5176 :
1219 5123 1322 5178 Hic
1351 5126 1438 5179 ubi
1469 5127 1641 5181 locum
1670 5125 1897 5197 Luciferi
1923 5127 2078 5182 illus-

480 5218 618 5266 trare
638 5223 853 5267 conatus
883 5230 997 5268 sum
1018 5256 1032 5279 ,
1075 5215 1317 5270 Auctoris
1355 5219 1617 5281 omnium,
1649 5218 1786 5287 quod
1814 5234 1962 5272 nemo
1991 5236 2081 5272 ue—

486 5306 601 5368 scit,
645 5305 1076 5377 deprattatt'ssimi,
1120 5306 1381 5363 utilissimi
1414 5321 1582 5362 tamen
1621 5309 1687 5361 ad
1731 5309 2078 5377 cognitionem

484 5395 877 5469 Scripturarum
899 5441 914 5465 ,
943 5399 1265 5454 admonitum
1296 5413 1344 5455 te
1375 5401 1525 5453 velim
1547 5442 1562 5466 ,
1604 5399 1788 5453 Lector
1818 5399 2074 5466 candide,

484 5504 566 5544 me
605 5494 659 5545 in
696 5493 973 5565 purgando
1005 5509 1066 5547 eo
1095 5494 1278 5565 Augite
1313 5494 1517 5549 stabulo
1549 5495 1837 5565 plurimum
1877 5494 2075 5548 laboris
2107 5484 2113 5490 ’

2183 4493 2375 4532 omnes
2396 4518 2409 4542 ,
2442 4492 2578 4547 quas
2611 4479 2726 4547 ipse
2757 4477 3053 4532 meditatus
3080 4487 3163 4532 est
3184 4519 3199 4543 ,
3235 4477 3289 4532 in
3322 4477 3634 4532 Luciferum
3662 4477 3783 4530 ani-

2185 4567 2593 4622 madversiones
2629 4568 3016 4637 complectitur
3052 4578 3254 4638 praeter
3281 4579 3510 4624 creteras
3541 4568 3594 4622 in
3625 4583 3773 4637 quae-

2183 4659 2308 4713 dam
2347 4658 2463 4712 loca
2496 4673 2665 4714 sacrae
2695 4658 2993 4730 Scripturte
3015 4701 3030 4726 ,
3060 4661 3130 4716 de
3156 4662 3356 4732 quibus
3393 4662 3640 4717 inferius.
3675 4660 3782 4717 Ve-

2185 4765 2304 4804 rum
2344 4748 2459 4803 ha-c
2502 4751 2684 4805 omnia
2730 4752 2782 4805 in
2827 4752 3006 4821 plures
3045 4753 3296 4823 dispersa
3339 4755 3548 4819 libros,
3582 4769 3683 4811 nec
3710 4755 3779 4809 ad

2182 4844 2566 4897 inveniendum
2619 4845 2803 4900 facilia
2859 4847 2995 4900 nihil
3046 4849 3292 4916 profecto
3339 4849 3672 4919 proderant,
3721 4859 3784 4904 ttt

2178 4934 2280 4990 sub
2325 4949 2432 4988 uno
2482 4944 2705 5003 aspectu
2755 4937 2963 5006 integra
3013 4953 3077 4992 ac
3121 4954 3382 5009 germana
3425 4939 3662 4994 Luciferi
3701 4942 3782 4993 fa-

2174 5030 2292 5083 cies
2331 5029 2582 5083 omnibus
2624 5029 2844 5084 visenda
2877 5039 3118 5100 pateret;
3153 5035 3283 5101 quin
3326 5033 3560 5102 plurima
3600 5031 3783 5086 adhuc

2182 5123 2448 5188 deerant,
2494 5138 2616 5191 qua:
2658 5125 2903 5178 nativum
2945 5127 3173 5181 omnino
3214 5128 3455 5182 hominis
3503 5129 3779 5194 colorem,

2184 5215 2504 5285 vultumque
2527 5217 2923 5285 exprimerent.
2957 5219 3254 5288 Propterea
3281 5221 3533 5276 Andreas
3557 5221 3785 5277 Callan-

2181 5305 2308 5362 dius
2351 5306 2646 5378 Presbyter
2679 5307 2900 5363 Venetae
2939 5310 3194 5366 Neriana:
3225 5312 3580 5378 Sodalitatis,
3616 5317 3701 5368 vir
3726 5325 3787 5368 et

2182 5398 2429 5453 doctrina
2469 5410 2523 5453 et
2562 5399 2873 5458 eruditione
2916 5404 3210 5471 praeclarus
3235 5446 3250 5469 ,
3280 5421 3402 5460 cum
3445 5411 3602 5461 novis
3631 5407 3783 5461 curis

2183 5491 2489 5559 studiisque
2515 5502 2766 5547 ornatam
2799 5503 2854 5548 et
2893 5505 3107 5549 auctam
3137 5505 3386 5551 veterum
3429 5497 3649 5553 Patrum
3691 5497 3782 5552 Bi-

553 5633 580 5704 ιξ
607 5623 664 5678 lu
697 5627 796 5705 hac
825 5625 1139 5705 praefatione
1165 5642 1287 5682 cum
1314 5642 1459 5694 saepe
1486 5628 1682 5705 sajpius
1725 5629 1788 5683 ad
1821 5627 1966 5682 varia
1997 5625 2324 5705 Veronensis
2369 5626 2622 5705 editionis
2649 5629 2786 5705 .loca
2817 5629 3006 5705 lector
3033 5642 3336 5705 revocetur,
3368 5649 3489 5699 nos,
3529 5645 3585 5688 ut
3608 5650 3776 5705 expe-

481 5692 733 5775 ditiorem
764 5692 1044 5750 lectionem
1072 5692 1443 5775 procureui_us,
1475 5692 1785 5755 columnam
1816 5706 2014 5755 nostrae
2039 5698 2288 5754 editionis
2319 5700 2512 5768 cuique
2542 5697 2751 5769 paginae
2780 5701 2959 5757 citata:
2987 5692 3409 5774 respuitdentem
3440 5692 3778 5775 parenthesi-

482 5761 584 5820 hiis
607 5764 870 5820 inclusam
895 5761 1290 5834 expressimus.
1330 5761 1462 5824 Enn.
