4194 6184
351 310 453 366 697

1804 316 2189 376 ΡΒτΕΙᾺΤΙΟ.

3529 318 3659 375 698'

348 423 675 481 bliothecam
730 422 952 479 Venetis
999 423 1141 495 typis
1180 422 1345 479 edere
1388 423 1749 493 instituisset,
1802 428 1938 486 nihil
1966 433 2017 492 Α
2045 431 2283 488 barbaro
2330 432 2567 488 hominis
2588 431 2878 503 styloesse
2910 430 3255 497 tribuendos,
3284 446 3448 501 quam
3478 432 3648 488 libra-

345 516 448 571 sibi
479 515 637 571 duxit
659 514 1189 588 praeteritiitteudum
1211 554 1227 581 ,
1256 530 1363 586 quo
1386 514 1729 571 Luciferiana
1758 518 1937 589 Opera

346 608 539 681 primm
567 608 861 679 integritati
892 606 1241 675 restitueret,
1268 616 1323 663 et
1347 608 1620 676 collectis,
1640 611 1940 668 undecum-

346 718 455 774 que
486 701 695 772 potuit,
727 701 954 756 Critices
984 699 1243 755 subsidiis
1284 699 1510 755 nitidius
1532 743 1546 767 ,
1587 717 1746 771 quam
1789 704 1940 774 quis-

346 799 494 869 piam
526 805 721 863 antea,
765 796 1103 850 illustraret:
1147 810 1253 864 qua
1295 793 1364 849 de
1405 809 1463 850 re
1505 805 1725 865 prtcstat
1770 794 1941 865 ipsius

346 892 675 949 sententiam
717 890 1001 958 ipsiusmet
1031 887 1215 943 verbis
1245 886 1558 941 describere
1588 903 1653 942 ex
1681 885 1838 943 Tom.
1872 887 1939 942 Vl

346 985 432 1039 sui
475 982 702 1053 Operis,
747 981 835 1037 cui
879 978 1073 1036 inserti
1111 988 1240 1033 sunt
1286 978 1525 1034 Luciferi
1555 978 1716 1045 libri,
1749 994 1874 1051 pag.
1907 980 1940 1034 6

348 1074 658 1143 Prolegom.
680 1092 693 1128 :
712 1072 791 1128 De
812 1088 965 1145 opera
979 1081 1158 1126 nostra
1178 1072 1233 1125 in
1253 1072 1317 1126 iis
1336 1071 1551 1127 edendis
1572 1071 1809 1127 adhibita
1830 1072 1940 1128 haec

346 1169 526 1238 paucis
553 1168 752 1238 accipe.
790 1165 1081 1237 Principem
1111 1164 1235 1219 Titii
1262 1164 1537 1220 editionem
1556 1207 1570 1229 ,
1613 1183 1768 1235 quam
1804 1183 1942 1222 anno

347 1258 489 1317 16M
518 1259 683 1314 secuti
713 1268 833 1312 sunt
864 1255 1186 1311 Parisienses
1213 1297 1228 1322 ,
1262 1257 1396 1329 typis
1427 1258 1787 1312 excutiendam
1836 1270 1941 1313 sta-

350 1354 561 1408 tuimus.
597 1350 726 1406 Eam
756 1365 873 1404 vero
902 1349 1235 1404 librariorum
1265 1350 1387 1403 vitio
1426 1366 1548 1404 sane
1587 1351 1944 1420 inquinatissi—

348 1464 509 1513 mam,
525 1446 777 1518 {tradisque
790 1446 989 1501 mendis
1005 1447 1220 1501 obsitum
1237 1464 1330 1518 pro
1341 1448 1535 1503 viribus
1552 1450 1941 1503 emaculandum

349 1541 660 1599 curavimus.
685 1539 931 1595 Subsidia
956 1540 1216 1595 contulere
1238 1541 1464 1595 virorum
1488 1542 1777 1606 doctorum,
1808 1559 1936 1614 pra:-

350 1632 500 1705 cipue
536 1648 654 1686 vero
692 1629 886 1685 Latinii
913 1642 959 1685 et
992 1631 1233 1687 Cotelerii
1264 1634 1629 1705 castigationes
1660 1644 1707 1689 et
1738 1635 1945 1705 conjec-

350 1734 483 1779 tura:
504 1765 519 1790 ,
549 1723 731 1794 quibus
758 1723 879 1777 alia:
902 1740 1103 1794 quoque
1129 1737 1487 1791 accesserunt,
1516 1743 1644 1795 quas
1674 1732 1943 1783 occasione

2042 522 2245 577 riorum
2277 523 2469 594 culpae.
2504 522 2679 577 Alium
2714 534 2978 593 praeterea
3013 522 3259 578 codicem
3294 522 3451 578 nobis
3479 522 3639 578 adhi-

2043 613 2279 669 bendum
2334 613 2524 669 tribuit
2579 615 3005 669 humanissimus
3056 630 3188 670 sane
3236 625 3291 671 et
3344 616 3636 687 multiplici

2042 710 2349 766 eruditione
2380 710 2610 765 illustris
2644 710 2938 781 Presbyter
2970 711 3032 764 Ι).
3066 711 3355 766 Mattlta-us
3382 712 3642 782 Aloysius

2041 801 2301 858 Canonici
2344 803 2481 857 civis
2528 801 2764 856 Venetus
2803 819 2833 855 e
2875 817 2972 856 sua
3013 800 3352 858 Bibliotheca
3384 803 3643 859 vetustis-

2042 896 2304 951 simorum
2327 938 2339 957 ,
2366 896 2668 965 praesertim
2692 894 3021 949 Biblicorum
3044 893 3307 950 Codicum
3341 896 3636 952 ditissima.

2042 988 2224 1043 Codex
2258 989 2390 1052 iste,
2423 1003 2585 1059 quem
2616 986 2884 1042 Venetum
2914 986 3286 1056 appellamus,
3316 994 3443 1041 ante
3467 1002 3641 1042 anuos

2045 1080 2159 1137 fere
2212 1082 2554 1151 octingentos
2606 1080 2841 1151 scriptus
2895 1079 3179 1135 Athanasii
3232 1088 3288 1134 et
3340 1079 3641 1133 Athanasio

2043 1174 2290 1244 quasdam
2338 1173 2597 1228 attributa
2640 1187 2808 1243 opera
2860 1173 3142 1235 continet,
3196 1172 3249 1227 in
3300 1170 3475 1241 iisque
3524 1173 3643 1226 lon-

2043 1268 2252 1339 giorem
2292 1266 2451 1337 hujus
2492 1267 2780 1336 epistolam
2819 1266 2885 1321 ad
2925 1266 3242 1322 Luciferum
3268 1307 3285 1333 ,
3327 1266 3485 1335 cujus
3534 1280 3639 1321 ms.

2044 1359 2350 1429 exemplum
2388 1374 2512 1413 cum
2556 1358 2764 1413 Tiliana
2800 1358 2911 1428 jam
2949 1358 3095 1413 edita
3135 1358 3490 1414 contulimus.
3535 1357 3641 1413 llo-

2045 1466 2163 1505 rum
2193 1450 2360 1522 igitur
2386 1450 2652 1506 Codicum
2684 1450 3041 1517 auctoritate,
3077 1459 3189 1505 tum
3217 1465 3282 1505 ex
3309 1449 3465 1514 Tilii,
3500 1449 3645 1505 Latio

2046 1543 2119 1597 nii
2144 1584 2158 1607 ,
2193 1543 2408 1604 Poncii.
2442 1542 2493 1597 la
2520 1540 2739 1607 Cerdae,
2778 1541 3063 1612 ipsiusque
3092 1540 3364 1597 Gallandii
3395 1542 3639 1597 nctatio-

2048 1635 2205 1690 nibus
2231 1676 2246 1702 ,
2289 1636 2411 1691 aliis
2442 1652 2572 1690 vero
2604 1635 2658 1690 in
2689 1636 2950 1705 epistulas
2990 1634 3367 1691 Luciferiauas
3399 1637 3645 1692 collectis

2047 1744 2111 1783 ex
2144 1729 2410 1795 Barouio,
2435 1728 2788 1792 Constantio,
2820 1725 3125 1791 Chifﬂetio,
3158 1727 3564 1798 Papebrocbio,
3591 1738 3649 1785 et

350 1826 562 1887 accepta
587 1817 639 1869 in
665 1816 887 1870 aliorum
912 1818 1119 1887 scriptis
1147 1817 1453 1872 deteximus.
1497 1819 1575 1873 Ac
1610 1819 1769 1888 paulu
1800 1820 1935 1876 iufe-
1972 1822 2013 1880 Β
2042 1818 2448 1874 Montfauconio
2479 1819 2754 1889 subjectus
2782 1818 3115 1874 confecimus
3141 1821 3485 1886 notationcs,
3519 1820 3642 1890 qui-

352 1908 515 1963 rius:
569 1907 934 1961 Verumtamen
982 1907 1211 1978 Luciferi
1258 1910 1416 1963 libros
1456 1912 1663 1982 penitus
1709 1913 1939 1967 detersos

350 2003 493 2057 haud
513 2003 899 2075 prwstiterimus
923 2019 941 2057 :
965 2004 1089 2073 quin
1112 2004 1269 2058 immo
1294 2005 1346 2058 in
1371 2004 1432 2059 iis
1463 2006 1787 2060 recensendis
1808 2024 1943 2062 non-

352 2095 499 2150 nulla
527 2096 629 2166 ipsi
655 2094 1125 2166 deprehendimus,
1150 2112 1266 2165 qua:
1293 2097 1346 2151 in
1376 2096 1747 2153 Emendandis
1772 2100 1944 2153 adhuc

352 2189 486 2259 forte
535 2189 843 2262 corrigenda
895 2191 1259 2258 proposuimus
1288 2206 1308 2243 .·
1360 2200 1417 2243 ut
1468 2202 1740 2262 propterea
1792 2194 1943 2262 plura

353 2281 633 2334 etiamnum
652 2281 707 2334 in
729 2279 976 2349 Lucifero
1001 2296 1289 2349 superesse,
1310 2297 1425 2349 qua:
1449 2298 1663 2337 manum
1690 2285 1945 2340 medicam

354 2383 637 2443 exspectent
665 2372 905 2427 codicum
942 2388 1068 2427 mss.
1103 2390 1198 2445 ape
1237 2375 1523 2441 praesertim
1552 2376 1790 2444 adjutam
1811 2417 1824 2441 ,
1856 2377 1941 2430 ul-

354 2473 431 2519 tro
451 2480 817 2535 agnoscamus
843 2465 1094 2519 Cteterum
1114 2481 1213 2535 quo
1236 2465 1472 2536 deinceps
1493 2464 1943 2537 Luciferianorum

353 2558 501 2611 lectio
548 2558 761 2627 pronior
805 2558 1113 2629 faciliorque
1157 2558 1433 2623 succedat,
1477 2560 1636 2614 libros
1673 2578 1845 2617 omnes
1892 2565 1946 2617 in

352 2650 599 2703 sectiones
625 2649 978 2703 distinximus.
1027 2648 1223 2713 Quibus
1256 2659 1504 2707 praeterea
1534 2652 1815 2706 nonnullas
1843 2654 1948 2707 sive

351 2740 583 2814 ejusdem
614 2740 867 2808 Luciferi,
898 2740 1004 2794 sive
1033 2741 1257 2794 aliorum
1284 2742 1350 2795 ad
1376 2742 1545 2812 ipsum
1570 2740 1836 2813 Epistolas
1868 2761 1948 2800 re-

353 2835 585 2905 cognitas
614 2843 660 2888 et
690 2835 978 2889 illustratas
1007 2833 1317 2907 udjecimus.

426 2926 520 2981 llis
548 2926 729 2996 itaque
756 2941 786 2981 a
816 2924 971 2981 nobis
998 2926 1425 2994 animadversis,
1454 2942 1652 2983 novum
1678 2928 1746 2985 de
1784 2929 1949 2985 eden—

353 3018 440 3073 dis
480 3017 714 3074 Luciferi
755 3018 911 3073 libris
952 3018 1247 3073 consilium
1292 3021 1575 3089 cepimus,
1616 3031 1671 3077 et
1707 3025 1950 3079 essecuti

351 3112 463 3181 jam
493 3126 679 3166 sumus
706 3130 720 3166 :
754 3112 822 3166 de
844 3128 952 3182 quo
980 3112 1191 3181 prwfari
1224 3114 1449 3168 omnino
1472 3129 1700 3171 nece5se
1722 3125 1837 3182 est,
1859 3128 1948 3185 ut,

2046 1913 2146 1968 bus
2178 1922 2233 1967 et
2264 1922 2467 1968 nostra:
2497 1924 2625 1967 sunt
2653 1912 2910 1967 admixta:
2938 1954 2951 1977 ,
2985 1929 3064 1968 ea:
3094 1913 3446 1983 potiSsimum
3473 1951 3489 1979 ,
3522 1928 3646 1981 qua:

2044 2003 2111 2058 ad
2143 2005 2573 2059 ecclesiasticam
2604 2003 2889 2058 historiam
2920 2005 3227 2075 pertinent,
3260 2019 3507 2075 quasque
3536 2005 3639 2059 mi-

2045 2112 2138 2152 ror
2187 2114 2216 2151 a
2257 2095 2545 2152 Gallaudio
2586 2096 2985 2163 pru‘termissas
3024 2094 3233 2162 fuisse,
3275 2111 3399 2150 cum
3447 2096 3600 2165 plura
3630 2137 3645 2161 ,

2046 2204 2170 2259 quae
2218 2189 2409 2245 scribit
2455 2187 2713 2255 Lucifer,
2763 2192 2897 2243 Acta
2949 2187 3368 2243 Mediolanensis
3417 2186 3645 2243 Concilii

2046 2282 2174 2336 anni
2203 2282 2341 2344 555,
2370 2292 2423 2334 et
2446 2280 2735 2336 Athanasii
2766 2281 2930 2336 vitam
2958 2282 3192 2336 maxime
3225 2281 3495 2335 illustrem
3520 2321 3534 2345 ,
3566 2290 3649 2334 at-

2047 2388 2153 2443 que
2185 2374 2511 2429 Arianorum
2558 2373 2612 2427 in
2654 2371 2967 2427 Catltolicos
3011 2372 3230 2427 fraudes
3272 2386 3339 2428 ac
3381 2374 3645 2427 saevitiam

2048 2468 2309 2536 detegant
2336 2485 2349 2522 :
2380 2466 2449 2522 de
2481 2468 2624 2522 notis
2654 2479 2835 2521 autem
2867 2465 3098 2535 adjectis
3126 2465 3193 2520 ad
3225 2466 3435 2536 singula
3476 2480 3649 2519 sacrae

2051 2563 2347 2630 Scriptura:
2384 2560 2688 2615 testimonia
2716 2570 2904 2629 postea
2926 2558 3191 2613 dicemus.
3225 2557 3341 2613 Non
3366 2558 3443 2612 ita
3466 2566 3648 2613 tamen

2052 2653 2245 2708 horum
2274 2664 2558 2709 auctorum
2586 2652 2809 2707 criticas
2836 2651 3337 2706 animadversiones
3364 2650 3659 2721 exscripsi-

2052 2760 2173 2800 mus
2195 2786 2209 2810 ,
2243 2756 2301 2800 ut
2330 2745 2480 2799 illico
2509 2759 2604 2798 cas
2638 2743 2998 2814 probaremus
3023 2760 3036 2808 ;
3070 2758 3263 2797 onmes
3293 2742 3511 2813 quidem
3542 2742 3655 2797 suis

2051 2855 2296 2910 quasque
2338 2839 2474 2893 locis
2515 2838 2665 2907 leges
2693 2837 2927 2891 insertas
2949 2877 2963 2901 ,
2997 2852 3103 2890 non
3133 2850 3325 2891 omnes
3358 2835 3612 2905 probatas
3641 2851 3653 2888 :

2055 2948 2231 3002 neque
2256 2933 2308 2987 in
2330 2932 2503 3000 ipsum
2528 2929 2760 2985 Luciferi
2783 2931 3066 2999 exemplar
3092 2944 3284 2984 manus
3310 2930 3383 2984 ita
3406 2928 3657 2998 injicien-

2054 3026 2152 3081 das
2183 3024 2786 3090 duximus,utaliorum
2819 3024 2943 3079 licet
2970 3024 3282 3079 testimonio
3310 3034 3365 3078 et
3393 3024 3657 3091 opinione

2054 3117 2209 3172 fretis
2237 3118 2403 3173 verba
2434 3131 2741 3187 sensusque
2772 3127 2866 3171 aut
2920 3118 3302 3183 intervertere,
3330 3126 3424 3169 aut
3455 3117 3654 3171 immu-

356 3219 479 3273 quae
523 3203 944 3272 prmstiterimus
968 3244 982 3267 ,
1027 3219 1149 3273 qua:
1200 3203 1359 3258 nobis
1402 3204 1717 3273 adjumema
1760 3206 1960 3263 fuerint
1986 3207 2031 3269 C
2064 3218 2202 3275 tare,
2227 3210 2511 3266 autetiam
2544 3209 2730 3264 delere
2763 3208 2923 3266 nobis
2945 3209 3135 3263 liceret
3170 3226 3183 3260 :
3217 3223 3431 3277 aquum
3464 3207 3513 3260 id
3547 3222 3654 3261 nou

356 3305 701 3369 comparata,
748 3296 877 3366 quid
922 3297 975 3351 in
1025 3297 1143 3366 ipso
1190 3296 1481 3361 Lucifero,
1531 3298 1759 3368 ejusque
1801 3299 1955 3355 libris

356 3389 576 3461 dignum
609 3390 682 3444 sit
709 3389 917 3457 visum,
950 3388 1096 3459 quod
1137 3388 1348 3443 critica:
1388 3389 1676 3459 quaestioni
1721 3389 1953 3460 subjice-

358 3497 528 3548 retur.
562 3487 628 3541 iis
652 3486 948 3556 perspicue
988 3495 1200 3556 pateat,
1242 3486 1333 3556 qui
1375 3485 1427 3539 in
1467 3486 1660 3542 iisdem
1703 3486 1955 3557 legendis

359 3580 567 3633 versari
600 3579 732 3634 utile
762 3577 863 3633 sibi
897 3578 1151 3633 duxerint
1177 3592 1298 3633 esse
1321 3578 1387 3632 ad
1412 3578 1721 3634 doctrinam
1746 3588 1802 3633 et
1825 3595 1953 3634 eru—

359 3672 660 3738 ditionem,
699 3681 797 3726 aut
833 3671 901 3726 ad
937 3672 1311 3727 curiositatem
1361 3672 1667 3727 honestum.
1718 3674 1796 3728 Ac
1845 3673 1953 3742 pri-

362 3780 509 3820 mum
540 3764 713 3834 ipsam
746 3762 866 3818 Tilii
916 3763 1214 3819 editionem
1260 3763 1415 3818 nobis
1454 3763 1785 3833 sequendam
1831 3778 1960 3833 pro-

364 3859 676 3929 posuimus,
716 3859 919 3929 quippe
962 3874 1084 3927 quae
1126 3867 1372 3913 veterum
1417 3857 1710 3925 Codicum,
1743 3858 1883 3913 unde
1912 3857 1957 3913 is

363 3956 598 4013 Luciferi
641 3956 811 4011 libros
854 3956 1064 4025 primus
1091 3956 1264 4021 eruit,
1312 3954 1608 4024 genuinum
1655 3956 1727 4009 sit
1774 3970 1960 4010 exem-

365 4052 549 4122 plum;
595 4064 773 4119 neque
815 4050 961 4105 enim
1005 4065 1125 4118 qua:
1170 4049 1246 4102 illi
1293 4053 1481 4105 insunt
1525 4049 1718 4104 menda
1747 4090 1762 4115 ,
1805 4058 1962 4120 typo-

364 4144 558 4215 graphi
614 4146 825 4213 magis,
881 4157 1041 4212 quam
1084 4143 1437 4213 antiquorum
1488 4143 1835 4197 librariorum
1880 4145 1964 4196 in-

366 4234 539 4289 scitia:
569 4247 664 4288 aut
703 4233 930 4288 incuria:
968 4240 1096 4287 sunt
1131 4232 1453 4300 tribuenda,
1496 4234 1572 4287 uti
1597 4232 1826 4287 inferius
1848 4248 1965 4287 mo-

365 4328 618 4383 nebimus
649 4344 661 4378 :
705 4335 920 4381 czeterae
949 4339 1081 4379 vero
1114 4324 1417 4389 editiones,
1458 4325 1503 4377 si
1543 4323 1959 4377 Gallaudianam

364 4421 633 4491 excipias,
669 4429 876 4473 tantum
908 4418 1253 4472 auctoritatis
1284 4432 1395 4487 prae
1424 4430 1485 4470 se
1513 4428 1618 4469 non
1651 4414 1871 4480 ferunt,
1907 4422 1964 4467 ut

366 4514 489 4568 illas
518 4525 633 4567 tuto
663 4510 815 4581 sequi
849 4525 1163 4579 possemus,
1190 4524 1313 4564 cum
1344 4508 1618 4563 editorum
1648 4506 1961 4570 arbitrium,

2057 3314 2197 3369 erat,
2232 3318 2406 3373 neque
2458 3304 2626 3357 rectis
2667 3302 2892 3357 criticcs
2935 3301 3144 3370 legibus
3168 3307 3601 3355 consentaneum
3637 3316 3651 3365 ;

2058 3395 2305 3462 satisque
2338 3394 2460 3460 fuit,
2494 3408 2616 3462 quae
2672 3393 2877 3447 intacta
2932 3392 3170 3460 relinqui
3219 3389 3371 3445 nullo
3401 3399 3656 3460 poterant

2058 3485 2325 3549 modo,ea
2354 3483 2676 3548 emendare,
2704 3492 2901 3537 etctcra
2932 3493 3111 3536 autem
3130 3481 3335 3551 judicio
3360 3481 3653 3551 legentium

2061 3587 2216 3633 notas
2241 3576 2581 3647 permittere.
2610 3576 2813 3630 Prmter
2845 3574 2963 3629 lta'c
3001 3575 3130 3640 alio,
3163 3589 3224 3628 ac
3255 3573 3385 3628 editi
3416 3574 3657 3633 fuerunt.

2059 3669 2257 3724 ordine
2287 3669 2457 3723 libros
2488 3668 2733 3739 singulos
2760 3666 3161 3735 disposuimus,
3192 3681 3315 3721 cum
3343 3682 3518 3735 neque
3550 3679 3661 3719 uno

2060 3780 2254 3820 omnes
2294 3764 2492 3819 calami
2521 3778 2703 3826 cursu.
2749 3777 2927 3831 neque
2956 3777 3062 3816 uno
3092 3770 3341 3829 tempore
3373 3759 3659 3813 existime-

2061 3873 2182 3914 mus
2204 3876 2232 3911 a
2256 3857 2512 3913 Lucifero
2539 3856 2710 3911 fuisse
2727 3853 3313 3923 compositos.Ceusuit
3335 3852 3550 3923 quidem
3571 3851 3661 3906 Ti-

2062 3951 2167 4006 lius
2197 3952 2251 4003 in
2282 3950 2515 4019 epiStola
2558 3947 2625 4001 ad
2654 3947 2809 4001 Pium
2847 3944 3164 4000 l’ontificem
3219 3953 3383 3998 totum
3422 3943 3657 3996 volumen

2062 4059 2184 4099 esse
2210 4059 2343 4108 Opus
2384 4050 2550 4095 tractu
2578 4056 2682 4093 uno
2717 4038 3025 4105 imperatori
3056 4034 3362 4090 Constantio
3390 4034 3660 4089 continua-

2063 4148 2196 4201 tum,
2218 4137 2388 4207 ipsum
2409 4144 2576 4187 tamen
2601 4132 2651 4185 in
2682 4130 2887 4185 libellos
2910 4129 3161 4199 partitum
3188 4127 3255 4182 ab
3278 4135 3502 4181 auctore
3528 4123 3656 4179 :setl

2064 4230 2223 4283 aliter
2246 4233 2583 4283 censuerunt
2604 4224 2882 4279 Baronius
2900 4221 2967 4275 ad
3000 4235 3202 4274 annum
3231 4218 3358 4284 356,
3381 4233 3532 4271 num.
3549 4216 3652 4280 65;

2067 4321 2479 4392 Papebrochius
2502 4328 2639 4373 tom.
2670 4333 2721 4371 tv
2752 4317 2897 4379 Maii,
2928 4314 3071 4369 Boll.
3099 4315 3149 4366 in
3176 4312 3392 4367 Comm.
3420 4311 3559 4365 Hist.
3593 4310 3663 4363 de

2064 4414 2266 4469 Sancto
2310 4410 2561 4465 Lucifero
2590 4423 2713 4476 cap.
2750 4406 2804 4469 4.
2839 4417 2894 4461 et
2923 4403 3243 4460 Gallandius
3268 4403 3322 4456 in
3344 4400 3661 4469 Prolcgom.

2066 4504 2132 4559 ad
2159 4513 2300 4558 tom.
2331 4518 2381 4556 VI
2414 4498 2675 4556 Biblioth.
2728 4498 2865 4561 PP.,
2902 4496 3228 4565 quibuscum
3260 4496 3657 4556 convenimus;

367 4623 473 4663 non
525 4620 677 4675 aequa
731 4580 1164 4667 animadversio,
1220 4617 1441 4656 errores
1492 4600 1629 4656 forte
1678 4598 1965 4655 sustulerit
1993 4595 2041 4653 Ι)
2068 4606 2125 4651 et
2157 4594 2378 4650 Lucifer
2407 4594 2525 4660 ipse
2553 4591 2607 4646 in
2640 4590 2733 4644 lib.
2770 4587 3102 4642 Moriendum
3143 4600 3251 4641 esse
3272 4600 3367 4655 pro
3397 4582 3538 4638 Filio
3565 4580 3665 4637 Dei

366 4700 602 4769 aliiuot,
643 4714 751 4753 non
789 4711 992 4767 paucos
1026 4704 1181 4751 certe
1219 4696 1271 4749 in
1308 4695 1529 4751 easdem
1573 4693 1853 4756 intulerit;
1893 4692 1962 4747 de

364 4806 475 4863 quo
518 4789 679 4858 paulo
717 4788 973 4859 superius
1017 4787 1226 4842 dictum
1268 4796 1376 4841 est.
1416 4784 1525 4839 Sed
1571 4800 1698 4840 cum
1754 4782 1962 4839 codicis

365 4883 597 4953 alicujus
635 4896 796 4949 Opem
838 4881 995 4935 nobis
1035 4895 1158 4934 esse
1201 4877 1566 4934 necessariam
1612 4876 1963 4942 videremus,

366 4989 600 5048 quocum
626 4973 835 5028 Tiliana
866 4972 1035 5027 editio
1062 4969 1426 5034 conferretur,
1467 4969 1614 5025 illum
1653 4978 1962 5039 opportune

366 5068 419 5123 in
478 5066 733 5122 Vaticana
790 5064 1130 5119 BibliOtheca
1184 5064 1327 5117 nacti
1375 5076 1568 5116 smnus
1618 5059 1850 5124 saeculo,
1908 5067 1965 5114 ut

366 5160 554 5225 aiunt,
591 5172 735 5211 nouo
766 5155 1101 5225 descriptum
1125 5197 1140 5221 ,
1187 5163 1243 5209 et
1282 5156 1334 5209 iu
1376 5152 1570 5210 loculis
1611 5151 1965 5207 Bibliotheca:

366 5250 685 5307 distinctum
719 5263 870 5303 num.
904 5247 1007 5312 73,
1043 5248 1144 5302 litt.
1177 5245 1241 5301 Ν.
1272 5246 1332 5300 Ρ.
1364 5246 1519 5316 cujus
1553 5243 1787 5300 diversa:
1816 5261 1843 5297 a
1877 5243 1970 5298 Ti-

368 5342 530 5397 iianis
584 5340 858 5396 dictiones
916 5340 1207 5408 exscripta:
1265 5338 1332 5391 ad
1392 5352 1493 5393 nos
1558 5338 1969 5406 perhumaniter

367 5437 707 5491 transmissae
736 5440 903 5489 sunt:
938 5432 1036 5488 sed
1068 5447 1177 5487 non
1208 5430 1475 5502 ejusmodi
1503 5438 1665 5495 sunt,
1690 5444 1813 5499 quae
1842 5442 1967 5483 sen-

370 5534 599 5587 tentiam
657 5529 985 5594 immutent,
1042 5537 1099 5583 et
1152 5527 1331 5581 varias
1388 5524 1715 5593 plerumque
1764 5535 1968 5586 voces,

371 5625 525 5679 varia
576 5622 646 5677 ab
696 5620 857 5677 editis
907 5636 973 5676 es
1018 5620 1229 5677 Tiliano
1271 5618 1461 5673 codice
1506 5613 1727 5669 nomina
1769 5613 1972 5667 solum-

370 5714 543 5774 modo
572 5713 835 5771 exhibent
860 5730 875 5779 ;
909 5713 1055 5769 unde
1082 5710 1344 5783 conjicias
1366 5750 1380 5776 ,
1415 5708 1633 5785 plures,
1664 5705 1756 5775 qui
1786 5704 1972 5775 legun-

371 5789 464 5863 nn
482 5806 771 5866 erroresiu
805 5801 958 5863 libris
992 5791 1262 5871 Luciferi,
1302 5801 1506 5858 inculto
1540 5796 1721 5869 potius
1747 5809 1810 5854 ac
1839 5810 1973 5866 pene

2069 4687 2302 4754 idipsum
2362 4683 2518 4740 nobis
2549 4680 2863 4746 conﬁrmat,
2892 4679 3093 4734 librum
3145 4692 3303 4732 suum
3326 4683 3389 4730 de
3440 4676 3664 4748 Regibus

2068 4778 2383 4851 Apostaticis
2408 4775 2756 4843 diSIinguens
2777 4787 2843 4827 ac
2864 4772 3161 4840 sejungens
3188 4785 3216 4823 a
3249 4769 3499 4835 ceteris;
3534 4768 3662 4836 Qum

2066 4874 2140 4926 ita
2166 4889 2219 4926 se
2264 4870 2450 4924 habere
2475 4871 2530 4923 in
2562 4868 2714 4931 libro,
2744 4868 2832 4936 qui
2877 4866 3115 4921 titulotur
3142 4870 3209 4919 de
3253 4863 3492 4934 Regibus
3521 4866 3664 4933 Apo-

2068 4964 2299 5026 staticis,
2329 4965 2453 5033 quia
2483 4963 2587 5021 iam
2614 4962 2813 5031 aperui,
2838 4970 2946 5014 etc.
2990 4958 3095 5013 Sed
3125 4973 3234 5028 quo
3264 4958 3496 5026 quisque
3527 4966 3666 5010 tem-

2074 5071 2206 5127 pore
2240 5053 2378 5109 liber
2406 5068 2436 5107 a
2459 5050 2715 5106 Lucifero
2743 5051 2982 5119 scriptus
3012 5050 3197 5116 luerit,
3226 5048 3329 5102 alia
3354 5046 3511 5101 nobis
3542 5046 3662 5113 opic

2073 5149 2166 5205 nio
2194 5149 2359 5212 inest,
2388 5160 2548 5214 quam
2582 5142 2819 5198 laudatis
2857 5142 3211 5203 auctoribus;
3262 5155 3365 5209 qua
3397 5137 3466 5191 de
3496 5152 3555 5191 re
3596 5137 3664 5189 ad

2075 5244 2323 5313 singulos
2372 5254 2475 5296 suo
2528 5239 2649 5293 loco
2676 5237 3035 5294 disseremus.
3069 5237 3295 5291 Tilianue
3343 5241 3523 5287 autem
3551 5229 3665 5285 edi-

2076 5336 2211 5391 tioni
2243 5334 2363 5390 haec
2411 5332 2741 5397 addidimus,
2770 5346 2889 5400 qua:
2941 5326 3118 5382 omitti
3152 5336 3305 5380 certe
3362 5340 3467 5377 nutt
3517 5331 3667 5392 pote-

2075 5436 2220 5492 rant,
2249 5435 2305 5481 et
2333 5424 2693 5481 Luciferiauis
2722 5422 2876 5477 libris
2896 5419 3179 5488 praeposita
3217 5418 3467 5486 leguntur
3492 5431 3507 5481 ;
3538 5415 3667 5483 Epi-

2073 5522 2275 5579 stolam
2333 5520 2566 5589 primum
2617 5515 2852 5571 Luciferi
2880 5528 3001 5568 cum
3032 5510 3317 5581 legationis
3362 5523 3477 5561 sua)
3504 5508 3670 5563 sociis

2077 5613 2365 5670 Pancratio
2394 5620 2451 5666 et
2487 5608 2692 5663 Hilario
2724 5605 2979 5672 scriptam
3015 5603 3082 5656 ad
3120 5600 3412 5656 Eusebium
3442 5599 3665 5656 Vercel-

2077 5706 2287 5761 lensem
2318 5703 2659 5774 episcopum.
2697 5696 2897 5753 deinde
2953 5694 3115 5749 aliam
3142 5692 3343 5749 Liberii
3391 5693 3665 5762 puntilicis

2080 5798 2146 5857 ad
2177 5792 2491 5855 Luciferum
2521 5788 2717 5851 exsilio
2742 5790 2855 5862 jam
2886 5786 3201 5845 damnatum
3236 5783 3434 5846 :hasce
3461 5784 3670 5844 litteras
