4194 6184
597 334 701 391 6‘39

1607 324 1905 384 LUCIFER
1950 317 2320 379 EPISCOPUS
2359 316 2864 373 CALAIllTANUS.

3748 315 3839 373 700

596 458 908 519 sequuntur
938 448 1063 502 libri
1093 446 1354 510 Luciferi,
1392 445 1596 513 primus
1618 443 1831 497 scilicet
1854 442 1917 494 de
1946 455 2049 494 non
2070 454 2194 491 con—
2223 437 2271 499 Α
2301 434 2676 490 testimonium
2714 432 2975 488 Proverb.
3029 447 3140 498 six,
3165 431 3275 487 98:
3329 431 3676 486 Misericordia
3702 442 3742 488 et
3767 451 3839 489 re-

589 541 845 596 veniando
861 555 976 592 cum
1000 539 1278 600 heereticis,
1297 546 1408 590 tum
1437 537 1573 591 alter
1590 534 1654 587 de
1683 533 1904 605 Regibus
1926 531 2191 601 Apastati-

590 635 687 701 eis,
717 633 935 702 duoque
963 632 1087 686 libri
1118 646 1213 700 pro
1244 630 1302 685 S.
1336 630 1637 684 Athanasio
1662 644 1676 692 ;
1703 626 1775 680 ad
1805 627 1905 679 hos
1928 623 2193 678 Florentii

591 726 663 783 ad
695 725 1026 789 Luciferum,
1050 735 1104 779 et
1132 722 1371 778 Luciferi
1402 722 1468 779 ad
1500 720 1835 774 Florentium
1863 719 2076 772 litteras
2098 714 2192 769 ad-

585 818 891 890 juuximus,
921 818 1121 887 quibus
1150 816 1429 885 subjectus
1453 822 1539 867 est
1558 813 1696 867 liber
1719 810 1782 863 de
1807 826 1914 862 non
1934 804 2197 880 parcendo

594 913 654 966 in
700 909 868 965 Deum
917 907 1355 979 delinquentibus,
1387 915 1441 959 et
1491 904 1618 958 huic
1664 911 1996 971 postremus,
2030 913 2192 967 quem

597 1002 815 1058 Lucifer
840 1001 1119 1056 inscribit:
1145 1000 1296 1065 Quod
1324 995 1649 1052 moriendum
1680 996 1745 1047 sit
1774 1011 1866 1064 pro
1883 992 2024 1046 Filio
2052 991 2147 1044 Dei
2173 1007 2192 1043 :

597 1095 817 1149 demum
834 1093 955 1146 dine
974 1092 1255 1145 Athanasii
1270 1089 1514 1159 epistoke
1529 1087 1601 1141 ad
1614 1086 1924 1141 Luciferum
1939 1084 2195 1138 volumen

603 1187 885 1242 claudunt.
930 1185 1090 1239 llisce
1115 1183 1290 1238 Tilius
1326 1180 1617 1236 addiderat
1656 1177 1943 1247 epistolam
1988 1172 2190 1228 Liberii

604 1281 675 1335 ad
699 1277 1111 1342 Cousmutium,
1134 1286 1191 1330 et
1219 1276 1380 1330 aliam
1398 1272 1684 1328 Athanasii
1701 1269 1773 1325 ad
1790 1268 2088 1333 Soli.t.;sed
2112 1268 2192 1323 ιο.

599 1388 696 1427 cus
725 1372 919 1426 iisdem
950 1371 1036 1424 hic
1058 1384 1311 1424 essenon
1339 1375 1575 1436 poterat,
1607 1365 1814 1434 quippe
1839 1363 1902 1416 ad
1929 1377 2018 1416 res
2036 1361 2190 1416 Luci-

598 1466 695 1520 feri
711 1464 1063 1519 illus-trandus
1079 1478 1189 1518 non
1202 1458 1710 1517 uecessariianter
1723 1456 1906 1526 spuria
1923 1470 2055 1512 vero
2069 1454 2195 1524 ejus

595 1574 761 1627 opem
797 1558 1086 1626 rejecimus
1104 1555 1175 1609 ad
1193 1555 1401 1609 calcem
1432 1552 1737 1607 voluminis
1769 1550 2075 1604 Formatam
2100 1548 2191 1601 1μέ-

599 1649 703 1713 dei,
724 1665 845 1721 quae
864 1651 1114 1704 Lucifero
1139 1648 1421 1712 tribuitur;
1444 1648 1527 1701 cui
1550 1646 1840 1716 peculiaris
1870 1644 2055 1699 critica
2076 1644 2195 1697 ani—

601 1743 915 1799 madversio
932 1742 1150 1811 pristina
1168 1740 1458 1810 est.Atque
1479 1740 1563 1793 bis
1585 1739 1652 1793 de
1671 1754 1807 1791 nova
1830 1738 1931 1791 hac
1950 1737 2191 1791 editione

2294 526 2421 579 ritas
2443 525 2599 580 tutela
2621 535 2694 579 est
2716 524 2846 594 regi,
2874 538 2994 594 pag.
3016 522 3085 578 89
3100 522 3225 593 (col.
3249 524 3379 594 855)
3410 524 3564 593 hujus
3583 523 3702 579 edit.
3730 524 3841 597 Ego,

2295 617 2507 681 subdit,
2536 617 2591 669 in
2624 614 2855 685 Vulgata
2885 630 2987 668 non
3015 616 3215 685 reperio
3244 631 3262 668 :
3292 616 3369 669 sic
3392 616 3550 668 multa
3578 625 3687 669 sunt
3714 615 3845 670 Luci-

2294 709 2411 781 feri,
2435 707 2535 762 nisi
2548 706 2765 761 aliunde
2783 705 3072 772 expiscetur
3093 722 3111 760 :
3137 714 3382 775 praetereo
3398 705 3591 775 reliqua
3604 721 3709 776 qua
3724 708 3847 778 diffi-

2294 800 2415 854 cilia
2444 801 2651 853 inventu
2671 805 2822 851 sunt:
2848 795 2991 850 unde
3014 796 3101 852 hic
3127 812 3284 852 error
3299 798 3461 851 etiam
3491 797 3563 851 illi
3589 798 3845 865 exciderit,

2295 891 2778 945 uttestimouinma
2795 884 3047 941 Lucifero
3073 884 3362 941 adductum
3390 901 3457 940 ex
3480 885 3497 939 l
3519 887 3643 957 Reg.
3666 901 3753 951 vu,
3774 886 3849 952 l6,

2297 1000 2415 1055 pag.
2436 982 2634 1054 Gil-(col.
2650 980 3132 1052 855)commati15
3146 979 3389 1048 ejusdem
3404 994 3522 1048 cap.
3540 980 3588 1032 in
3605 976 3749 1048 Vulg.
3765 995 3851 1047 ap-

2294 1090 2528 1154 poneret
2554 1099 2566 1135 :
2592 1097 2750 1151 quam
2787 1080 3167 1135 difﬁcultatem
3200 1085 3253 1129 et
3282 1088 3383 1130 nos
3413 1074 3549 1130 adeo
3570 1086 3742 1127 sumus
3766 1087 3852 1127 es-

2296 1180 2457 1249 perti,
2480 1194 2601 1232 cum
2624 1177 2834 1232 Titiana
2866 1172 3211 1231 solummodo
3236 1170 3483 1226 editione
3509 1178 3774 1230 uteremur,
3796 1176 3850 1221 ut

2298 1282 2584 1341 propterea
2614 1286 2733 1340 pag.
2775 1271 2839 1324 5i
2888 1268 3014 1339 (col.
3046 1266 3177 1337 818)
3207 1264 3276 1319 ad
3325 1262 3479 1317 illum
3518 1260 3713 1335 locum,
3748 1254 3851 1312 cum

2296 1380 2568 1418 conversus
2617 1363 2946 1433 ingemueris,
2994 1372 3099 1416 etc.
3141 1357 3441 1413 dixerimus
3480 1356 3531 1408 in
3588 1362 3710 1407 nota
3745 1352 3854 1406 sub-

2286 1458 2431 1525 jecta
2465 1497 2479 1519 ,
2533 1456 2673 1511 forte
2724 1471 2789 1510 ex
2868 1468 3035 1510 sensu
3084 1450 3432 1520 superiorum
3476 1446 3639 1502 luetis
3689 1445 3856 1498 verbo-

2296 1564 2413 1603 rum
2447 1564 2568 1605 esse
2615 1557 2953 1611 contextum,
2985 1560 3109 1600 cum
3136 1552 3326 1613 postea
3357 1540 3608 1595 eutndem
3640 1539 3857 1593 invenire

2302 1642 2517 1697 licuerit
2540 1643 2592 1695 iu
2637 1656 2760 1711 cap.
2814 1656 2915 1697 xxx
2948 1639 3014 1693 Is.
3049 1621 3196 1693 vers.
3241 1637 3327 1691 15.
3357 1634 3496 1689 Hinc
3523 1632 3695 1686 locum
3720 1632 3852 1686 Deut.

2297 1756 2334 1801 ι,
2361 1737 2454 1803 29,
2492 1736 2574 1791 Ne
2591 1736 2889 1805 loquamini,
2916 1749 3078 1797 neque
3106 1741 3237 1797 elc.,
3257 1743 3379 1799 pag.
3413 1727 3502 1781 hic
3522 1727 3591 1781 59
3614 1723 3727 1796 (col.
3744 1722 3855 1793 894)

602 1836 873 1907 prmlatis,
894 1837 1006 1905 jam
1030 1835 1097 1889 de
1127 1835 1378 1888 Lucifero
1402 1836 1545 1903 ipso,
1578 1833 1727 1902 quod
1750 1832 1815 1885 ad
1847 1831 1969 1901 ejus
1997 1831 2191 1885 attinet
2228 1830 2270 1887 Β
2299 1833 2363 1887 ad
2409 1832 2690 1901 Vulgatam
2733 1828 3048 1899 expendens
3071 1827 3186 1895 ipse
3212 1823 3263 1878 la
3288 1821 3461 1878 Cerda
3481 1862 3495 1885 ,
3539 1828 3595 1874 et
3619 1819 3857 1873 diversam

596 1932 824 1998 scripta,
849 1942 958 1984 tum
981 1929 1295 2000 desingulis
1313 1929 1557 1999 ejusdem
1591 1928 1747 1982 libris
1773 1928 2073 1982 distinctim
2102 1942 2199 1995 per

592 2024 805 2092 aliquot
845 2025 1127 2079 sectiones
1167 2034 1419 2091 superest
1450 2023 1764 2078 necessario
1794 2023 2193 2077 disserendum.

596 2117 623 2188 ξ
645 2118 681 2170 Ι.
697 2147 767 2159 -—
784 2117 859 2170 De
878 2117 1212 2189 Luciferiana
1232 2118 1416 2172 Sacra:
1440 2116 1727 2186 Scriptura
1749 2118 2192 2184 interpretatione.

666 2208 842 2263 Nemo
887 2218 972 2263 est
1018 2208 1288 2278 profecto,
1322 2211 1437 2277 qui,
1487 2207 1721 2262 Luciferi
1755 2209 1923 2263 libros
1952 2223 2073 2261 cum
2111 2207 2192 2261 ie-

597 2301 760 2370 gerit,
800 2310 855 2355 et
888 2301 940 2354 in
962 2298 1263 2355 aﬂ'ereudis
1294 2310 1603 2370 promptum
1631 2309 1684 2355 et
1717 2303 1768 2355 in
1801 2301 2055 2369 aptandis
2082 2316 2195 2355 suae

594 2393 899 2461 quibusque
948 2394 1240 2447 sententite
1291 2394 1597 2447 divinorum
1628 2395 1888 2449 librorum
1945 2397 2190 2449 testimo-

599 2484 704 2537 niis
755 2493 971 2539 acutum
1034 2485 1273 2541 hominis
1329 2488 1628 2556 ingenium,
1659 2504 1722 2541 ac
1754 2490 2080 2557 singularem
2114 2490 2193 2543 fa-

596 2577 849 2632 cundiam
885 2580 1119 2634 maxime
1150 2596 1256 2634 non
1285 2580 1677 2636 admiretur.ld
1710 2583 1921 2652 primus
1949 2583 2194 2636 animad-

598 2671 765 2725 vertit
796 2671 1126 2726 Athanasius
1142 2672 1196 2726 in
1219 2672 1389 2727 altera
1407 2672 1470 2727 ad
1492 2674 1637 2726 illum
1659 2674 1891 2743 epismla
1909 2674 2190 2729 scribens:

600 2761 750 2817 Unde
775 2764 887 2817 bare
908 2772 1049 2818 tanta
1076 2763 1474 2832 Scripturarum
1506 2767 1795 2820 ntcmoria?
1820 2768 1957 2820 unde
1984 2782 2192 2833 sensus,

595 2868 643 2911 et
698 2858 989 2913 intellectus
1036 2861 1333 2913 earumdem
1374 2861 1619 2933 integer?
1646 2871 1698 2915 et
1744 2861 2091 2916 Marcellinus
2130 2878 2194 2919 ac

597 2950 891 3005 Faustinus
924 2952 1228 3024 presbyteri
1286 2955 1336 3007 in
1371 2954 1578 3008 Libello
1610 2970 1829 3023 precum
1861 2955 1927 3009 ad
1958 2955 2193 3024 impera-

598 3051 751 3099 tores
802 3043 1111 3099 Lucifernm
1148 3048 1417 3115 prteeiptte
1451 3046 1691 3113 laudant,
1725 3048 1868 3117 quod
1911 3049 2034 3101 bene
2063 3058 2192 3101 esset

597 3139 807 3209 agnitus
856 3155 948 3209 per
978 3139 1207 3192 studium
1251 3155 1516 3193 sacrarum
1537 3141 1847 3205 litterarum,
1879 3150 1932 3194 et
1958 3138 2101 3209 quod
2127 3139 2192 3193 li-

2297 1925 2433 1979 adeo
2493 1923 2997 1993 interpretationem
3038 1917 3339 1979 admirans,
3372 1913 3503 1968 Hice
3531 1928 3643 1965 cum
3662 1911 3854 1974 rideam,

2299 2016 2560 2081 subdidit,
2591 2016 2760 2070 nescio
2802 2014 2925 2083 quid
2955 2011 3100 2067 aliud
3132 2012 3326 2083 possim
3357 2008 3551 2070 dicere,
3581 2021 3723 2075 quam
3745 2004 3859 2056 hunc

2297 2114 2461 2167 virum
2483 2111 2566 2164 vel
2591 2125 2683 2180 per
2727 2106 3258 2163 accommorlationem
3286 2100 3568 2173 quamdam
3606 2096 3859 2151 reddidisse

2299 2210 2409 2263 lucc
2436 2209 2569 2271 loca,
2599 2208 2678 2259 vel
2706 2220 2851 2258 usum
2883 2204 3057 2272 aliqua
3080 2199 3447 2263 translatione,
3477 2194 3716 2249 utmulta
3735 2198 3863 2244 erant

2300 2312 2419 2358 ante
2440 2301 2684 2363 Hieron.,
2716 2315 2815 2367 qua
2845 2313 2939 2351 nos
2964 2310 3195 2349 caremus
3216 2309 3235 2347 :
3260 2299 3315 2346 et
3338 2291 3413 2345 ad
3440 2287 3661 2344 Malacb.
3686 2300 3756 2347 ut,
3782 2282 3853 2345 l3,

2299 2414 2350 2466 p.
2382 2395 2480 2449 lilii
2497 2393 2621 2463 (col.
2641 2390 2767 2461 87?.)
2790 2409 2800 2442 :
2838 2389 2919 2443 Ne
2947 2389 3149 2452 mirere,
3169 2383 3439 2455 adiungit,
3458 2379 3678 2452 Luciferi
3693 2375 3855 2429 versio-

2297 2505 2435 2552 nem,
2457 2502 2573 2558 (μιαν
2602 2484 2731 2537 adeo
2753 2466 2828 2537 est
2873 2482 3146 2543 inusitata,
3172 2487 3230 2532 ut
3252 2474 3516 2548 suspicari
3536 2472 3787 2526 debeamus
3802 2466 3856 2519 il-

2297 2585 2400 2637 lum
2423 2582 2645 2650 aliquem
2672 2577 2895 2631 codicem
2918 2574 3155 2627 habuisse
3186 2565 3645 2641 peculiarem.Sed
3674 2559 3803 2635 quod:
3819 2558 3856 2612 is

2297 2648 2609 2745 SIlSplt'IlillS
2637 2673 2754 2736 fuit,
2776 2670 2884 2738 jam
2917 2668 3009 2722 alii
3038 2665 3413 2727 adverterant,
3447 2670 3501 2717 et
3527 2658 3690 2714 Tilins
3716 2654 3853 2745 etiam

2296 2770 2349 2824 in
2382 2742 2606 2835 epistola
2637 2765 2703 2818 ad
2739 2762 3097 2818 Pontificem:
3134 2754 3398 2817 Ostendit,
3446 2742 3854 2820 inquiens,rersio

2296 2861 2523 2914 locorum
2542 2857 2679 2911 sacri
2700 2854 2997 2917 voluminis,
3032 2849 3169 2919 quod
3204 2849 3298 2900 illa
3326 2854 3470 2899 certe
3498 2837 3719 2912 vulgaris
3740 2843 3852 2898 erat,

2297 2971 2476 3025 neque,
2498 2964 2549 3005 ut
2577 2961 2753 3021 postea
2776 2949 2902 3021 fuit,
2932 2947 3193 3017 recognita
3226 2954 3272 2996 et
3294 2941 3575 2997 emendata
3598 2955 3615 3003 ;
3636 2946 3683 2991 et
3711 2933 3856 3025 Pape.

2298 3022 2549 3101 brocliius
2578 3058 2699 3112 cap.
2731 3044 2764 3096 5
2790 3040 2923 3094 Viue
2954 3038 3013 3094 s.
3060 3034 3234 3092 Lucil.
3277 3052 3288 3087 :
3326 3032 3390 3086 In
3434 3028 3651 3085 citandis
3678 3022 3853 3097 quidem

2300 3126 2587 3212 Scriptura:
2622 3136 2748 3190 locis
2777 3141 2999 3204 apparet
3018 3132 3263 3185 versionis
3311 3130 3545 3193 antiqua:
3571 3123 3631 3175 ab
3678 3135 3749 3181 ea,
3773 3130 3856 3185 qua

597 3208 715 3278 bras
763 3208 973 3297 scripsit
1013 3229 1081 3282 ad
1109 3230 1461 3284 Constantium
1512 3232 1687 3285 dicina
1717 3208 2009 3285 testimonia
2029 3232 2195 3303 aptis-
2222 3208 2267 3270 C
2298 3208 2565 3289 emendata
2595 3228 2746 3283 hodie
2772 3228 2987 3293 utimur,
3025 3221 3265 3277 notabilis
3289 3218 3573 3273 admodum
3594 3212 3856 3303 discrepan-

595 3321 725 3370 sime
755 3334 1035 3389 congerens
1066 3331 1246 3376 contra
1299 3323 1568 3377 hazreticos
1596 3333 1643 3377 et
1681 3333 1860 3377 contra
1904 3326 2071 3394 ipsum
2103 3342 2196 3395 pa-

600 3426 811 3462 tronum
868 3410 1231 3467 hereticorum
1282 3431 1299 3469 :
1362 3416 1502 3469 adeo
1555 3424 1611 3469 ut
1680 3414 1998 3471 Gallandius
2050 3428 2196 3473 recte

603 3500 868 3565 affirmet,
897 3505 1023 3557 locis
1051 3507 1315 3575 utriusque
1344 3507 1581 3562 Faederis
1617 3512 1779 3577 ferme
1800 3510 1928 3563 solis
1955 3519 2196 3565 contexta

603 3610 719 3647 esse
747 3595 941 3664 scripta
960 3595 1317 3665 Luciferiana.
1369 3600 1504 3654 lliuc
1530 3600 1835 3656 Cotelerius
1864 3604 1917 3657 in
1954 3606 2197 3658 testimo-

607 3688 699 3741 nio
728 3688 977 3755 superius
1007 3690 1172 3743 allato
1205 3691 1508 3746 Luciferum
1552 3698 1785 3765 appellat
1810 3710 2069 3752 auctorem
2094 3700 2197 3752 uti-

604 3778 861 3832 lissimam
890 3780 960 3832 ad
986 3783 1328 3852 cognitionem
1360 3801 1521 3839 sacrm
1564 3787 1851 3857 Scriptura:
1874 3805 1892 3854 ;
1921 3800 1970 3843 et
1998 3782 2198 3844 Millius

602 3872 654 3923 in
688 3868 904 3942 Proleg.
936 3872 1003 3925 ad
1034 3873 1168 3927 Nov.
1200 3875 1442 3931 Tcslam.
1508 3892 1657 3933 num.
1694 3879 1798 3932 772
1852 3880 1967 3935 ha-c
1998 3880 2065 3935 de
2093 3881 2199 3935 Lu-

602 3962 777 4016 cifero
827 3965 1019 4018 scribit
1053 3984 1067 4018 :
1096 3967 1175 4019 Ab
1231 3967 1437 4021 Hilario
1490 3972 1768 4023 transimus
1804 3973 1873 4024 ad
1898 3970 2198 4040 Luciferum

603 4053 899 4123 episcopum
921 4054 1301 4122 Calaritanum,
1327 4062 1479 4130 cujus
1514 4062 1762 4129 apuscula
1784 4079 2029 4132 magnam
2058 4067 2201 4118 testi-

604 4145 889 4197 moniorum
913 4162 1075 4200 sacra:
1101 4147 1392 4216 Scriptum
1434 4154 1501 4204 ad
1531 4152 1689 4222 ﬁdem
1714 4155 1909 4210 codicis
1927 4157 2091 4226 ipsius
2112 4174 2201 4212 ac-

600 4244 779 4289 curate
823 4236 1010 4307 ubique
1039 4240 1369 4295 recitatorum
1395 4246 1495 4297 vim
1541 4244 1799 4300 exhibent.
1826 4247 1933 4301 Sed
1959 4264 2075 4302 cum
2105 4250 2200 4303 ha-

600 4340 719 4380 rum
770 4326 930 4381 editio
956 4329 1028 4382 ad
1056 4346 1152 4382 ms.
1205 4347 1365 4386 unum
1396 4335 1659 4405 exemplar
1716 4336 2009 4404 dumtaxat,
2047 4340 2201 4408 idque

609 4434 883 4489 perperam
931 4423 1245 4493 descriptum
1285 4427 1543 4483 adornata
1566 4430 1703 4485 vitiis
1745 4432 1932 4487 misere
1977 4441 2196 4499 scatent,

606 4522 715 4567 tum
744 4530 837 4567 nec
866 4517 1001 4569 sacri
1027 4516 1236 4571 Cadicis
1264 4519 1380 4574 loca
1398 4537 1599 4576 evasere
1614 4524 1834 4595 integra.
1862 4523 2065 4579 Verum
2092 4534 2200 4596 quo

606 4605 824 4661 tandem
845 4606 1051 4665 Codice
1083 4626 1212 4665 usus
1251 4615 1322 4667 sit
1348 4615 1523 4670 'l'ilius
1564 4628 1655 4670 aut
1686 4598 1794 4672 uno
1822 4625 1916 4671 aut
1946 4596 2195 4685 plurib'us

604 4697 657 4750 in
682 4698 912 4753 edendis
943 4701 1175 4757 Luciferi
1226 4705 1401 4771 libris,
1438 4718 1622 4762 noster
1651 4709 1873 4778 quidem
1906 4710 2195 4766 Vaticanus

607 4786 723 4841 fere
750 4788 887 4841 nihil
909 4790 1086 4846 differt
1106 4794 1174 4847 ab
1194 4795 1434 4852 editione
1461 4799 1677 4853 'l‘iliana
1707 4801 1757 4854 in
1792 4801 2081 4871 descriptis
2114 4818 2198 4857 sa-

605 4895 827 4935 crorum
883 4881 1181 4940 Bibliorum
1218 4890 1542 4944 testimoniis
1579 4907 1593 4955 ;
1629 4892 1773 4948 unde
1828 4893 1988 4947 aliam
2021 4895 2199 4963 potius

603 4989 915 5042 quaeramus
941 4990 1162 5032 causam
1216 4995 1444 5037 necesse
1472 4993 1578 5050 est,
1611 4999 1708 5040 cur
1736 4987 1806 5039 ita
1842 4988 1892 5040 in
1944 4986 2199 5041 Lucifero

607 5069 857 5138 legantur
897 5069 1115 5127 diversa
1164 5089 1192 5127 a
1231 5074 1499 5146 Vulgatis,
1532 5095 1630 5134 nec
1686 5081 1910 5135 omnino
1936 5096 1963 5135 a
1992 5082 2205 5136 mendis

605 5164 831 5235 integra,
853 5173 908 5219 et
933 5180 1249 5239 expurgatu.
1277 5169 1587 5228 Ludovicus
1606 5176 1653 5229 la
1677 5174 1852 5229 Cerda
1882 5176 1933 5229 iu
1964 5175 2197 5231 Advers.

605 5255 760 5311 Sacr.
792 5273 912 5328 cap.
946 5260 1047 5315 165
1075 5261 1352 5317 difficilem
1377 5279 1507 5318 sane
1531 5281 1753 5333 operam
1781 5282 2067 5351 aggressus
2096 5277 2202 5334 est,

610 5358 667 5403 ut
699 5364 856 5410 sacra
891 5356 1198 5409 teStimonia
1227 5374 1251 5406 a
1285 5355 1541 5412 Lucifero
1562 5357 1726 5412 allata
1762 5360 1812 5411 in
1845 5357 1942 5413 lib.
1972 5375 1987 5413 ι
2020 5377 2115 5427 pro
2141 5360 2198 5416 S.

605 5440 805 5497 Athan.
841 5457 964 5498 cum
1002 5445 1227 5517 Vulgata
1257 5466 1394 5505 nova
1449 5450 1747 5507 Bibliorum
1801 5451 2041 5507 editione
2072 5469 2201 5509 con-

604 5531 773 5585 ferret
802 5551 814 5583 :
840 5542 896 5586 at
922 5537 1040 5603 ipso
1067 5538 1184 5593 fere
1214 5543 1409 5608 capitis
1434 5544 1588 5598 initio
1617 5545 1764 5600 illum
1806 5546 2043 5614 suscepti
2075 5560 2201 5613 ope—

605 5620 683 5673 ris
735 5627 986 5688 pmuituit
1018 5646 1032 5694 ;
1076 5634 1279 5702 quippe
1310 5638 1463 5701 mira,
1498 5640 1695 5707 inquit.
1743 5650 1817 5694 est
1849 5639 2081 5707 Luciferi
2133 5639 2203 5692 li-

2300 3329 2391 3384 lia.
2420 3325 2493 3377 uti
2521 3323 2749 3377 observat
2773 3318 2941 3372 'I‘ilius
2973 3336 2988 3383 ;
3022 3325 3076 3370 et
3105 3316 3156 3368 in
3188 3310 3381 3383 primis
3423 3311 3614 3365 Petrus
3648 3300 3857 3358 Sabatie-

2300 3419 2413 3473 rius
2439 3418 2490 3469 in
2514 3412 2833 3469 doctissimo
2854 3423 3022 3476 opere
3045 3423 3071 3461 a
3097 3421 3156 3461 se
3186 3403 3389 3472 ingenti
3422 3400 3600 3455 studio
3626 3412 3682 3448 ac
3703 3393 3858 3447 labore

2301 3508 2563 3579 perfecto,
2590 3504 2677 3559 cui
2712 3503 2900 3557 titulus
2928 3510 3039 3556 est:
3077 3500 3357 3553 Sacrorum
3390 3494 3671 3548 Bibliarum
3692 3486 3863 3579 Latine

2310 3574 2579 3657 Versiones
2605 3602 2847 3669 antiquae,
2893 3611 2981 3649 seu
3015 3591 3174 3647 Vetus
3226 3588 3442 3651 Italica,
3475 3594 3579 3641 etc.
3622 3582 3710 3637 Hic
3736 3574 3857 3630 enim

2302 3698 2350 3749 in
2387 3703 2522 3763 part.
2558 3709 2617 3758 tt,
2648 3691 2674 3763 §
2705 3692 2758 3745 3.
2802 3688 3017 3744 Prtefat.
3045 3685 3110 3738 ad
3142 3694 3273 3736 tom.
3309 3696 3349 3745 t,
3376 3688 3518 3748 part.
3548 3694 3584 3739 ι,
3617 3674 3861 3730 disserens

2301 3789 2363 3841 de
2401 3785 2621 3855 singulis
2666 3800 2729 3836 ex
2759 3781 2937 3835 ordine
2970 3775 3239 3839 Patribus,
3274 3772 3583 3841 scriptisque
3601 3765 3816 3822 Patrum,
3839 3771 3862 3809 ο

2300 3881 2480 3952 quibus
2519 3879 2805 3948 Scriptura:
2835 3878 3123 3945 fragmenta
3153 3885 3241 3923 seu
3285 3865 3574 3920 versiculos
3600 3864 3860 3952 excerpse-

2302 3945 2680 4040 rat,qnantum
2706 3966 2807 4021 sibi
2823 3965 2887 4018 ad
2911 3977 3048 4033 apus
3072 3976 3230 4015 suum
3253 3956 3647 4013 elaborandum
3676 3945 3862 4040 profue-

2303 4064 2407 4117 rint
2435 4035 2666 4115 Luciferi
2693 4058 2837 4124 libri,
2857 4056 3005 4110 hisee
3020 4052 3204 4107 verbis
3232 4058 3557 4105 testatusest
3582 4057 3719 4099 num.
3745 4035 3859 4093 illi:

2306 4157 2478 4226 Longe
2506 4170 2626 4208 vero
2658 4154 2806 4222 plura
2847 4150 3073 4219 antiqua:
3117 4142 3558 4215 interpretationis
3607 4138 3865 4210 fragments

2303 4249 2449 4303 nobis
2478 4244 2880 4301 subministravit
2910 4240 3122 4308 Lucifer
3146 4235 3483 4291 Calaritanus
3510 4232 3562 4285 in
3583 4227 3865 4291 rariis,alol

2304 4340 2629 4412 conscripsit,
2664 4337 2807 4391 libris
2835 4377 2848 4399 ,
2901 4334 3004 4389 Pro
3050 4331 3109 4386 S.
3166 4327 3467 4385 Athanasio
3496 4340 3512 4391 ;
3541 4323 3608 4376 de
3660 4314 3865 4417 Restiti)“

2302 4409 2673 4504 Apostaiieis;
2710 4431 2785 4484 De
2842 4442 2947 4482 non
2993 4422 3372 4479 conveniendi)
3419 4432 3543 4473 cum
3577 4409 3862 4504 hereticisi

2309 4491 2383 4582 De
2436 4540 2542 4579 non
2576 4491 2849 4593 parcendo
2894 4518 2949 4572 in
3009 4517 3176 4571 Deum
3228 4491 3864 4580 delituptentibus;Quod

2226 4584 2279 4644 Β
2308 4584 2645 4673 moricndtim
2695 4613 2766 4668 sit
2798 4625 2895 4682 pro
2946 4610 3086 4664 Filio
3119 4609 3234 4662 Dei.
3276 4605 3480 4659 Floruit
3527 4602 3731 4671 Lucifer
3751 4596 3869 4649 tim!

2304 4725 2500 4766 annum
2529 4705 2655 4761 554.
2691 4704 2755 4759 In
2807 4700 3086 4757 laudandis
3138 4700 3427 4772 Scriptura:
3455 4695 3621 4751 verbis
3646 4691 3737 4746 sibi
3761 4684 3867 4740 satis

2305 4799 2805 4869 constat;aGra:co
2833 4806 2971 4851 textu
3020 4793 3274 4848 hodierno
3328 4792 3414 4846 ria;
3462 4790 3731 4857 discrepat.
3758 4776 3866 4831 Cum

2306 4896 2635 4952 Tertulliano
2667 4892 2892 4947 concinit
2937 4887 3241 4959 aliquando,
3270 4884 3530 4939 interdum
3576 4896 3686 4934 cum
3719 4876 3868 4940 Augu-

2309 4991 2446 5043 stino
2479 4999 2523 5041 ct
2557 4985 2823 5040 Ambrosio
2850 4999 2866 5047 ;
2898 4982 2987 5037 sed
3014 4980 3153 5051 quod
3179 4978 3385 5046 quidem
3408 4985 3525 5029 ante
3551 4973 3716 5027 omnia
3742 4966 3871 5040 juvat

2309 5084 2591 5144 obserrare,
2626 5080 2678 5130 in
2710 5075 2893 5129 Tobiat'
2930 5084 2976 5127 et
3025 5070 3209 5126 Judith
3266 5070 3432 5130 libris,
3490 5082 3613 5135 quas
3640 5060 3865 5144 variarunt

2307 5190 2403 5242 ape
2426 5188 2547 5225 mss.
2580 5166 2828 5223 Codicum
2858 5173 2902 5219 et
2944 5164 3149 5234 quidem
3177 5162 3382 5233 optimm
3415 5167 3548 5211 nota’
3575 5142 3865 5244 recuperat?

2307 5235 2443 5329 nius,
2488 5271 2628 5317 tanta
2660 5269 2734 5315 est
2781 5259 3149 5314 sententiarum
3200 5254 3507 5323 Scriptura',
3541 5260 3652 5317 qua!
3676 5245 3724 5295 in
3748 5235 3869 5291 libri!

2307 5358 2539 5429 Luciferi
2562 5361 2860 5415 occurrunt,
2902 5347 3280 5410 convenientia,
3332 5355 3474 5396 tanta
3505 5331 3797 5393 similitudo.
3826 5329 3871 5376 κε

2311 5428 2507 5507 nullam
2535 5464 2663 5516 pene
2709 5444 2937 5515 reperias
2968 5439 3392 5510 discrepantiam,
3429 5443 3476 5488 et
3521 5438 3711 5483 tantum
3740 5428 3868 5516 arum

2313 5547 2374 5599 ab
2399 5562 2490 5599 ovo
2525 5559 2622 5596 non
2654 5541 2939 5595 discernas.
2972 5534 3053 5589 Ex
3090 5534 3288 5602 quibus
3314 5529 3366 5582 id
3395 5520 3752 5592 consequitur,
3780 5510 3868 5564 Lu-

2315 5637 2548 5695 ciferum
2608 5651 2712 5689 non
2760 5633 2826 5687 de
2853 5646 2953 5686 suo
2982 5644 3013 5685 e
3040 5627 3250 5684 Graecis
3275 5622 3555 5678 codicibus
3601 5616 3650 5669 in
3679 5607 3871 5695 latinam

612 5708 783 5802 bertas
830 5714 883 5802 in
913 5733 1008 5769 usu
1051 5722 1383 5790 Scriptum;
1423 5739 1478 5782 at
1536 5689 1608 5802 illa
1666 5732 1887 5802 difﬁcile
1930 5689 2123 5802 re'ddit,
2159 5740 2213 5786 nt
2320 5731 2558 5799 linguam
2592 5726 2827 5781 vertisse
2856 5734 3139 5777 sacrorum
3168 5718 3430 5772 librorum
3460 5689 3870 5802 sententiam}?

605 5797 745 5855 άίυίη
764 5800 932 5853 and!“
945 5806 1009 5858 sit
1038 5785 1340 5893 plerumque
1366 5785 1656 5899 Scriptura?
1684 5785 1831 5879 (tibus
1855 5843 1874 5893 ;
1904 5834 1960 5880 et
1983 5800 2048 5879 ad
2082 5785 2218 5881 illud
2321 5822 2387 5878 iis
2403 5785 2575 5875 Uttsum
2620 5817 2791 5874 fuisse
2850 5816 3030 5873 latinis
3060 5810 3429 5869 versionibus.
3462 5815 3581 5877 li“a
3626 5805 3747 5854 “me
3769 5785 3867 5871 Pl.-
