4194 6184
295 326 396 381 7N

1751 318 2142 378 ΡΒΑΕΡΑΤΙΟ.

3491 330 3596 388 702

293 444 452 495 rium
472 439 788 494 ferebantur
815 438 865 491 in
886 438 1095 505 vulgus.
1129 437 1240 493 Nx‘c
1269 438 1429 493 aliter
1450 439 1618 494 sensit
1650 436 1900 493 Nobilius
1929 439 1973 500 Α
2008 439 2310 509 Augusﬁno
2340 441 2435 496 lib.
2483 459 2543 509 ιι,
2584 443 2653 500 de
2701 441 2854 499 Doct.
2889 444 3118 516 Christ”
3152 446 3421 515 uerborum
3449 457 3596 517 terra:

293 537 346 591 in
377 534 712 590 Praefatione
739 533 950 588 Latinae
975 533 1237 588 editionis
1268 531 1530 587 Romana:
1547 531 1896 602 Septuaginta

293 630 703 699 Interpretnm;
735 625 828 681 ιω
858 639 999 679 uetus
1047 634 1121 680 est
1150 624 1291 679 Itala
1317 625 1676 696 interpretatio
1698 667 1711 688 ,
1753 635 1808 677 ut
1836 640 1896 679 ea

291 741 396 779 non
418 725 574 777 modo
605 723 664 777 S.
700 721 1020 791 Augustinus
1049 721 1101 774 in
1135 719 1380 792 Speculo,
1409 719 1498 775 sed
1523 719 1735 790 Lucifer
1790 717 1892 773 Ca-

293 817 562 870 taritanus
588 825 638 868 et
661 813 722 868 S.
746 813 1051 867 Ambrosius
1090 820 1136 866 et
1187 811 1251 868 S.
1281 811 1574 884 Cyprianus
1616 823 1664 867 et
1693 812 1787 866 alii
1807 829 1892 868 re-

289 911 420 964 tusti
469 908 762 978 Scriptores
791 916 1032 960 utantur:
1077 904 1280 961 idcirco
1311 906 1452 960 haud
1488 916 1632 962 recte
1663 907 1895 974 scripse-

287 1002 365 1057 rit
399 1001 446 1054 la
477 999 656 1054 Cerda
688 1013 809 1068 cap.
841 997 946 1053 165
978 997 1206 1052 Αᾶνρνε.
1236 998 1417 1061 Sacr.,
1450 998 1759 1053 Luciferum
1795 1013 1894 1052 suo

289 1095 467 1164 ipsum
499 1090 732 1145 arbitrio
759 1090 948 1146 Graeca
1003 1090 1314 1145 testimonia
1347 1105 1443 1160 pro
1473 1107 1531 1146 re
1557 1101 1680 1144 nata
1727 1091 1894 1146 latine

291 1187 712 1254 interpretatum
740 1197 886 1237 esse.
915 1182 987 1235 Ita
1007 1182 1072 1237 ad
1101 1181 1255 1237 Deut.
1276 1197 1382 1236 xvu
1409 1198 1527 1252 pag.
1553 1183 1637 1236 hic
1662 1182 1731 1238 60
1764 1182 1890 1253 (col.

288 1275 449 1346 8273):
475 1273 664 1330 Totum
688 1277 816 1344 fere,
843 1273 1035 1344 inquit,
1061 1283 1216 1343 caput
1245 1274 1316 1326 ita
1339 1277 1605 1345 transfert,
1630 1284 1688 1328 ut
1709 1274 1896 1328 mirere

292 1358 516 1428 hominis
539 1367 598 1425 in
623 1366 979 1436 transferendo
1000 1367 1252 1420 licentiam
1275 1366 1390 1435 jam
1417 1365 1752 1429 detrahentis,
1781 1366 1894 1435 jam

293 1461 535 1514 addentia
555 1503 568 1526 ,
588 1462 706 1532 jam
735 1460 1077 1526 immutantis;
1099 1474 1220 1514 cum
1251 1467 1428 1514 tamen
1450 1457 1599 1513 Itala:
1620 1459 1785 1513 veteri
1815 1460 1892 1511 itt-

291 1553 670 1623 terpretatioui
703 1560 887 1607 textus
912 1552 999 1607 hic
1020 1553 1264 1622 apprime
1284 1551 1645 1622 respondeat:
1677 1551 1747 1604 ita
1765 1565 1895 1605 con-

288 1647 441 1701 venit
461 1661 582 1700 cum
607 1646 693 1700 illa
718 1655 773 1699 et
796 1654 974 1700 textus
991 1661 1058 1700 ex
1080 1644 1101 1700 l
1124 1643 1252 1714 Reg.
1275 1661 1325 1699 tv
1343 1644 1648 1713 descriptus
1669 1657 1788 1713 pag.
1808 1643 1895 1696 ltic

289 1739 361 1794 68
389 1738 518 1806 (col.
537 1736 668 1806 834)
685 1737 753 1792 de
771 1751 880 1808 quo
901 1737 948 1793 la
979 1736 1153 1793 Cerdo
1177 1736 1418 1808 :Lucifer
1437 1735 1610 1790 reddit
1635 1735 1814 1800 sic,ita
1841 1745 1896 1790 ut

2000 532 2109 585 cior
2121 549 2237 587 cum
2261 535 2630 605 perspicuitate
2655 540 2940 593 sententiae.
2966 539 3076 608 llac
3108 540 3270 610 igitur
3295 556 3453 606 usum
3478 556 3606 606 esse

2003 623 2334 694 Luciferum,
2364 625 2504 688 hanc
2534 645 2644 699 prae
2675 631 2926 696 manibus
2975 631 3240 699 habuisse.
3282 647 3350 690 eo
3398 635 3606 702 certius

1999 717 2373 783 caulirmatur,
2407 721 2549 788 quod
2599 735 2753 774 sacra
2787 723 3099 782 testimonia
3132 723 3199 777 ab
3223 740 3288 779 eo
3322 727 3598 798 exscripta

1997 823 2029 858 a
2059 805 2240 862 σηιεεο
2265 816 2404 862 textu
2431 808 2686 872 hodierno
2724 813 2808 866 via:
2848 812 3117 879 differant,
3146 815 3321 889 inquit
3351 807 3596 884 Sabatia,-

1999 900 2111 954 ri‘us
2143 919 2154 953 :
2191 900 2348 971 idque
2396 904 2504 984 jam
2536 905 2744 959 viderat
2766 905 2841 959 La
2869 906 3046 968 Cerda
3075 907 3139 960 ad
3167 907 3183 962 l
3213 907 3349 981 Reg.
3378 925 3506 972 xxvi
3528 926 3600 969 ex

1998 990 2248 1045 Lucifero
2280 1008 2292 1045 :
2327 991 2393 1045 Et
2426 992 2541 1047 licet
2571 994 2659 1048 ille
2683 995 2924 1050 alicunde
2951 997 3295 1064 transtulerit,
3324 1000 3401 1051 uel
3422 1016 3486 1053 ea:
3510 1001 3594 1054 in—

1996 1084 2168 1154 genita
2218 1084 2422 1138 licentia
2470 1086 2696 1152 verterit,
2751 1088 3030 1144 maximam
3076 1100 3275 1160 partem
3327 1089 3481 1145 habet
3530 1109 3598 1164 ea;

1999 1177 2346 1249 Septuaginta
2370 1196 2533 1256 veraq
2563 1190 2616 1236 et
2639 1179 2705 1235 ad
2733 1197 2854 1252 cap.
2877 1181 3226 1240 lllMalacln:
3256 1175 3606 1258 Septuaginta.

1996 1267 2345 1339 Interprelum
2365 1273 2692 1327 translationi
2707 1275 2887 1337 liceret,
2904 1289 2951 1330 et
2973 1278 3137 1330 multa
3155 1277 3326 1346 addit,
3340 1295 3455 1349 qua:
3469 1279 3596 1340 ἀξινί-

1999 1364 2203 1418 natione
2219 1381 2348 1434 apus
2367 1375 2438 1420 est
2457 1377 2508 1420 ut
2525 1367 2808 1444 intelligas,
2824 1369 2962 1437 quod
2986 1369 3073 1422 ille
3090 1370 3218 1424 dicit
3238 1387 3302 1425 ea:
3316 1370 3602 1440 Scriptura

1998 1471 2147 1521 csse;
2198 1467 2308 1509 tum
2341 1456 2406 1521 ad
2440 1455 2501 1511 lll
2553 1456 2685 1528 Reg.
2717 1473 2870 1526 xvnt,
2908 1475 3027 1530 pag.
3063 1459 3150 1515 hic
3183 1462 3249 1516 75
3273 1461 3396 1533 (col.
3419 1463 3588 1535 8H),:

1997 1549 2196 1604 [nstitit
2241 1549 2452 1622 Lucifer
2500 1553 2718 1612 versioni
2764 1554 3105 1627 Septuaginta
3152 1556 3329 1609 multis
3373 1557 3598 1630 αιίάὶζὶηςἰ

1998 1643 2238 1698 detractis
2259 1688 2273 1710 ,
2305 1645 2612 1722 immutatis,
2660 1656 2713 1698 ut
2747 1647 2914 1700 solens
2959 1657 3054 1716 est.
3092 1647 3294 1712 Verum
3318 1635 3608 1718 enimvero.

2000 1751 2172 1806 neque
2202 1737 2348 1790 addit
2363 1736 2596 1800 Lucifer,
2628 1754 2727 1802 nec
2749 1739 2995 1805 detrahit,
3017 1755 3114 1796 nec
3146 1741 3403 1808 immutat,
3430 1759 3492 1804 ea;
3513 1744 3606 1806 in-.

292 1845 384 1883 nec
415 1845 504 1900 pes
528 1845 618 1882 nec
647 1839 801 1900 caput
827 1829 917 1882 uni
943 1829 1208 1883 conueniat
1239 1833 1420 1900 fornae
1455 1845 1472 1893 ;
1497 1837 1696 1881 tantum
1732 1836 1896 1882 servet
1927 1819 1976 1879 Β
2000 1831 2169 1902 genita
2184 1830 2407 1884 licentia.
2428 1830 2620 1885 Versio
2642 1833 2861 1902 antiqua
2886 1833 3048 1894 latina
3067 1849 3169 1887 una
3188 1834 3444 1902 primitus
3464 1838 3594 1910 luit;

287 1922 613 1975 sententiam:
626 1931 678 1975 et
693 1920 757 1976 ad
772 1920 1001 1976 alterum
1020 1922 1038 1974 I
1053 1921 1186 1992 Reg.
1204 1936 1313 1984 XIX,
1332 1937 1382 1989 p.
1399 1918 1779 1989 70.(col‘.85t>).
1793 1917 1893 1984 Ita,

291 2012 506 2082 Lucifer
516 2015 877 2077 circumuenit,
900 2022 954 2066 ut
967 2013 1185 2084 difﬁcile
1198 2013 1267 2065 sit
1281 2011 1469 2075 dicere,
1489 2025 1601 2073 qua:
1625 2025 1746 2079 pars
1761 2011 1898 2078 parti

293 2109 604 2176 respondeat
636 2126 655 2174 ;
682 2109 783 2163 etsi
805 2107 946 2163 haud
986 2108 1144 2163 aliter
1167 2109 1269 2162 hoc
1317 2107 1682 2162 testimonium
1711 2107 1892 2176 expri-

295 2206 477 2253 matur
497 2198 548 2252 in
574 2198 702 2254 itala
725 2201 1192 2270 interpretatione,
1217 2201 1295 2253 uti
1315 2211 1367 2254 et
1400 2199 1528 2254 illud
1555 2198 1574 2254 1
1597 2198 1730 2269 Reg.
1747 2214 1891 2266 xxvt,

292 2308 415 2364 pag.
438 2295 524 2347 hic
553 2293 760 2365 13(col.
781 2293 933 2365 839),
955 2294 1098 2365 quod
1125 2295 1169 2348 is
1196 2303 1446 2348 autumat
1466 2295 1896 2366 paraphrasticats

292 2400 621 2440 conversum
671 2385 837 2441 fuisse
885 2400 914 2439 a
940 2385 1193 2441 Lucifero
1219 2387 1269 2441 in
1301 2387 1522 2441 latinum
1563 2400 1890 2442 sermonem.

294 2477 437 2532 Fieri
465 2478 684 2548 quidem
733 2480 908 2548 petuit
939 2479 1252 2549 aliquando,
1285 2490 1362 2545 ut,
1396 2479 1488 2549 qui
1511 2479 1657 2536 inter
1685 2481 1893 2560 gravis-

291 2570 426 2626 sima
443 2571 620 2625 exsilii
642 2572 982 2627 incommoda
1002 2574 1167 2628 hosce
1186 2573 1354 2628 libros
1372 2574 1666 2642 scribebat,
1681 2574 1897 2641 Lucifer

295 2661 480 2718 latinis
531 2673 745 2719 careret
775 2665 1147 2729 eodicibus,et
1172 2675 1264 2721 aut
1289 2683 1318 2721 e
1335 2669 1596 2722 memoria
1615 2669 1780 2722 multa
1795 2668 1892 2723 de-

296 2765 580 2826 promeret
605 2756 900 2812 Bibliorum
933 2760 1264 2825 testimonia,
1295 2771 1386 2814 aut
1415 2777 1478 2815 cx
1508 2759 1712 2816 ϐαρεῖς
1742 2761 1899 2827 libris,

294 2849 387 2903 illa
415 2848 732 2904 exscribens
761 2850 928 2905 latine
980 2851 1436 2921 interpretaretur
1461 2870 1476 2918 ;
1505 2869 1603 2906 nec
1627 2853 1766 2908 sacri
1801 2869 1896 2908 co-

294 2942 445 2994 dices
492 2941 714 2994 omniuo
745 2943 1027 2996 defuerant
1057 2943 1325 3008 Lucifero,
1360 2947 1435 2998 uti
1494 2945 1733 3012 indicant
1775 2947 1891 3000 lucc

295 3035 459 3089 verba
513 3035 826 3090 Marcellini
845 3045 897 3090 et
929 3033 1170 3090 Faustini
1227 3035 1294 3090 de
1323 3037 1593 3108 Eulyehio
1623 3038 1892 3106 Episcotlo

296 3125 867 3196 Eleutheropolitano,
899 3128 1125 3198 ejusque
1156 3130 1380 3184 asseclis
1430 3130 1483 3184 itt
1518 3131 1723 3184 Libello
1757 3132 1883 3184 Pre-

2002 1925 2255 1996 quannis,
2274 1925 2445 1994 inquit
2466 1924 2798 1982 Sabatierius
2815 1935 2952 2000 part.
2977 1925 3101 1996 t§2,
3120 1935 3285 1986 textus
3298 1927 3600 1998 primigenii

2002 2017 2288 2084 discrepent
2317 2017 2448 2070 inter
2475 2035 2527 2071 se
2555 2018 2836 2087 aliquando
2868 2017 3128 2084 lectiones,
3166 2019 3418 2098 uariisque
3433 2020 3593 2082 dissi-

2001 2106 2153 2161 deant
2175 2109 2357 2171 verbis,
2375 2118 2524 2178 atque
2538 2109 3067 2180 sententiisgquqmvis
3091 2111 3246 2163 varia:
3266 2111 3319 2174 in
3333 2110 3596 2175 codicibus

2001 2207 2271 2254 occurrant
2283 2199 2663 2268 discrepantiw,
2681 2216 2796 2269 quia
2812 2201 2978 2254 varias
2996 2201 3443 2272 interpretationes
3457 2219 3487 2262 α
3504 2218 3598 2267 va:

2000 2294 2093 2347 riis
2114 2293 2402 2358 elaboratas
2421 2293 2785 2368 interpretibus
2809 2293 3105 2366 signiﬁcare
3127 2295 3440 2361 videantur;
3468 2311 3602 2352 cum

2000 2384 2080 2439 hae
2105 2385 2349 2450 nimirum
2373 2385 2760 2454 discrepantiaz,
2778 2387 2850 2446 ait
2875 2385 3036 2456 paulo
3060 2386 3314 2458 superius
3332 2427 3344 2449 ,
3367 2388 3594 2454 plerum-

1999 2494 2094 2547 que
2117 2495 2220 2532 non
2252 2487 2358 2538 tam
2385 2478 2554 2531 varios
2583 2461 2906 2547 interpretes,
2936 2495 3088 2552 quant
3118 2477 3349 2534 diversos
3371 2487 3602 2552 arguant,

1999 2568 2257 2634 librarios,
2290 2570 2592 2640 eosdemque
2635 2580 2722 2623 aut
2750 2571 3020 2628 oscitantes
3051 2581 3142 2624 aut
3165 2571 3466 2633 audaciores
3505 2573 3610 2642 qui,

1997 2677 2092 2714 suo
2121 2661 2326 2731 singula
2367 2661 2620 2714 arbitratu
2649 2661 2727 2716 vel
2776 2661 3088 2732 negligentia
3117 2661 3341 2732 plurima
3369 2672 3608 2720 mutave-.

1995 2763 2116 2808 runt
2147 2753 2320 2825 :quod
2343 2755 2502 2808 etiam
2533 2753 2738 2810 Graecae
2765 2754 3122 2826 Septuaginta
3155 2754 3608 2825 Interpretationi

1998 2845 2198 2900 factum
2234 2861 2354 2901 esse
2381 2855 2596 2902 censtat
2626 2862 2690 2901 ex
2722 2847 2928 2902 seltolis
2964 2847 3222 2905 Romanae
3279 2852 3470 2904 horum
3509 2849 3597 2904 In-

1999 2939 2536 3008 terpretutnedilioni
2561 2954 2588 2992 a
2610 2938 2820 2994 Nobilio
2850 2939 3144 3010 subjectis;
3171 2941 3332 3012 idque
3362 2942 3413 2996 in
3439 2941 3592 3006 Novo

1995 3047 2208 3101 quoque
2257 3031 2607 3094 Testamento
2647 3031 3110 3110 deprehendimus
3136 3048 3204 3087 ex
3252 3033 3417 3088 variis
3447 3050 3589 3106 prte-

1997 3130 2184 3178 sertim
2232 3124 2554 3186 lectionibus
2592 3123 2794 3179 Gl'iUCll‘.
2818 3123 3073 3182 editionis
3114 3125 3406 3179 Milllanze:
3448 3126 3604 3198 unde,

293 3232 416 3271 cum
441 3232 457 3270 :
486 3216 708 3286 Negent,
751 3219 796 3271 si
841 3234 944 3270 non
996 3218 1148 3273 hodie
1200 3221 1339 3286 apud
1385 3237 1438 3274 se
1470 3229 1647 3288 sancta
1672 3223 1887 3292 mystica
1915 3205 1958 3267 (ἶ
1996 3232 2174 3273 tamen
2231 3217 2526 3282 verendum
2568 3218 2790 3272 minime
2821 3227 2925 3284 est,
2955 3235 3017 3271 ne
3042 3217 3164 3272 dum
3211 3218 3381 3288 varias
3415 3225 3590 3282 textus

296 3323 439 3368 vasa.
473 3324 590 3378 quae
620 3319 726 3361 tum
762 3311 917 3380 impie
949 3309 1189 3380 Lucifero
1213 3312 1556 3379 diripuerunt,
1593 3330 1708 3366 cum
1728 3316 1890 3369 sacris

291 3399 568 3452 codicibus
597 3401 862 3469 possident
888 3420 905 3454 :
937 3401 1032 3455 sed
1066 3412 1210 3456 tanta
1245 3402 1597 3459 Lucileriatnn
1627 3406 1889 3477 interpre-

290 3493 518 3547 tationis
543 3493 924 3549 convenientia
946 3510 1069 3550 cum
1102 3497 1270 3550 veteri
1316 3496 1519 3564 Italica,
1547 3515 1664 3567 qua:
1695 3502 1887 3572 partim

291 3587 346 3638 in
372 3599 504 3640 mss.
539 3586 835 3641 Bibliorum
857 3587 1160 3656 codicibus,
1187 3591 1383 3658 partim
1409 3592 1459 3644 in
1484 3591 1636 3645 libris
1668 3591 1887 3648 Latino-

293 3695 418 3737 rum
444 3679 664 3734 Patrum
694 3681 764 3735 ad
794 3693 1034 3736 nostram
1081 3664 1253 3753 usque
1291 3692 1503 3738 aetatem
1534 3697 1744 3756 servata
1770 3684 1891 3758 fuit,

289 3783 620 3845 argumento
675 3775 832 3829 nobis
861 3785 964 3842 est,
997 3774 1307 3830 Luciferum
1369 3777 1511 3830 illam
1546 3777 1888 3848 plerumque,

291 3880 370 3919 ne
416 3879 633 3936 sempes
659 3865 910 3926 dixerim,
941 3879 1068 3921 esse
1091 3875 1358 3922 secutum.
1394 3871 1462 3923 At
1487 3879 1692 3923 certum
1756 3886 1892 3939 pra:-

295 3971 452 4014 terea
478 3966 585 4021 est.
618 3959 808 4014 latinas
829 3960 1306 4028 interpretationes
1333 3961 1582 4032 antiquas
1609 3978 1887 4019 sacrorum

292 4050 564 4104 librorum
610 4050 871 4119 plurimas
924 4051 1052 4104 olim
1100 4050 1265 4106 fuisse
1293 4068 1307 4117 ;
1335 4068 1481 4118 nam,
1517 4063 1573 4107 ut
1617 4053 1804 4110 scribit
1828 4055 1887 4111 S.

291 4143 630 4214 Augustinus
655 4144 712 4198 in
731 4143 825 4200 lib.
849 4159 887 4199 tt
918 4144 986 4200 de
1015 4145 1196 4200 Doctr.
1225 4145 1454 4210 Christ.,
1499 4162 1593 4216 pro
1620 4164 1704 4213 ea,
1729 4164 1888 4218 quam

289 4235 524 4305 quisque
546 4234 648 4290 sibi
674 4235 874 4292 habere
899 4237 1183 4293 videbatur
1227 4253 1420 4308 graecae
1460 4249 1514 4293 et
1556 4239 1736 4294 latin-.e
1788 4241 1891 4294 lin-

289 4327 772 4398 gtsaelacultatem,
816 4331 980 4385 simul
1007 4345 1069 4386 ac
1105 4331 1354 4388 Graecum
1399 4329 1652 4388 Codicem
1705 4340 1892 4387 nactus

287 4427 435 4485 erat,
467 4419 966 4490 interpretationem
995 4423 1213 4494 aggredi
1261 4424 1495 4478 audebat
1523 4442 1536 4478 :
1567 4425 1692 4479 licet
1747 4436 1893 4481 recte

288 4511 696 4569 animadvertat
719 4515 958 4571 Morinos
986 4517 1038 4569 in
1067 4516 1278 4572 Praelat.
1309 4515 1378 4571 de
1419 4515 1607 4571 Textu-
1628 4515 1817 4572 Grzeco
1838 4525 1893 4571 ct

1992 3313 2290 3385 primigenii
2311 3323 2359 3367 et
2390 3312 2741 3381 discrepantes
2769 3310 3049 3378 aliquando
3081 3327 3188 3364 esse
3213 3310 3454 3373 lectiones
3474 3326 3590 3364 cou-

1993 3407 2271 3474 tendimus,
2296 3389 2582 3472 Scripturte
2603 3420 2763 3457 sacrte
2791 3404 3072 3466 auctoritas
3114 3401 3358 3467 lmdatur,
3393 3410 3591 3455 nostra-

1991 3516 2088 3568 que
2142 3499 2338 3553 vacillet
2382 3495 2542 3552 Fides
2567 3540 2580 3562 ,
2633 3498 2812 3551 subdit
2851 3496 3074 3560 ibidem,
3109 3505 3163 3554 et
3219 3496 3461 3572 pluribus
3492 3499 3591 3561 hoc

1992 3594 2167 3662 ipsum
2227 3592 2418 3662 probat
2448 3573 2797 3647 Salnitierius.
2851 3590 3030 3660 Quare
3081 3605 3204 3644 cum
3247 3595 3296 3644 lll
3341 3590 3594 3662 Lucifero

1994 3683 2296 3750 ltujusmodi
2323 3681 2612 3751 discrimen
2638 3683 2751 3736 sive
2781 3697 2810 3734 a
2829 3679 3032 3736 Graecis
3061 3679 3404 3750 quandoque,
3427 3683 3540 3736 sive
3563 3696 3590 3733 a

1992 3776 2198 3832 Latinis
2219 3777 2326 3842 jam
2349 3775 2507 3830 editis
2533 3775 2722 3829 Bibliis
2751 3784 3023 3835 occurrat,
3043 3773 3170 3844 quid
3205 3773 3360 3830 nobis
3385 3774 3447 3838 in,
3468 3788 3592 3828 sus-

1991 3877 2144 3936 cepta
2175 3867 2368 3922 horum
2402 3867 2658 3921 librorum
2687 3865 2929 3929 editione
2956 3874 3100 3921 esset
3137 3863 3427 3933 agendum,
3449 3863 3590 3920 baud

1995 3976 2182 4030 parum
2209 3961 2465 4015 Itatsimus
2491 3957 2706 4026 incerti,
2726 3959 2987 4029 dubiique
3003 3957 3258 4029 quidnam
3288 3965 3598 4028 praestaret.

1994 4055 2312 4125 Imprudens
2367 4055 2826 4126 Lugdunensium,
2878 4037 3311 4124 caeterorumque
3369 4051 3473 4116 PP.
3509 4051 3587 4106 Bi-

1994 4147 2281 4202 bliotheca:
2309 4158 2620 4212 auctorum,
2647 4148 2734 4216 qui
2759 4145 2825 4200 ad
2863 4145 3090 4214 formam
3123 4159 3321 4200 nosme
3349 4141 3596 4216 Vulgata:

1994 4241 2227 4297 Luciferi
2275 4242 2584 4297 testimonia
2626 4243 2924 4298 emendare
2975 4241 3324 4306 studuerunt,
3360 4241 3592 4316 proban-

1994 4334 2121 4388 dum
2153 4349 2258 4388 non
2300 4344 2453 4400 erat;
2489 4335 2700 4389 inutilis
2726 4343 2904 4389 autem
2936 4333 3140 4389 laboris
3171 4335 3372 4395 luisset,
3391 4332 3441 4386 id
3469 4348 3594 4402 pet;-

1994 4428 2178 4496 sequi,
2203 4426 2346 4497 quod
2379 4426 2656 4495 inceperat
2705 4425 2752 4479 la
2783 4423 2980 4489 Cerda,
3008 4433 3067 4478 ut
3092 4425 3281 4488 eadem
3314 4438 3438 4488 eum
3476 4423 3599 4490 ipsa.

1998 4519 2222 4591 Vulgata
2277 4519 2698 4586 conferremus;
2759 4518 2928 4586 nostri
2987 4526 3165 4580 autem
3221 4513 3449 4570 instituti
3483 4528 3591 4578 non

290 4603 574 4660 ﬂebraico
617 4619 788 4662 sacrae
835 4606 1130 4676 Scriptum
1177 4607 1396 4676 praeﬁxa
1449 4608 1674 4663 editioni
1722 4608 1891 4663 -Pari'-
1917 4582 1972 4642 D
1995 4582 2463 4684 eratjinterptetis
2487 4582 2988 4680 'personamagere,
3010 4622 3186 4678 neque
3215 4621 3309 4662 eas
3341 4606 3597 4677 quaestio-

291 4697 467 4753 siensi
498 4696 853 4770 Septuaginta
881 4698 1244 4770 lnterpretum
1263 4698 1666 4757 Gnaeo-latinae
1689 4701 1754 4756 ad
1780 4701 1891 4757 Ro-

293 4804 518 4846 manam
546 4805 820 4861 expressae
839 4833 854 4860 ,
883 4793 1272 4864 quadringentis
1302 4793 1476 4859 annis,
1503 4791 1601 4848 hoe
1628 4803 1700 4847 est
1728 4794 1798 4846 ad
1823 4793 1886 4848 S.

292 4882 706 4954 Hieronymum,
751 4885 953 4939 nullum
976 4883 1296 4941 catholicum
1325 4887 1478 4941 aliter
1497 4896 1712 4952 vertere,
1735 4903 1890 4958 quam

291 4975 648 5047 Septuaginta
689 4979 1136 5050 prataoripserant,
1187 4995 1373 5033 ausum
1401 4994 1529 5034 esse.
1566 4979 1892 5035 Translatio-

290 5087 388 5126 nes
419 5069 702 5128 Catholica:
724 5083 974 5146 quotquot
997 5078 1232 5146 fuerunt,
1262 5078 1472 5145 fuerunt
1497 5084 1666 5129 autem
1706 5085 1762 5129 at
1791 5087 1891 5137 tes-

293 5173 439 5219 tatur
469 5165 798 5236 Augustinus
817 5183 944 5236 pene
985 5168 1290 5231 innumerae,
1325 5167 1387 5219 de
1416 5165 1762 5239 Septuaginta
1783 5167 1894 5222 edi-

293 5257 439 5311 tione
459 5260 612 5328 facta!
629 5258 894 5314 sunt.Praa
909 5258 1125 5315 czeteris
1145 5268 1324 5314 autem
1348 5260 1894 5332 interpretationibus

299 5364 410 5404 una
441 5365 656 5420 semper
675 5351 957 5419 excelluit,
974 5366 1136 5419 quam
1160 5350 1492 5422 Augustinus
1523 5351 1738 5420 Italam,
1761 5354 1889 5410 Hie-

294 5459 561 5514 ronymus
599 5445 898 5514 Vulgatam,
933 5446 1234 5519 Gregorius
1283 5448 1351 5504 Μ.
1391 5448 1620 5501 Veterem
1650 5450 1890 5518 appella-

296 5547 448 5606 runt,
477 5539 570 5594 alii
633 5541 834 5610 passim
884 5542 1190 5612 Scriptores
1243 5541 1610 5605 Communem;
1639 5543 1891 5611 illamque

299 5631 498 5688 Graece
525 5633 871 5704 Septuaginta
900 5633 1345 5708 Interpretationi,
1377 5651 1442 5690 ea:
1463 5652 1560 5703 qua
1583 5635 1745 5709 latine
1771 5636 1889 5688 red-

295 5727 410 5779 dita
440 5736 534 5793 est,
566 5728 870 5783 similiorem
893 5726 1107 5786 cmteris
1140 5731 1305 5806 fuisse
1337 5730 1529 5800 probat
1555 5728 1892 5805 Sabatierius

296 5819 354 5874 in
387 5818 595 5874 laudata
631 5820 805 5876 Praef.
841 5831 979 5894 part.
1007 5839 1041 5888 ι,
1072 5823 1102 5895 θ
1139 5825 1172 5879 5
1205 5839 1218 5888 ;
1279 5817 1480 5898 quippe
1533 5837 1657 5894 quae
1687 5865 1700 5889 ,
1757 5831 1892 5878 teste

1995 4724 2093 4763 nes
2121 4706 2362 4778 aggredi,
2387 4719 2417 4759 a
2455 4704 2654 4778 quibus
2681 4702 2968 4768 abstinere
2994 4707 3209 4756 nosmet
3233 4714 3339 4758 non
3378 4700 3593 4770 potuis-

1995 4812 2202 4870 scmus,
2228 4798 2273 4852 si
2300 4796 2365 4851 ad
2387 4796 2635 4866 Graecum
2687 4793 2967 4864 exemplar
2997 4792 3248 4852 libuisset
3279 4790 3594 4870 expendere

1996 4903 2050 4947 et
2078 4889 2371 4962 emendare
2414 4889 2635 4942 latinam
2670 4884 2908 4942 Luciferi
2945 4885 3451 4956 interpretationem
3482 4900 3496 4949 ;
3527 4899 3596 4940 ex

1997 5000 2107 5058 quo
2139 4993 2401 5054 praetcrea
2436 4981 2598 5034 nimia
2629 4979 2893 5048 subjectis
2918 4981 3059 5036 notis
3090 4976 3336 5042 accessio
3359 4975 3590 5046 plurium

1999 5067 2424 5151 disputationum
2481 5075 2617 5129 facta
2665 5073 2877 5139 fuisset,
2904 5086 2958 5128 et
2980 5072 3274 5149 longiores,
3309 5085 3467 5138 quam
3501 5081 3596 5136 par

1997 5181 2164 5236 esset,
2196 5170 2506 5225 potationes
2537 5169 2834 5223 evasissent
2869 5166 2982 5224 fere
3005 5167 3070 5219 ad
3107 5165 3407 5232 lcgcnlittm
3441 5157 3594 5211 tasu-

1996 5266 2167 5320 dium.
2201 5262 2355 5330 Quod
2406 5275 2531 5316 sero
2560 5259 2790 5316 fortasse
2814 5259 3255 5320 animadvertens
3279 5248 3594 5312 Gallandius

1997 5361 2269 5425 inceptum
2330 5354 2559 5426 proinde
2617 5354 2829 5424 sibique
2901 5351 3236 5420 prepositnm
3294 5357 3429 5413 opus
3486 5355 3593 5410 non

1996 5451 2226 5506 absolvit
2254 5467 2267 5504 :
2298 5437 2425 5504 Cum
2453 5465 2590 5514 vero,
2624 5447 2817 5514 inquit,
2846 5443 3057 5512 Lucifer
3080 5443 3130 5494 in
3159 5441 3266 5494 suis
3288 5439 3433 5492 libris
3466 5453 3592 5489 con-

1993 5543 2276 5599 scribendis
2306 5544 2510 5613 integra
2551 5545 2714 5612 ferme
2745 5552 3008 5591 sacrorum
3049 5536 3294 5589 librorum
3328 5531 3592 5595 columina

1995 5637 2278 5691 ordinatim
2311 5641 2600 5702 percurrat,
2644 5630 2904 5694 aliamque
2936 5627 3221 5680 versionem
3262 5624 3485 5693 Vulgata
3514 5639 3598 5675 ve-

1995 5730 2262 5792 tustiorem
2327 5725 2589 5788 adhibeat,
2614 5723 2670 5798 in.
2696 5720 2753 5800 id
2782 5721 3106 5792 potissimum
3150 5718 3506 5800 incubuimus,
3540 5726 3622 5790 ut.

1997 5824 2112 5878 loca
2147 5803 2418 5890 utriusque
2458 5796 2709 5879 Fcrderis,
2734 5796 2929 5887 quibus
2978 5812 3139 5889 ferme
3165 5796 3306 5885 solis
3361 5796 3600 5866 contexta
