4194 6184
528 256 636 314 703

1534 252 1833 312 LUCIFER
1872 251 2250 311 EPISCOPUS
2290 250 2798 310 CALARITANUS.

3722 252 3831 307 70b

527 376 646 423 sunt
667 366 861 438 scripta
890 363 1245 438 Luciferiana,
1274 365 1379 421 sive
1425 381 1545 421 cum
1586 367 2008 439 interpretatione
2046 381 2126 420 se-
2155 365 2208 427 Α
2234 365 2489 421 mendum
2513 366 2734 436 irrepsit
2766 384 2778 420 :
2814 365 2999 420 Ortum
3022 378 3096 423 est
3128 375 3323 431 autem,
3350 368 3519 439 inquit
3542 368 3741 424 Millius
3772 370 3833 424 in

531 460 987 533 ptuagintavirali,
1012 461 1115 515 sive
1159 476 1277 514 cum
1306 470 1444 515 textu
1480 458 1618 515 Novi
1664 460 1978 515 Testantenti
2006 476 2129 514 con-

536 555 838 624 ferrentur;
866 570 924 607 eo
942 554 995 607 in
1019 554 1201 623 primis
1227 554 1434 608 nomine
1455 554 1590 625 quod
1620 557 1833 625 antiqua
1853 554 1945 607 illa
1967 554 2132 609 versio

531 645 737 713 Latina,
764 645 831 699 ad
855 644 1014 700 libros
1041 646 1180 713 quod
1204 648 1387 701 attinet
1411 648 1595 701 veteris
1620 645 1877 713 Fwderis,
1903 647 1973 701 ad
1998 646 2131 719 Sep-

529 738 764 807 tuaginta
789 753 969 791 senum
998 736 1273 791 editionem
1303 748 1483 792 exacta
1510 750 1770 792 noscatur.
1799 736 1905 793 Sed
1936 738 1980 791 is
2003 752 2131 807 pro-

534 828 718 884 missis
750 842 857 883 non
907 829 1093 894 stetit;
1125 844 1246 899 qum
1289 846 1410 884 cum
1443 829 1631 885 Graeca
1685 831 2135 901 interpretatione

532 919 788 980 contulit.
819 933 926 973 non
956 919 1122 972 multa
1152 929 1297 987 sunt,
1323 920 1555 975 eluditis
1584 931 1760 975 tamen
1791 922 2135 976 animadver-

535 1013 783 1069 sionibus
814 1022 1005 1066 ornata
1034 1029 1047 1078 ;
1078 1022 1273 1067 cmtera
1304 1014 1407 1068 sibi
1441 1015 1577 1084 ipsis
1601 1014 1811 1081 relicta,
1838 1030 1901 1070 ac
1927 1015 2135 1071 Graeca:

537 1107 1054 1176 comparationis.et
1080 1106 1254 1161 critici
1276 1106 1465 1175 judicii
1495 1107 1638 1161 nuda
1671 1108 1884 1172 penitus
1912 1118 2137 1177 prteter-

542 1195 711 1252 misit.
733 1195 919 1266 Neque
950 1195 1249 1251 Flaminius
1270 1195 1516 1251 Nobilius
1548 1198 1601 1251 in
1624 1196 1865 1251 Romana
1895 1196 2137 1252 editione

542 1289 902 1360 Septuaginta
934 1287 1300 1358 lnterpretum
1358 1289 1586 1343 multum
1621 1288 1825 1360 prefuit
1852 1292 2137 1360 corrigen-

544 1383 630 1440 dis
685 1382 923 1439 Luciferi
972 1382 1319 1449 testimoniis,
1349 1397 1456 1452 quo
1487 1398 1594 1437 non
1619 1398 1743 1437 raro
1771 1397 1899 1437 usus
1928 1393 2010 1437 est
2037 1399 2136 1437 au-

544 1485 702 1531 ctore
734 1476 787 1530 in
819 1474 1067 1537 scholiis,
1102 1475 1355 1544 notisque
1385 1474 1560 1529 eidem
1609 1473 1834 1544 adjectis
1869 1473 2097 1529 editioni
2124 1490 2139 1538 ;

543 1569 743 1639 quippe
764 1568 877 1637 qui,
907 1575 965 1621 ttt
1011 1577 1157 1622 recte
1198 1567 1426 1622 disserit
1456 1566 1793 1621 Sabatierius
1826 1568 1879 1621 in
1911 1578 2050 1637 part.
2085 1584 2141 1622 ttt

547 1660 766 1718 Prmlat.
798 1659 827 1732 §
862 1661 911 1727 l,
938 1676 1061 1714 cum
1094 1659 1196 1715 sibi
1228 1660 1279 1714 in
1335 1661 1517 1713 animo
1545 1661 1921 1727 [imposuisset
1950 1660 2147 1731 Vulga-

2235 461 2448 531 Proleg.
2478 477 2628 516 num.
2656 462 2784 527 775,
2809 462 2869 517 τὸ
2893 462 3093 515 nemini
3122 463 3518 517 consenseritis
3549 478 3613 516 ea:
3648 480 3837 532 perpe-

2233 568 2341 605 ram
2372 552 2644 619 descriptis
2675 550 2892 615 Gra’cis,
2935 554 3013 613 τίς
3043 552 3280 624 ἀνέκοψεν
3310 553 3453 624 ὑμᾶς
3488 554 3694 628 ἀληθείᾳ
3717 570 3733 618 ;
3759 560 3833 624 μή

2235 645 2487 699 πείθεσθε.
2541 642 2675 709 Quis
2703 657 2802 695 vos
2828 641 3086 706 abscidit,
3118 658 3204 694 seu
3234 642 3434 697 excidit
3456 644 3525 699 de
3556 648 3782 698 veritate
3811 645 3837 698 ἲ

2237 750 2304 789 ne
2354 734 2765 789 censet-seritis.
2828 732 3017 787 Postea
3064 738 3258 803 factum
3289 743 3364 788 est
3404 751 3466 788 ex
3494 735 3837 788 emendotiori

2239 836 2405 891 textu,
2431 826 2531 892 Qui
2589 840 2683 880 vos
2724 824 3006 893 impedivit
3031 841 3139 880 non
3168 825 3394 880 obedire
3418 826 3439 878 ?
3467 838 3512 881 et
3545 825 3739 897 prioris
3759 826 3837 879 le-

2238 920 2422 972 ctionis
2444 918 2792 986 appendicula
2820 934 2887 971 ne
2915 919 3309 972 consenseritis
3352 918 3415 971 ab
3446 920 3688 988 imperito
3710 935 3841 987 quo-

2241 1013 2362 1065 dam
2406 1012 2572 1065 scriba
2614 1012 2825 1079 reliquis
2855 1013 3061 1085 adjecta
3087 1022 3184 1065 est.
3216 1010 3284 1064 Et
3313 1012 3449 1065 idem
3471 1013 3762 1066 confirmat
3784 1011 3842 1065 in

2242 1106 2384 1159 notis
2415 1104 2480 1157 ad
2516 1105 2655 1158 hunc
2685 1104 2936 1174 Apostoli
2987 1104 3164 1158 locum
3193 1121 3206 1167 ;
3233 1105 3357 1172 quia
3390 1105 3638 1159 nimirum
3674 1104 3846 1159 libra-

2244 1198 2356 1252 rius
2386 1198 2668 1266 scripserit
2717 1199 2942 1253 πείθεσθε
2975 1212 3072 1267 pro
3106 1198 3392 1257 πείθεσθαι.
3441 1198 3514 1249 uti
3555 1197 3608 1249 in
3644 1194 3847 1251 Graeco

2244 1300 2395 1347 textu
2423 1290 2714 1345 emendato
2739 1290 2936 1360 legitur
2961 1309 2974 1345 ι
3017 1293 3095 1353 τίς
3120 1292 3257 1362 ὑμᾶς·
3287 1290 3527 1362 ἀνέκοψιν
3548 1298 3612 1365 τῇ
3632 1291 3844 1365 ἀληθείᾳ

2244 1390 2314 1452 μή
2364 1385 2667 1448 traiecerant;
2703 1382 3019 1452 Suspicatus
3059 1383 3281 1452 quidem
3327 1394 3411 1435 ρει
3437 1381 3674 1450 Zegerus
3702 1380 3847 1448 apud

2247 1475 2489 1541 Millium,
2525 1475 2816 1545 peric0pen
2845 1474 2982 1528 hanc
3015 1491 3077 1528 ne
3104 1472 3544 1527 consenseritisab
3574 1472 3850 1527 haereticis

2248 1569 2494 1623 abrusmt
2526 1568 2693 1621 fuisse
2730 1583 2761 1622 e
2789 1567 2993 1622 Graecis
3021 1566 3316 1621 Codicibus
3372 1565 3543 1619 multo
3571 1574 3694 1619 ante
3719 1564 3851 1620 Hie-

2253 1663 2466 1734 ronymi
2508 1672 2722 1717 mtatem
2753 1679 2767 1723 ;
2796 1670 2853 1715 at
2881 1661 3062 1716 nullus
3090 1660 3142 1715 in
3173 1677 3234 1715 ea
3262 1660 3415 1714 locus
3460 1669 3581 1715 erat
3629 1658 3853 1714 fovendi

550 1763 655 1809 tam
677 1763 894 1806 veterem
925 1752 1124 1806 ibidem
1156 1751 1468 1816 restituere,
1497 1749 1737 1805 Crescunt
1761 1753 1949 1828 potius
1978 1769 2149 1806 exem-
2180 1760 2227 1819 Β
2258 1756 2509 1811 tumidive
2556 1754 2796 1809 lum-elici
2829 1754 3033 1809 erroris
3065 1771 3079 1819 ;
3110 1764 3165 1809 et
3216 1754 3584 1823 Hieronymus
3634 1753 3686 1806 in
3746 1752 3855 1807 hoc

549 1845 668 1915 plar
692 1844 790 1915 ﬁdi
840 1844 1132 1913 interpretis
1179 1844 1287 1897 vice
1315 1844 1579 1914 fungendo
1620 1844 1825 1898 verbum
1851 1845 2003 1898 verbo
2032 1845 2151 1899 red-

549 1938 681 1992 didit
703 1955 723 2004 ;
748 1937 992 1991 laudatas
1020 1953 1052 1990 a
1084 1924 1191 1992 SS;
1220 1934 1468 1990 Patribus
1496 1938 1774 1991 sententias
1802 1938 2009 1992 nonnisi
2037 1954 2148 2004 eas,

548 2045 665 2100 qua:
688 2025 871 2083 Grieco
892 2028 1175 2099 ervemplnri
1197 2036 1345 2081 erant
1373 2037 1728 2081 consentaneae
1752 2028 2043 2095 exscripsit,
2060 2044 2151 2082 ne-

552 2122 731 2193 glectis
771 2135 888 2190 quae
929 2118 1268 2183 dissidebant,
1301 2130 1453 2191 atque
1498 2119 1561 2173 ab
1603 2122 1715 2192 ipso
1742 2118 1932 2175 Codice
1972 2118 2154 2174 Graeco

554 2222 703 2267 erant
731 2213 948 2266 diversa!
971 2228 989 2265 :
1018 2213 1185 2266 immo
1213 2212 1485 2279 pauciores
1518 2221 1659 2279 sunt,
1693 2229 1822 2278 quas
1848 2230 1881 2267 a
1906 2212 2156 2267 Patribus

555 2305 758 2360 Latinis
785 2306 1036 2374 excerpsit
1055 2322 1072 2371 ;
1091 2315 1139 2358 et
1152 2305 1287 2358 circa
1310 2303 1515 2360 Novum
1531 2304 1912 2360 Testamentum
1927 2307 2001 2360 nil
2011 2306 2157 2361 aliud

556 2416 711 2466 quant
740 2410 935 2452 textum
964 2406 1322 2468 repraesentat.
1356 2398 1490 2452 Rem
1536 2398 1721 2469 itaque
1755 2408 1832 2453 tot
1875 2400 2157 2468 obseptam

558 2491 967 2547 difﬁcultatibus
996 2506 1101 2545 uno
1129 2490 1346 2546 tandem
1376 2491 1607 2547 consilio
1636 2490 2029 2561 expediendam
2059 2492 2160 2547 du-

562 2584 780 2650 ximus;
811 2594 868 2639 ut
903 2585 1156 2640 nimirum
1189 2585 1396 2655 singula
1430 2600 1605 2640 sacrae
1652 2585 1948 2655 Scriptura:
1982 2586 2100 2641 loca
2131 2602 2160 2640 a

562 2676 816 2732 Lucifero
841 2678 1115 2747 descripta
1137 2694 1260 2732 cum
1294 2678 1423 2731 Itala
1458 2677 1922 2748 loterpretatione
1944 2680 2163 2749 antiqua

560 2784 1043 2839 componeremus,
1077 2771 1291 2839 qualem
1326 2770 1736 2825 :leUluliSSlmO
1764 2786 1931 2841 Opere
1958 2772 2166 2841 perfec-

566 2876 676 2919 tam
705 2865 860 2919 nohis
886 2864 1140 2919 exhibuit
1174 2864 1552 2920 Sabatierius:
1587 2866 1730 2935 quod
1766 2876 1945 2921 autem
1991 2867 2043 2920 in
2074 2866 2164 2921 illa

569 2973 600 3011 a
630 2956 985 3012 Luciferiauis
1011 2958 1342 3012 testimoniis
1382 2957 1584 3023 differt,
1615 2960 1667 3013 in
1702 2961 1979 3029 subjectus
2010 2970 2167 3015 notas

569 3048 822 3119 rejieere,
851 3051 1018 3119 siquae
1072 3049 1344 3105 lectiones
1390 3050 1474 3104 vel
1503 3066 1533 3104 e
1555 3050 1763 3106 Graecis
1788 3053 1872 3107 vel
1903 3068 1935 3108 e
1962 3052 2168 3107 Latinis

2257 1849 2409 1904 Pauli
2441 1838 2818 1902 testimonium
2850 1846 3069 1911 subdit,
3107 1846 3251 1901 illam
3281 1846 3383 1900 sibi
3428 1844 3856 1915 praetermittere

2255 1942 2378 1995 dum
2408 1949 2647 2009 putasse,
2672 1940 2794 2009 quia
2821 1956 2911 1993 nec
2938 1939 2992 1992 in
3018 1938 3213 1992 Grtecis
3250 1938 3419 2004 libris,
3450 1953 3544 1991 nec
3566 1937 3619 1991 in
3642 1934 3857 2005 his,'qui

2256 2034 2310 2086 in
2340 2031 2650 2101 Apostolum
2676 2033 3006 2087 cootmentati
3034 2042 3177 2095 sunt,
3227 2031 3366 2085 hanc
3411 2032 3670 2099 scriptam
3700 2029 3861 2084 inve-

2259 2126 2421 2181 nerit.
2454 2125 2616 2179 Addit
2666 2124 2888 2189 Millius,
2923 2122 3257 2188 Luciferum,
3308 2122 3404 2193 qui
3468 2122 3606 2177 illud
3641 2120 3859 2176 Nemini

2259 2218 2648 2273 Consenseritis
2663 2217 2730 2269 ad
2756 2218 3019 2284 sequentia
3038 2217 3291 2284 pertinere
3312 2217 3534 2281 putavit,
3560 2214 3862 2269 inseruisse

2260 2311 2329 2367 de
2359 2327 2458 2365 suo
2488 2325 2685 2365 nomen
2732 2310 3019 2364 relativum
3050 2310 3160 2378 qui,
3188 2308 3332 2378 quod
3367 2321 3547 2363 tamen
3580 2308 3781 2378 legitur
3801 2307 3859 2361 in

2260 2405 2448 2461 codice
2476 2404 2808 2459 Borneriauo
2829 2402 2970 2473 apud
2994 2402 3381 2457 Sabatierium.
3411 2402 3557 2456 Idem
3582 2401 3864 2471 estojudi-

2262 2497 2403 2552 cium
2432 2496 2502 2550 de
2540 2504 2808 2550 commate
2839 2494 3170 2564 insequenti,
3198 2496 3375 2548 suasio
3431 2504 3600 2548 vestra
3648 2508 3712 2547 ea:
3749 2491 3865 2549 Deo

2264 2599 2357 2648 est.
2383 2587 2470 2641 cui
2499 2587 2655 2641 deest
2688 2585 2950 2654 porticula
2998 2584 3244 2652 negativa
3273 2600 3398 2649 non,
3429 2586 3483 2637 in
3532 2582 3724 2638 Graeco
3746 2586 3862 2651 οὐκ,

2266 2680 2475 2736 scilicet
2495 2696 2595 2733 non
2628 2690 2699 2733 est
2728 2696 2745 2733 :
2773 2689 2827 2732 et
2856 2678 3043 2733 deerat
3066 2678 3157 2732 illa
3183 2676 3399 2748 quidem
3422 2675 3583 2731 codd.
3617 2676 3868 2745 pluribus

2268 2775 2494 2840 Graecis,
2527 2790 2664 2844 quos
2714 2773 3075 2843 Hieronymus
3122 2771 3295 2840 legit;
3325 2780 3396 2829 .at
3429 2770 3502 2835 is,
3530 2779 3671 2825 teste
3700 2769 3869 2825 Mtllio

2269 2866 2324 2922 in
2359 2867 2495 2921 locis
2528 2866 2779 2929 laudatis,
2834 2866 3094 2918 Otttissam
3136 2862 3368 2917 credidit
3395 2878 3422 2915 a
3463 2860 3869 2931 simplicioribus

2271 2956 2604 3027 quibusdam,
2649 2957 2736 3025 qui
2759 2964 2997 3023 putantes
3027 2971 3080 3007 se
3102 2954 3305 3025 deferre
3350 2951 3481 3019 Deo,
3514 2964 3570 3006 ut
3599 2955 3871 3022 persuasio

2271 3065 2470 3120 quoque
2497 3057 2670 3103 nostra
2698 3048 2753 3101 in
2782 3049 2892 3118 ejus
2920 3047 2985 3100 sit
3013 3056 3283 3113 potestate,
3318 3046 3643 3100 abstulerunt
3672 3055 3873 3110 partem

576 3141 891 3209 Codicibus,
922 3153 1013 3197 aut
1060 3159 1090 3198 e
1116 3142 1324 3197 Latinis
1360 3142 1609 3197 Patribus
1639 3159 1668 3197 a
1700 3144 2008 3200 Sabzttierio
2040 3162 2163 3216 pro-
2195 3145 2241 3207 C
2272 3144 2522 3197 orationis
2553 3156 2683 3205 non,
2713 3148 2763 3194 et
2791 3156 2997 3193 sensum
3027 3138 3352 3191 contrarium
3408 3138 3656 3209 Apostolo
3694 3140 3874 3191 reddi-

570 3235 747 3292 ductae
775 3251 898 3291 cum
956 3234 1319 3291 Luciferianis
1350 3237 1703 3291 consentiunt
1747 3238 1812 3291 iis
1842 3238 1892 3291 in
1926 3238 2082 3303 locis,
2117 3240 2169 3292 in

574 3330 772 3400 quibus
802 3328 942 3398 apud
1001 3329 1304 3383 Luciferum
1335 3344 1364 3382 a
1392 3338 1547 3384 textu
1600 3332 1835 3399 antiqua:
1893 3330 2173 3387 Versionis

578 3422 810 3478 diversae
842 3433 989 3489 sunt,
1023 3438 1118 3478 eas
1148 3425 1485 3489 exscribere,
1513 3432 1569 3477 ut
1605 3423 1946 3479 Luciferiana
1980 3424 2173 3479 Versio

582 3515 761 3586 aliquo
790 3516 1107 3571 testimonio
1152 3516 1561 3585 comprobetur,
1598 3532 1698 3570 nec
1729 3517 1906 3571 varias
1932 3516 2115 3571 itidetu
2143 3534 2171 3570 a

577 3608 786 3664 Tiliana
838 3608 1080 3663 editione
1107 3608 1381 3665 dictiones
1410 3613 1665 3666 omittere
1707 3611 1875 3666 satius
1898 3611 2171 3676 duximus,

581 3717 719 3773 quas
745 3703 797 3755 in
824 3702 942 3773 ipso
971 3701 1222 3759 Lucifero
1251 3703 1475 3759 exhibet
1526 3704 1785 3759 idemtnet
1812 3704 2175 3770 Sabatierius,

582 3796 710 3851 dum
739 3794 972 3851 Luciferi
1005 3796 1313 3851 teStimonia
1349 3798 1401 3851 in
1447 3814 1604 3853 suum
1638 3812 1777 3867 Opus
1808 3798 2080 3867 importat.
2101 3797 2177 3851 [tu

585 3888 743 3943 nobis
770 3887 939 3942 multo
966 3888 1307 3943 commodius
1344 3889 1635 3958 utiliusque
1659 3889 1832 3941 visum
1861 3899 1945 3943 est
1987 3890 2038 3942 in
2073 3906 2180 3944 uno

586 3981 842 4036 Lucifero
859 3983 1280 4050 exemplursaue
1304 3981 1790 4035 luculenti-simum
1816 3982 2054 4051 Antiqua’
2079 3982 2183 4037 La-

585 4070 708 4125 tina:
739 4070 1007 4124 Versionis
1034 4072 1339 4140 legentibus
1363 4071 1586 4135 offerre,
1619 4070 1869 4139 idemque
1906 4074 2181 4139 Colelerii,

587 4174 644 4218 et
675 4161 849 4227 Millii,
878 4171 934 4217 et
984 4162 1155 4230 ipsius
1206 4162 1499 4217 Subntierii
1527 4176 1655 4231 0pc,
1686 4177 1848 4232 quam
1873 4179 1938 4217 ex
1968 4163 2181 4217 illorum

591 4253 1156 4309 animadversionihus
1182 4254 1338 4309 nobis
1363 4255 1822 4324 camparavimus,
1852 4264 2182 4319 correctum,

589 4358 650 4406 et
684 4349 754 4404 ab
796 4346 865 4404 iis
892 4349 1103 4404 mendis
1154 4359 1459 4419 purgatum,
1488 4364 1610 4420 qua:
1643 4348 1850 4405 facilius
1868 4350 2184 4422 cujusquam

589 4442 764 4500 oculis
787 4451 1040 4512 poterant
1061 4444 1362 4499 obversari.

2275 3236 2435 3289 dere:
2468 3234 2611 3289 unde
2644 3234 2844 3288 iterum
2876 3233 2928 3285 in
2958 3230 3207 3286 Gre-cum
3239 3239 3295 3285 et
3322 3230 3569 3285 Latinum
3590 3229 3877 3300 exemplar

2277 3327 2622 3384 inserendam
2676 3326 2977 3382 rectissime
3015 3324 3252 3379 censuit.
3284 3328 3461 3395 Atque
3489 3324 3590 3378 hoc
3636 3326 3686 3377 in
3748 3323 3878 3378 loco

2277 3421 2506 3476 Milliqu
2539 3418 2944 3490 reprehendere
2971 3417 3154 3480 liceat,
3188 3419 3278 3486 qui
3308 3416 3374 3470 ad
3406 3434 3556 3471 num.
3594 3416 3701 3472 643
3732 3416 3873 3470 Pro-

2278 3515 2385 3584 leg.
2416 3514 2650 3567 aderens
2700 3527 2763 3565 ex
2819 3508 3101 3565 Clemente
3149 3509 3532 3564 Alexandrino
3564 3508 3680 3562 bzec
3707 3509 3877 3563 verba

2278 3606 2525 3674 (Epistulae
2578 3604 2730 3660 .lttda:
2773 3619 2916 3658 vers.
2957 3602 2989 3657 6
3025 3610 3284 3675 εΔεσμοῐς
3336 3601 3519 3663 ἀϊδίοις
3570 3604 3674 3658 ὑπὸ
3729 3604 3880 3675 ζόφον

2281 3703 2473 3774 ἀγρίων
2503 3700 2727 3772 ἀγγέλων
2747 3702 3042 3775 τετήρηκεν,
3064 3694 3214 3759 Haec,
3236 3696 3441 3761 subdit,
3471 3696 3651 3748 ordine
3676 3709 3885 3762 prepo-

2281 3803 2415 3847 stero
2434 3794 2812 3863 reprazsentuvit
2840 3790 3009 3844 scriba
3026 3806 3043 3855 ;
3059 3792 3247 3865 ἀγρίων
3270 3804 3539 3867 perperam
3561 3804 3656 3856 pro
3677 3787 3835 3858 ἁγίων
3863 3806 3882 3841 ;

2284 3889 2405 3955 poni
2432 3897 2599 3940 autem
2628 3886 2771 3940 debet
2802 3886 2957 3958 ἁγίων
2982 3884 3206 3956 ἀγγέλων
3256 3891 3371 3954 post
3397 3879 3599 3945 ἀϊδίοις,
3629 3881 3767 3950 quod
3796 3892 3881 3934 to-

2283 3993 2389 4036 tum
2410 3999 2472 4035 ea:
2502 3981 2743 4049 Lucifero
2774 3979 3079 4034 Calaritano
3108 3980 3375 4033 discimus.
3411 3979 3616 4034 Deinde
3650 3977 3704 4033 in
3739 3979 3886 4032 notis

2286 4075 2361 4129 Illi
2385 4075 2538 4130 Julia:
2571 4077 2884 4130 testunouio
2907 4074 3170 4143 adpositis
3192 4088 3221 4126 a
3244 4088 3303 4127 se
3324 4073 3442 4141 ipse
3470 4072 3727 4128 dissentit
3746 4072 3887 4125 scri-

2287 4171 2445 4231 bens,
2482 4169 2791 4225 Luciferum
2818 4179 3128 4236 corruptam
3157 4167 3356 4237 legisse
3379 4180 3570 4221 vocem
3603 4166 3762 4238 ἁγίων
3786 4180 3889 4234 pro

2288 4266 2477 4338 ἀγρίων
2508 4281 2520 4316 :
2545 4264 2748 4332 integra
2770 4261 2917 4317 enim
2940 4270 2996 4316 et
3024 4270 3169 4314 recta
3199 4270 3283 4314 est
3306 4258 3537 4314 Luciferi
3565 4258 3727 4313 lectio
3762 4272 3886 4326 pug.

2290 4357 2378 4411 hic
2401 4358 2472 4413 ‘28
2503 4357 2623 4427 (col.
2649 4355 2772 4422 792)
2797 4354 2961 4407 malos
2992 4352 3249 4407 nimirum
3275 4352 3489 4422 angelos
3514 4350 3738 4404 vinculis
3765 4365 3887 4403 sau-

2290 4461 2491 4505 ctorum
2506 4448 2810 4521 angelorum
2823 4447 2917 4501 sub
2934 4446 3157 4500 tenebris
3176 4444 3407 4508 servari;
3424 4458 3547 4513 qua:
3563 4442 3787 4511 quidem
3808 4440 3895 4496 lo-

670 4537 868 4593 Verum
902 4540 1159 4593 nonnulla
1185 4539 1369 4593 insunt
1400 4539 1633 4594 Luciferi
1664 4539 1838 4606 libris,
1871 4556 1991 4607 qua:
2019 4541 2191 4596 corri-
2218 4524 2271 4584 Ῑ)
2298 4555 2381 4598 ret
2412 4558 2540 4597 vero
2574 4540 2877 4602 dissimilis,
2906 4540 2951 4593 si
2981 4538 3156 4593 malos
3184 4538 3411 4607 angelos
3438 4552 3467 4589 a
3510 4536 3669 4590 malis
3702 4534 3894 4589 itidem

591 4645 720 4701 gere
751 4630 937 4684 vitium
967 4629 1131 4697 foret,
1150 4638 1206 4685 et
1221 4631 1502 4700 scriptoris
1520 4631 1808 4686 sententias.
1835 4632 2194 4689 adversaren-

595 4733 706 4787 tur,
725 4733 778 4776 ut
793 4732 852 4777 ttt
869 4723 1057 4777 vitium
1077 4725 1127 4777 in
1145 4723 1337 4777 iisdem
1362 4723 1824 4794 deprehendatur.
1844 4724 2103 4794 Exemplo
2125 4727 2196 4781 sit

598 4815 969 4870 testimonium
998 4815 1061 4869 ι).
1092 4814 1246 4869 Pauli
1269 4815 1335 4870 ad
1363 4814 1541 4870 Galat.
1570 4832 1620 4881 v,
1646 4817 1702 4881 7,
1728 4831 1847 4887 pag.
1875 4819 1962 4873 hic
1976 4817 2047 4873 ‘26
2068 4820 2191 4884 (col.

599 4906 756 4979 790):
778 4894 880 4974 Qui
897 4907 1088 4961 nemini
1108 4910 1487 4971 consenseritis.
1510 4910 1683 4964 suasio
1706 4921 1871 4964 vestra
1886 4926 1949 4965 ea:
1968 4910 2075 4965 Deo
2096 4922 2193 4976 est,

597 5010 705 5057 etc.
746 5000 889 5070 quod
923 5015 1048 5054 cum
1081 4999 1311 5055 Luciferi
1359 5003 1629 5057 sententia
1658 5004 1864 5072 optime
1891 5004 2147 5059 convenit
2177 5023 2190 5070 ;

597 5095 645 5149 is
675 5094 878 5149 etenim
911 5091 1128 5149 scribit:
1152 5090 1531 5165 Cognoscentes
1560 5112 1646 5150 ros
1674 5114 1781 5149 esse
1807 5097 1948 5150 unici
1969 5096 2069 5150 Dei
2100 5095 2197 5150 Fi-

598 5187 862 5255 Iiiltostes,
889 5187 1118 5257 fugimus
1143 5187 1349 5257 nefaria
1390 5189 1608 5241 consilia
1629 5198 1816 5253 vestra,
1852 5198 2193 5257 temperantes

593 5280 707 5333 voci
731 5279 966 5349 Apoxtoli
990 5295 1009 5333 :
1044 5279 1147 5345 Qui
1186 5279 1378 5332 nemini
1407 5279 1788 5343 consenseritis,
1826 5281 1999 5333 suasio
2026 5291 2193 5335 vestra

589 5386 658 5426 ea:
686 5369 796 5425 Deo
817 5380 937 5425 est:
967 5375 1160 5440 probat
1201 5372 1351 5425 enim
1405 5372 1618 5425 Lucifer
1671 5371 1979 5440 hujusmodi
2034 5376 2188 5429 testi-

596 5464 803 5528 monio,
833 5461 1123 5517 consilium
1152 5477 1310 5517 suum
1342 5480 1449 5516 non
1480 5463 1840 5519 conveniendi
1870 5480 1995 5519 cum
2022 5464 2188 5521 haere-

596 5552 720 5605 ticis
751 5553 967 5608 Arianis
995 5570 1027 5609 e
1054 5554 1248 5610 divino
1277 5556 1538 5611 instinctu
1572 5557 1876 5628 profectum
1905 5557 2093 5614 fuisse.
2125 5562 2194 5614 At

595 5642 742 5727 enim
774 5643 825 5694 in
851 5644 1057 5698 Graecis
1087 5646 1241 5700 libris
1266 5663 1433 5717 prave
1455 5652 1727 5720 descripta
1758 5661 1916 5707 erant
1945 5654 2193 5722 Apostoli

592 5723 794 5794 verba,
829 5730 975 5789 unde
1029 5728 1081 5788 in
1141 5732 1361 5793 latinam
1416 5754 1632 5811 quoque
1684 5727 2187 5811 interpretationem

2295 4636 2508 4705 angelis
2535 4634 2863 4688 constrictos
2894 4629 3070 4691 teneri
3112 4628 3473 4693 ettunciaret;
3513 4626 3718 4695 dicitur
3743 4628 3896 4681 enim

2296 4728 2523 4799 Apocul.
2555 4744 2645 4794 xx,
2678 4729 2727 4791 l,
2761 4725 2998 4795 Angelus
3021 4723 3372 4779 descendisse
3409 4722 3480 4777 de
3507 4720 3653 4776 caelo
3681 4719 3897 4775 habens

2297 4824 2493 4877 clavem
2518 4821 2690 4891 abyssi
2707 4860 2721 4882 ,
2749 4830 2795 4872 et
2837 4829 3064 4872 catenam
3097 4832 3341 4888 magnam
3369 4815 3423 4868 in
3452 4831 3607 4869 manu
3632 4829 3729 4868 sua
3755 4830 3773 4877 ;
3803 4814 3899 4882 qui

2299 4916 2639 4989 apprehendit
2676 4912 2952 4966 draconem
2978 4952 2991 4975 ,
3026 4920 3316 4980 serpentem
3355 4918 3627 4979 antiquum
3654 4948 3670 4973 ,
3701 4907 3791 4976 qui
3818 4918 3898 4960 est

2298 5008 2539 5062 diabolus
2574 5017 2621 5061 et
2649 5015 2891 5070 satanas,
2923 5015 2970 5057 et
2998 5004 3175 5075 ligavit
3230 5018 3347 5055 eum
3400 5017 3489 5073 per
3518 5016 3683 5054 annos
3728 5000 3895 5053 mille.

2298 5100 2602 5156 Fatendum
2657 5106 2919 5168 praeterea
2969 5107 3054 5151 est
3078 5139 3092 5160 ,
3143 5097 3249 5150 alia
3279 5097 3444 5150 etiam
3472 5095 3523 5149 in
3551 5093 3895 5148 Luciieriana

2299 5192 2555 5247 versione
2616 5189 2871 5254 inveniri,
2918 5202 3062 5257 quae,
3096 5188 3228 5242 licet
3278 5186 3535 5241 tuendum
3568 5187 3635 5239 iis
3670 5184 3900 5238 subesse

2295 5285 2459 5356 aliqui
2519 5283 2856 5345 existiment,
2887 5298 2992 5336 non
3038 5294 3164 5335 sunt
3193 5290 3372 5335 tamen
3422 5277 3761 5347 immutauda
3801 5291 3903 5346 pro

2298 5377 2540 5448 ipsorum
2566 5376 3005 5439 sententia,cum
3053 5381 3271 5426 constet
3317 5386 3494 5441 neque
3543 5384 3767 5425 sensum
3814 5369 3903 5423 di-

2295 5472 2497 5528 ctionis
2568 5470 2809 5525 labefieri
2846 5509 2861 5536 ,
2912 5482 3089 5536 neque
3158 5466 3259 5520 alia
3330 5465 3525 5520 deesse
3598 5463 3899 5533 exempla,

2291 5579 2523 5636 quorum
2548 5561 2859 5618 testimonio
2890 5569 2945 5615 et
2974 5560 3298 5613 auctoritate
3324 5560 3589 5612 nitantur.
3619 5559 3755 5610 llinc
3790 5556 3897 5609 ali~

2296 5666 2429 5726 quot
2455 5671 2525 5711 ex
2564 5653 2632 5707 iis
2665 5653 2771 5708 huc
2810 5652 3212 5725 congessimus,
3236 5663 3294 5704 ut
3323 5650 3621 5725 legentium
3669 5648 3894 5716 probata

2294 5732 2499 5816 judicio
2552 5736 2896 5811 Luciferlam's
2949 5739 3217 5797 Veri-lanis
3286 5738 3652 5812 lntegt'ltatem
3728 5733 3895 5803 malo-
