4194 6184
356 157 460 226 i-oo

1789 130 2187 210 νεειλιιυ.

3551 132 3657 204 ito

355 285 500 343 bium
511 290 734 344 revocat
746 279 1056 338 Cotelerioo
1071 278 1142 336 ad
1169 277 1210 332 l.
1243 271 1572 333 quonstit.
1593 271 1788 340 Apost.
1807 283 1864 324 c.
1886 267 1940 335 ί,
1967 265 2022 328 Δ
2045 259 2281 330 subiecit
2299 258 2549 320 Latinius
2577 262 2806 317 ulciscar
2827 273 2897 318 ex
2917 261 3174 333 Vulgata.
3199 260 3662 318 Animadvertunt

351 375 665 452 suspicans,
693 375 1062 443 interpretem
1095 368 1295 439 legisse
1319 366 1376 424 in
1396 366 1592 424 Gnaeo
1607 365 1844 426 inclute,
1860 375 1950 414 eo-

349 466 710 540 gitationibus.
734 466 1060 539 ριοίγνύαιε.
1081 461 1384 534 poplitibus,
1403 457 1502 515 sed
1515 465 1769 516 neutrum
1793 453 1946 523 legit;

349 575 475 618 nam
502 561 622 618 voci
652 558 796 624 huic,
819 573 999 624 uasa,
1011 553 1282 626 singulari
1312 554 1370 610 in
1393 565 1624 623 nutriere
1649 545 1952 616 respmidet

350 669 456 708 vox
488 656 650 728 δνοὶᾳ
682 667 697 718 ;
727 666 908 721 neque
937 648 1174 705 advertit
1215 643 1524 704 Cotelerius
1565 641 1820 706 Graecum
1851 652 1951 693 no-

345 762 478 802 men
530 747 701 820 ὶνννύα,
731 757 844 816 quo
882 751 1112 798 utuntur
1155 737 1548 810 Septuaginta,
1593 732 1734 802 apud
1779 730 1953 799 Βαγ-

351 839 536 900 chittm
573 837 632 898 in
658 835 866 895 Lexico
889 833 1207 905 signiﬁcare
1235 831 1490 893 animum,
1519 836 1611 882 aut
1635 824 1952 882 anteriorem

343 949 489 1004 genu
507 940 707 1004 partem
725 945 746 985 :
764 931 903 1003 ἱγνύ
916 953 952 988 α
972 928 1150 1000 ψυχή,
1171 925 1202 988 ἦ
1222 928 1281 983 τὸ
1292 931 1387 982 τοῦ
1407 924 1621 995 γόνατος
1639 917 1844 976 ὄπισθεν
1864 920 1953 988 μι-

346 1045 459 1100 pec.
479 1023 546 1080 Et
575 1034 724 1080 recte
753 1038 851 1090 pro
877 1023 1152 1078 sententia
1174 1027 1364 1076 nostra
1387 1015 1646 1074 Heinsius
1677 1011 1795 1068 liae
1819 1010 1953 1064 sub-

344 1115 469 1186 jicit
504 1115 763 1188 Hesycbii
794 1114 1111 1172 testimonio
1138 1131 1150 1166 :
1179 1111 1318 1180 Quid
1341 1106 1614 1166 eorum
1637 1106 1748 1162 litae
1767 1104 1955 1158 habent

352 1207 474 1276 duo,
502 1211 532 1268 ἡ
559 1208 716 1281 ψυχή
743 1212 832 1266 καὶ
857 1209 918 1264 τὸ
940 1206 1060 1281 γόνυ
1086 1207 1109 1260 ?
1141 1215 1231 1260 aut
1259 1204 1373 1273 quis
1395 1202 1507 1258 hac
1525 1199 1780 1271 W590:
1798 1198 1824 1251 .9
1855 1197 1954 1252 nisi

349 1300 478 1356 sciat
500 1299 670 1356 allndi
697 1301 769 1354 ad
798 1298 1178 1362 nobilissimum
1196 1296 1369 1354 locum
1395 1293 1466 1350 ill
1487 1293 1624 1362 Reg.
1671 1305 1824 1355 avus,
1857 1288 1950 1342 2t:

352 1394 447 1457 ἓως
469 1392 594 1451 πότε
619 1394 772 1466 ὑμεῖς
811 1394 1090 1466 xulem?“
1119 1392 1198 1447 ἐπ’
1225 1390 1541 1464 ἀμφοτέρας
1568 1394 1692 1447 ταῖς
1723 1385 1951 1456 ἰγνύαις,

351 1483 779 1555 proverbialiter;
811 1500 933 1538 cum
963 1481 1183 1538 Hebriea
1221 1497 1321 1536 post:
1349 1481 1453 1536 hoc
1490 1480 1547 1536 in
1579 1479 1697 1534 loco
1725 1477 1956 1548 designet

351 1575 733 1648 cogitationes,
753 1574 967 1646 quidam
986 1590 1051 1630 ex
1076 1573 1452 1645 luterpretibus
1472 1570 1834 1632 reddiderunt,
1854 1568 1954 1628 ἕως

2057 364 2240 412 tamen
2266 354 2448 412 critici
2473 357 2575 412 viri
2606 357 2836 412 verbum
2861 356 3143 429 defendere
3170 355 3377 427 optimc
3403 372 3430 408 η
3454 353 3665 409 Latinis

2050 461 2153 517 pro
2177 449 2453 520 repellere,
2481 459 2669 520 atque,
2692 465 2874 506 arcere
2901 465 2990 516 ea,
3021 465 3145 521 quae
3173 457 3396 515 nocent,
3431 450 3659 504 solitum

2049 539 2328 596 adhiberi.
2361 541 2548 596 ϐων
2577 542 2630 596 in
2661 542 2753 598 lib.
2779 559 2800 596 ι
2823 543 2896 598 de
2936 544 3043 598 liel.
3073 545 3179 597 civ.
3207 557 3331 613 cap.
3359 542 3416 608 Ἰ,
3447 558 3572 597 cum
3601 559 3662 596 se

2049 643 2414 703 conquestum
2437 636 2605 689 fuisse
2629 634 2861 690 dixisset
2880 636 2950 692 de
2971 635 3185 706 injuriis
3215 650 3281 691 ac
3309 636 3362 690 vi
3395 645 3508 690 tum
3533 631 3661 701 sibi,

2051 732 2169 780 tutu
2199 725 2497 781 tribunitiae
2521 732 2777 796 potestati
2799 728 2986 794 illatis,
3021 725 3227 792 subdit,
3261 727 3530 782 clamasse
3559 725 3663 779 mi-

2054 817 2202 882 lites,
2226 833 2352 874 sese
2379 829 2599 888 graculos
2618 834 2743 876 esse
2774 819 3121 892 Imperatoris
3149 823 3232 875 sui
3282 820 3664 876 Tribunurum-

2049 928 2156 982 que
2185 913 2348 981 plebis
2373 914 2602 986 injurias
2628 914 2926 984 defendere,
2959 914 3137 980 idest,
3154 916 3492 986 propulsare,
3517 915 3661 985 quod

2054 1005 2200 1060 idem
2228 1019 2296 1060 ac
2327 1004 2512 1060 ulcisci
2554 1005 2832 1076 signiﬁcat
2884 1007 3028 1077 apud
3085 1008 3474 1063 Passeratium.
3514 1008 3667 1062 llauc

2054 1101 2512 1170 signiﬁcationem
2544 1104 2794 1173 pluribus
2821 1114 3008 1158 tuetur
3041 1103 3297 1159 Heinsius
3324 1104 3377 1158 iu
3409 1103 3558 1158 notis
3596 1103 3663 1157 ad

2053 1193 2217 1250 Ovid.
2241 1194 2467 1250 Her-old.
2499 1213 2554 1262 ν,
2584 1210 2735 1252 vers.
2771 1198 2863 1264 16,
2896 1206 2953 1252 et
2998 1197 3429 1269 Oudendorpins
3469 1199 3535 1251 ad
3568 1197 3660 1252 lib.

2058 1301 2152 1350 vui
2183 1288 2422 1345 Castris
2449 1291 2519 1344 de
2552 1290 2663 1345 bel.
2693 1290 2838 1346 Gell.
2895 1305 3019 1362 cap.
3051 1293 3107 1347 9.
3151 1293 3332 1361 Quare
3389 1292 3666 1360 interpres

2053 1377 2290 1435 Luciferi
2345 1380 2573 1435 latinum
2647 1382 2876 1437 verbum
2945 1381 3225 1454 defendere
3291 1391 3443 1440 recto
3501 1398 3664 1437 sensu

2053 1471 2348 1536 adhibuit;
2399 1473 2656 1542 quamvis
2702 1473 2936 1528 obscura
2988 1473 3114 1529 inde
3148 1474 3407 1530 reddatur
3439 1475 3663 1537 locutio,

2053 1579 2177 1620 ctum
2205 1565 2517 1621 addendum
2543 1567 2597 1621 id
2629 1568 2849 1632 inisset,
2882 1567 2950 1623 de
2979 1583 3093 1638 quo
3115 1570 3330 1624 ulturus
3345 1577 3466 1624 erat
3491 1567 3660 1634 Deus,

350 1669 473 1728 πότε
505 1669 790 1740 χωλανεῖτι
834 1677 897 1745 τῇ
943 1666 1130 1743 illuni;
1162 1663 1440 1720 Chaldaeus
1484 1664 1633 1718 vertit
1655 1671 1836 1720 sectas
1861 1670 1955 1714 aut
1987 1654 2035 1716 Β
2061 1658 2130 1714 de
2161 1659 2312 1713 illato
2339 1659 2555 1714 scilicet
2581 1661 2684 1715 sibi
2715 1669 3055 1731 contemptu,
3079 1671 3132 1718 et
3157 1666 3396 1734 irrogata
3440 1663 3662 1734 injuria.

353 1760 533 1816 studia
561 1770 652 1815 aut
677 1769 884 1830 partes,
907 1769 960 1813 ut
979 1757 1151 1832 Syrus
1171 1768 1221 1811 et
1253 1755 1440 1812 Arabs.
1472 1751 1952 1825 Leguutnonuulli

354 1853 408 1908 in
442 1847 714 1926 Hesychia
740 1851 874 1920 Ψύα,
898 1851 1103 1924 poples,
1133 1866 1274 1922 quos
1295 1849 1457 1905 aliert
1481 1847 1745 1905 Albanus
1769 1848 1825 1903 in
1855 1861 1956 1902 uo-

355 1945 426 2002 tis
457 1946 525 2001 ad
556 1945 701 2003 hunc
729 1945 995 2019 Hesychii
1029 1945 1210 2002 locum
1231 1942 1502 2008 subdens,
1524 1940 1633 1997 Sed
1659 1940 1955 2012 placente-

355 2053 484 2108 gans
511 2035 717 2093 Heinsii
745 2037 1022 2094 sententia.
1050 2033 1282 2101 Propius
1311 2032 1510 2089 accedit
1562 2030 1777 2099 Lucifer
1799 2029 1958 2087 Cala-

355 2134 590 2198 ritanus,
618 2131 800 2204 Usque
841 2145 950 2202 quo
981 2129 1308 2186 claudicatis
1334 2142 1502 2184 sensu
1551 2135 1742 2182 vestro
1771 2124 1794 2179 ι
1820 2124 1960 2182 unde

359 2242 454 2302 pro
481 2223 676 2300 ἰγνύαις
692 2241 809 2280 eum
831 2225 1036 2285 ἐννοίιας
1059 2223 1242 2294 legisse
1258 2221 1470 2290 conjicit
1499 2220 1702 2278 alar-iss.
1725 2217 1789 2274 L.
1816 2216 1956 2281 Bos;

357 2318 450 2374 sed
484 2316 776 2390 Hesychius
803 2318 888 2372 isti
917 2319 1055 2388 [avet
1091 2313 1424 2386 expositioni.
1453 2312 1632 2371 Julius
1679 2311 1876 2368 Pollux
1901 2311 1957 2365 in

362 2412 455 2468 lib.
487 2428 520 2466 v
545 2411 744 2468 Onom.
771 2427 891 2480 cap.
927 2411 962 2467 '5
992 2428 1006 2464 :
1035 2412 1209 2483 ἰγνύαν
1233 2407 1445 2473 scribit,
1471 2406 1720 2478 poplitem
1761 2402 1963 2460 intelli-

362 2520 517 2572 gens,
546 2513 602 2560 et
630 2507 792 2580 ὶγνίαν
821 2517 885 2559 ac
905 2505 1082 2577 ἰγνύαν
1113 2501 1432 2571 exprimunt
1451 2498 1670 2554 codices
1699 2497 1834 2552 varii
1860 2513 1876 2556 ς
1905 2495 1963 2550 ia

366 2596 461 2652 lib.
497 2610 628 2652 vero
649 2612 713 2661 ιι,
735 2611 862 2667 cap.
891 2597 946 2660 4,
969 2595 1120 2671 ἰγνύσι
1141 2601 1196 2648 et
1221 2594 1364 2667 ἰγνὺς
1396 2591 1618 2660 legitur,
1647 2599 1762 2644 tum
1793 2590 1960 2660 ἰγνύη,

365 2704 526 2761 quam
553 2689 886 2760 posteriorem
910 2686 1094 2760 popliti
1116 2684 1406 2758 oppositam
1434 2683 1800 2736 conwoitatem
1815 2695 1960 2745 esse,

366 2779 421 2837 id
445 2789 550 2847 est,
568 2778 908 2853 suffraginem
940 2776 1207 2832 afﬁrmat:
1234 2775 1362 2832 hinc
1381 2783 1538 2831 vetus
1567 2773 1758 2830 [rentei
1793 2773 1965 2827 inter-

368 2888 497 2944 pres
523 2871 616 2927 lib.
645 2887 723 2936 ιιι,
749 2887 870 2938 cap.
902 2870 935 2926 6
969 2887 982 2922 :
1013 2869 1293 2938 Quousque
1323 2865 1680 2922 claudicabitis
1709 2865 1764 2920 in
1788 2862 1968 2917 amba-

369 2965 463 3020 bus
491 2963 861 3036 su/fragiaibus
890 2964 916 3017 ?
941 2962 1009 3017 Et
1037 2960 1395 3032 Septuaginta
1423 2976 1439 3013 :
1463 2958 1742 3031 Usquequo
1765 2956 1967 3012 claudi-

2052 1749 2339 1807 ﬂacteuus
2379 1754 2515 1807 satis
2555 1753 2626 1808 de
2669 1753 3017 1810 Lueiieriana
3063 1757 3540 1826 interpretatione.

2059 1843 2092 1916 δ
2115 1843 2182 1900 ll.
2205 1844 2683 1902 -Λιιὲιιιιάυεηξο
2711 1846 3025 1919 Theologiea
3058 1849 3111 1902 in
3133 1851 3414 1904 nonnullas
3437 1849 3610 1920 Lucifi
3625 1853 3673 1905 ri

2711 1940 3018 1996 locutiones.

2129 2030 2364 2086 lustituti
2395 2034 2572 2089 nostri
2593 2033 2738 2088 ratio
2764 2035 3024 2104 postulat,
3061 2045 3119 2090 ut
3141 2035 3280 2090 hanc
3312 2049 3529 2107 quoque
3556 2047 3664 2092 Ira-

2057 2126 2354 2180 ctatiouem
2383 2128 2608 2182 minime
2647 2137 3042 2195 maereamus
3062 2171 3076 2195 ,
3101 2143 3224 2183 cum
3251 2128 3318 2183 ad
3343 2129 3666 2185 illustranda

2060 2219 2298 2276 Luciferi
2321 2236 2486 2291 opera
2508 2232 2568 2278 et
2590 2221 2928 2294 propositum
2951 2221 3055 2279 sibi
3087 2223 3137 2277 in
3164 2223 3236 2278 iis
3259 2225 3548 2280 consilium
3575 2225 3668 2280 dc-

2059 2310 2382 2366 clurandusu
2409 2317 2649 2368 niuium
2675 2316 2749 2369 sit
2771 2315 3101 2369 necessaria.
3131 2313 3338 2368 Diversi
3362 2314 3577 2384 quidem
3609 2315 3672 2370 li-

2063 2405 2290 2461 brorum
2326 2419 2554 2460 suorum
2602 2406 2746 2461 tituli
2792 2417 2954 2470 sunt;
2988 2405 3040 2460 id
3093 2407 3356 2463 tamenin
3399 2407 3467 2462 iis
3515 2409 3673 2465 unice

2061 2495 2380 2561 contendit,
2401 2507 2462 2550 ut
2492 2506 2642 2566 gesta
2675 2512 2704 2550 a
2736 2511 2796 2552 se
2823 2504 2885 2552 ct
2913 2511 2944 2551 α
2969 2497 3268 2554 Catholicis
3293 2497 3580 2569 Episcopis
3618 2503 3670 2556 in

2067 2587 2310 2644 Concilio
2325 2588 2725 2645 Mediolanensi
2745 2590 2878 2645 anni
2908 2592 3016 2647 555
3037 2601 3279 2660 tueatur,
3307 2601 3420 2647 tum
3454 2608 3514 2649 ut
3533 2597 3673 2649 Con-

2063 2680 2272 2738 Stautio
2298 2679 2619 2751 imperatori
2646 2682 2886 2738 facinora
2919 2684 3234 2753 exprobret,
3265 2700 3385 2757 qua:
3405 2685 3674 2745 adversus

2068 2771 2380 2831 Catholicae
2401 2774 2588 2844 iniquo
2603 2776 2842 2845 iusserat
2869 2777 3111 2847 patrari,
3133 2792 3245 2850 quo
3267 2780 3470 2836 Ariaua
3502 2783 3675 2838 luere-

2066 2865 2146 2924 δίε
2183 2867 2508 2950 contagione
2537 2885 2633 2925 sua
2680 2871 2790 2926 late
2817 2870 3011 2927 dill’usa
3050 2873 3104 2928 in
3135 2873 3449 2931 universum
3484 2878 3671 2933 orbein

2071 2956 2295 3027 impune
2331 2969 2692 3027 grassaretur,
2720 2960 2940 3016 domum
2973 2973 3033 3017 ut
3065 2975 3235 3020 secta:
3268 2964 3427 3037 hujus
3457 2984 3676 3025 errores

366 3056 552 3113 cabitis
582 3055 636 3120 in
673 3053 920 3111 ambabus
959 3052 1246 3126 poplitibus
1271 3053 1297 3106 ?
1321 3059 1378 3106 at
1409 3043 1646 3106 Luciferi
1691 3050 1967 3118 interpres
1996 3041 2041 3104 ι]
2072 3050 2295 3119 scriptis
2324 3052 2487 3106 etiam
2519 3052 2678 3108 libris
2706 3057 2979 3111 exsecrari
3013 3073 3073 3112 se
3103 3058 3284 3128 palam
3319 3060 3575 3117 omnibus
3606 3066 3680 3118 si-

369 3142 622 3207 Graecum
652 3163 852 3204 nomen
888 3148 1037 3223 ἰγνύσι
1061 3153 1214 3202 recte
1245 3159 1346 3216 pro
1372 3143 1545 3198 animo
1579 3142 1798 3197 animine
1818 3157 1969 3196 sensu

370 3241 673 3309 intellexit,
705 3250 759 3296 et
807 3239 1076 3296 Hebraico
1104 3237 1273 3293 textui
1327 3235 1575 3308 propius,
1619 3245 1679 3290 ut
1707 3234 1968 3298 diximus,

373 3334 645 3398 accessit;
676 3342 760 3389 est
787 3332 931 3387 enim
983 3328 1330 3400 huiusmodi;
1365 3344 1625 3402 mquequo
1657 3342 1746 3382 vos
1763 3326 1974 3382 claudi-

373 3436 548 3481 cantes
577 3440 732 3498 super
754 3425 886 3480 duas
909 3422 1294 3496 cogitationes?
1323 3420 1481 3490 cujus
1508 3434 1727 3474 sensum
1753 3417 1973 3476 exhibet

373 3517 540 3574 etiam
569 3515 928 3590 Symmachus
959 3533 970 3570 :
1001 3517 1098 3576 ἕως
1127 3515 1247 3571 πότε
1279 3513 1560 3586 χωλανιῖτε
1591 3513 1676 3567 ἐπὶ
1702 3510 1850 3567 δύσιν
1873 3513 1976 3584 ἀμ-

376 3612 589 3686 φιϐόλως
616 3652 630 3675 ,
660 3626 922 3680 usquequo
954 3625 1041 3661 ros
1072 3606 1378 3662 claudicatis
1415 3620 1572 3677 super
1623 3603 1730 3658 duo
1768 3602 1923 3658 dubie
1951 3603 1976 3657 ?

378 3714 493 3759 tum
538 3703 771 3773 Vulgata
834 3711 1054 3768 nostra,
1105 3717 1367 3771 usquequo
1400 3698 1705 3752 claudicatis
1753 3698 1806 3752 ia
1845 3699 1978 3752 duas

378 3797 578 3868 partes?
600 3796 744 3852 unde
764 3794 1068 3868 perspicias
1099 3793 1261 3848 velim
1287 3835 1302 3860 ,
1328 3791 1589 3847 Cotelerii
1614 3799 1669 3846 et
1692 3800 1818 3845 ante
1835 3789 1979 3844 hunc

376 3887 576 3946 Nobilii
609 3887 662 3943 in
687 3887 999 3944 Luciferum
1021 3900 1314 3942 censuram
1340 3884 1492 3940 nihili
1509 3883 1814 3940 habendam
1830 3897 1975 3940 esse.

448 3980 587 4039 Ibid.
617 3997 738 4054 pag.
769 3981 840 4037 82
867 3979 990 4054 (col.
1009 3979 1140 4052 847)
1159 3996 1171 4032 :
1193 3977 1260 4032 In
1280 3980 1376 4036 uiis
1397 3978 1564 4048 patris
1587 3978 1670 4032 sui
1691 3978 1981 4048 primis,“

382 4073 426 4130 ll
443 4075 622 4149 Paral.
646 4090 778 4142 xvu,
797 4075 852 4140 5,
875 4088 1034 4145 quem
1055 4073 1234 4128 locum
1251 4070 1743 4142 corrigitLatinius
1761 4071 1980 4138 iunola,

384 4182 482 4236 pro
503 4168 684 4240 primis
702 4167 1002 4238 subjiciens
1029 4163 1222 4231 David,
1244 4175 1304 4222 ut
1322 4173 1409 4226 cst
1446 4167 1500 4220 in
1532 4165 1982 4236 volgata.Verum

383 4261 758 4319 Luciferianus
774 4262 1050 4332 interpres
1063 4268 1216 4316 recte
1227 4258 1444 4329 scripsit
1455 4259 1508 4312 in
1521 4258 1615 4314 viis
1627 4257 1810 4327 primis
1823 4257 1986 4329 patris

385 4358 492 4422 sui;
521 4356 725 4429 quippe
753 4356 806 4412 iu
831 4354 882 4413 ςιί
902 4354 1139 4421 Parolip.
1167 4369 1280 4420 xiv,
1298 4352 1356 4420 2,
1379 4352 1612 4423 legatur,
1641 4352 1804 4408 Asan
1831 4349 1986 4406 Josa-

2073 3144 2376 3214 gniﬁcaret.
2412 3146 2609 3201 Verum
2640 3146 2744 3203 hoc
2772 3157 3109 3217 postremum
3137 3166 3245 3207 non
3281 3153 3351 3207 ita
3395 3157 3681 3227 persequi-

2075 3243 2183 3301 tur,
2207 3246 2267 3289 ut
2293 3235 2690 3306 disputationes
2720 3239 2998 3307 instituat,
3024 3255 3146 3312 qua:
3171 3253 3282 3297 tum
3313 3253 3370 3299 et
3399 3244 3450 3298 iu
3478 3243 3676 3303 Conci-

2079 3325 2171 3383 liis
2205 3335 2269 3384 et
2305 3345 2334 3382 ιι
2363 3328 2850 3386 ca'terisPatr-ibus
2884 3329 3000 3387 fuse
3033 3333 3426 3391 tractabantur.
3457 3333 3683 3395 Fatetur

2080 3419 2297 3478 Lucifer
2324 3421 2665 3478 Catholicam
2695 3423 2889 3495 dogma
2913 3425 2982 3481 de
3009 3426 3309 3496 Trinitate;
3343 3429 3553 3501 singula
3587 3448 3681 3488 ca-

2081 3512 2213 3580 pita,
2237 3526 2364 3583 qua
2387 3512 2443 3569 in
2473 3516 2880 3570 contentionem
2910 3518 3304 3586 pertrahebant
3325 3522 3535 3590 Ariani,
3567 3535 3686 3581 tue—

2079 3615 2209 3669 tur;
2235 3605 2478 3675 objectos
2509 3607 2740 3678 singulis
2764 3622 2985 3664 errores
3014 3610 3320 3668 detestatur
3345 3630 3360 3678 ;
3395 3623 3505 3669 tum
3535 3613 3683 3672 Con.

2079 3697 2372 3767 stantium,
2422 3698 2512 3754 cli
2555 3698 2729 3754 libros
2769 3698 2942 3755 hosce
2971 3702 3278 3774 inscripsit,
3309 3703 3374 3759 ad
3415 3707 3538 3761 illos
3570 3707 3687 3778 eju-

2081 3791 2286 3848 randos
2297 3799 2362 3849 et
2374 3792 2714 3849 Catholicam
2733 3793 2921 3850 Fidem
2941 3797 3375 3867 amplectendam
3395 3816 3541 3872 saepe
3563 3819 3687 3874 gra-

2079 3888 2336 3957 viterque
2365 3888 2592 3945 adhurta
2606 3900 2710 3946 tur.
2739 3892 2811 3946 At
2843 3893 3354 3964 annuadvertimus,
3379 3895 3686 3956 Luciferum

2087 3978 2140 4034 in
2167 3979 2428 4036 Ariauum
2459 3985 2734 4055 prmcipue
2753 3984 2972 4058 dogma,
2994 3988 3154 4058 quale
3181 3989 3250 4044 ab
3281 3990 3448 4062 impio
3468 3978 3720 4050 auctore-

2085 4075 2451 4144 excogitatum
2493 4076 2596 4132 fuit
2618 4088 2675 4135 et
2705 4079 3063 4149 productum,
3097 4083 3484 4142 vehementius
3512 4090 3696 4143 insur-

2087 4179 2252 4234 gere;
2281 4181 2410 4222 αιιιι
2455 4169 2525 4224 de
2565 4179 2678 4236 tot,
2729 4180 2949 4243 tamque
2980 4173 3338 4232 dissimilibus
3385 4182 3581 4248 sectis,
3635 4180 3692 4238 in

2089 4270 2224 4326 quas
2248 4257 2451 4315 Ariana
2483 4260 2712 4318 heresis
2741 4265 2927 4319 statim
2968 4264 3083 4321 fere
3110 4265 3180 4320 ab
3222 4268 3376 4324 initio
3402 4273 3602 4340 partita
3631 4288 3696 4329 ac

2091 4348 2264 4405 divisa
2299 4351 2428 4418 fuit,
2455 4353 2759 4421 cttjusmodi
2787 4367 2948 4411 erant
2970 4357 3303 4426 Eusebiana,
3333 4361 3695 4433 Eunomiaua,

388 4414 554 4519 phat.
575 4414 780 4519 pot-rent
835 4448 937 4504 sub
997 4445 1149 4502 initia
1190 4443 1344 4517 regni
1396 4445 1478 4500 sui
1509 4443 1693 4514 fecisse
1723 4442 1988 4497 bounmet
2013 4414 2067 4476 Β
2091 4441 2367 4500 Aeaciaua
2392 4483 2410 4510 ,
2435 4455 2495 4499 et
2526 4447 2581 4500 in
2625 4448 2817 4516 primis
2858 4449 3196 4507 Semiariana
3220 4497 3234 4520 ,
3269 4455 3352 4509 vix
3402 4414 3698 4527 quidquam

387 4553 587 4599 rectum
618 4558 792 4598 coram
825 4539 1048 4597 Domino
1101 4537 1214 4594 Deo
1237 4555 1330 4594 suo
1363 4555 1383 4606 ;
1412 4547 1467 4593 et
1498 4537 1546 4594 is
1569 4544 1762 4607 postea
1789 4535 1988 4591 dicitur

389 4633 658 4691 deiecisse
680 4649 712 4696 e
740 4644 890 4690 recto
926 4631 1146 4688 virtutis
1196 4630 1418 4686 tramite
1447 4645 1572 4700 cap.
1622 4645 1735 4685 xvi.
1767 4628 1904 4686 llinc
1933 4637 1992 4685 et

392 4725 749 4798 Septuaginta
781 4743 792 4779 :
818 4724 1110 4780 Ambulavit
1141 4724 1197 4778 in
1245 4723 1340 4777 viis
1368 4723 1537 4792 patris
1565 4725 1647 4778 sui
1681 4722 1908 4794 primis;
1933 4729 1992 4778 ct

393 4819 778 4876 Tlieodoretus
823 4834 920 4874 eos
974 4816 1187 4874 videtur
1212 4826 1433 4872 secutus
1481 4833 1604 4873 cum
1659 4831 1760 4886 pro
1808 4816 1993 4885 primis

396 4913 680 4982 scripserit
706 4914 815 4970 κατ’
841 4915 1041 4991 ἀρχὰς,
1085 4911 1148 4964 ab
1179 4910 1350 4965 initio.
1379 4909 1628 4964 Allirtuat
1682 4918 1861 4965 tamen
1887 4907 1997 4965 No-

399 5007 562 5062 bilius
588 5007 639 5061 in
674 5006 827 5062 libris
853 5005 1127 5077 plerisque
1182 5004 1366 5059 inesse
1422 5004 1562 5058 hanc
1605 5001 1905 5058 dictionem
1946 5003 1999 5056 ἐν

398 5097 534 5162 ὁδοῖς
579 5098 756 5166 Auditi,
787 5099 841 5154 iu
893 5099 987 5153 uiis
1018 5095 1210 5152 Dauid.
1242 5095 1399 5167 Apud
1427 5094 1664 5153 Griticos
1711 5096 1918 5152 Sacros
1943 5097 1999 5150 in

400 5201 534 5248 tom.
567 5191 847 5266 lSynops.
880 5199 1108 5262 utraque
1134 5189 1298 5246 lectio
1347 5189 1634 5253 retinetur,
1668 5190 1722 5244 in
1759 5189 1863 5244 riis
1892 5188 2001 5242 Da-

401 5285 488 5342 vid
513 5286 676 5355 patris
707 5286 790 5340 sui
835 5285 1049 5356 primis,
1077 5293 1206 5339 ante
1234 5283 1449 5339 scilicet
1488 5298 1649 5348 quam
1679 5282 1848 5339 David
1878 5298 2005 5352 pec-

403 5389 552 5435 caret
580 5396 593 5444 ;
629 5379 713 5438 vel
762 5380 817 5434 in
849 5379 944 5433 viis
1000 5377 1193 5445 David,
1241 5377 1409 5448 patris
1435 5377 1537 5434 sui.
1549 5378 1754 5446 primis,
1775 5393 1898 5447 qua:
1921 5379 2002 5433 ni-

405 5471 602 5527 mirum
633 5471 816 5544 prima:
839 5470 932 5524 ria:
962 5470 1178 5536 fuerunt
1206 5468 1328 5524 Asze
1359 5467 1532 5536 patris
1557 5465 1666 5526 sui.

481 5561 618 5617 Ibid.
653 5562 888 5633 denique
917 5577 1042 5634 pag.
1081 5559 1183 5618 105
1206 5558 1472 5633 (col.869.)
1497 5574 1594 5629 pro
1615 5559 1788 5615 verbo
1823 5560 2006 5630 defen-

411 5655 554 5721 dam,
581 5654 921 5726 quodlegitur
951 5652 1119 5725 Soph.
1152 5671 1188 5719 ι,
1233 5651 1315 5721 l2,
1352 5649 1644 5722 Defendam
1666 5667 1820 5723 super
1848 5651 2004 5718 viros,

2093 4550 2256 4605 agere
2277 4537 2558 4603 videatur;
2581 4541 2627 4594 si
2659 4540 3188 4599 Pneumatnmachos
3209 4545 3473 4616 excipias,
3494 4547 3562 4604 de
3581 4550 3702 4621 qui-

2095 4631 2195 4684 bus
2238 4637 2426 4699 postea
2455 4631 2564 4687 erit
2590 4631 2994 4692 disserendum.
3026 4635 3300 4695 Nefarium
3347 4639 3463 4698 Arii
3494 4643 3700 4701 doctri-

2097 4738 2224 4778 nam
2241 4725 2432 4794 paucis
2455 4726 2840 4796 complectitur
2855 4727 3111 4787 Petavius
3142 4732 3196 4788 in
3230 4733 3323 4788 lib.
3362 4750 3380 4788 ι
3416 4734 3483 4792 de
3505 4731 3701 4792 Trinit.

2097 4829 2220 4883 cap.
2267 4816 2320 4882 8,
2350 4831 2420 4872 ex
2447 4817 2585 4888 ipsis
2612 4819 2729 4876 Arii
2761 4820 2944 4878 verbis
2978 4833 3290 4896 excerptum
3317 4869 3330 4892 ,
3364 4843 3486 4898 qua:
3519 4829 3572 4884 in
3607 4845 3704 4885 sua

2099 4907 2291 4964 Thalia
2313 4909 2458 4978 apud
2489 4911 2758 4968 Athenas.
2785 4913 2838 4969 in
2857 4915 2953 4972 lib.
2979 4917 3049 4973 de
3077 4919 3283 4990 Synod.
3311 4930 3364 4975 ct
3393 4920 3446 4974 in
3475 4921 3590 4976 suis
3619 4921 3706 4975 lit-

2101 5002 2236 5058 teris
2261 5003 2331 5058 ad
2353 5003 2725 5061 Alexandrum
2755 5008 3183 5068 Alemndrinum
3210 5028 3272 5069 ac
3295 5013 3588 5069 Eusebium
3613 5013 3707 5068 Νί-

2101 5095 2505 5153 οοωοόἱθιιεθιιι
2545 5098 2844 5172 Episcopus
2873 5102 3070 5175 legitur
3111 5119 3398 5177 expressa.
3432 5105 3570 5161 llinc
3597 5122 3706 5178 quo

2102 5189 2336 5247 Luciieri
2349 5192 2660 5250 locutiones
2682 5197 2898 5268 planius
2918 5199 3270 5272 intimiusque
3297 5198 3703 5271 dignoscantur,

2103 5293 2164 5338 ut
2193 5286 2412 5340 Ariana:
2441 5286 2640 5344 limresi
2672 5305 2898 5358 prorsus
2927 5290 3187 5360 objectrc,
3222 5291 3340 5348 lucc
3362 5292 3428 5347 de
3460 5291 3710 5350 doctrina

2105 5375 2223 5429 Arii
2249 5387 2376 5432 sunt
2405 5379 2766 5436 exscribenda
2799 5399 2813 5436 :
2845 5380 3016 5436 Deum
3043 5383 3252 5438 scilicet
3303 5382 3516 5438 Patrem
3548 5402 3611 5439 ex
3637 5401 3709 5440 (e-

2106 5477 2250 5522 terna
2270 5467 2439 5524 Deam
2462 5472 2644 5541 fuisse,
2673 5473 2831 5526 Arius
2860 5471 3091 5530 docebat
3111 5517 3126 5541 ,
3154 5493 3254 5530 non
3280 5491 3398 5531 vero
3427 5494 3490 5533 ea:
3515 5488 3708 5533 teteruo

2108 5559 2342 5626 Patrem,
2362 5565 2452 5633 qui
2473 5561 2675 5618 Filiam
2703 5576 2885 5637 postea
2905 5567 3153 5636 produxit
3180 5585 3243 5624 ex
3265 5568 3462 5637 nihilo;
3486 5587 3589 5626 non
3613 5589 3709 5626 ua-

2109 5664 2255 5720 tura,
2285 5656 2374 5710 sed
2395 5658 2568 5727 gratia
2595 5666 2643 5711 et
2670 5658 2950 5728 adoptione
2983 5657 3221 5729 Filium;
3255 5661 3392 5720 unde
3432 5679 3521 5720 nec
3567 5677 3713 5719 verus
