4194 6184
522 181 615 235 7H

1527 175 1832 234 LUCIFER
1873 173 2251 232 El’lSCOPUS
2287 173 2798 231 CALARITANUS.

3694 171 3821 235 ﬁli

521 289 692 344 Filius
711 331 725 356 ,
759 305 850 342 nec
875 304 1026 343 verus
1051 287 1224 352 Deus,
1259 287 1358 340 nisi
1380 286 1531 341 titulo
1559 295 1706 341 tenus
1745 301 1805 339 ac
1836 286 2116 356 participa-
2144 291 2197 350 Α
2221 285 2423 353 scripta
2455 300 2552 340 seu
2580 300 2676 340 ore
2706 283 2916 356 prolata
2937 325 2952 348 ,
2977 283 3200 339 totidem
3235 285 3385 340 fuere
3413 283 3784 341 cavillationes
3803 325 3819 350 ,

521 383 688 447 tione;
717 381 806 435 sed
828 389 1084 444 creatura,
1106 379 1300 434 creteris
1323 388 1492 434 tamen
1517 380 1869 448 prwstantior,
1895 397 1998 449 qua
2017 379 2118 434 rel-

519 476 594 529 uti
633 475 942 527 administra
981 483 1208 527 uteretur
1237 470 1378 527 Deus
1418 473 1486 526 ad
1526 490 1607 527 res
1649 483 1862 528 crateras
1893 474 2120 528 conden-

519 569 635 624 das.
669 567 794 623 llzec
818 568 979 638 impia
1007 568 1122 623 Arii
1149 575 1206 624 et
1229 582 1485 638 germana
1510 566 1783 635 professio
1816 566 1969 622 Fidei
1989 607 2003 630 ,
2033 566 2118 622 cui

521 661 751 729 proinde
783 659 1003 716 Lucifer
1041 660 1140 714 has
1166 675 1312 730 saepe
1350 659 1651 714 locutiones
1683 660 1943 728 opponit,
1976 657 2121 728 quod

523 752 683 808 Pater
709 769 858 806 verus
887 753 953 806 sit
983 751 1140 806 Pater
1177 752 1240 805 ab
1286 761 1502 817 (eterna,
1532 761 1579 806 et
1605 767 1779 806 verum
1809 749 1989 804 habeat
2031 749 2124 802 Fi-

521 846 688 910 lium;
718 845 864 914 quod
898 841 1071 898 Filius
1102 846 1168 898 sit
1198 861 1348 898 verus
1396 841 1571 896 Filius
1601 853 1648 898 et
1676 859 1819 897 verus
1864 841 2035 905 Deus,
2071 851 2126 897 et

521 941 664 1011 quod
697 957 800 994 una
829 940 894 995 sit
920 939 1184 994 aeternitas
1213 937 1391 992 Patris
1417 947 1463 991 et
1493 935 1621 990 Filii
1644 978 1659 1002 ,
1706 937 1949 1006 aliasque
1976 935 2126 990 simi-

526 1034 607 1090 les
645 1033 715 1088 de
755 1033 982 1086 bonitate
1003 1073 1018 1096 ,
1048 1031 1307 1100 potentia,
1338 1033 1612 1102 majestate
1641 1030 1816 1082 eadem
1864 1027 2041 1080 Patris
2081 1037 2128 1081 et

529 1123 693 1189 Filii;
716 1138 876 1194 atque
908 1123 1156 1192 vulgatas
1187 1122 1308 1176 illas
1338 1121 1668 1175 Arianorum
1701 1119 1960 1175 formulas
1985 1161 1999 1185 ,
2034 1116 2130 1172 Fi-

529 1219 631 1272 lius
657 1234 720 1272 ex
744 1217 908 1270 nihilo
931 1227 1006 1270 est
1023 1258 1038 1284 ,
1070 1216 1170 1288 fuit
1204 1225 1404 1284 tempus
1425 1213 1630 1282 quando
1663 1231 1765 1266 non
1792 1222 1932 1277 erat,
1966 1215 2132 1283 factus

529 1322 601 1368 est
625 1329 687 1367 ea:
717 1328 820 1366 non
844 1311 1186 1376 exstantibus,
1219 1320 1274 1364 et
1303 1309 1575 1379 adaptivus
1618 1317 1691 1361 est
1720 1306 1916 1372 Filius,
1944 1306 2132 1376 smpis-

528 1407 666 1460 sime
693 1405 990 1474 exprobrat
1014 1402 1374 1468 Constantio,
1417 1407 1472 1455 et
1500 1401 1738 1470 graviter
1767 1410 2081 1454 exsecratur
2116 1415 2128 1450 :

530 1514 652 1568 quae
699 1514 823 1553 cum
856 1499 908 1552 in
947 1496 1163 1552 caneris
1201 1494 1386 1558 libris,
1417 1491 1666 1548 crebrius
1697 1501 1878 1547 tamen
1909 1491 1960 1545 in
1995 1491 2132 1544 libro

532 1590 596 1645 de
618 1607 718 1643 non
748 1588 1005 1659 parcendo
1033 1587 1084 1640 in
1110 1584 1275 1639 Deum
1306 1583 1719 1654 delinquentibus
1746 1584 2130 1647 obversantur,

2222 377 2420 446 quibus
2466 379 2794 433 sententiam
2823 391 2977 433 suam
3025 376 3405 434 fraudulenter
3451 379 3697 449 tegebat,
3742 379 3825 434 id-

2225 468 2400 538 ipsum
2429 469 2592 525 modo
2621 485 2856 540 negans,
2887 471 3052 525 modo
3100 470 3405 537 affirmans,
3440 471 3604 526 modo
3645 473 3824 527 fucata

2226 560 2514 616 verborum
2529 562 2710 632 specie
2725 561 3009 628 simulans,
3032 560 3515 633 dissimulatisque,
3532 573 3588 619 ut
3600 578 3664 618 ex
3679 563 3824 619 Eccl.

2229 651 2368 710 Hist.
2397 655 2683 722 perspicue
2723 662 2969 724 apparet.
3006 652 3206 708 Verum
3232 653 3472 718 Lucifer,
3507 655 3596 710 cui
3625 654 3823 711 Ariana

2230 745 2480 816 impietas
2507 757 2624 800 erat
2654 745 2811 816 plane
2841 756 3145 816 perspecta,
3179 748 3504 804 catholicam
3538 751 3820 805 veritatem

2229 837 2498 892 adversus
2515 837 2831 894 haereticum
2867 840 3042 908 palam
3065 841 3414 910 proliteturin
3435 841 3531 896 lib.
3576 859 3593 897 ι
3627 857 3723 912 pro
3766 840 3825 898 S.

2232 929 2437 986 Athan.
2473 949 2525 1002 p.
2551 932 2618 988 98
2644 931 2765 1003 (col.
2789 932 2918 1002 864)
2945 950 2955 985 :
2981 932 3102 987 Non
3129 935 3267 987 enim
3292 936 3411 1004 quia
3432 933 3565 990 dixit
3587 939 3827 1006 Aposto-

2234 1023 2352 1078 lus:
2382 1025 2749 1092 Semetipsum
2782 1026 3329 1082 exinanivitformam
3351 1031 3492 1084 servi
3523 1031 3826 1098 accipiens.

2233 1113 2375 1170 Deus
2394 1115 2491 1170 Dei
2520 1117 2705 1171 unicus
2732 1116 2902 1173 Filius
2919 1118 3068 1173 aliud
3091 1120 3202 1186 ﬁeri
3216 1121 3380 1191 potuit
3403 1137 3464 1175 ex
3483 1121 3574 1175 illo
3593 1123 3734 1191 quod
3753 1131 3830 1176 est

2235 1208 2669 1278 incorruptibilis,
2691 1209 3079 1278 inenarrabilis,
3094 1211 3454 1279 immutabilis,
3475 1229 3587 1265 cum
3608 1215 3674 1267 sit
3689 1231 3830 1268 sem-

2238 1317 2329 1369 per
2357 1302 2411 1355 in
2439 1318 2496 1356 eo
2518 1312 2653 1357 statu
2679 1314 2884 1358 wterna:
2905 1306 3272 1375 magnitudinis
3296 1321 3532 1370 manens,
3555 1308 3608 1359 in
3632 1323 3733 1375 quo
3760 1309 3828 1361 sit

2239 1411 2453 1449 manens
2475 1406 2522 1450 et
2543 1397 2654 1466 eius
2668 1395 2861 1451 Pater:
2884 1398 3282 1453 inenarrabilem
3306 1414 3438 1455 vero
3459 1400 3592 1454 dicit
3609 1399 3828 1460 Filium.

2239 1497 2294 1542 ut
2326 1490 2550 1544 alteram
2599 1489 2713 1545 Arii
2759 1492 3150 1562 blasphemiam
3199 1493 3452 1559 damnet,
3493 1497 3582 1562 qui
3631 1495 3682 1549 in
3732 1495 3826 1550 lib.

2238 1580 2394 1635 'I'hal.
2423 1582 2565 1650 apud
2589 1582 2784 1637 Athan.
2812 1583 2879 1638 de
2904 1584 3035 1654 Syn.
3060 1585 3228 1640 Deum
3261 1585 3476 1642 Patrem
3507 1587 3678 1642 solum
3700 1589 3834 1658 inef-

532 1682 1088 1740 ubletlamNiczenum
1110 1680 1428 1750 Symbolum
1456 1679 1726 1747 integrum
1756 1678 1801 1733 is
1823 1676 2132 1746 exscripsit.
2165 1679 2212 1738 B
2240 1674 2451 1744 fabilem
2477 1687 2524 1728 et
2551 1677 2866 1731 indicibilem
2902 1693 3024 1733 esse
3049 1679 3260 1744 docuit;
3297 1678 3440 1734 Filio
3479 1681 3621 1735 Deus
3650 1681 3835 1748 ine/7a-

534 1777 696 1831 Arius
725 1785 990 1846 praeterea
1018 1772 1216 1826 Filium
1259 1769 1557 1824 mutabilem
1593 1787 1701 1824 esse
1728 1780 1920 1824 natura
1947 1780 2136 1837 aperte

532 1867 754 1931 docuit,
784 1877 833 1921 et
857 1868 910 1920 in
930 1867 1121 1920 malum
1144 1873 1329 1918 natura
1360 1863 1636 1932 proclivem
1656 1904 1669 1927 ,
1693 1863 1783 1917 sed
1811 1878 1874 1916 ea:
1901 1860 2139 1915 omnibus

535 1960 791 2016 creaturis
818 1961 934 2013 ideo
959 1967 1286 2028 exemptum,
1313 1957 1434 2026 quia
1477 1955 1614 2009 Deus
1645 1956 1753 2021 ejus
1783 1955 1837 2007 in
1876 1954 2006 2007 bona
2046 1953 2138 2021 ﬁr-

537 2054 766 2106 ntitatent
818 2052 1265 2117 constantiamque
1313 2049 1662 2119 prtesciverit;
1713 2047 1854 2118 quod
1907 2063 1973 2101 cx
2023 2046 2138 2102 Arii

535 2144 756 2214 scriptis
782 2146 1014 2198 affirmat
1033 2141 1364 2196 Athanasius
1391 2141 1492 2196 sub
1513 2141 1724 2195 initiutn
1746 2139 1899 2194 Orat.
1927 2140 1983 2203 2,
2013 2154 2141 2194 con-

538 2247 620 2293 tra
646 2238 836 2294 Arian.
867 2256 880 2292 :
906 2247 962 2291 ut
991 2254 1165 2292 omnes
1191 2254 1254 2291 ex
1283 2249 1470 2291 natura
1495 2255 1619 2303 sua,
1650 2239 1722 2292 ita
1746 2254 1945 2308 quoque
1969 2238 2140 2306 ipsum

549 2329 774 2385 Verbum
810 2331 1141 2385 mutabilitati
1183 2332 1460 2386 obnoxium
1491 2349 1617 2397 esse,
1671 2349 1733 2385 ac
1760 2334 1812 2386 in
1843 2333 2001 2387 libero
2033 2335 2141 2404 ejus

541 2424 756 2478 arbitrio
779 2426 960 2493 fuisse,
986 2425 1232 2493 quamdiu
1257 2425 1374 2478 velit
1396 2466 1410 2490 ,
1432 2426 1618 2478 bonum
1646 2441 1982 2491 permanere;
2005 2428 2143 2497 ejus-

540 2533 639 2588 que
663 2517 974 2571 voluntatem
995 2529 1175 2571 nostra
1197 2533 1336 2571 more
1360 2519 1553 2571 mutari
1573 2520 1820 2589 potuisse,
1849 2533 1963 2571 cum
1993 2518 2146 2587 fuerit

546 2611 810 2664 mutabilis
844 2620 1069 2675 natura;
1095 2626 1256 2680 eaque
1300 2610 1365 2664 de
1409 2626 1564 2665 causa
1613 2627 1730 2664 cum
1759 2609 1901 2665 Deus
1945 2627 2143 2683 praeco-

543 2713 806 2774 gnosceret
835 2718 952 2756 eum
982 2704 1169 2756 bonum
1216 2706 1484 2772 futurum,
1532 2703 1867 2771 anticipando
1895 2704 1973 2756 illi
2014 2706 2148 2756 hanc

545 2795 768 2866 gloriam
799 2795 1022 2861 dedisse,
1053 2812 1206 2866 quam
1228 2795 1378 2849 homo
1403 2797 1733 2867 postmodum
1752 2812 1815 2851 ex
1839 2797 2022 2850 virtute
2043 2813 2150 2852 me-

545 2898 788 2951 reretur;
818 2898 864 2941 et
891 2889 1038 2956 quasi
1071 2891 1187 2960 jam
1221 2899 1327 2941 tum
1368 2905 1524 2955 opera
1555 2893 1667 2960 ejus
1715 2898 2006 2956 exstarent,
2035 2905 2149 2960 qua

551 2979 947 3049 providebantur
970 2997 1000 3034 a
1029 2979 1158 3046 Deo,
1191 2980 1342 3034 talem
1371 2996 1485 3033 eum
1518 2983 1622 3044 iam
1649 2982 1821 3034 statim
1846 2961 1906 3034 in.
1925 2997 2150 3052 praesen-

2240 1769 2356 1822 bilis
2381 1779 2490 1834 est;
2517 1779 2587 1824 est
2613 1772 2750 1824 enim
2778 1771 2872 1824 sibi
2892 1772 3028 1841 quod
3058 1783 3161 1837 est,
3183 1773 3280 1826 hoc
3305 1783 3380 1827 est
3405 1774 3704 1829 indicibilis.
3729 1773 3833 1828 Int-

2241 1860 2485 1930 possibile
2505 1871 2578 1916 est
2596 1863 2734 1916 enim
2749 1864 2794 1916 ei
2819 1865 3128 1936 investigare
3151 1865 3384 1929 Putrem,
3399 1867 3567 1936 qualis
3586 1869 3638 1921 in
3653 1885 3708 1922 se
3737 1879 3831 1936 est,

2241 1954 2485 2022 quoniam
2517 1955 2628 2018 ipse
2666 1954 2839 2009 Filius
2865 1973 3014 2011 suam
3042 1958 3205 2027 ipsius
3231 1959 3573 2013 substantiam
3594 1960 3836 2031 ignorat;

2246 2048 2608 2116 eamdemque
2634 2050 2962 2104 sententiam
3004 2051 3202 2120 repetit
3241 2051 3459 2108 Lucifer
3491 2069 3544 2123 p.
3583 2053 3681 2110 108
3711 2053 3838 2126 (col.

2245 2137 2374 2210 875)
2401 2141 2552 2196 hisce
2574 2142 2785 2197 verbis:
2807 2143 2948 2207 Quid
2970 2143 3115 2197 aliud
3127 2145 3315 2198 astruit
3332 2145 3572 2216 gloriosa:
3590 2143 3842 2198 Ecclesia;

2246 2232 2373 2300 ﬁdes
2394 2275 2407 2298 ,
2437 2235 2536 2287 nisi
2563 2235 2684 2304 quia
2710 2237 2775 2288 sit
2803 2238 2893 2290 Dei
2923 2237 3108 2291 unicus
3148 2236 3321 2292 Filius
3352 2239 3686 2293 immutabilis
3705 2280 3718 2303 ,
3755 2239 3840 2291 in-

2245 2325 2612 2391 convertibilis,
2644 2327 3040 2393 inwstimabilis,
3067 2329 3379 2398 immensus,
3409 2342 3633 2385 wternus
3651 2373 3664 2396 ,
3688 2332 3845 2385 sicuti

2248 2419 2311 2473 sit
2343 2430 2390 2473 et
2417 2422 2570 2490 cujus
2597 2422 2664 2474 sit
2688 2421 2902 2477 Filius?
2927 2422 3123 2478 Verqu
3148 2425 3362 2479 Arianxe
3388 2424 3663 2481 haereseos
3681 2439 3846 2495 caput

2249 2512 2302 2566 in
2332 2526 2398 2566 eo
2420 2514 2583 2566 situm
2611 2524 2727 2567 erat
2745 2555 2761 2581 ,
2791 2523 2847 2569 ut
2883 2531 2991 2570 uno
3022 2516 3184 2572 verbo
3210 2515 3406 2572 Filium
3428 2520 3847 2574 consubstantia-

2249 2605 2348 2658 lem
2377 2619 2498 2660 esse
2543 2605 2686 2660 Patri
2729 2619 2989 2678 negaret;
3021 2610 3164 2680 quod
3207 2611 3260 2665 in
3307 2627 3403 2666 sua
3435 2611 3627 2667 'l‘halia
3657 2623 3848 2684 aperte

2250 2699 2542 2766 scripserat
2583 2699 2770 2764 Arius,
2803 2703 2954 2770 quasi
2992 2703 3176 2757 animo
3219 2707 3602 2773 prmsentiret,
3647 2718 3846 2776 quanta

2253 2787 2416 2859 hujus
2439 2791 2685 2846 vocabuli
2712 2794 2794 2847 vis
2826 2793 3002 2848 futura
3029 2805 3213 2864 pomea
3231 2806 3403 2861 esset,
3430 2807 3485 2852 et
3513 2798 3704 2853 efﬁcax
3726 2813 3849 2854 seu-

2252 2896 2375 2948 sus,
2407 2892 2462 2936 et
2484 2882 2635 2937 firma
2677 2887 2976 2942 auctoritas
3003 2887 3066 2940 ad
3099 2889 3353 2944 tuendam
3388 2889 3548 2946 Verbi
3585 2891 3848 2946 Divinita-

2257 2983 2362 3028 tem
2389 2991 2403 3038 ;
2438 2975 2555 3031 οὐδὲ
2583 2976 2685 3052 γάρ
2722 2975 2862 3034 ἔστιν
2893 2981 3031 3041 ἔσος,
3064 2981 3168 3036 ἀλλ’
3204 2981 3340 3051 οὐδέε
3362 2984 3632 3055 ὁμοούσιος
3673 2987 3809 3056 αὐτῷ
3833 3027 3847 3050 ,

548 3072 620 3127 tia
641 3071 800 3127 voluit
824 3073 934 3141 ﬁeri
959 3088 977 3126 :
1000 3081 1053 3127 et
1085 3073 1224 3126 idem
1256 3081 1492 3128 testatur
1513 3072 1827 3130 Alexander
1851 3074 2150 3144 Episcopus
2177 3061 2221 3122 C
2255 3082 2415 3136 neque
2432 3070 2567 3122 enim
2591 3068 2758 3123 Filius
2783 3083 2853 3124 cst
2882 3073 3118 3140 wqualis.
3140 3075 3228 3126 sed
3255 3090 3415 3144 neque
3441 3075 3541 3136 illi.
3568 3075 3619 3130 id
3642 3090 3723 3131 εει
3744 3076 3845 3131 Pa-

553 3167 608 3221 in
631 3181 727 3220 sua
761 3166 990 3235 epistola
1021 3166 1087 3220 ad
1121 3165 1452 3231 (latltolicos,
1485 3167 1575 3221 ubi
1609 3167 1797 3222 Arium
1822 3168 2050 3236 ejuSque
2070 3183 2155 3223 as-

549 3257 729 3313 seclas
779 3257 1073 3327 impietatis
1119 3259 1432 3324 convictos,
1479 3271 1744 3329 praeterea
1793 3261 2156 3328 interrogatos

554 3347 724 3404 fuisse
753 3351 966 3410 scribit.
999 3353 1042 3405 εἰ
1065 3350 1284 3408 δύναται
1311 3352 1335 3407 ὁ
1362 3360 1453 3406 τοῦ
1479 3354 1595 3406 θεοῦ
1621 3350 1768 3424 λόγος
1797 3367 2058 3428 τραπῆναι
2089 3355 2157 3412 ὡς

555 3441 830 3503 ὁδιὰϐολος
851 3444 1063 3520 ἓτράπη³
1081 3449 1165 3499 καὶ
1181 3447 1266 3499 οὐκ
1279 3446 1591 3518 ἐφοϐήθησαν
1611 3446 1789 3500 εἰπεῖν.
1805 3448 1899 3500 Ναὶ
1918 3443 2154 3508 δύναται,

558 3537 778 3613 τρεπτὸς
793 3540 893 3611 γὰρ
912 3536 1111 3610 φύσεώς
1129 3540 1264 3605 ἐστι,
1292 3542 1502 3613 γενητὸς
1519 3544 1603 3594 καὶ
1624 3541 1841 3615 τρεπτὸς
1869 3539 2123 3612 ὑπάρχων
2143 3554 2155 3589 :

558 3629 615 3686 id
641 3640 763 3685 est:
795 3630 855 3686 Si
886 3628 985 3686 Dei
1022 3631 1249 3685 Verbum
1299 3634 1493 3686 mutari
1531 3642 1724 3699 potest,
1754 3633 1884 3685 sicut
1924 3630 2162 3684 diabolus

560 3732 788 3777 mutatus
818 3733 892 3778 est
915 3723 940 3775 .’
967 3733 1011 3778 et
1041 3724 1187 3778 veriti
1219 3741 1322 3779 non
1349 3733 1470 3779 sunt
1507 3725 1712 3781 dicere:
1745 3723 1930 3794 Utique
1955 3731 2118 3795 potest
2143 3739 2161 3787 ,-

559 3815 820 3870 mutabilis
850 3815 985 3870 enim
1012 3826 1086 3870 est
1115 3826 1333 3882 natura,
1363 3825 1564 3871 creatus
1593 3827 1642 3871 et
1662 3815 2008 3871 convertibilis
2025 3815 2163 3869 exis-

561 3919 713 3965 tens:
739 3926 846 3980 quo
896 3911 950 3964 in
1004 3911 1120 3965 loco
1173 3919 1320 3965 recte
1359 3920 1552 3964 censet
1588 3909 1833 3964 Valesius
1873 3907 2161 3976 legendum

562 4017 687 4059 esse
730 4004 935 4075 γενητὸς
972 4019 1070 4071 pro
1109 4002 1374 4058 vocabulo
1399 4003 1668 4076 γεννητὸς.
1705 4003 1784 4056 uti
1813 4010 1868 4054 et
1899 4014 1999 4054 nos
2030 4001 2165 4054 scri-

565 4094 794 4164 psimus,
847 4103 1003 4164 utque
1032 4095 1239 4164 legitur,
1269 4095 1477 4162 inquit,
1508 4092 1646 4164 apud
1672 4091 1936 4147 Gelasium
1960 4091 2168 4161 Cyzice-

566 4202 724 4245 num;
754 4201 913 4254 neque
937 4185 1089 4239 aliter
1118 4184 1238 4255 legit
1263 4183 1630 4254 Epiphanius;
1662 4185 1811 4238 vertit
1831 4184 2002 4248 enim;
2035 4183 2168 4239 Fac-

571 4284 656 4332 tus
676 4318 690 4340 ,
719 4277 897 4341 aiunt,
929 4288 984 4332 et
1013 4277 1389 4332 convertibilis
1432 4286 1515 4332 est
1546 4295 1557 4329 :
1591 4279 1824 4350 γεννητὸς
1854 4286 2032 4332 autem
2080 4291 2169 4331 ca-

568 4369 828 4426 tholicum
859 4369 1024 4426 habet
1052 4386 1309 4436 sensum,
1346 4370 1414 4425 de
1442 4385 1550 4441 quo
1577 4369 1831 4426 Petavius
1879 4369 1932 4423 in
1977 4369 2072 4425 lib.
2114 4386 2166 4436 v,

2259 3160 2356 3224 tri,
2383 3162 2830 3216 consubstantialis
2857 3179 2875 3217 :
2902 3179 3070 3234 quare
3103 3165 3321 3222 Lucifer
3351 3176 3405 3222 et
3436 3169 3486 3222 iit
3519 3167 3612 3223 lib.
3646 3171 3710 3223 de
3747 3186 3853 3222 non

2259 3269 2402 3320 parc.
2443 3255 2497 3306 in
2532 3253 2698 3309 Deum
2726 3257 2943 3326 delinq.,
2979 3269 3033 3311 et
3062 3260 3114 3312 it'.
3144 3260 3342 3325 altero,
3374 3264 3459 3316 cui
3504 3261 3696 3316 titulus
3734 3279 3850 3316 mo-

2260 3347 2499 3400 riendum
2512 3364 2640 3413 esse.
2663 3359 2786 3416 etc.,
2809 3351 3082 3422 ὁμοουσίου
3105 3356 3386 3425 νυοεῐῐι,ξει
3403 3357 3694 3426 perfectam
3726 3353 3858 3409 Filii

2259 3454 2375 3491 cum
2418 3439 2575 3495 Patre
2603 3443 2948 3510 wqualitatem
2978 3443 3253 3511 defendit;
3283 3447 3428 3515 quod
3460 3449 3511 3502 in
3548 3447 3671 3502 aliis
3701 3447 3857 3502 libris

2261 3532 2586 3603 quandoque
2618 3544 2867 3604 praestat,
2913 3546 2968 3591 et
2996 3553 3115 3607 qua:
3147 3537 3241 3592 Dei
3287 3539 3463 3594 Patris
3507 3552 3629 3594 sunt
3657 3540 3858 3594 divinm

2264 3631 2653 3698 proprietates,
2684 3637 2950 3699 quatenus
2976 3629 3121 3685 Deus
3141 3640 3243 3698 est,
3267 3646 3361 3687 eas
3381 3641 3437 3688 et
3458 3630 3594 3687 Filio
3617 3632 3860 3689 tribuen-

2263 3719 2361 3774 das
2389 3719 2644 3776 affirmat.

2339 3811 2394 3867 In
2426 3813 2515 3868 lib.
2555 3831 2567 3867 ι
2608 3829 2704 3883 pro
2731 3815 2789 3870 S.
2821 3815 3024 3871 Athan.
3057 3816 3540 3872 animadvertimus
3562 3818 3858 3889 ὁμοιονσίου

2265 3918 2480 3973 quoque
2508 3905 2829 3959 vocabulum
2863 3925 2889 3958 a
2922 3905 3171 3961 Lucifero
3198 3907 3503 3962 adhibitum
3537 3923 3688 3973 esse,
3717 3909 3860 3980 quod

2266 3995 2567 4050 substantia:
2590 3998 2980 4052 similitudinem
3010 4003 3062 4053 in
3086 3999 3229 4054 Filio
3245 4000 3312 4053 ad
3340 3999 3550 4056 Patrem
3569 4001 3862 4073 significat,

2270 4096 2320 4142 et
2349 4102 2378 4140 a
2406 4087 2691 4144 catholicis
2720 4089 2988 4146 catholico
3016 4106 3178 4147 sensu
3195 4102 3510 4164 usurpatum
3533 4094 3860 4163 quandoque

2271 4176 2404 4242 fuit,
2433 4194 2556 4234 cum
2584 4183 2863 4252 perfectam
2887 4184 3283 4238 similitudinem
3303 4195 3350 4238 et
3367 4187 3710 4254 tequalitatem
3736 4185 3866 4239 Filii

2272 4287 2387 4324 cum
2419 4270 2580 4326 Patre
2602 4287 2668 4328 eo
2699 4274 2964 4329 vocabulo
2999 4274 3407 4344 intelligebant:
3450 4292 3620 4346 quare
3652 4277 3867 4332 Lucifer

2275 4364 2347 4418 ait
2373 4365 2591 4420 similem
2620 4375 2772 4435 atque
2810 4367 3055 4436 (squalent
3083 4384 3192 4422 esse
3215 4367 3365 4422 Patri
3394 4367 3610 4422 Filium.
3643 4369 3750 4425 Sed
3778 4369 3867 4424 lli-

567 4479 688 4533 cap.
711 4465 734 4518 1
758 4483 768 4517 ε
790 4465 941 4530 Quod
957 4475 1126 4519 autem
1154 4466 1404 4536 sequitur,
1433 4465 1583 4521 addit,
1610 4465 1879 4529 Valesius,
1908 4469 1992 4521 καὶ
2012 4487 2169 4543 τριπ-
2196 4450 2248 4510 Ι)
2275 4457 2445 4514 larius
2491 4459 2850 4516 Pictaviensis
2881 4462 2932 4514 in
2967 4462 3248 4532 responsis
3290 4463 3647 4534 apologeticis
3680 4479 3777 4533 pro
3807 4465 3869 4517 li-

568 4561 657 4620 τός
678 4602 692 4624 ,
715 4560 897 4613 melius
925 4560 1109 4630 legitur
1141 4559 1195 4613 in
1224 4558 1433 4613 Gelasio
1465 4563 1549 4616 καὶ
1577 4561 1814 4623 κτιστὸς,
1845 4575 2006 4629 quam
2036 4560 2170 4614 scri-

570 4665 787 4724 pturam
818 4654 872 4708 in
904 4655 1139 4708 versione
1158 4669 1266 4707 mea
1299 4671 1412 4707 sum
1437 4664 1660 4708 secutus.
1689 4653 1848 4708 Hisce
1868 4662 2047 4708 autem
2080 4653 2174 4707 im-

577 4745 772 4799 morati
801 4760 1012 4810 sumus,
1039 4744 1402 4815 utTheophili
1430 4745 1672 4800 Alethini
1697 4760 1983 4800 censuram
2002 4745 2056 4800 in
2076 4745 2173 4800 Pe-

574 4838 776 4892 tavium
834 4848 1146 4895 notaremus
1188 4837 1254 4892 ad
1305 4853 1428 4907 cap.
1484 4839 1538 4905 8,
1589 4854 1737 4892 nmn.
1789 4839 1842 4903 l,
1893 4838 1986 4894 lib.
2031 4854 2048 4891 ι
2098 4837 2173 4892 De

573 4928 798 4996 Trinit.,
838 4929 929 5001 qui
972 4930 1105 4985 dicit
1164 4928 1318 4984 Verbi
1361 4929 1754 4984 mutabilitatem
1802 4930 1871 4984 ab
1914 4931 2045 4985 Ario
2077 4944 2170 4985 ne-

574 5029 754 5092 gatam
838 5021 1006 5076 fuisse
1077 5020 1130 5076 in
1210 5037 1306 5076 sua
1390 5021 1621 5092 epistola
1688 5024 1756 5075 ad
1819 5023 2170 5076 Alexandrum

578 5113 946 5184 Episcopum,
995 5129 1112 5184 qua:
1148 5123 1222 5168 est
1259 5114 1398 5185 apud
1439 5113 1799 5184 Epiphaniam
1846 5115 1974 5168 liter.
2015 5129 2167 5179 uix,

576 5207 662 5262 ubi
707 5204 908 5261 Filium
947 5205 1135 5260 diserte
1186 5206 1310 5260 dicit
1365 5208 1615 5282 ἁτρεπτὸν
1671 5211 1754 5260 καὶ
1811 5205 2168 5270 ἀναλλαιὼτον,

575 5300 846 5372 ejusmodi
887 5309 947 5354 ut
1001 5314 1174 5366 neque
1221 5299 1465 5355 converti
1515 5313 1688 5368 neque
1741 5298 1935 5350 mutari
1984 5297 2176 5366 possit.

579 5393 728 5451 Idem
759 5394 913 5448 etiam
954 5393 1118 5463 legere
1146 5403 1220 5448 est
1251 5393 1303 5446 in
1332 5391 1552 5462 epistola
1593 5391 1662 5444 ad
1703 5388 1982 5444 Eusebium
2015 5388 2178 5443 Nico-

581 5487 919 5550 mediensem,
949 5501 1063 5555 qua:
1089 5495 1255 5540 exstat
1281 5485 1334 5538 in
1364 5483 1504 5538 Hist.
1560 5481 1704 5537 Eccl.
1738 5480 1994 5536 Tlteodor.
2027 5483 2115 5536 lib.
2161 5500 2175 5537 ι

579 5595 695 5647 cap.
731 5579 782 5634 5.
822 5577 939 5633 Non
982 5588 1100 5632 erat
1128 5587 1306 5632 autem
1342 5593 1438 5632 cur
1479 5576 1812 5646 Theophilus
1849 5575 1954 5630 iste
1985 5574 2171 5630 Arium

581 5665 680 5722 hac
724 5668 773 5721 in
807 5678 958 5737 parte
1000 5677 1264 5736 tueretur,
1297 5669 1450 5738 cujus
1485 5678 1620 5739 quot
1661 5677 1817 5726 erant
1867 5668 2029 5726 verba
2075 5683 2170 5724 seu

814 5897 846 5905 ι..-

2275 4552 2373 4606 bro
2413 4566 2513 4608 suo
2562 4553 2630 4608 de
2665 4554 2889 4625 synodis
2940 4563 3174 4610 testatur
3218 4572 3278 4611 se
3325 4557 3549 4612 invitum
3599 4557 3873 4612 homteusii

2276 4647 2606 4702 mentionem
2685 4647 2918 4714 habere,
2997 4647 3266 4720 hujusque
3321 4652 3470 4706 vocis
3534 4652 3641 4705 vim
3714 4666 3744 4704 a
3812 4665 3874 4704 sc

2277 4736 2446 4793 fuisse
2515 4738 2936 4806 declarandam,
2991 4742 3116 4809 quia
3192 4741 3412 4798 Lucifer
3480 4742 3874 4797 similitudinem

2278 4829 2408 4884 Filii
2460 4832 2528 4886 ad
2578 4831 2789 4887 Patrem
2837 4834 3190 4905 praedicabat:
3244 4851 3366 4906 qua:
3415 4835 3580 4890 verba
3629 4835 3876 4904 explica-

2279 4923 2480 4980 tionem
2511 4925 2788 4996 aliquanto
2810 4925 3118 4981 uberiorem
3149 4930 3456 4996 postulant,
3477 4942 3638 4998 quam
3662 4927 3714 4982 in
3749 4937 3876 4981 uola

2280 5015 2617 5074 Luciferiano
2644 5018 2956 5074 testimonio
2980 5021 3221 5090 subjecta
3252 5024 3690 5091 praestiterimus.
3731 5021 3878 5076 Hila-

2281 5109 2394 5164 rius
2439 5107 2635 5164 librum
2681 5109 2749 5164 de
2793 5110 3029 5183 Synodis
3060 5115 3357 5184 scripserat
3386 5131 3452 5171 eo
3480 5116 3700 5172 circiter
3741 5125 3879 5170 tem-

2281 5219 2432 5272 pore,
2479 5205 2622 5274 quod
2671 5205 2978 5262 intercessit
3007 5209 3150 5264 inter
3181 5225 3425 5265 mensem
3457 5210 3757 5280 Augustum
3785 5225 3876 5263 an.

2279 5296 2408 5364 558,
2441 5309 2496 5351 et
2522 5313 2764 5353 mensem
2794 5299 2992 5355 Maium
3022 5317 3114 5357 an.
3139 5303 3269 5368 559,
3298 5303 3371 5356 uti
3404 5311 3735 5357 monuerunt
3761 5300 3881 5356 Mo-

2283 5389 2440 5443 nachi
2467 5390 2693 5445 Maurini
2719 5391 2770 5445 in
2798 5390 3014 5447 Prrel‘at.
3044 5393 3108 5447 ad
3139 5393 3334 5448 librum
3359 5393 3612 5449 eumdem
3637 5409 3790 5448 num.
3825 5393 3880 5455 t,

2285 5495 2458 5553 eoque
2486 5483 2721 5539 consilio
2755 5486 2898 5541 hanc
2928 5501 3149 5556 Operam
3173 5501 3463 5557 aggressus
3483 5495 3586 5550 est,
3605 5496 3661 5539 ut
3679 5484 3884 5540 Gallia-

2284 5593 2403 5632 rum
2434 5579 2772 5649 episcopis,a
2799 5579 2994 5650 quibus
3014 5593 3238 5650 rogatus
3259 5580 3460 5647 fuerat,
3487 5595 3638 5635 suam
3661 5590 3884 5635 senten-

2285 5671 2413 5728 tiam
2433 5684 2729 5742 exponeret
2751 5673 2819 5729 de
2841 5672 3090 5730 formulis
3105 5673 3226 5731 fidei
3245 5673 3404 5730 editis
3419 5677 3468 5729 in
3486 5678 3547 5732 0t
3564 5675 3730 5742 ieute,
3745 5686 3799 5733 et
3813 5675 3884 5734 de

2871 5816 2905 5841 Ρ
